1541 2930
695 77 234 84 86
773 77 117 84 —

93 164 252 92 voudront
282 164 168 92 bien
387 164 273 92 s’occuper
598 164 126 92 de
661 164 231 92 statuer
829 164 379 92 définitivement
1144 164 147 92 sur
1229 164 147 92 son
1313 164 189 92 sort.
1418 164 84 92 Il

95 248 198 51 serait
234 248 159 51 trop
333 248 159 51 long
432 248 119 51 de
492 248 159 51 leur
591 248 178 51 faire
710 248 119 51 le
769 248 198 51 détail
908 248 119 51 de
968 248 139 51 ses
1047 248 297 51 privations,
1265 248 119 51 etc.

50 276 175 69 1071.
166 276 427 69 Considérant
535 276 252 69 (Victor),
729 276 291 69 économiste,
962 276 252 69 rédacteur
1156 276 116 69 de
1214 276 175 69 la
1311 276 194 69 Pha

97 334 311 84 lange
353 334 201 84 journal
500 334 110 84 de
555 334 110 84 la
610 334 201 84 science
756 334 220 84 sociale,
921 334 147 84 etc.
1012 334 110 84 L.
1067 334 147 84 aut.
1159 334 165 84 sig.,
1269 334 92 84 à
1306 334 110 84 M.
1360 334 110 84 le
1397 334 110 84 doë-

86 383 223 60 teur
225 383 390 60 Chapelain.
532 383 278 60 Paris,
726 383 167 60 26
810 383 334 60 juillet.
1061 383 139 60 1
1116 383 167 60 p.
1200 383 251 60 in-8.
1367 383 139 60 1
1395 383 111 60 50

45 416 188 75 1072.
170 416 334 75 Conti
442 416 438 75 (Louise-Elisabeth
817 416 125 75 de
880 416 376 75 Bourbon-Condé,
1193 416 271 75 princesse
1381 416 125 75 de),

91 475 199 62 femme
223 475 133 62 de
290 475 354 62 Louis-Armand
577 475 133 62 de
643 475 265 62 Bourbon,
842 475 221 62 prince
997 475 133 62 de
1063 475 221 62 Conti.
1218 475 133 62 L.
1284 475 177 62 aut.
1372 475 133 62 sig.

83 523 162 57 à
147 523 259 57 M...
309 523 194 57 10
406 523 356 57 juillet
665 523 356 57 (1735).
923 523 550 57 Intéressante.
1376 523 162 57 5
1408 523 97 57 »

46 564 188 71 1073.
171 564 375 71 Contugi
484 564 417 71 (Charles-Louis),
838 564 229 71 docteur
1005 564 208 71 régent
1151 564 125 71 de
1213 564 125 71 la
1276 564 229 71 Faculté
1422 564 83 71 de

93 625 278 71 médecine
302 625 139 71 de
371 625 232 71 Paris.
534 625 232 71 Quitt.
696 625 186 71 sig.
812 625 186 71 (sur
928 625 348 71 parchemin).
1206 625 232 71 Paris,
1369 625 116 71 7
1392 625 116 71 mai

51 675 596 81 1704.
448 675 397 81 1.
713 675 397 81 15
911 675 463 81 Fr.
1176 675 331 81 2
1242 675 265 81 25

44 721 191 64 1074.
171 721 360 64 Cousin
467 721 275 64 (Victor),
679 721 296 64 protesseur
912 721 127 64 au
976 721 212 64 conege
1124 721 127 64 de
1187 721 233 64 rrance,
1336 721 169 64 membre

92 766 132 54 de
158 766 309 54 l’Académie
401 766 309 54 française.
644 766 132 54 L.
710 766 177 54 aut.
821 766 177 54 sig.
931 766 110 54 à
975 766 132 54 M.
1041 766 265 54 Thiébaut
1240 766 132 54 de
1284 766 221 54 Bernaud.

82 811 331 61 Paris,
314 811 199 61 16
413 811 265 61 mars
579 811 298 61 1843.
778 811 166 61 3
844 811 199 61 p.
944 811 298 61 petit
1142 811 331 61 in-12.
1374 811 166 61 3
1408 811 99 61 »

138 852 256 62 Demande
324 852 139 62 de
393 852 395 62 communication
719 852 163 62 des
812 852 325 62 manuscrits
1067 852 256 62 confiés
1253 852 116 62 à
1300 852 139 62 sa
1346 852 163 62 garde

94 892 125 92 où
157 892 125 92 se
219 892 250 92 trouvent
406 892 146 92 les
490 892 208 92 pièces
635 892 270 92 relatives
843 892 104 92 à
885 892 208 92 Domat:
1030 892 125 92 il
1093 892 208 92 serait
1239 892 166 92 bien
1343 892 166 92 aise
1426 892 83 92 de

93 951 143 58 les
174 951 287 58 confronter
400 951 164 58 avec
502 951 205 58 celles
645 951 184 58 qu’il
748 951 266 58 possède....

46 998 199 76 1075.
179 998 354 76 Craon
467 998 177 76 (Mme
578 998 133 76 la
644 998 288 76 princesse
866 998 177 76 de),
976 998 155 76 née
1065 998 133 76 du
1131 998 222 76 Cayla,
1286 998 222 76 auteur
1419 998 89 76 de

100 1049 241 65 Thomas
286 1049 241 65 Morus
471 1049 111 65 et
526 1049 111 65 du
582 1049 222 65 Siège
749 1049 333 65 d’Orléans
1026 1049 111 65 L.
1082 1049 148 65 aut.
1175 1049 167 65 sig.,
1286 1049 111 65 au
1341 1049 167 65 baron
1434 1049 74 65 de

91 1104 310 51 Trémont.
323 1104 258 51 Paris,
504 1104 129 51 6
556 1104 232 51 avril
710 1104 232 51 1845.
865 1104 129 51 1
917 1104 155 51 p.
994 1104 155 51 et
1071 1104 232 51 demie
1226 1104 232 51 in-8.
1381 1104 129 51 2
1407 1104 103 51 50

51 1141 166 66 1076.
161 1141 351 66 Crillon,
457 1141 185 66 évêque
586 1141 111 66 de
641 1141 314 66 Vence
900 1141 111 66 L.
955 1141 148 66 aut.
1047 1141 166 66 sig.,
1158 1141 92 66 à
1195 1141 148 66 M...
1287 1141 222 66 Lacoste,
1435 1141 74 66 le

75 1201 261 50 28
205 1201 478 50 juillet
553 1201 391 50 1704.
814 1201 217 50 3
900 1201 261 50 p.
1031 1201 391 50 in-4.
1292 1201 217 50 3
1335 1201 174 50 50

48 1246 193 61 1077.
176 1246 387 61 Dacier,
499 1246 215 61 membre
649 1246 129 61 de
714 1246 301 61 l’Académie
950 1246 301 61 française.
1187 1246 129 61 L.
1251 1246 172 61 aut.
1359 1246 172 61 sig.
1445 1246 64 61 à

93 1292 137 57 M.
162 1292 274 57 Grivaud.
367 1292 228 57 Paris,
527 1292 137 57 16
595 1292 160 57 mai
686 1292 205 57 1816.
823 1292 114 57 1
869 1292 137 57 p.
938 1292 205 57 in-4.
1074 1292 183 57 Tête
1189 1292 228 57 gravée
1348 1292 137 57 et
1394 1292 114 57 vi-

0 1348 1276 58 gnette.
928 1348 580 58 2
1044 1348 464 58 50

50 1381 177 82 1078.
168 1381 335 82 Dancla
444 1381 276 82 (Charles),
661 1381 276 82 violoniste
878 1381 118 82 et
937 1381 315 82 compositeur.
1193 1381 118 82 L.
1252 1381 158 82 aut.
1350 1381 158 82 sig.
1429 1381 79 82 au

92 1433 245 64 baron
255 1433 164 64 de
337 1433 327 64 Trémont,
582 1433 164 64 25
664 1433 327 64 décembre
909 1433 245 64 1846.
1073 1433 136 64 1
1127 1433 164 64 p.
1209 1433 245 64 in-8.
1373 1433 136 64 1
1400 1433 109 64 50

51 1472 187 82 1079.
176 1472 396 82 Dandelot
509 1472 187 82 aîné,
634 1472 208 82 poëte.
780 1472 125 82 L.
843 1472 167 82 aut.
947 1472 187 82 sig.,
1072 1472 104 82 à
1113 1472 250 82 Chénier,
1301 1472 208 82 suivie
1426 1472 83 82 de

98 1532 154 77 son
186 1532 243 77 opinion
363 1532 154 77 (en
451 1532 199 77 vers)
583 1532 154 77 sur
672 1532 154 77 son
760 1532 221 77 épître
914 1532 110 77 à
958 1532 287 77 Voltaire.
1179 1532 221 77 Paris,
1333 1532 132 77 25
1378 1532 132 77 mars

68 1586 446 52 1806.
366 1586 248 52 1
465 1586 347 52 gr.
664 1586 298 52 p.
813 1586 347 52 pl.
1011 1586 446 52 in-4.
1309 1586 248 52 3
1358 1586 149 52 »

50 1604 183 112 1080.
171 1604 183 112 De
293 1604 325 112 Candole,
557 1604 223 112 célèbre
719 1604 284 112 botaniste.
942 1604 122 112 L.
1003 1604 162 112 aut.
1104 1604 183 112 sig.,
1226 1604 101 112 à
1267 1604 122 112 M.
1307 1604 203 112 Thiébaut

95 1682 151 60 de
170 1682 303 60 Bernaud.
398 1682 278 60 Genève,
599 1682 126 60 4
650 1682 177 60 mai
751 1682 227 60 1824.
902 1682 126 60 4
953 1682 177 60 gr.
1054 1682 151 60 p.
1129 1682 177 60 pl.
1230 1682 227 60 in-4.
1382 1682 126 60 7
1407 1682 101 60 50

146 1720 216 62 Lettre
297 1720 367 62 intéressante,
600 1720 129 62 au
664 1720 194 62 sujet
794 1720 129 62 de
859 1720 129 62 la
923 1720 367 62 communication
1225 1720 194 62 qu’il
1355 1720 108 62 a
1377 1720 129 62 bien

97 1771 192 79 voulu
225 1771 150 79 lui
310 1771 192 79 faire
439 1771 128 79 du
503 1771 235 79 rapport
674 1771 150 79 qui
760 1771 107 79 a
802 1771 150 79 été
888 1771 171 79 fait
995 1771 128 79 en
1059 1771 150 79 son
1144 1771 150 79 nom
1230 1771 107 79 à
1273 1771 128 79 la
1316 1771 192 79 Société

99 1822 248 70 Linnéenne
289 1822 114 70 de
347 1822 190 70 Paris,
480 1822 133 70 sur
556 1822 114 70 le
613 1822 286 70 Cyclamen
842 1822 419 70 Linearifolium
1204 1822 171 70 etc.,
1299 1822 114 70 etc.

47 1860 199 75 1081.
179 1860 530 75 Defauconpret,
643 1860 309 75 traducteur
886 1860 155 75 des
975 1860 221 75 œuvres
1129 1860 133 75 de
1174 1860 331 75 Walter

98 1916 124 58 L.
160 1916 166 58 aut.
264 1916 166 58 sig.
368 1916 124 58 (à
430 1916 124 58 la
492 1916 124 58 3e
555 1916 290 58 personne),
783 1916 104 58 à
824 1916 124 58 M.
887 1916 270 58 Renouard.
1094 1916 249 58 Londres,
1281 1916 124 58 31
1322 1916 187 58 juillet

50 1967 625 59 1830.
466 1967 347 59 1
605 1967 416 59 p.
813 1967 625 59 in-8.
1229 1967 347 59 3
1299 1967 208 59 »

50 1988 188 86 1082.
175 1988 396 86 Delanoue
509 1988 313 86 (Hiérosme),
759 1988 292 86 chirurgien
989 1988 125 86 du
1051 1988 167 86 roi.
1155 1988 209 86 Quitt.
1301 1988 167 86 sig.
1385 1988 125 86 (sur

81 2058 549 60 parchemin).
520 2058 366 60 Paris,
776 2058 219 60 15
886 2058 293 60 mars
1069 2058 329 60 1629.
1289 2058 183 60 °
1362 2058 183 60 2
1398 2058 110 60 »

51 2092 177 79 1083.
169 2092 177 79 De
288 2092 335 79 Monthiers
563 2092 276 79 (Charles),
780 2092 236 79 jésuite.
957 2092 118 79 L.
1016 2092 157 79 aut.
1114 2092 177 79 sig.,
1232 2092 98 79 à
1272 2092 138 79 son
1331 2092 177 79 altesse

95 2155 492 86 éminentissime....
516 2155 375 86 Saint-Amand,
821 2155 141 86 17
891 2155 305 86 septembre
1125 2155 211 86 1711.
1266 2155 117 86 6
1289 2155 211 86 très

47 2196 438 70 p.
266 2196 511 70 pl.
558 2196 803 70 in-fol.
1142 2196 365 70 7
1215 2196 292 70 50

146 2235 241 78 Rapport
322 2235 329 78 intéressant
585 2235 219 78 contre
738 2235 154 78 dom
826 2235 241 78 Nicolas
1002 2235 241 78 Tirsay,
1177 2235 154 78 qui
1265 2235 132 78 se
1309 2235 197 78 prétend

99 2292 291 79 supérieur
322 2292 134 79 de
389 2292 268 79 l’abbaye
591 2292 134 79 de
658 2292 358 79 Saint-Amand.
949 2292 224 79 Exposé
1105 2292 134 79 de
1172 2292 134 79 sa
1240 2292 268 79 conduite
1419 2292 89 79 et

98 2359 125 56 de
161 2359 188 56 celle
286 2359 125 56 de
349 2359 272 56 plusieurs
558 2359 209 56 autres
704 2359 272 56 religieux
914 2359 125 56 de
976 2359 188 56 cette
1081 2359 188 56 abbaye.

53 2384 177 84 1084.
171 2384 315 84 Benis
427 2384 393 84 (Jean-Baptiste),
761 2384 216 84 médecin
918 2384 118 84 du
977 2384 157 84 roi.
1076 2384 197 84 Quitt.
1213 2384 157 84 sig.
1311 2384 157 84 (sur
1390 2384 118 84 par-

77 2444 504 70 chemin).
455 2444 420 70 Paris,
749 2444 252 70 23
875 2444 336 70 août
1085 2444 378 70 1704.
1337 2444 210 70 2
1379 2444 126 70 »

50 2486 177 71 1085.
168 2486 393 71 Desforges
502 2486 491 71 (Pierre-Jean-Baptiste
935 2486 393 71 Choudard
1269 2486 197 71 auteur
1387 2486 118 71 dra

97 2548 221 64 matique
258 2548 121 64 et
318 2548 281 64 romancier.
539 2548 121 64 L.
599 2548 121 64 a.
660 2548 141 64 s.,
740 2548 101 64 à
780 2548 121 64 M.
841 2548 241 64 Danloux,
1022 2548 241 64 peintre.
1202 2548 201 64 Paris,
1343 2548 101 64 8
1363 2548 141 64 sept.

97 2586 198 56 1786.
229 2586 110 56 2
273 2586 132 56 p.
339 2586 154 56 pl.
427 2586 132 56 et
493 2586 198 56 demie
625 2586 198 56 in-4.
757 2586 242 56 Cachet.
932 2586 264 56 Portrait
1130 2586 330 56 gravé,in-4.
1394 2586 132 56 10
1438 2586 66 56 »

144 2634 130 60 Il
209 2634 130 60 le
274 2634 173 60 prie
382 2634 130 60 de
447 2634 151 60 lui
533 2634 194 60 faire
663 2634 130 60 un
728 2634 216 60 dessin
879 2634 130 60 de
943 2634 194 60 riche
1073 2634 259 60 marchand
1267 2634 194 60 russe
1375 2634 130 60 avec

99 2685 120 59 sa
159 2685 181 59 fille
280 2685 120 59 et
340 2685 181 59 leurs
460 2685 301 59 esclaves...
701 2685 161 59 Pour
801 2685 161 59 bien
902 2685 201 59 rendre
1042 2685 120 59 le
1103 2685 221 59 costume
1263 2685 241 59 tartare,
1424 2685 80 59 il

96 2730 130 52 en
161 2730 260 52 trouvera
356 2730 151 52 une
443 2730 195 52 image
572 2730 238 52 fidèle,
746 2730 195 52 ainsi
875 2730 151 52 que
962 2730 130 52 de
1027 2730 173 52 tous
1135 2730 151 52 les
1222 2730 216 52 autres
1352 2730 151 52 vête-

99 2774 189 90 ments,
232 2774 151 90 tant
326 2774 170 90 mâles
440 2774 133 90 que
516 2774 246 90 femelles,
705 2774 151 90 dans
800 2774 133 90 les
875 2774 208 90 voyages
1027 2774 114 90 de
1084 2774 189 90 l’abbé
1197 2774 303 90 Chape.
