1912 2915
934 300 82 56 —
966 300 82 56 6
983 300 49 56 —

524 371 110 42 fusa
593 371 83 42 le
635 371 138 42 brevet
731 371 83 42 de
773 371 179 42 capitaine
911 371 83 42 de
952 371 166 42 dragons.
1076 371 124 42 «J’ay
1159 371 138 42 voulu;
1256 371 152 42 dit-il;
1352 371 152 42 connoitre

526 404 95 39 mon
581 404 123 39 fils,
663 404 82 39 je
704 404 109 39 l’ay
772 404 95 39 vu,
826 404 123 39 connu
908 404 82 39 et
949 404 136 39 suivy;
1044 404 109 39 jlay
1113 404 82 39 vu
1154 404 95 39 que
1208 404 95 39 son
1263 404 232 39 esprits’étoit
1440 404 68 39 re-

539 446 75 34 dressé
591 446 45 34 et
613 446 52 34 son
643 446 60 34 cœur
681 446 127 34 développé...»
786 446 37 34 —
801 446 67 34 Alors
846 446 45 34 il
868 446 97 34 redemande
943 446 60 34 pour
981 446 52 34 son
1003 446 45 34 fils

524 475 81 41 ce
564 475 134 41 brevet
658 475 121 41 qu’on
739 475 94 41 lui
792 475 121 41 avait
873 475 148 41 promis.
981 475 94 41 (On
1034 475 108 41 sait
1102 475 94 41 que
1155 475 81 41 le
1196 475 121 41 grand
1276 475 161 41 orateur,
1397 475 81 41 au
1424 475 81 41 lieu

532 502 82 42 de
573 502 151 42 rentrer
683 502 110 42 dans
752 502 165 42 l’armée,
876 502 192 42 administra
1027 502 96 42 les
1082 502 124 42 biens
1165 502 82 42 de
1206 502 96 42 son
1247 502 110 42 père.)

534 538 125 42 23706
617 538 167 42 MIRABEAU
743 538 97 42 (J.
798 538 111 42 Ant.
868 538 167 42 Joseph),
993 538 125 42 frère
1076 538 83 42 du
1118 538 195 42 précédent,
1271 538 195 42 gouverneur
1424 538 83 42 de
1451 538 56 42 da

526 578 195 37 Guadeloupe,
682 578 143 37 général
786 578 91 37 des
838 578 156 37 galères,
955 578 117 37 connu
1034 578 104 37 sous
1099 578 78 37 le
1138 578 91 37 nom
1190 578 78 37 de
1229 578 169 37 bailli
1359 578 78 37 de
1385 578 117 37 Mi

524 610 178 47 rabeau.
664 610 76 47 L.
702 610 76 47 a.
740 610 127 47 s.
829 610 63 47 à
854 610 89 47 son
905 610 114 47 neveu
981 610 292 47 (Mirabeau-Tonneau);
1235 610 114 47 Nice,
1311 610 76 47 13
1349 610 114 47 avril
1412 610 89 47 1792,

534 634 77 48 1/2
578 634 66 48 p.
611 634 89 48 in-4
667 634 100 48 Jolie
733 634 122 48 lettre.
822 634 55 48 4
833 634 44 48 50

543 674 65 56 23707
586 674 87 56 MIRABEAU
651 674 51 56 (H.
680 674 43 56 G.
702 674 94 56 Riquetti,
775 674 65 56 comte
818 674 58 56 de),
854 674 101 56 l’illustre
934 674 80 56 orateur
992 674 43 56 de
1007 674 72 56 l’Assem-

530 710 95 40 blée
590 710 202 40 constituante.
756 710 71 40 16
792 710 107 40 L.
863 710 119 40 a.
947 710 71 40 au
982 710 107 40 comte
1054 710 202 40 d’Antraignes,
1220 710 83 40 1/2
1268 710 71 40 p.
1304 710 107 40 in-4.
1363 710 143 40 Cu

528 741 118 44 rieuse
619 741 136 44 épître
728 741 45 44 —
746 741 54 44 2°
773 741 91 44 Billet
836 741 45 44 a
855 741 82 44 ordre
909 741 91 44 signé;
973 741 45 44 7
991 741 82 44 féyr,
1045 741 82 44 1791,
1109 741 45 44 1
1127 741 54 44 p.
1154 741 73 44 in-8
1190 741 82 44 oblong.

1396 773 140 39 10
1442 773 70 39 »

534 800 99 64 23708
600 800 121 64 MONTEIL
688 800 121 64 (Alexis
776 800 88 64 de),
831 800 154 64 historien.
952 800 99 64 L.
1017 800 66 64 a.
1050 800 110 64 s.
1127 800 55 64 à
1149 800 66 64 M.
1182 800 99 64 Noël;
1248 800 154 64 Versailles
1358 800 66 64 1819

561 849 45 47 1
579 849 54 47 p.
606 849 63 47 1/2
642 849 81 47 in-4.
695 849 45 47 2
704 849 27 47 »

533 887 108 51 23709
605 887 179 51 MONTESQUIEU
748 887 143 51 (Charles
856 887 72 51 de
892 887 143 51 Secondat
999 887 96 51 de),
1059 887 167 51 l’illustre
1190 887 120 51 auteur
1274 887 72 51 de
1298 887 203 51 l'Esprit

527 924 107 52 des
602 924 139 52 lois
709 924 107 52 membre
784 924 64 52 de
817 924 118 52 l’Acad.
902 924 75 52 fr.
945 924 107 52 Projet
1020 924 64 52 de
1052 924 107 52 lettre
1127 924 118 52 autogr.
1213 924 96 52 sig.,
1277 924 54 52 1
1299 924 64 52 p.
1320 924 75 52 in

1390 954 76 39 100
1423 954 32 39 »

559 969 126 59 C’est
643 969 84 59 un
685 969 140 59 projet
783 969 112 59 fait
853 969 98 59 par
909 969 210 59 Montésquieu
1078 969 112 59 pour
1148 969 98 59 son
1204 969 126 59 frère
1288 969 154 59 Joseph,
1400 969 98 59 qui
1442 969 70 59 ve-

523 1005 117 57 nait
597 1005 147 57 d’être
700 1005 132 57 nommé
788 1005 73 57 à
817 1005 176 57 l’abbaye
949 1005 88 57 de
993 1005 147 57 Nisors
1096 1005 88 57 en
1140 1005 206 57 Comminges.
1301 1005 88 57 La
1346 1005 147 57 lettre
1434 1005 73 57 est

527 1056 171 43 adressée
655 1056 71 43 à
683 1056 85 43 M.
726 1056 157 43 Combes,
840 1056 185 43 supérieur
982 1056 100 43 des
1039 1056 171 43 Missions
1153 1056 185 43 étrangères.

536 1072 123 59 23710
618 1072 204 59 MONTMORENCY
781 1072 136 59 (Henri
877 1072 95 59 Ier
931 1072 109 59 de),
999 1072 109 59 fils
1067 1072 82 59 de
1108 1072 123 59 Anne,
1190 1072 191 59 connétable
1340 1072 82 59 et
1367 1072 136 59 maréchal

532 1122 68 42 de
566 1122 125 42 France.
657 1122 102 42 L.
725 1122 125 42 s.
816 1122 91 42 avec
873 1122 68 42 la
907 1122 159 42 souscript.
1032 1122 102 42 aut.,
1100 1122 68 42 au
1135 1122 125 42 général
1226 1122 159 42 d’Avignon;
1339 1122 80 42 Chan-

537 1156 114 36 tilly,
616 1156 68 36 31
650 1156 114 36 juill.
730 1156 102 36 1598,
798 1156 80 36 1/2
844 1156 68 36 p.
878 1156 137 36 in-fol.,
980 1156 102 36 trace
1049 1156 68 36 de
1083 1156 125 36 cachet.
1174 1156 102 36 Belle
1242 1156 125 36 lettre.
1333 1156 68 36 10
1356 1156 34 36 »

814 1187 64 62 23711
856 1187 71 62 NADAUD
906 1187 99 62 (Gustave);
983 1187 78 62 célèbre
1040 1187 113 62 chansonnier.
1132 1187 64 62 L.
1174 1187 42 62 a.
1195 1187 78 62 s.
1252 1187 64 62 1856,
1294 1187 49 62 1/2
1322 1187 42 62 p.
1337 1187 49 62 in

1426 1227 42 34 2
1434 1227 25 34 »

540 1258 77 49 23712
592 1258 102 49 NAPOLÉON
669 1258 68 49 III,
711 1258 102 49 Empereur
788 1258 60 49 des
822 1258 111 49 Français.
908 1258 77 49 L.
959 1258 51 49 a.
984 1258 85 49 s.
1044 1258 43 49 à
1061 1258 85 49 Pierre
1113 1258 102 49 Bonaparte,

533 1297 82 51 son
580 1297 129 51 cousin,
674 1297 82 51 1/2
721 1297 70 51 p.
756 1297 106 51 in-8.
827 1297 106 51 Jolie
897 1297 117 51 pièce.
979 1297 70 51 25
1003 1297 35 51 »

541 1334 104 51 23713
611 1334 139 51 NOAILLES
715 1334 139 51 (Antoine
819 1334 93 51 de),
877 1334 116 51 amiral
958 1334 69 51 de
993 1334 127 51 France,
1085 1334 127 51 célèbre
1178 1334 162 51 diplomate,
1305 1334 81 51 qui
1340 1334 58 51 né-

537 1375 104 41 gocia
607 1375 69 41 la
641 1375 104 41 trève
711 1375 69 41 de
745 1375 162 41 Vaucelles,
872 1375 162 41 gouverneur
999 1375 69 41 de
1034 1375 150 41 Bordeaux.
1149 1375 104 41 L.
1218 1375 127 41 s.
1311 1375 92 41 avec
1357 1375 46 41 la

532 1407 191 40 souscript.
682 1407 123 40 aut.,
764 1407 68 40 à
792 1407 82 40 M.
832 1407 82 40 de
873 1407 232 40 Champetières,
1064 1407 136 40 maître
1160 1407 150 40 d’hôtel
1269 1407 82 40 du
1310 1407 150 40 vicomte
1405 1407 55 40 de

533 1435 98 44 Turenne;
606 1435 49 44 La
631 1435 74 44 Faye,
680 1435 41 44 3
696 1435 74 44 avril
745 1435 74 44 1558,
794 1435 41 44 1
811 1435 49 44 p.
835 1435 90 44 in-fol.
901 1435 74 44 Belle
950 1435 82 44 pièce.
1007 1435 131 44 Rare
1113 1435 41 44 4
1121 1435 25 44 »

523 1470 114 52 Relative
609 1470 48 52 à
628 1470 67 52 une
666 1470 86 52 dette
724 1470 67 52 que
762 1470 57 52 le
790 1470 105 52 vicomte
867 1470 86 52 avait
924 1470 133 52 contractée
1029 1470 95 52 envers
1086 1470 57 52 lui.

533 1510 68 58 23714
579 1510 98 58 OFFENBACH
654 1510 68 58 (J.),
699 1510 113 58 compositeur
790 1510 45 58 de
813 1510 91 58 musiqué,
880 1510 75 58 auteur
933 1510 45 58 de
956 1510 45 58 là
979 1510 91 58 Bellé
1039 1510 98 58 Hélène

534 1546 77 45 L.
586 1546 51 45 a.
612 1546 94 45 s.
680 1546 43 45 1
697 1546 51 45 p.
723 1546 86 45 in-12.
783 1546 43 45 1
792 1546 34 45 75

677 1566 79 67 23715
730 1566 105 67 OLLIVIER
808 1566 105 67 (Émile),
887 1566 87 67 député
948 1566 52 67 et
974 1566 140 67 journaliste.
1088 1566 79 67 L.
1141 1566 52 67 a.
1167 1566 96 67 s.
1237 1566 61 67 1/2
1272 1566 52 67 p.
1298 1566 79 67 in-8.
1342 1566 52 67 1/25

541 1620 111 42 23716
615 1620 136 42 ORLÉANS
714 1620 148 42 (Gaston,
825 1620 87 42 duc
875 1620 99 42 d’),
937 1620 111 42 frère
1011 1620 74 42 de
1048 1620 111 42 Louis
1122 1620 111 42 XIII.
1196 1620 111 42 L.
1271 1620 136 42 s.
1370 1620 99 42 camp
1419 1620 99 42 devant

1413 1656 123 44 3
1438 1656 74 44 »

542 1662 172 49 ravelines,
677 1662 74 49 16
714 1662 98 49 juin
775 1662 111 49 1644,
849 1662 74 49 1.
886 1662 74 49 p.
923 1662 86 49 pl.
972 1662 111 49 in-4.
1046 1662 61 49 3
1058 1662 37 49 »

540 1674 115 70 23717
617 1674 141 70 ORLÉANS
720 1674 346 70 (Louis-Philippe-Joseph,
1027 1674 90 70 duc
1078 1674 103 70 d’),
1142 1674 154 70 surnommé
1258 1674 243 70 EÉgalité
1450 1674 64 70 dé-

535 1736 114 36 puté
606 1736 86 36 de
649 1736 128 36 Paris
734 1736 71 36 à
763 1736 86 36 la
806 1736 214 36 Convention,
977 1736 171 36 décapité
1105 1736 86 36 en
1148 1736 128 36 1793.
1234 1736 143 36 Billet
1334 1736 86 36 de
1377 1736 71 36 2
1391 1736 114 36 lignes

544 1759 65 56 aut.
584 1759 65 56 sig.
625 1759 73 56 L.
673 1759 48 56 P.
697 1759 121 56 Joseph;
794 1759 81 56 Paris,
851 1759 48 56 25
875 1759 81 56 juill.
932 1759 73 56 1792,
980 1759 40 56 1
996 1759 48 56 p.
1021 1759 65 56 in-4
1061 1759 89 56 oblong.
1126 1759 40 56 5
1134 1759 24 56 »

536 1798 115 40 23718
613 1798 102 40 PAUL
677 1798 64 40 V
703 1798 154 40 (Camille
818 1798 179 40 BORGHÈSE),
959 1798 115 40 pape,
1035 1798 90 40 qui
1087 1798 154 40 canonisa
1202 1798 115 40 saint
1279 1798 141 40 Charles
1368 1798 141 40 Borromée.

816 1839 85 40 L.
872 1839 104 40 s.
947 1839 85 40 comme
1004 1839 85 40 pape,
1060 1839 47 40 à
1079 1839 66 40 Mgr
1117 1839 113 40 Capponi;
1201 1839 56 40 30
1230 1839 85 40 sept.
1286 1839 85 40 1606,
1343 1839 66 40 1/2
1380 1839 104 40 p.in-4.
1446 1839 66 40 Belle

541 1872 79 38 lettre.
598 1872 43 38 10
613 1872 22 38 »

534 1897 119 48 23719
613 1897 159 48 PELLETAN
732 1897 172 48 (Eugène),
865 1897 146 48 célèbre
971 1897 185 48 publiciste
1117 1897 79 48 et
1156 1897 146 48 député.
1262 1897 119 48 Pièce
1342 1897 79 48 de
1382 1897 106 48 vers
1435 1897 79 48 aut.

530 1944 169 36 sig.,
643 1944 94 36 1
681 1944 113 36 p.
737 1944 169 36 in-8.
850 1944 263 36 Très-jolie
1057 1944 169 36 pièce
1170 1944 226 36 d’album.
1339 1944 94 36 3
1358 1944 56 36 »

536 1973 125 45 23720
619 1973 139 45 PÉTION
716 1973 180 45 (Jérôme),
855 1973 152 45 célèbre
966 1973 249 45 conventionnel,
1174 1973 125 45 maire
1257 1973 83 45 de
1298 1973 139 45 Paris,
1381 1973 139 45 proscrit

537 2009 103 49 avec
602 2009 90 49 les
653 2009 181 49 Girondins.
795 2009 116 49 L.
872 2009 77 49 s.
911 2009 77 49 le
950 2009 142 49 citoyen
1053 2009 193 49 Pétion
1208 2009 116 49 comme
1285 2009 116 49 maire
1362 2009 77 49 de
1401 2009 129 49 Paris,
1478 2009 39 49 à

539 2039 72 57 M.
575 2039 120 57 Henry;
659 2039 120 57 Paris,
744 2039 84 57 1er
792 2039 96 57 oct.
852 2039 108 57 1792,
924 2039 72 57 1.
960 2039 72 57 p.
996 2039 132 57 in-fol.
1093 2039 60 57 7
1105 2039 48 57 50

571 2054 228 68 Intéressante
756 2054 143 68 épître
856 2054 86 68 en
899 2054 143 68 faveur
999 2054 86 68 du
1041 2054 157 68 citoyen
1155 2054 157 68 Hébert,
1270 2054 157 68 employé
1384 2054 114 68 dans
1441 2054 71 68 les

541 2108 151 44 buréaux
651 2108 82 44 de
692 2108 82 44 la
733 2108 137 44 mairie
829 2108 96 44 qui
884 2108 151 44 réclame
994 2108 96 44 une
1049 2108 151 44 pension
1158 2108 82 44 de
1200 2108 96 44 240
1254 2108 96 44 fr.
1309 2108 110 44 dont
1378 2108 82 44 il
1405 2108 110 44 jouis-

543 2141 110 45 sait
612 2141 96 45 sur
667 2141 82 45 la
708 2141 165 45 cassette
831 2141 82 45 du
873 2141 178 45 ci-devant
1010 2141 110 45 Roi,
1079 2141 96 45 «en
1133 2141 233 45 considération
1326 2141 96 45 des
1367 2141 137 45 services

549 2183 96 36 dle
604 2183 96 36 son
659 2183 192 36 grand-père
810 2183 82 36 le
851 2183 82 36 S.
892 2183 151 36 Fredou,
1001 2183 178 36 ci-devant
1138 2183 151 36 peintre
1248 2183 82 36 du
1289 2183 151 36 cabinet
1398 2183 96 36 des
1440 2183 68 36 ta-

532 2217 211 38 bleaux
680 2217 105 38 a
722 2217 316 38 Versailles.

543 2246 125 46 23721
627 2246 181 46 PEYRONNET
766 2246 97 46 (le
821 2246 125 46 comte
905 2246 111 46 de),
974 2246 167 46 ministre
1100 2246 195 46 signataire
1253 2246 97 46 des
1308 2246 209 46 Ordonnances
1461 2246 56 46 de

557 2283 115 44 juillet
640 2283 94 44 1830.
703 2283 94 44 L.
765 2283 63 44 a.
796 2283 115 44 s.
880 2283 94 44 1845,
942 2283 52 44 1
963 2283 63 44 p.
995 2283 73 44 1/2
1036 2283 94 44 in-4.
1099 2283 94 44 Jolie
1161 2283 115 44 lettre.
1245 2283 52 44 2
1255 2283 42 44 25

554 2319 111 45 23722
628 2319 123 45 PIAZZI
714 2319 136 45 (Jos.),
812 2319 136 45 célèbre
911 2319 160 45 astronome
1034 2319 148 45 italien,
1145 2319 123 45 membre
1232 2319 136 45 associé
1330 2319 74 45 de
1355 2319 160 45 l’Institut.

549 2353 104 43 L.
619 2353 70 43 a.
654 2353 127 43 s.
746 2353 139 43 Palerme,
851 2353 70 43 25
885 2353 93 43 nov.
943 2353 104 43 1803,
1013 2353 58 43 1
1036 2353 70 43 p.
1071 2353 81 43 3/4
1117 2353 104 43 in-4.
1187 2353 104 43 Belle
1256 2353 127 43 lettre.
1349 2353 58 43 8
1360 2353 35 43 »

540 2385 105 50 23723
611 2385 82 50 PIE
657 2385 82 50 VII
704 2385 94 50 (Gr.
763 2385 70 50 B.
798 2385 70 50 L.
833 2385 188 50 CHARAMONTI),
986 2385 105 50 pape,
1056 2385 129 50 détrôné
1150 2385 82 50 par
1197 2385 141 50 Napoléon
1302 2385 94 50 Ier.
1361 2385 105 50 P.
1419 2385 94 50 s.

546 2431 75 44 19
584 2431 100 44 déc.
647 2431 113 44 1814,
722 2431 88 44 1/2
772 2431 75 44 p.
809 2431 138 44 in-fol.
910 2431 138 44 oblong.
1010 2431 113 44 Pièce
1085 2431 213 44 intéressante.
1260 2431 75 44 15
1285 2431 38 44 »
