1912 2915
894 268 95 64 —
932 268 95 64 8
951 268 57 64 —

516 327 137 69 ajouté
612 327 96 69 sur
667 327 82 69 un
708 327 164 69 feuillet
831 327 137 69 séparé
927 327 82 69 le
968 327 123 69 texte
1050 327 178 69 manquant.
1187 327 82 69 Il
1228 327 68 69 a
1256 327 110 69 fait
1324 327 137 69 partie
1406 327 96 69 d’une

520 380 197 46 collection
674 380 169 46 anglaise
801 380 84 46 et
843 380 84 46 il
885 380 98 46 fut
941 380 169 46 proposé,
1068 380 84 46 en
1110 380 126 46 1855,
1194 380 70 46 à
1222 380 84 46 un
1264 380 126 46 grand
1349 380 154 46 amateur
1447 380 56 46 de

524 408 124 45 Paris
607 408 179 45 moyennant
745 408 83 45 50
786 408 138 45 livres
883 408 193 45 sterlings,
1035 408 124 45 comme
1118 408 83 45 le
1159 408 138 45 prouve
1256 408 97 45 une
1311 408 138 45 lettre
1394 408 110 45 jointe

519 443 68 52 à
547 443 123 52 cette
628 443 136 52 pièce.
724 443 82 52 Le
764 443 150 52 premier
873 443 191 52 possesseur
1023 443 95 52 fut
1077 443 136 52 l’abbé
1173 443 95 52 Don
1227 443 150 52 Vincent
1336 443 177 52 Faustini,
1459 443 54 52 de

532 471 167 60 rerrare.
657 471 125 60 Cette
741 471 139 60 pièce,
838 471 111 60 dont
908 471 111 60 nous
978 471 153 60 n’avons
1089 471 97 60 pas
1145 471 139 60 besoin
1242 471 84 60 de
1284 471 125 60 faire
1354 471 153 60 ressortir

522 504 81 49 la
562 504 148 49 valeur,
670 504 94 49 est
724 504 108 49 fort
791 504 108 49 bien
845 504 162 49 conservée.

524 538 132 50 23746
612 538 147 50 THOMAS
715 538 220 50 (Ambroise),
891 538 161 50 célèbre
1008 538 220 50 compositeur
1184 538 88 50 de
1228 538 176 50 musique,
1359 538 147 50 membre
1447 538 59 50 de

521 575 164 59 l’Institut.
652 575 99 59 L.
718 575 66 59 a.
751 575 120 59 s.
838 575 66 59 19
871 575 88 59 août
926 575 99 59 1860,
992 575 55 59 2
1014 575 66 59 p.
1046 575 77 59 pl.
1090 575 99 59 in-8.
1156 575 142 59 Curieuse.
1265 575 55 59 2
1276 575 44 59 50

540 608 96 59 23747
604 608 117 59 TURENNE
689 608 74 59 (le
731 608 117 59 vicomte
816 608 85 59 de),
870 608 128 59 illustre
965 608 128 59 maréchal
1061 608 64 59 de
1093 608 117 59 France.
1178 608 96 59 P.
1242 608 117 59 s.
1327 608 53 59 7
1337 608 64 59 juin

532 646 114 54 1646,
608 646 63 54 1
633 646 76 54 p.
671 646 114 54 in-4,
747 646 126 54 cachet
835 646 63 54 à
861 646 88 54 ses
911 646 126 54 armes.
1000 646 63 54 6
1012 646 38 54 »

532 671 117 67 23748
610 671 169 67 TOURVILLE
740 671 91 67 (A.
793 671 78 67 H.
832 671 78 67 de
871 671 169 67 COTTENrin
1001 671 104 67 de),
1066 671 156 67 illustre
1183 671 117 67 marin
1262 671 78 67 et
1301 671 156 67 maréchal
1405 671 52 67 de

525 717 117 49 France
607 717 70 49 du
643 717 117 49 siècle
725 717 70 49 de
760 717 106 49 Louis
830 717 94 49 XIV.
889 717 106 49 L.
959 717 129 49 a.
1053 717 94 49 sig.
1112 717 106 49 le
1182 717 141 49 maréchal
1288 717 70 49 de
1311 717 188 49 Tourville;

523 748 120 53 Niort,
607 748 60 53 9
631 748 84 53 mai
679 748 108 53 1696,
750 748 60 53 1
774 748 72 53 p.
810 748 108 53 in-4.
882 748 72 53 25
906 748 36 53 »

552 772 85 73 Il
594 772 99 73 lui
651 772 127 73 donne
735 772 113 73 avis
805 772 85 73 de
848 772 99 73 son
904 772 155 73 arrivée
1017 772 183 73 prochaine
1158 772 70 73 à
1186 772 85 73 La
1214 772 155 73 Rochelle.

531 825 101 48 23749
598 825 146 48 VACQUERIE
711 825 158 48 (Auguste),
835 825 158 48 publiciste
958 825 68 48 et
992 825 146 48 romancier
1105 825 158 48 distingué.
1228 825 101 48 L.
1296 825 68 48 a.
1330 825 113 48 s.
1397 825 34 48 à

517 857 197 53 Carjat;
661 857 161 53 1862,
768 857 90 53 1
804 857 108 53 p.
858 857 126 53 1/2
930 857 161 53 in-8.
1037 857 90 53 2
1055 857 72 53 50

554 898 223 52 Très-jolie
730 898 176 52 lettre,
857 898 96 52 où
905 898 96 52 il
953 898 144 52 parle
1049 898 96 52 de
1097 898 160 52 Victor
1208 898 144 52 Hugo.

534 935 104 51 23750
604 935 104 51 VALÉE
673 935 81 51 (S.
720 935 104 51 Ch.),
789 935 139 51 maréchal
894 935 70 51 de
928 935 127 51 France,
1021 935 162 51 gouverneur
1149 935 70 51 de
1183 935 162 51 l’Algérie.
1311 935 104 51 L.
1381 935 70 51 a.
1404 935 104 51 s.

528 965 99 53 1819,
594 965 55 53 1
616 965 66 53 p.
649 965 99 53 in-4.
715 965 55 53 2
726 965 33 53 »

531 1002 119 62 23751
610 1002 146 62 VENDOME
716 1002 133 62 (Louis
809 1002 106 62 de),
875 1002 159 62 général,
995 1002 159 62 vice-roi
1114 1002 80 62 de
1154 1002 186 62 Catalogne,
1299 1002 119 62 époux
1379 1002 80 62 de
1405 1002 93 62 Laure

525 1043 157 47 Mancini,
643 1043 184 47 gouverneur
787 1043 79 47 de
827 1043 171 47 Provence,
958 1043 105 47 puis
1024 1043 171 47 cardinal.
1155 1043 118 47 L.
1234 1043 79 47 a.
1273 1043 144 47 s.
1365 1043 131 47 Lambesc,

519 1071 63 59 2
545 1071 113 59 sept.
620 1071 113 59 1668,
695 1071 63 59 1
721 1071 75 59 p.
758 1071 113 59 in-4.
834 1071 113 59 Belle
909 1071 138 59 lettre.
1010 1071 126 59 Légère
1098 1071 113 59 tache
1173 1071 126 59 d’eau.
1261 1071 75 59 15
1286 1071 38 59 »

528 1107 104 57 23752
598 1107 115 57 VERNET
679 1107 150 57 (Joseph),
794 1107 127 57 célèbre
886 1107 127 57 peintre
979 1107 69 57 de
1013 1107 139 57 marines,
1117 1107 69 57 né
1152 1107 58 57 à
1175 1107 150 57 Bordeaux.
1290 1107 104 57 L.
1359 1107 69 57 a.
1383 1107 115 57 s.;

518 1144 121 48 Paris,
603 1144 61 48 2
627 1144 97 48 juin
688 1144 109 48 1783,
761 1144 61 48 1
785 1144 73 48 p.
821 1144 109 48 in-4.
894 1144 73 48 12
919 1144 36 48 »

547 1180 208 58 Intéressante
716 1180 130 58 épître
807 1180 91 58 sur
859 1180 91 58 son
911 1180 104 58 fils
976 1180 130 58 Carle,
1067 1180 104 58 dont
1132 1180 78 58 il
1171 1180 104 58 fait
1236 1180 78 58 le
1275 1180 104 58 plus
1340 1180 117 58 grand
1405 1180 91 58 éloge

519 1220 82 51 et
560 1220 136 51 auquel
656 1220 82 51 on
697 1220 123 51 vient
778 1220 191 51 d’accorder
928 1220 95 51 une
983 1220 232 51 gratification
1174 1220 82 51 de
1215 1220 95 51 100
1256 1220 95 51 écus.

520 1252 111 50 23753
593 1252 111 50 VÉRON
667 1252 86 50 (le
716 1252 135 50 docteur
814 1252 135 50 Louis),
913 1252 147 50 l'auteur
1023 1252 86 50 des
1072 1252 184 50 Mémoires
1220 1252 98 50 d’un
1281 1252 160 50 bourgeois
1392 1252 98 50 de

515 1282 163 57 Paris.
641 1282 75 57 L.
678 1282 75 57 a.
716 1282 125 57 s.
803 1282 75 57 (à
841 1282 138 57 Stephen
941 1282 75 57 de
978 1282 75 57 la
1016 1282 188 57 Madeleine),
1166 1282 63 57 3
1191 1282 75 57 p.
1228 1282 88 57 pl.
1278 1282 113 57 in-8.
1353 1282 63 57 3
1366 1282 50 57 50

544 1319 232 54 Très-curieuse
735 1319 150 54 épître,
844 1319 82 54 où
885 1319 82 54 il
926 1319 82 54 se
967 1319 136 54 refuse
1062 1319 68 54 à
1089 1319 95 54 lui
1144 1319 136 54 donner
1239 1319 95 54 des
1294 1319 150 54 détails
1403 1319 95 54 sur
1444 1319 54 54 sa

521 1349 113 58 vie,
591 1349 84 58 vu
633 1349 98 58 que
690 1349 84 58 sa
732 1349 197 58 biographie
887 1349 197 58 manquerait
1027 1349 169 58 d’intérêt.

521 1390 87 64 23754
580 1390 117 64 VEUILLOT
667 1390 117 64 (Louis),
755 1390 58 64 le
784 1390 107 64 célèbre
861 1390 136 64 publiciste
968 1390 146 64 catholique.
1085 1390 97 64 Billet
1153 1390 78 64 aut.
1192 1390 68 64 sig.,

525 1428 70 47 1/2
565 1428 60 47 p.
595 1428 90 47 in-8.
655 1428 50 47 3
665 1428 30 47 »

525 1461 78 54 23755
578 1461 96 54 VIVONNE
647 1461 61 54 (L.
682 1461 52 54 V.
708 1461 52 54 de
734 1461 148 54 ROCHECHOUART,
856 1461 61 54 duc
891 1461 70 54 de),
934 1461 104 54 maréchal
1013 1461 52 54 de
1039 1461 96 54 France,
1100 1461 44 54 ami

512 1505 72 53 de
548 1505 132 53 Molière
644 1505 72 53 et
680 1505 72 53 de
716 1505 144 53 Boileau.
824 1505 108 53 L.
896 1505 144 53 s.;
1004 1505 60 53 8
1029 1505 108 53 févr.
1101 1505 108 53 1674,
1173 1505 60 53 1
1197 1505 72 53 p.
1233 1505 108 53 in-4.
1305 1505 132 53 Légères
1389 1505 108 53 taches.

517 1531 90 44 Peu
580 1531 134 44 commun
687 1531 45 44 6
696 1531 27 44 »

518 1550 120 66 23756
598 1550 161 66 VOLTAIRE
718 1550 94 66 (F.
772 1550 80 66 M.
812 1550 134 66 AROUET
906 1550 107 66 de),
972 1550 80 66 le
1013 1550 107 66 plus
1079 1550 120 66 grand
1160 1550 120 66 génie
1240 1550 187 66 littéraire
1387 1550 80 66 du
1414 1550 80 66 dix-

512 1604 139 59 huitième
617 1604 128 59 siècle.
710 1604 93 59 L.
768 1604 116 59 s.
849 1604 58 59 à
872 1604 70 59 M.
907 1604 163 59 Jeanmaire,
1035 1604 58 59 à
1058 1604 186 59 Montbéliard;
1209 1604 128 59 Ferney,
1302 1604 70 59 25
1325 1604 58 59 mai

521 1634 107 49 1773,
592 1634 59 49 1
616 1634 71 49 p.
651 1634 83 49 1/2
699 1634 107 49 in-4.
770 1634 71 49 12
793 1634 36 49 »

725 1655 147 57 Curieuse.
838 1655 57 57 —
861 1655 79 57 Les
906 1655 125 57 maisons
997 1655 102 57 qu’il
1065 1655 91 57 fait
1122 1655 102 57 bâtir
1190 1655 57 57 à
1212 1655 113 57 Ferney
1292 1655 79 57 lui
1337 1655 125 57 coûtent
1417 1655 79 57 beau-

512 1704 130 47 coup.
598 1704 173 47 Voltaire
728 1704 72 47 a
757 1704 130 47 prêté
844 1704 72 47 à
873 1704 87 47 M.
916 1704 188 47 Jeanmaire
1061 1704 116 47 tout
1133 1704 101 47 son
1191 1704 144 47 argent
1292 1704 173 47 comptant
1407 1704 87 47 pour

511 1738 168 61 marquer
633 1738 107 61 son
694 1738 122 61 zèle
771 1738 92 61 au
817 1738 107 61 duc
878 1738 92 61 de
924 1738 230 61 Wurtemberg.
1107 1738 92 61 Il
1153 1738 168 61 demande
1276 1738 92 61 le
1306 1738 184 61 rembourse-

512 1775 116 38 ment
585 1775 87 38 de
629 1775 87 38 la
672 1775 131 38 somme
760 1775 102 38 qui
818 1775 102 38 lui
876 1775 102 38 est
920 1775 87 38 due.

514 1798 105 62 23757
584 1798 105 62 WEBER
654 1798 93 62 (Ch.
712 1798 70 62 M.
747 1798 93 62 de),
806 1798 140 62 illustre
910 1798 175 62 compositeur
1050 1798 70 62 de
1085 1798 128 62 musique
1178 1798 151 62 allemand.
1295 1798 105 62 L.
1365 1798 70 62 a.
1388 1798 105 62 s.

514 1842 155 56 Dresde,
627 1842 127 56 févr.
711 1842 127 56 1826,
796 1842 99 56 3/4
852 1842 85 56 de
894 1842 85 56 p.
937 1842 127 56 in-4.
1021 1842 141 56 Légère
1120 1842 183 56 déchirure
1261 1842 225 56 n’atteignant
1430 1842 70 56 pas

518 1875 47 40 le
542 1875 78 40 texte.
596 1875 125 40 Rare
698 1875 47 40 40
714 1875 23 40 »

518 1905 122 61 23758
600 1905 190 61 WELLINGTON
750 1905 150 61 (Arthur
859 1905 190 61 WELLESLEY,
1008 1905 95 61 duc
1063 1905 109 61 de),
1131 1905 163 61 illustre
1253 1905 231 61 généralissime
1430 1905 68 61 des

516 1944 135 50 troupes
614 1944 172 50 anglaises.
749 1944 110 50 L.
822 1944 74 50 a.
859 1944 135 50 s.
957 1944 74 50 en
994 1944 159 50 français,
1117 1944 61 50 à
1141 1944 74 50 la
1178 1944 147 50 marquise
1288 1944 74 50 Du
1325 1944 123 50 Roure;
1399 1944 98 50 Paris,

511 1978 75 50 28
549 1978 100 50 août
612 1978 113 50 1821,
687 1978 63 50 1
712 1978 75 50 p.
749 1978 100 50 in-8
812 1978 138 50 cachet.
912 1978 175 50 Très-jolie
1050 1978 125 50 pièce.
1137 1978 75 50 10
1162 1978 38 50 »

475 2169 350 49 L’authenticité
772 2169 122 49 des
842 2169 262 49 Autographes
1052 2169 122 49 est
1105 2169 262 49 garantie,

442 2217 87 72 Le
486 2217 189 72 Catalogue
632 2217 116 72 sera
704 2217 146 72 envoyé
806 2217 73 72 à
835 2217 146 72 toutes
937 2217 102 72 les
996 2217 189 72 personnes
1141 2217 102 72 qui
1199 2217 87 72 en
1243 2217 146 72 feront
1345 2217 87 72 la
1374 2217 131 72 demande

406 2259 202 65 (affranchir).

645 2370 215 55 Strasbourg,
816 2370 215 55 typographie
988 2370 86 55 de
1031 2370 86 55 G.
1060 2370 186 55 Silbermann.
