2095 2746
731 570 237 82 PRYDE
909 570 252 82 (James).

314 743 150 73 Né
389 743 125 73 à
439 743 351 73 Edimbourg,
715 743 150 73 le
790 743 150 73 30
866 743 201 73 mars
991 743 226 73 1869.
1142 743 251 73 Etudia
1317 743 150 73 la
1367 743 251 73 peinture

265 821 115 61 à
311 821 206 61 Paris
449 821 115 61 à
494 821 321 61 l’Académie
747 821 275 61 Jullian,
953 821 183 61 sous
1068 821 138 61 la
1136 821 298 61 direction
1366 821 138 61 de
1412 821 206 61 Bougue-

264 884 217 78 reau.
409 884 314 78 Travailla
650 884 145 78 au
723 884 217 78 début
867 884 193 78 avec
988 884 169 78 son
1085 884 338 78 beau-frère
1326 884 290 78 Nicholson.

262 953 217 79 (Voir
407 953 145 79 n°
455 953 145 79 20.)

319 1011 228 72 Membre
479 1011 137 72 de
547 1011 296 72 plusieurs
775 1011 274 72 sociétés
981 1011 342 72 artistiques
1254 1011 296 72 anglaises
1482 1011 137 72 où
1528 1011 91 72 il

262 1082 242 86 occupe
431 1082 169 86 une
528 1082 218 86 place
673 1082 121 86 à
721 1082 218 86 part;
866 1082 121 86 a
915 1082 242 86 exposé
1084 1082 363 86 constamment
1374 1082 145 86 en
1423 1082 193 86 Angle-

264 1167 197 61 terre
396 1167 132 61 et
461 1167 110 61 à
505 1167 329 61 l’étranger,
769 1167 175 61 sauf
878 1167 175 61 dans
988 1167 154 61 nos
1054 1167 197 61 Salons.

315 1203 272 123 Engagé
505 1203 245 123 comme
668 1203 326 123 «special
913 1203 381 123 constable»
1212 1203 163 123 au
1294 1203 245 123 début
1457 1203 163 123 de
1511 1203 109 123 la

260 1304 294 75 présente
456 1304 221 75 guerre.

341 1504 150 81 24.
426 1504 235 81 Cour
597 1504 193 81 d'une
726 1504 214 81 maison
876 1504 171 81 dans
983 1504 128 81 un
1047 1504 257 81 faubourg
1218 1504 321 81 populaire

797 1574 169 72 (The
904 1574 184 72 Slum).

699 1627 122 122 H.
760 1627 101 122 :
800 1627 122 122 1,
861 1627 142 122 20;
942 1627 122 122 L.
1003 1627 101 122 :
1043 1627 122 122 1,
1084 1627 101 122 06.

314 1764 124 79 La
376 1764 165 79 cour
480 1764 289 79 intérieure
707 1764 186 79 d’une
830 1764 206 79 maison
975 1764 289 79 populaire,
1202 1764 145 79 vue
1285 1764 103 79 à
1326 1764 227 79 travers
1470 1764 145 79 l’en-

261 1840 308 57 cadrement
498 1840 213 57 d’une
640 1840 213 57 haute
783 1840 261 57 arcade,
972 1840 166 57 des
1067 1840 284 57 chevrons
1280 1840 142 57 et
1351 1840 142 57 de
1399 1840 213 57 longues

265 1896 257 77 planches
457 1896 171 77 sont
564 1896 193 77 posés
693 1896 214 77 contre
843 1896 129 77 un
907 1896 171 77 coin
1014 1896 107 77 à
1057 1896 236 77 droite;
1228 1896 150 77 aux
1314 1896 257 77 fenêtres
1485 1896 129 77 sont

264 1957 249 65 étendues
451 1957 145 65 des
534 1957 228 65 linges;
700 1957 125 65 de
762 1957 270 65 l’arcade,
970 1957 228 65 pendent
1136 1957 145 65 des
1198 1957 187 65 cordes.

314 2019 137 55 En
383 2019 228 55 avant,
542 2019 137 55 un
610 2019 228 55 groupe
770 2019 137 55 de
838 2019 342 55 personnages
1111 2019 159 55 qui
1202 2019 273 55 semblent
1407 2019 228 55 drapés
1544 2019 68 55 à

265 2084 348 68 l’Espagnole.
548 2084 152 68 Une
635 2084 217 68 petite
787 2084 217 68 figure
939 2084 239 68 isolée,
1112 2084 109 68 à
1156 2084 239 68 gauche,
1330 2084 152 68 met
1417 2084 152 68 une
1482 2084 130 68 note

265 2152 186 67 verte
390 2152 124 67 et
452 2152 186 67 jaune
576 2152 166 67 dans
679 2152 124 67 la
741 2152 248 67 tonalité
928 2152 248 67 générale
1114 2152 186 67 noire
1238 2152 124 67 et
1300 2152 166 67 gris
1383 2152 228 67 brunâtre.

832 2252 147 94 —
890 2252 176 94 89
949 2252 88 94 —
