2102 2746
876 517 308 80 RACKHAM
1096 517 330 80 (Arthur).

527 675 153 93 Né
604 675 153 93 le
681 675 153 93 19
757 675 332 93 septembre
1013 675 204 93 1867
1140 675 128 93 à
1192 675 306 93 Londres.
1421 675 204 93 Fils
1549 675 204 93 d’un
1651 675 179 93 petit

473 751 404 67 fonctionnaire
806 751 143 67 de
877 751 309 67 Stockwell
1115 751 166 67 qui
1210 751 356 67 s’intéressa
1495 751 119 67 à
1542 751 143 67 sa
1590 751 238 67 vocation

474 814 296 75 précoce,
696 814 123 75 à
745 814 148 75 17
819 814 197 75 ans,
942 814 148 75 il
1016 814 222 75 entra
1164 814 222 75 comme
1312 814 222 75 clerc
1460 814 197 75 dans
1583 814 148 75 un
1632 814 197 75 bureau

475 886 404 70 d’assurances,
808 886 190 70 tout
927 886 143 70 en
998 886 261 70 suivant
1188 886 166 70 les
1283 886 214 70 cours
1425 886 143 70 du
1497 886 190 70 soir
1615 886 143 70 au
1663 886 166 70 South

475 948 383 72 Kensington.
782 948 153 72 En
859 948 230 72 1893,
1012 948 153 72 il
1089 948 332 72 abandonna
1344 948 179 72 son
1447 948 256 72 bureau
1626 948 204 72 pour
1728 948 102 72 se

474 1011 223 78 livrer
630 1011 334 78 entièrement
897 1011 156 78 aux
986 1011 334 78 caricatures
1254 1011 134 78 et
1320 1011 156 78 aux
1410 1011 245 78 dessins
1588 1011 201 78 qu’il
1699 1011 134 78 don-

476 1092 181 68 nait
590 1092 159 68 aux
658 1092 317 68 périodiques.

536 1145 126 78 Le
599 1145 230 78 premier
767 1145 230 78 ouvrage
934 1145 147 78 qui
1018 1145 210 78 marque
1165 1145 168 78 dans
1269 1145 126 78 sa
1332 1145 251 78 carrière
1521 1145 147 78 est
1584 1145 251 78 les

488 1226 273 63 Légendes
706 1226 346 63 d’Ingoldsby
998 1226 200 63 (1897).
1143 1226 109 63 Il
1198 1226 218 63 illustra
1362 1226 200 63 ensuite
1507 1226 127 63 les
1562 1226 273 63 Contes

481 1279 174 75 de
597 1279 271 75 Grimm
809 1279 135 75 les
887 1279 251 75 Contes
1080 1279 367 75 d’Andersen
1389 1279 116 75 et
1447 1279 232 75 certains
1621 1279 193 75 contes
1737 1279 97 75 des

482 1354 229 69 Mille
653 1354 114 69 et
711 1354 133 69 une
787 1354 267 69 Nuilts
996 1354 210 69 (1900),
1149 1354 152 69 puis
1244 1354 229 69 suivent:
1416 1354 191 69 Rip
1549 1354 133 69 van
1606 1354 229 69 Winlle

477 1425 193 73 (1905),
618 1425 211 73 Peler
776 1425 193 73 Pan
917 1425 193 73 (1906),
1057 1425 211 73 Alice
1215 1425 105 73 in
1268 1425 316 73 Wonderland
1531 1425 193 73 (1907).
1654 1425 176 73 A

475 1483 356 78 Midsummer
764 1483 245 78 Nigbl’s
942 1483 289 78 dream
1164 1483 245 78 (1908),
1342 1483 378 78 Undine
1631 1483 200 78 (1909).

482 1541 289 69 Diverses
699 1541 409 69 illustrations
1036 1541 193 69 pour
1156 1541 193 69 l’Or
1276 1541 144 69 du
1349 1541 193 69 Rhin
1469 1541 144 69 et
1541 1541 144 69 la
1589 1541 241 69 Walkyrie

476 1614 261 81 (1911),
666 1614 166 81 les
761 1614 237 81 fables
927 1614 261 81 d’Esope
1117 1614 261 81 (1912),
1307 1614 142 81 Ma
1378 1614 190 81 Mère
1497 1614 214 81 l’Oie
1615 1614 214 81 (1913).

475 1691 218 58 L’art
620 1691 340 58 minutieux,
887 1691 316 58 expressif
1130 1691 146 58 et
1203 1691 364 58 pittoresque
1494 1691 146 58 de
1567 1691 267 58 Rackham
1737 1691 97 58 se

477 1754 272 57 rattache
681 1754 158 57 aux
772 1754 317 57 traditions
1020 1754 407 57 préraphaélites
1360 1754 136 57 et
1428 1754 158 57 est
1518 1754 294 57 influencé
1722 1754 113 57 par

477 1813 155 76 les
566 1813 289 76 primitifs
788 1813 289 76 allemands
1010 1813 133 76 et
1076 1813 155 76 par
1165 1813 155 76 les
1254 1813 266 76 Japonais
1454 1813 178 76 pour
1565 1813 266 76 lesquels
1742 1813 89 76 il

474 1894 122 56 a
522 1894 170 56 une
620 1894 243 56 grande
790 1894 365 56 admiration.
1081 1894 122 56 —
1130 1894 170 56 Une
1227 1894 340 56 exposition
1495 1894 146 56 de
1568 1894 170 56 ses
1641 1894 194 56 œuvres

471 1958 124 66 a
521 1958 149 66 eu
595 1958 198 66 lieu
719 1958 124 66 à
768 1958 248 66 Paris,
942 1958 149 66 en
1016 1958 223 66 1912,
1165 1958 124 66 à
1214 1958 149 66 la
1288 1958 272 66 Société
1486 1958 322 66 Nationale
1709 1958 124 66 des

450 2023 325 68 Beaux

537 2080 167 78 (Voir
649 2080 185 78 Art
778 2080 111 78 et
834 2080 333 78 Décoration
1111 2080 222 78 (juillet
1278 2080 185 78 1912),
1407 2080 241 78 Artbur
1574 2080 259 78 Rackbam

476 2161 169 96 par
573 2161 145 96 A.
621 2161 363 96 Marguillier.)

1079 2260 246 88 90
1161 2260 123 88 —
