2102 2737
534 779 301 110 RACKHAM
771 779 237 110 (Madame
943 779 323 110 Arthur
1202 779 151 110 née
1288 779 258 110 Edyth
1460 779 323 110 Starkie).

525 932 263 104 Épouse
709 932 158 104 du
761 932 316 104 précédent.

528 1025 180 71 Née
631 1025 129 71 à
683 1025 386 71 Rosscarbery
992 1025 335 71 (Irlande)
1249 1025 154 71 le
1326 1025 154 71 27
1403 1025 309 71 novembre
1635 1025 232 71 1867.
1764 1025 77 71 A

474 1084 273 83 étudié,
673 1084 149 83 en
748 1084 224 83 1883,
897 1084 124 83 à
946 1084 149 83 la
1021 1084 224 83 Slade
1170 1084 249 83 School
1344 1084 149 83 de
1419 1084 298 83 Londres,
1642 1084 199 83 puis
1742 1084 99 83 en

480 1155 215 80 1884,
623 1155 119 80 à
671 1155 239 80 Paris,
838 1155 119 80 à
886 1155 334 80 l’Académie
1149 1155 263 80 Julian,
1340 1155 191 80 sous
1459 1155 143 80 la
1531 1155 310 80 direction
1746 1155 96 80 de

470 1221 229 74 Jules
622 1221 305 74 Lefebvre
851 1221 153 74 et
928 1221 153 74 de
1004 1221 382 74 Tony-Robert
1309 1221 280 74 Fleury.
1513 1221 280 74 Aexposé
1691 1221 153 74 pour

473 1284 152 67 la
549 1284 305 67 première
777 1284 203 67 fois
904 1284 127 67 à
955 1284 152 67 la
1031 1284 229 67 Royal
1184 1284 279 67 Academy
1387 1284 152 67 en
1463 1284 229 67 1897.
1590 1284 254 67 Médaille

476 1347 191 72 d’or
596 1347 144 72 en
668 1347 191 72 1911
787 1347 120 72 à
835 1347 383 72 l’Exposition
1146 1347 431 72 internationale
1505 1347 144 72 de
1553 1347 287 72 Barcelone,

476 1422 182 76 avec
590 1422 137 76 un
658 1422 273 76 tableau,
863 1422 205 76 la
1000 1422 182 76 Jupe
1114 1422 319 76 rouge
1365 1422 228 76 acquis
1524 1422 182 76 pour
1638 1422 137 76 le
1684 1422 159 76 Musée

479 1487 129 90 de
544 1487 194 90 cette
652 1487 172 90 ville.

874 1683 130 77 26.
949 1683 278 77 Portrait
1171 1683 111 77 de
1208 1683 223 77 femme

891 1765 126 101 H.
954 1765 105 101 :
996 1765 126 101 1.
1059 1765 147 101 54;
1143 1765 126 101 L.
1206 1765 105 101 :
1248 1765 126 101 0.
1290 1765 105 101 73.

529 1893 153 77 Une
617 1893 197 77 jeune
748 1893 219 77 femme,
901 1893 219 77 debout
1055 1893 131 77 de
1120 1893 197 77 trois
1252 1893 219 77 quarts
1405 1893 109 77 à
1449 1893 241 77 droite,
1624 1893 153 77 les
1690 1893 153 77 mains

481 1961 276 63 croisées,
693 1961 191 63 vêtue
821 1961 191 63 d’une
948 1961 170 63 robe
1055 1961 191 63 grise
1182 1961 276 63 mouchetée
1395 1961 128 63 de
1458 1961 170 63 noir
1565 1961 128 63 et
1628 1961 213 63 bordée
1756 1961 85 63 de

479 2018 245 89 franges
657 2018 245 89 noires.
835 2018 178 89 Fond
947 2018 178 89 brun
1058 2018 178 89 très
1148 2018 178 89 foncé.

535 2126 165 100 Signé
645 2126 110 100 en
700 2126 147 100 bas,
792 2126 92 100 à
829 2126 202 100 droite:
976 2126 221 100 Edyth
1141 2126 202 100 Starbie
1270 2126 257 100 Rachbam

1047 2264 160 71 92
