2092 2743
612 455 226 84 RICH
777 455 226 84 (Alfred
921 455 308 84 William).

303 616 150 69 Né
378 616 125 69 à
428 616 275 69 Scaynes
628 616 200 69 Hill
752 616 250 69 (comté
927 616 150 69 de
1002 616 275 69 Sussex)
1202 616 150 69 le
1277 616 125 69 4
1326 616 200 69 mars
1426 616 175 69 1856.

252 695 270 70 Débuta,
449 695 147 70 en
523 695 221 70 1870,
670 695 172 70 par
768 695 319 70 apprendre
1014 695 221 70 l’art
1161 695 147 70 de
1235 695 270 70 peintre
1407 695 196 70 héral-

251 752 203 69 dique
387 752 135 69 et
454 752 361 69 l’enluminure
748 752 248 69 jusqu’à
928 752 135 69 ce
996 752 180 69 que,
1109 752 135 69 en
1176 752 203 69 1890,
1312 752 135 69 il
1357 752 248 69 s’adonnât

251 821 114 71 à
297 821 206 71 l’art
434 821 320 71 proprement
686 821 183 71 dit.
800 821 137 71 Il
869 821 229 71 étudia
1029 821 206 71 alors
1166 821 114 71 à
1212 821 137 71 la
1281 821 206 71 Slade
1395 821 206 71 School,

250 890 194 80 sous
371 890 145 80 la
444 890 315 80 direction
686 890 339 80 d’Alphonse
952 890 266 80 Legros,
1146 890 170 80 qui
1243 890 170 80 eut
1340 890 170 80 une
1412 890 194 80 grande

249 957 309 71 influence
487 957 166 71 sur
582 957 190 71 lui,
700 957 142 71 et
771 957 142 71 de
843 957 166 71 son
938 957 356 71 successeur,
1222 957 214 71 Fred.
1365 957 237 71 Brown,
1507 957 95 71 de

256 1031 189 66 1890
374 1031 118 66 à
422 1031 212 66 1896.
563 1031 118 66 A
610 1031 260 66 figuré,
799 1031 189 66 pour
917 1031 142 66 la
988 1031 283 66 première
1201 1031 189 66 fois
1319 1031 142 66 en
1390 1031 212 66 1896,
1508 1031 94 66 au

250 1091 166 79 New
345 1091 261 79 English
535 1091 166 79 Art
630 1091 214 79 Club,
773 1091 143 79 où
844 1091 143 79 il
915 1091 166 79 n'a
1010 1091 214 79 cessé
1153 1091 333 79 d’exposer.
1414 1091 119 79 A
1438 1091 166 79 peint

250 1164 266 57 surtout
443 1164 145 57 en
516 1164 362 57 Angleterre,
806 1164 193 57 mais
926 1164 362 57 quelquefois
1216 1164 217 57 aussi
1361 1164 145 57 en
1410 1164 193 57 France

247 1241 145 66 et
319 1241 145 66 en
392 1241 315 66 Hollande.
634 1241 194 66 Très
755 1241 387 66 impressionné
1070 1241 170 66 par
1167 1241 170 66 les
1264 1241 242 66 grands
1409 1241 194 66 paysa-

248 1290 242 95 gistes
417 1290 314 95 français.
659 1290 242 95 Œuvres
828 1290 193 95 dans
949 1290 242 95 divers
1118 1290 242 95 musées
1263 1290 339 95 d’Angleterre

246 1380 160 58 et
326 1380 186 58 des
433 1380 346 58 Colonies:
699 1380 293 58 British
912 1380 293 58 Museum,
1125 1380 373 58 Cambridge,
1392 1380 213 58 Walker

247 1433 176 66 art
347 1433 276 66 Gallery
548 1433 150 66 de
623 1433 351 66 Liverpool;
899 1433 301 66 Victoria
1125 1433 176 66 and
1225 1433 251 66 Albert
1375 1433 226 66 Museum,

246 1497 381 78 Johannesburg
555 1497 190 78 City
674 1497 285 78 Gallery,
888 1497 214 78 etc.,
1031 1497 214 78 etc.;
1174 1497 143 78 et
1245 1497 190 78 dans
1364 1497 238 78 nombre
1507 1497 95 78 de

253 1564 303 86 collections
495 1564 242 86 privées.
677 1564 141 86 Son
757 1564 242 86 portrait
939 1564 202 86 figure
1080 1564 161 86 dans
1181 1564 121 86 le
1242 1564 222 86 Café
1383 1564 222 86 royal

251 1630 163 83 de
305 1630 218 83 Orpen.

542 1782 137 93 27.
621 1782 255 93 Parish
817 1782 216 93 Church,
955 1782 314 93 Huntington

702 1853 112 87 H.
758 1853 93 87 :
796 1853 112 87 0,
852 1853 131 87 30;
927 1853 112 87 L.
983 1853 93 87 :
1020 1853 112 87 0,
1058 1853 93 87 34.

774 1916 270 86 Aquarelle.

297 2024 147 75 Une
381 2024 230 75 vieille
548 2024 210 75 église
695 2024 251 75 anglaise
884 2024 126 75 au
947 2024 210 75 milieu
1093 2024 126 75 de
1156 2024 147 75 son
1240 2024 189 75 petit
1345 2024 251 75 cimetière,

250 2082 250 81 ombragé
432 2082 159 81 par
523 2082 136 81 un
591 2082 205 81 grand
705 2082 227 81 bouleau.

302 2142 160 86 Signé
409 2142 107 86 en
462 2142 142 86 bas,
551 2142 89 86 à
586 2142 195 86 droite,
729 2142 231 86 Alfred
906 2142 107 86 W.
942 2142 195 86 Rich
