2099 2746
771 519 373 104 ROBINSON
1086 519 334 104 (Frederick
1341 519 275 104 Cayley).

566 665 160 105 Né
646 665 133 105 à
700 665 347 105 Brentford
966 665 187 105 sur
1073 665 160 105 la
1153 665 293 105 Tamise,
1366 665 160 105 le
1446 665 160 105 18
1526 665 213 105 août
1660 665 240 105 1862.
1793 665 80 105 A

513 755 256 89 étudié
693 755 154 89 en
769 755 256 89 France
949 755 154 89 au
1025 755 230 89 Lycée
1179 755 154 89 de
1256 755 205 89 Pau,
1384 755 154 89 en
1460 755 230 89 1876.
1614 755 230 89 Entra
1742 755 128 89 aux

514 834 266 78 Écoles
701 834 160 78 de
781 834 373 78 l’Académie
1074 834 266 78 Royale
1260 834 160 78 en
1340 834 240 78 1884.
1500 834 240 78 Vécut
1633 834 240 78 pendant

513 905 209 73 deux
644 905 183 73 ans
748 905 183 73 sur
853 905 157 73 un
931 905 235 73 petit
1088 905 235 73 yacht
1245 905 157 73 en
1323 905 340 73 compagnie
1584 905 209 73 d’un
1689 905 183 73 vieux

517 971 280 74 pêcheur,
727 971 234 74 autour
890 971 163 74 des
984 971 210 74 côtes
1124 971 397 74 d’Angleterre,
1451 971 140 74 en
1521 971 163 74 vue
1614 971 140 74 de
1684 971 140 74 se
1731 971 140 74 con-

516 1036 226 71 sacrer
674 1036 113 71 à
720 1036 135 71 la
787 1036 271 71 peinture
991 1036 135 71 de
1036 1036 203 71 marine.

569 1102 177 71 Vers
679 1102 199 71 1885,
812 1102 132 71 il
878 1102 287 71 travailla
1099 1102 110 71 à
1143 1102 199 71 Paris
1275 1102 243 71 pendant
1452 1102 199 71 trois
1584 1102 154 71 ans
1672 1102 110 71 à
1694 1102 177 71 l’Aca-

515 1163 200 91 démie
648 1163 244 91 Julian,
826 1163 178 91 sous
937 1163 133 91 la
1003 1163 289 91 direction
1225 1163 133 91 de
1292 1163 311 91 Bouguereau
1536 1163 133 91 et
1603 1163 133 91 de
1647 1163 222 91 Gabriel-

516 1238 270 84 Ferrier.
719 1238 158 84 Fut
809 1238 180 84 très
922 1238 360 84 impressionné
1215 1238 158 84 par
1305 1238 203 84 l’art
1440 1238 270 84 français
1620 1238 248 84 contempo-

514 1308 222 85 rain;
662 1308 271 85 pendant
859 1308 246 85 nombre
1032 1308 296 85 d’années
1254 1308 296 85 partagea
1476 1308 173 85 son
1574 1308 222 85 temps
1697 1308 173 85 entre

516 1370 200 76 Paris
649 1370 133 76 et
715 1370 288 76 Florence.
937 1370 177 76 Fixé
1048 1370 111 76 à
1093 1370 244 76 Londres
1270 1370 222 76 depuis
1425 1370 200 76 1908,
1558 1370 288 76 entreprit
1758 1370 111 76 une

513 1442 218 75 série
658 1442 145 75 de
731 1442 363 75 décorations
1021 1442 266 75 murales
1215 1442 194 75 pour
1336 1442 145 75 le
1408 1442 315 75 Middlesex
1626 1442 242 75 Hospital

511 1513 140 62 de
581 1513 280 62 Londres,
791 1513 210 62 l’Art
931 1513 257 62 Gallery
1118 1513 140 62 de
1188 1513 257 62 Dublin.
1375 1513 117 62 A
1421 1513 257 62 dessiné
1608 1513 163 62 les
1678 1513 187 62 scènes

512 1570 129 82 et
576 1570 258 82 costumes
769 1570 129 82 de
834 1570 322 82 l'Oiseau
1091 1570 258 82 Bleu
1284 1570 129 82 de
1349 1570 322 82 Maeterlinck
1606 1570 172 82 pour
1714 1570 129 82 le
1757 1570 107 82 Hay

512 1628 230 72 Market
673 1628 276 72 Theatre,
880 1628 138 72 de
949 1628 276 72 Londres;
1156 1628 138 72 on
1225 1628 161 72 lui
1317 1628 184 72 doit
1432 1628 276 72 diverses
1616 1628 253 72 illustra

486 1703 193 74 tions.

568 1758 333 114 Professeur
830 1758 119 114 à
878 1758 262 114 l’École
1068 1758 214 114 d’Art
1211 1758 143 114 de
1259 1758 238 114 Glasgow.

982 1891 121 103 29.
1051 1891 190 103 Caïn
1189 1891 104 103 et
1224 1891 173 103 Abel

1044 1965 263 81 Aquarelle.

929 2022 119 106 H.
989 2022 99 106 :
1029 2022 119 106 0,
1088 2022 119 106 48
1148 2022 99 106 :
1188 2022 119 106 L.
1247 2022 99 106 :
1287 2022 119 106 0,
1327 2022 119 106 355.

1095 2247 147 106 100
