2080 2743
590 868 415 75 ROTHENSTEIN
912 868 369 75 (William).

310 1080 152 77 Né
386 1080 127 77 à
436 1080 304 77 Bradford
665 1080 380 77 (Yorkshire)
969 1080 152 77 en
1045 1080 228 77 1872;
1197 1080 178 77 fit
1299 1080 152 77 sa
1349 1080 254 77 première

258 1156 303 61 éducation
491 1156 187 61 dans
608 1156 140 61 sa
678 1156 210 61 ville
818 1156 257 61 natale;
1004 1156 187 61 vint
1121 1156 117 61 à
1168 1156 257 61 Londres
1354 1156 140 61 en
1424 1156 187 61 1888
1518 1156 93 61 et

258 1217 237 66 étudia
424 1217 118 66 à
472 1217 142 66 la
543 1217 213 66 Slade
685 1217 237 66 School
851 1217 142 66 of
922 1217 190 66 Art,
1040 1217 190 66 sous
1159 1217 142 66 la
1230 1217 308 66 direction
1443 1217 166 66 d’Al-

254 1297 251 73 phonse
430 1297 276 73 Legros,
630 1297 176 73 qui
731 1297 125 73 a
781 1297 251 73 laissé
957 1297 176 73 une
1057 1297 326 73 empreinte
1308 1297 276 73 marquée
1484 1297 125 73 sur

252 1359 198 66 son
337 1359 226 66 œuvre.

314 1402 149 77 Il
389 1402 248 77 étudia
562 1402 273 77 ensuite
761 1402 273 77 quelque
959 1402 223 77 temps
1108 1402 124 77 à
1158 1402 248 77 Paris.
1331 1402 149 77 Il
1406 1402 198 77 vint
1505 1402 99 77 en

259 1496 200 66 1893
384 1496 125 66 à
434 1496 274 66 Oxford,
633 1496 150 66 où
708 1496 150 66 il
783 1496 274 66 dessina
982 1496 299 66 quelques
1207 1496 349 66 portraits,
1456 1496 150 66 puis

257 1548 318 67 s’installa
507 1548 409 67 définitivement
847 1548 113 67 à
870 1548 227 67 Londres.

308 1612 153 72 W.
384 1612 381 72 Rothenstein
689 1612 178 72 est
791 1612 229 72 connu
943 1612 229 72 comme
1096 1612 305 72 peintre,
1324 1612 229 72 comme
1451 1612 153 72 des-

254 1681 300 82 sinateur
479 1681 150 82 et
554 1681 225 82 comme
703 1681 399 82 lithographe.
1028 1681 150 82 On
1103 1681 250 82 trouve
1277 1681 175 82 des
1352 1681 250 82 tableaux

255 1752 142 68 de
326 1752 165 68 cet
421 1752 260 68 artiste
610 1752 118 68 à
657 1752 142 68 la
728 1752 189 68 Tate
846 1752 260 68 Gallery
1034 1752 142 68 de
1105 1752 283 68 Londres,
1318 1752 142 68 au
1389 1752 212 68 Musée
1507 1752 94 68 de

255 1813 234 61 Gand,
411 1813 156 61 au
489 1813 234 61 Musée
644 1813 441 61 Métropolitain
1008 1813 156 61 de
1086 1813 337 61 New-York,
1345 1813 130 61 à
1397 1813 156 61 la
1449 1813 156 61 Wal-

253 1887 192 72 Ker
362 1887 192 72 Art
472 1887 302 72 Gallery
692 1887 165 72 de
775 1887 385 72 Liverpool,
1077 1887 165 72 au
1159 1887 247 72 Musée
1297 1887 302 72 Municipal

255 1948 277 83 moderne
457 1948 151 83 de
532 1948 277 83 Dublin,
709 1948 151 83 etc.

321 2005 110 79 Il
376 2005 92 79 a
412 2005 202 79 publié:
559 2005 238 79 Oxford
742 2005 311 79 Character
998 2005 202 79 (1896);
1145 2005 256 79 Englisb
1328 2005 275 79 portraits

261 2093 224 67 (1898):
423 2093 346 67 Manchester
708 2093 346 67 Portraits
993 2093 224 67 (1899);
1156 2093 244 67 Liber
1318 2093 285 67 Juniorum

257 2148 205 71 (1899);
406 2148 186 71 The
537 2148 186 71 French
667 2148 205 71 Set
816 2148 112 71 et
872 2148 112 71 le
928 2148 279 71 Portrait
1151 2148 112 71 de
1207 2148 298 71 Verlaine
1430 2148 168 71 (1898).
