2077 2740
541 702 325 92 SHANNON
796 702 302 92 (Charles,
1005 702 395 92 Hazlewood).

343 874 143 69 Né
415 874 143 69 en
486 874 380 69 Lincolnshire
795 874 143 69 en
866 874 214 69 1865,
1009 874 143 69 de
1080 874 262 69 parents
1247 874 285 69 irlandais.

344 942 237 70 Étudia
510 942 142 70 en
581 942 189 70 1885
699 942 118 70 à
747 942 213 70 l’Art
889 942 260 70 School,
1078 942 118 70 à
1125 942 284 70 Lambeth,
1338 942 142 70 où
1409 942 142 70 il
1457 942 189 70 connut

290 1019 276 64 Charles
491 1019 301 64 Ricketts
716 1019 201 64 avec
842 1019 176 64 qui
942 1019 150 64 il
1017 1019 226 64 vécut
1168 1019 301 64 toujours
1393 1019 150 64 en
1443 1019 201 64 commun

290 1068 267 74 depuis.
484 1068 194 74 Dans
605 1068 218 74 cette
750 1068 291 74 période,
968 1068 267 74 Shannon
1162 1068 145 74 et
1235 1068 170 74 son
1332 1068 170 74 ami
1405 1068 242 74 Ricketts

291 1139 244 77 étaient
468 1139 222 77 plutôt
623 1139 266 77 adonnés,
823 1139 177 77 l’un
934 1139 111 77 à
978 1139 133 77 la
1045 1139 377 77 lithographie,
1355 1139 244 77 l’autre
1532 1139 111 77 à
1554 1139 89 77 la

293 1214 240 69 gravure
468 1214 153 69 sur
555 1214 197 69 bois.
686 1214 153 69 Ils
774 1214 284 69 fondèrent
992 1214 131 69 en
1058 1214 197 69 1889,
1189 1214 153 69 une
1277 1214 219 69 revue,
1408 1214 240 69 le

293 1282 412 56 Cadran
637 1282 137 56 où
706 1282 275 56 parurent
912 1282 206 56 leurs
1049 1282 298 56 premières
1278 1282 298 56 estampes.
1485 1282 160 56 Cette

289 1349 222 65 revue
437 1349 173 65 les
536 1349 173 65 mit
634 1349 148 65 en
708 1349 271 65 rapport
906 1349 197 65 avec
1029 1349 246 65 Watts,
1201 1349 271 65 William
1399 1349 246 65 Morris
1546 1349 99 65 et

292 1413 271 86 surtout
489 1413 197 86 avec
612 1413 320 86 Whistler.
858 1413 172 86 Ch.
956 1413 271 86 Shannon
1153 1413 246 86 exposa
1325 1413 197 86 pour
1448 1413 148 86 la
1497 1413 148 86 pre-

294 1482 214 61 mière
437 1482 190 61 fois
555 1482 166 61 ses
650 1482 309 61 peintures
888 1482 119 61 à
935 1482 261 61 l’huile
1125 1482 142 61 en
1196 1482 214 61 1897.
1338 1482 237 61 Depuis
1481 1482 166 61 cette

292 1555 217 64 date,
437 1555 145 64 il
509 1555 121 64 a
557 1555 241 64 figuré
726 1555 362 64 fréquemment
1016 1555 121 64 à
1065 1555 169 64 nos
1161 1555 241 64 Salons
1330 1555 314 64 parisiens
1547 1555 97 64 de

294 1613 153 77 la
370 1613 280 77 Société
574 1613 331 77 Nationale
829 1613 178 77 des
931 1613 382 77 Beaux-Arts.
1236 1613 153 77 Il
1313 1613 127 77 a
1364 1613 255 77 obtenu
1517 1613 127 77 une

295 1674 284 85 médaille
508 1674 284 85 d’argent
722 1674 118 85 à
769 1674 379 85 l’Exposition
1077 1674 355 85 Universelle
1361 1674 142 85 de
1432 1674 213 85 1900.
1550 1674 95 85 En

299 1741 216 72 1911,
443 1741 192 72 bien
564 1741 216 72 qu’il
708 1741 144 72 ne
780 1741 168 72 fût
876 1741 168 72 pas
972 1741 313 72 exposant,
1213 1741 144 72 il
1285 1741 168 72 fut
1381 1741 168 72 élu
1454 1741 192 72 membre

295 1806 268 84 associé
489 1806 146 84 de
562 1806 341 84 l’Académie
806 1806 219 84 Royale.

351 1874 152 67 Le
427 1874 229 67 Musée
579 1874 152 67 du
655 1874 356 67 Luxembourg
935 1874 279 67 possède
1138 1874 203 67 déjà
1265 1874 152 67 de
1341 1874 178 67 cet
1417 1874 229 67 artiste

297 1943 137 64 le
366 1943 343 64 portrait
640 1943 137 64 de
709 1943 183 64 Mrs.
823 1943 320 64 Scott
1074 1943 229 64 acquis
1234 1943 137 64 au
1303 1943 206 64 Salon
1440 1943 137 64 de
1486 1943 160 64 1910.

351 2009 165 71 Ch.
446 2009 283 71 Ricketts
658 2009 118 71 a
705 2009 283 71 consacré
918 2009 118 71 à
965 2009 165 71 son
1059 2009 165 71 ami
1154 2009 165 71 une
1248 2009 212 71 étude
1389 2009 212 71 parue
1507 2009 142 71 dans

299 2069 249 77 l'Art
486 2069 125 77 et
548 2069 145 77 les
631 2069 332 77 Artistes
901 2069 249 77 (février
1088 2069 187 77 1910)
1212 2069 125 77 et
1275 2069 249 77 rééditée
1461 2069 166 77 dans
1544 2069 104 77 ses

303 2146 229 87 Pages
474 2146 114 87 of
532 2146 210 87 Art
684 2146 248 87 (Londres,
856 2146 152 87 1913).

915 2263 206 85 107
1003 2263 88 85 —
