2096 2743
804 455 312 109 SICKERT
1026 455 512 109 (Walter

540 634 167 74 Né
624 634 139 74 à
679 634 305 74 Munich,
901 634 167 74 en
984 634 250 74 1860,
1151 634 222 74 d’un
1290 634 222 74 père
1429 634 305 74 danois,
1623 634 222 74 Oswald

484 708 314 66 Adalbert
720 708 314 66 Sickert,
955 708 183 66 qui
1060 708 236 66 était
1217 708 314 66 peintre,
1453 708 157 66 et
1532 708 262 66 (d’une
1689 708 157 66 mère

464 762 259 96 anglaise.

543 830 130 83 A
595 830 183 83 ses
699 830 261 83 débuts
882 830 156 83 en
960 830 391 83 Angleterre,
1273 830 235 83 reçut
1430 830 183 83 les
1534 830 313 83 conseils
1743 830 104 83 de

488 897 321 86 Whistler,
735 897 321 86 travailla
982 897 321 86 longtemps
1228 897 148 86 en
1302 897 247 86 France
1475 897 148 86 où
1549 897 148 86 il
1623 897 148 86 se
1672 897 173 86 fixa,

488 968 494 78 particulièrement
908 968 123 78 à
957 968 272 78 Dieppe,
1155 968 148 78 et
1229 968 222 78 subit
1377 968 296 78 l’action
1599 968 148 78 du
1649 968 197 78 milieu

488 1045 494 78 impressionniste,
909 1045 321 78 notamment
1156 1045 148 78 de
1230 1045 247 78 Degas.
1403 1045 321 78 W.Sickert
1650 1045 124 78 a
1675 1045 173 78 peint

490 1112 164 63 des
583 1112 187 63 vues
700 1112 141 63 de
771 1112 258 63 villes,
958 1112 164 63 des
1052 1112 281 63 paysagès
1262 1112 141 63 et
1333 1112 211 63 aussi
1473 1112 281 63 quelques
1661 1112 187 63 compo-

495 1171 219 73 sitions
654 1171 120 73 de
714 1171 239 73 figures:
894 1171 259 73 Devant
1093 1171 120 73 la
1153 1171 199 73 glace,
1292 1171 279 73 Lassitude,
1511 1171 120 73 le
1571 1171 159 73 Lit,
1651 1171 199 73 Dans

499 1230 270 88 l’attente,
722 1230 95 88 le
754 1230 270 88 Désbabillé

551 1303 136 79 Il
619 1303 114 79 a
665 1303 295 79 travaillé
892 1303 114 79 à
937 1303 227 79 Paris,
1096 1303 114 79 à
1142 1303 250 79 Dieppe,
1324 1303 114 79 à
1369 1303 250 79 Londres
1551 1303 136 79 et
1619 1303 114 79 à
1642 1303 204 79 Venise.

493 1363 256 69 Membre
673 1363 154 69 du
750 1363 231 69 Salon
904 1363 359 69 d’automne.
1186 1363 154 69 On
1262 1363 128 69 a
1314 1363 308 69 organisé
1544 1363 179 69 une
1621 1363 231 69 exposi-

493 1432 190 93 tion
612 1432 143 93 de
684 1432 167 93 ses
779 1432 238 93 œuvres
945 1432 119 93 à
993 1432 214 93 Paris
1136 1432 143 93 en
1183 1432 167 93 1904.

548 1500 172 89 Cet
647 1500 270 89 artiste
843 1500 123 89 a
892 1500 172 89 des
990 1500 246 89 œuvres
1162 1500 196 89 dans
1285 1500 246 89 divers
1457 1500 246 89 musées
1604 1500 246 89 d’Angle-

494 1570 212 98 terre
635 1570 141 98 et
705 1570 141 98 du
752 1570 282 98 Continent.

1032 1734 106 78 33.
1077 1734 242 78 Dieppe

938 1815 123 101 H.
1000 1815 103 101 :
1041 1815 185 101 0,46;
1164 1815 123 101 L.
1226 1815 103 101 :
1267 1815 123 101 0,
1308 1815 103 101 55.

548 1909 133 84 Un
614 1909 177 84 coin
725 1909 133 84 de
792 1909 244 84 Dieppe,
969 1909 177 84 près
1080 1909 133 84 du
1146 1909 244 84 Casino;
1324 1909 155 84 les
1413 1909 244 84 façades
1590 1909 155 84 des
1656 1909 200 84 maisons

500 1987 165 81 dans
603 1987 247 81 l’ombre.
788 1987 144 81 Une
871 1987 267 81 corbeille
1076 1987 123 81 de
1138 1987 267 81 géraniums
1344 1987 123 81 en
1405 1987 185 81 avant
1529 1987 144 81 sur
1611 1987 123 81 le
1673 1987 144 81 sol
1735 1987 123 81 très

480 2043 199 90 éclairé.

553 2123 147 64 Signé
651 2123 98 64 en
700 2123 114 64 bas
765 2123 82 64 à
798 2123 180 64 droite,
912 2123 278 64 Sickert

1085 2234 148 104 112
