2080 2740
627 768 278 90 STRANG
819 768 342 90 (William).

269 952 149 75 Né
344 952 125 75 à
394 952 324 75 Dumbarton
643 952 299 75 (Écosse)
867 952 149 75 le
941 952 149 75 13
1016 952 274 75 février
1215 952 224 75 1859;
1365 952 174 75 fit
1439 952 125 75 son

219 1024 297 61 éducation
447 1024 114 61 à
493 1024 319 61 l’Académie
744 1024 137 61 de
812 1024 137 61 sa
881 1024 205 61 ville
1018 1024 228 61 natale
1177 1024 251 61 jusqu’à
1360 1024 205 61 l’âge
1474 1024 91 61 de

220 1092 202 73 16ans
354 1092 135 73 et
422 1092 180 73 vint
534 1092 112 73 à
579 1092 269 73 Londres,
781 1092 135 73 où
848 1092 269 73 ilétudia
1050 1092 112 73 à
1095 1092 135 73 la
1162 1092 202 73 Slade
1274 1092 292 73 Schoolcomme

214 1157 221 60 élève
362 1157 344 60 d’Alphonse
632 1157 271 60 Legros,
829 1157 172 60 qui
928 1157 172 60 eut
1026 1157 172 60 une
1124 1157 320 60 influence
1346 1157 221 60 marquée

214 1226 153 62 sur
302 1226 153 62 son
389 1226 240 62 talent.
564 1226 131 62 Il
629 1226 284 62 travailla
848 1226 153 62 six
935 1226 153 62 ans
1023 1226 219 62 auprès
1176 1226 131 62 de
1241 1226 175 62 lui,
1329 1226 240 62 dessinant

211 1291 148 65 et
285 1291 295 65 gravant.
507 1291 123 65 A
556 1291 246 65 voyagé
728 1291 148 65 en
802 1291 271 65 Italie,
998 1291 148 65 en
1072 1291 295 65 Espagne,
1293 1291 148 65 en
1343 1291 221 65 France,

212 1371 141 72 en
283 1371 282 72 Hollande
495 1371 141 72 et
566 1371 141 72 en
636 1371 282 72 Belgique
848 1371 188 72 pour
966 1371 259 72 étudier
1154 1371 165 72 les
1225 1371 235 72 maîtres.

266 1424 130 67 W
318 1424 260 67 Strang
500 1424 130 67 a
552 1424 260 67 obtenu
734 1424 182 67 une
838 1424 312 67 médaille
1071 1424 208 67 d’or
1201 1424 234 67 comme
1331 1424 234 67 peintre

210 1485 125 69 à
260 1485 402 69 l’Exposition
586 1485 452 69 Internationale
963 1485 151 69 de
1038 1485 276 69 Dresde,
1239 1485 176 69 une
1314 1485 251 69 médaille

215 1555 306 84 d’argent
444 1555 230 84 comme
597 1555 281 84 graveur
801 1555 128 84 à
852 1555 408 84 l’Exposition
1184 1555 383 84 Universelle
1464 1555 102 84 de

188 1627 192 74 1889.

271 1674 136 93 Il
339 1674 114 93 a
385 1674 204 93 peint
521 1674 227 93 nombre
680 1674 136 93 de
748 1674 295 93 tableaux,
975 1674 227 93 sujets
1134 1674 136 93 ou
1203 1674 318 93 portraits,
1430 1674 136 93 mais

218 1758 144 70 il
290 1758 168 70 est
386 1758 264 70 surtout
578 1758 216 70 connu
722 1758 168 70 par
818 1758 168 70 ses
915 1758 264 70 dessins
1107 1758 168 70 aux
1203 1758 216 70 trois
1323 1758 240 70 crayons,

220 1819 185 78 dans
336 1819 278 78 l’esprit
544 1819 162 78 des
637 1819 255 78 maîtres
822 1819 139 78 du
892 1819 185 78 XVIe
1008 1819 232 78 siècle
1170 1819 139 78 et
1240 1819 162 78 par
1332 1819 162 78 son
1402 1819 162 78 œuvre

217 1892 206 71 gravé
354 1892 160 71 qui
446 1892 160 71 est
537 1892 183 71 très
652 1892 320 71 important.
903 1892 137 71 Un
972 1892 297 71 catalogue
1200 1892 137 71 en
1269 1892 114 71 a
1315 1892 160 71 été
1383 1892 183 71 publié

214 1968 155 64 en
292 1968 233 64 1906;
447 1968 414 64 introduction
784 1968 181 64 par
888 1968 311 64 Laurence
1121 1968 285 64 Binyon,
1328 1968 207 64 avec
1431 1968 130 64 471

214 2021 270 67 numéros
411 2021 196 67 tous
534 2021 368 67 reproduits.
828 2021 147 67 Le
902 2021 344 67 Luxembourg
1172 2021 270 67 possède
1369 2021 147 67 un
1418 2021 147 67 cer-

215 2094 191 82 tain
335 2094 239 82 nombre
502 2094 143 82 de
574 2094 167 82 ces
645 2094 263 82 estampes.

733 2209 167 106 —
799 2209 234 106 113
900 2209 100 106 —

1348 2213 108 74 8
