2137 2761
506 778 439 71 SWYNNERTON
883 778 230 71 (Mme
1050 778 188 71 Annie
1155 778 209 71 L.).

312 940 255 69 Peintre
497 940 139 69 de
567 940 255 69 figures
753 940 139 69 et
822 940 139 69 de
892 940 325 69 portraits;
1147 940 232 69 expose
1309 940 116 69 à
1333 940 278 69 l’Académie

255 1021 246 63 Royale
427 1021 147 63 et
501 1021 172 63 est
599 1021 246 63 membre
771 1021 147 63 du
845 1021 270 63 conseil
1042 1021 147 63 de
1116 1021 147 63 la
1189 1021 270 63 Société
1361 1021 246 63 Interna-

250 1079 319 74 tionale.
490 1079 213 74 Fait
623 1079 266 74 partie
809 1079 159 74 du
888 1079 186 74 New
995 1079 292 74 English
1207 1079 186 74 Art
1314 1079 239 74 Club;
1447 1079 159 74 très

249 1157 327 69 appréciée
500 1157 151 69 de
576 1157 226 69 Watts
726 1157 201 69 dont
852 1157 201 69 elle
978 1157 126 69 a
1028 1157 201 69 subi
1154 1157 276 69 quelque
1355 1157 176 69 peu
1430 1157 176 69 l’in

229 1210 236 96 fluence.

647 1381 132 88 35.
722 1381 226 88 Mater
873 1381 338 88 triumphalis

692 1475 122 87 H.
753 1475 102 87 :
794 1475 184 87 1,67;
916 1475 122 87 L.
977 1475 102 87 :
1018 1475 122 87 0,
1059 1475 102 87 68.

298 1600 210 72 Grande
445 1600 210 72 figure
592 1600 168 72 nue,
697 1600 231 72 debout,
865 1600 126 72 de
928 1600 189 72 face,
1054 1600 147 72 les
1138 1600 168 72 bras
1243 1600 210 72 élevés
1369 1600 231 72 au

250 1660 122 79 de
311 1660 122 79 la
372 1660 163 79 tête
474 1660 122 79 et
535 1660 122 79 de
597 1660 245 79 l’épaule
780 1660 225 79 droite,
944 1660 163 79 dans
1046 1660 143 79 une
1127 1660 184 79 sorte
1250 1660 122 79 de
1311 1660 245 79 «gloire»
1475 1660 122 79 for-

253 1732 136 77 mée
330 1732 136 77 par
408 1732 117 77 un
466 1732 311 77 arc-en-ciel,
719 1732 156 77 dans
816 1732 194 77 l’azur
952 1732 214 77 intense
1108 1732 117 77 et
1166 1732 233 77 profond.
1341 1732 97 77 A
1380 1732 136 77 ses
1438 1732 156 77 pieds,

249 1786 143 55 une
330 1786 184 55 coupe
453 1786 184 55 dorée
575 1786 204 55 pleine
718 1786 122 55 de
779 1786 204 55 petits
922 1786 327 55 coquillages;
1188 1786 245 55 derrière
1371 1786 184 55 elle,
1474 1786 122 55 con-

248 1844 204 69 fondue
391 1844 164 69 avec
493 1844 123 69 le
554 1844 184 69 ciel,
677 1844 123 69 la
738 1844 143 69 mer
820 1844 164 69 dont
922 1844 123 69 le
984 1844 164 69 flot
1086 1844 184 69 vient
1209 1844 245 69 déferler
1372 1844 225 69 doucement

247 1918 139 59 sur
327 1918 119 59 le
386 1918 198 59 sable.
525 1918 139 59 Une
604 1918 198 59 petite
743 1918 198 59 figure
882 1918 179 59 ailée
1001 1918 119 59 se
1060 1918 198 59 devine
1199 1918 139 59 qui
1279 1918 198 59 paraît
1398 1918 198 59 murmurer

251 1970 100 87 à
291 1970 219 87 gauche,
450 1970 159 87 dans
530 1970 239 87 l’oreille.

302 2070 176 62 Signé
420 2070 117 62 et
478 2070 156 62 daté
576 2070 117 62 en
634 2070 156 62 bas,
732 2070 98 62 à
771 2070 215 62 droite,
927 2070 234 62 Annie
1103 2070 117 62 L.
1161 2070 371 62 Suynnerton
1454 2070 137 62 1892.

298 2139 223 63 Exposé
454 2139 134 63 au
521 2139 201 63 Salon
655 2139 134 63 de
722 2139 134 63 la
789 2139 245 63 Société
967 2139 290 63 Nationale
1190 2139 156 63 des
1280 2139 335 63 Beaux-Arts,
1525 2139 67 63 à

247 2190 212 81 Paris,
395 2190 127 81 en
438 2190 148 81 1905.
