2090 2737
956 598 241 81 TONKS
1136 598 256 81 (Henry).

548 768 153 83 Né
624 768 127 83 à
675 768 305 83 Solihull
904 768 458 83 (Warwickshire)
1285 768 153 83 en
1362 768 229 83 1862.
1514 768 305 83 Commença
1718 768 127 83 par

494 839 256 71 étudier
680 839 140 71 la
750 839 280 71 médecine
960 839 140 71 et
1030 839 303 71 s’attacha
1263 839 116 71 à
1309 839 256 71 l’étude
1496 839 140 71 de
1542 839 303 71 l’anatomie;

496 906 140 64 il
566 906 302 64 abandonna
798 906 256 64 bientôt
984 906 140 64 la
1054 906 256 64 science
1240 906 186 64 pour
1356 906 140 64 se
1426 906 233 64 donner
1589 906 116 64 à
1636 906 209 64 l’art
1752 906 93 64 et

494 967 121 79 à
542 967 436 79 l’enseignement
905 967 145 79 du
978 967 266 79 dessin.
1171 967 145 79 Il
1244 967 290 79 professe
1462 967 242 79 depuis
1631 967 218 79 vingt
1752 967 97 79 et

492 1058 163 68 un
573 1058 190 68 ans
682 1058 136 68 à
736 1058 163 68 la
817 1058 271 68 «Slade
1007 1058 298 68 School»
1224 1058 163 68 de
1306 1058 298 68 dessin,
1523 1058 325 68 peinture
1740 1058 108 68 et

492 1099 352 88 sculpture,
769 1099 126 88 à
819 1099 352 88 University
1095 1099 302 88 College,
1322 1099 151 88 où
1397 1099 302 88 enseigna
1624 1099 151 88 si
1674 1099 176 88 long-

494 1175 222 68 temps
642 1175 222 68 notre
790 1175 296 68 Alphonse
1012 1175 271 68 Legros.
1209 1175 222 68 Tonks
1356 1175 222 68 entra
1504 1175 197 68 dans
1627 1175 172 68 cet
1701 1175 148 68 éta-

495 1238 332 96 blissement
756 1238 213 96 juste
898 1238 213 96 comme
1041 1238 237 96 Legros
1207 1238 213 96 était
1349 1238 285 96 remplacé
1562 1238 166 96 par
1657 1238 142 96 le
1705 1238 142 96 pro-

495 1313 264 65 fesseur
687 1313 216 65 Brown
831 1313 192 65 dont
951 1313 144 65 il
1023 1313 240 65 devint
1167 1313 288 65 l’adjoint.

548 1374 255 102 Expose
726 1374 459 102 principalement
1108 1374 127 102 à
1159 1374 280 102 Londres
1363 1374 153 102 au
1439 1374 178 102 New
1541 1374 280 102 English
1720 1374 127 102 Art

464 1440 190 80 Club.

553 1510 244 82 Engagé
723 1510 219 82 comme
869 1510 268 82 médecin
1064 1510 146 82 au
1137 1510 219 82 début
1284 1510 146 82 de
1357 1510 146 82 la
1430 1510 292 82 présente
1625 1510 219 82 guerre.

847 1674 136 118 30.
924 1674 175 118 Le
1041 1674 233 118 Marchand
1216 1674 117 118 de
1255 1674 253 118 bijoux

954 1775 117 82 H.
1013 1775 98 82 :
1052 1775 117 82 1,
1111 1775 137 82 08;
1189 1775 117 82 L.
1248 1775 98 82 :
1267 1775 137 82 0,95.

545 1898 233 69 Assise
708 1898 233 69 devant
871 1898 163 69 une
964 1898 326 69 coiffeuse,
1220 1898 163 69 une
1313 1898 210 69 jeune
1453 1898 210 69 femme
1593 1898 140 69 en
1663 1898 186 69 robe
1756 1898 93 69 de

499 1955 229 66 chambre
666 1955 250 66 jaunâtre
853 1955 104 66 à
894 1955 229 66 fleurs,
1061 1955 146 66 les
1144 1955 229 66 épaules
1310 1955 187 66 nues,
1435 1955 125 66 se
1497 1955 250 66 retourne
1685 1955 166 66 vers
1768 1955 83 66 un

502 2019 242 62 marchand
683 2019 202 62 syrien
824 2019 141 62 qui
905 2019 181 62 étale
1026 2019 202 62 devant
1167 2019 181 62 elle,
1288 2019 141 62 sur
1368 2019 141 62 une
1449 2019 222 62 chaise,
1610 2019 141 62 des
1671 2019 181 62 étoffes

498 2082 125 63 et
561 2082 146 63 des
644 2082 229 63 bijoux.
811 2082 104 63 A
852 2082 229 63 gauche,
1019 2082 250 63 derrière
1206 2082 187 63 elle,
1331 2082 146 63 une
1415 2082 250 63 servante
1581 2082 271 63 s’interrom-

503 2125 159 83 pant
602 2125 119 83 de
662 2125 119 83 la
721 2125 238 83 peigner.
899 2125 139 83 Sur
979 2125 119 83 la
1038 2125 258 83 coiffeuse
1236 2125 198 83 divers
1375 2125 238 83 colliers
1533 2125 159 83 épars.

553 2188 166 111 Signé
663 2188 111 111 et
719 2188 148 111 daté
811 2188 111 111 en
866 2188 148 111 bas,
959 2188 92 111 à
996 2188 203 111 droite,
1143 2188 166 111 H.
1254 2188 258 111 Tonls
1439 2188 221 111 1909

1079 2306 147 92 120
