2116 2743
561 649 295 96 WATTS
782 649 516 96 (George

304 836 153 63 Né
381 836 128 63 à
432 836 281 63 Londres
637 836 153 63 le
714 836 153 63 23
790 836 281 63 février
995 836 230 63 1817,
1149 836 205 63 mort
1276 836 205 63 dans
1404 836 153 63 la
1456 836 153 63 même

248 913 197 53 ville
380 913 132 53 le
445 913 154 53 1er
533 913 241 53 juillet
709 913 197 53 1904.
840 913 219 53 Suivit
994 913 132 53 de
1060 913 197 53 bonne
1191 913 197 53 heure
1323 913 154 53 les
1411 913 197 53 cours
1520 913 88 53 de

248 975 341 72 l’Academy,
515 975 195 72 mais
637 975 146 72 se
710 975 219 72 forma
856 975 243 72 plutôt
1026 975 146 72 en
1099 975 292 72 étudiant
1318 975 170 72 les
1391 975 219 72 maîtres

242 1040 158 83 et
321 1040 289 83 surtout
531 1040 184 83 les
636 1040 289 83 marbres
846 1040 158 83 de
924 1040 315 83 Phidias.
1161 1040 315 83 S’essaya
1371 1040 236 83 d’abord

245 1100 194 91 sur
356 1100 194 91 des
467 1100 277 91 sujets
660 1100 415 91 romantiques
992 1100 304 91 d’après
1214 1100 277 91 Walter
1380 1100 221 91 Scott.

250 1177 238 54 Exposa
417 1177 143 54 en
488 1177 191 54 1837
608 1177 167 54 ses
703 1177 286 54 premiers
917 1177 334 54 portraits,
1179 1177 191 54 puis
1298 1177 143 54 en
1370 1177 214 54 1842,
1489 1177 119 54 des

249 1241 238 69 motifs
416 1241 309 69 empruntés
654 1241 119 69 à
701 1241 357 69 Shakespeare
987 1241 143 69 et
1058 1241 119 69 à
1106 1241 285 69 Boccace.
1320 1241 143 69 En
1391 1241 214 69 1843,
1510 1241 95 69 il

249 1307 291 63 remporta
467 1307 146 63 un
540 1307 194 63 prix
661 1307 146 63 au
734 1307 291 63 concours
952 1307 194 63 pour
1073 1307 146 63 la
1146 1307 340 63 décoration
1413 1307 146 63 du
1461 1307 146 63 Par-

248 1370 267 72 lement,
442 1370 194 72 dont
563 1370 146 72 la
636 1370 243 72 valeur
806 1370 170 72 lui
903 1370 243 72 permit
1072 1370 146 72 de
1145 1370 218 72 faire
1291 1370 146 72 un
1363 1370 243 72 voyage
1509 1370 97 72 en

248 1435 247 78 Italie
421 1435 148 78 et
495 1435 148 78 en
569 1435 272 78 France.
767 1435 148 78 Le
841 1435 247 78 séjour
1014 1435 124 78 à
1064 1435 296 78 Florence
1286 1435 148 78 et
1360 1435 272 78 surtout
1533 1435 74 78 à

245 1506 251 71 Venise
421 1506 327 71 produisit
672 1506 176 71 sur
773 1506 176 71 son
873 1506 176 71 art
974 1506 176 71 une
1074 1506 302 71 profonde
1275 1506 327 71 impression.

248 1569 141 65 En
318 1569 211 65 1846,
458 1569 141 65 il
529 1569 234 65 obtint
693 1569 141 65 le
763 1569 258 65 premier
950 1569 187 65 prix
1067 1569 141 65 au
1138 1569 141 65 3e
1208 1569 281 65 concours
1419 1569 187 65 pour
1512 1569 94 65 la

247 1635 322 74 décoration
500 1635 138 74 de
569 1635 346 74 Westminster
846 1635 207 74 Hall.
984 1635 138 74 Il
1053 1635 299 74 entreprit
1284 1635 207 74 alors
1422 1635 138 74 un
1468 1635 138 74 cer-

241 1704 198 76 tain
365 1704 248 76 nombre
539 1704 149 76 de
613 1704 372 76 décorations
911 1704 397 76 monumentales
1233 1704 198 76 pour
1357 1704 149 76 de
1407 1704 198 76 grands

244 1771 293 82 édifices
464 1771 147 82 de
513 1771 245 82 Londres.

301 1836 166 85 Ses
396 1836 379 85 compositions
704 1836 355 85 comprennent
988 1836 189 85 soit
1107 1836 166 85 des
1201 1836 237 85 cycles
1343 1836 261 85 héroïques

244 1897 120 89 ou
304 1897 319 89 historiques:
563 1897 180 89 la
683 1897 239 89 Création
863 1897 120 89 de
923 1897 120 89 la
982 1897 200 89 femme,
1122 1897 120 89 la
1182 1897 259 89 Tentation
1362 1897 239 89 d’Eve

248 1978 197 73 la
379 1978 175 73 Mort
489 1978 240 73 d’Abel,
663 1978 131 73 le
729 1978 328 73 Déluge
991 1978 175 73 soit
1100 1978 153 73 des
1188 1978 328 73 conceptions
1428 1978 175 73 symbo-

252 2037 205 76 liques
395 2037 205 76 prises
538 2037 164 76 dans
641 2037 123 76 la
702 2037 184 76 fable
825 2037 123 76 et
886 2037 123 76 la
948 2037 246 76 légende:
1132 2037 266 76 Orphée
1337 2037 123 76 et
1378 2037 225 76 Eury

247 2103 305 75 dice
495 2103 305 75 Endymion,
743 2103 172 75 Paolo
858 2103 115 75 et
915 2103 344 75 Francesca
1201 2103 153 75 soit
1297 2103 134 75 des
1354 2103 248 75 généralités

246 2176 350 62 allégoriques
530 2176 175 62 dont
640 2176 153 62 les
727 2176 175 62 plus
837 2176 262 62 célèbres
1033 2176 197 62 sont:
1165 2176 219 62 Sic
1296 2176 306 62 transit

758 2270 189 124 —
834 2270 265 124 123
947 2270 114 124 —
