2090 2749
699 455 710 113 AVERTISSEMENT

467 810 153 96 En
544 810 255 96 raison
723 810 179 96 des
825 810 434 96 circonstances
1183 810 153 96 le
1259 810 230 96 Musée
1412 810 153 96 du
1464 810 306 96 Luxembourg

415 892 169 80 est
512 892 242 80 ouvert
681 892 194 80 tous
802 892 169 80 les
899 892 242 80 jours,
1068 892 121 80 à
1117 892 363 80 l’exception
1407 892 145 80 du
1480 892 242 80 lundi,
1625 892 145 80 mais

414 970 317 71 seulement
657 970 146 71 de
731 970 122 71 1
779 970 219 71 heure
926 970 122 71 à
974 970 122 71 5
1023 970 244 71 heures
1194 970 146 71 du
1242 970 171 71 soir.

468 1019 147 79 Le
542 1019 221 79 Musée
689 1019 221 79 reste
837 1019 246 79 fermé,
1009 1019 221 79 comme
1156 1019 368 79 d’habitude,
1451 1019 172 79 les
1549 1019 221 79 jours
1672 1019 98 79 de

419 1083 162 71 fêtes
527 1083 216 71 légales:
690 1083 108 71 le
744 1083 180 71 Ier
870 1083 289 71 janvier
1105 1083 108 71 le
1159 1083 162 71 jeudi
1267 1083 108 71 de
1321 1083 397 71 l'Ascension
1664 1083 108 71 et
1700 1083 72 71 le

423 1155 171 72 14
537 1155 285 72 juillet
765 1155 360 72 invariablement;
1068 1155 133 72 les
1144 1155 171 72 jours
1258 1155 114 72 de
1315 1155 455 72 l'Assomption
1694 1155 76 72 de

421 1223 112 75 la
477 1223 375 75 Toussaint
796 1223 112 75 et
852 1223 112 75 de
909 1223 300 75 Noël
1152 1223 94 75 à
1190 1223 169 75 moins
1302 1223 131 75 que
1377 1223 131 75 ces
1452 1223 169 75 fêtes
1565 1223 112 75 ne
1602 1223 169 75 tombent

412 1289 166 85 un
468 1289 304 85 dimanche.

471 1357 165 77 Les
566 1357 236 77 seules
731 1357 354 77 collections
1014 1357 283 77 ouvertes
1227 1357 142 77 au
1298 1357 236 77 public
1439 1357 331 77 actuellement

415 1427 367 67 comprennent,
713 1427 183 67 avec
828 1427 161 67 les
920 1427 229 67 salles
1080 1427 321 67 ci-dessous
1332 1427 298 67 décrites,
1562 1427 138 67 la
1607 1427 161 67 gale-

415 1501 166 60 rie
510 1501 142 60 de
581 1501 332 60 sculpture,
842 1501 261 60 l’Ecole
1031 1501 213 60 belge
1174 1501 142 60 et
1245 1501 142 60 la
1316 1501 213 60 salle
1458 1501 142 60 du
1529 1501 166 60 Don
1600 1501 166 60 Frank

388 1566 309 70 Brangwyn.

471 1624 172 83 Les
570 1624 417 83 autorisations
913 1624 147 83 de
986 1624 245 83 copier
1158 1624 147 83 et
1232 1624 147 83 de
1305 1624 417 83 photographier
1624 1624 147 83 sont

412 1706 460 78 temporairement
770 1706 332 78 suspendues.

473 1811 169 80 Les
569 1811 265 80 notices
762 1811 145 80 du
834 1811 265 80 présent
1027 1811 313 80 catalogue
1268 1811 169 80 ont
1364 1811 169 80 été
1461 1811 289 80 rédigées
1654 1811 120 80 par

416 1890 176 107 Mme
516 1890 151 107 V.
592 1890 151 107 Le
667 1890 277 107 Mancel,
869 1890 226 107 élève
1020 1890 151 107 de
1095 1890 277 107 l’École
1296 1890 151 107 du
1347 1890 226 107 Louvre.
