2068 2746
560 624 681 117 AVANT

314 989 177 74 Le
402 989 324 74 premier
638 989 295 74 devoir
844 989 177 74 du
932 989 471 74 Conservateur
1315 989 177 74 du
1374 989 236 74 Luxem-

261 1061 250 86 bourg,
436 1061 150 86 en
511 1061 200 86 tête
637 1061 150 86 de
712 1061 225 86 cette
862 1061 275 86 notice,
1062 1061 175 86 est
1162 1061 150 86 de
1237 1061 250 86 rendre
1413 1061 150 86 un
1463 1061 150 86 hom-

258 1142 220 76 mage
396 1142 165 76 de
479 1142 331 76 profonde
727 1142 358 76 gratitude
1002 1142 165 76 au
1085 1142 331 76 donateur
1305 1142 303 76 généreux,

251 1216 139 61 à
307 1216 362 61 l’amateur
585 1216 417 61 clairvoyant
919 1216 195 61 qui
1030 1216 250 61 vient
1197 1216 167 61 de
1280 1216 250 61 doter
1419 1216 195 61 notre

261 1279 233 72 Musée
416 1279 310 72 National
649 1279 233 72 d’une
804 1279 362 72 collection
1063 1279 362 72 inestimable.

317 1356 506 84 L’inauguration
739 1356 169 84 de
823 1356 169 84 la
908 1356 253 84 salle
1076 1356 281 84 Edmund
1273 1356 253 84 Davis
1442 1356 141 84 a
1470 1356 141 84 été

260 1434 292 72 décidée
472 1434 159 72 au
551 1434 265 72 milieu
737 1434 159 72 de
816 1434 451 72 circonstances
1187 1434 186 72 qui
1267 1434 345 72 établissent

257 1505 374 75 l’étroite
545 1505 259 75 union
718 1505 173 75 de
804 1505 173 75 la
891 1505 547 75 Grande-Bretagne
1352 1505 173 75 et
1438 1505 173 75 de
1496 1505 115 75 la

257 1575 316 87 France,
487 1575 259 87 union
660 1575 431 87 d’intérêts,
1004 1575 259 87 union
1177 1575 172 87 de
1234 1575 374 87 sentiments,

262 1663 216 60 union
406 1663 312 60 d’idéals,
647 1663 264 60 scellée
839 1663 216 60 cette
983 1663 192 60 fois
1103 1663 168 60 par
1199 1663 144 60 le
1271 1663 192 60 sang
1392 1663 216 60 versé
1512 1663 96 60 en

257 1715 282 81 commun
454 1715 197 81 sur
567 1715 197 81 les
680 1715 282 81 champs
877 1715 169 81 de
962 1715 339 81 bataille
1216 1715 395 81 d’Occident
1498 1715 113 81 et

260 1804 343 75 d’Orient.
524 1804 211 75 Elle
656 1804 159 75 se
735 1804 291 75 produit
947 1804 159 75 au
1026 1804 343 75 lendemain
1290 1804 159 75 du
1369 1804 238 75 geste
1501 1804 106 75 si

262 1871 233 66 noble
418 1871 156 66 de
495 1871 233 66 Rodin
651 1871 285 66 offrant
858 1871 181 66 ses
962 1871 259 66 œuvres
1143 1871 181 66 les
1247 1871 207 66 plus
1351 1871 259 66 célèbres

257 1952 141 75 à
313 1952 479 75 l’Angleterre,
707 1952 253 75 venue
876 1952 169 75 au
961 1952 310 75 secours
1186 1952 169 75 de
1270 1952 169 75 la
1327 1952 281 75 Belgique

259 2011 308 78 envahie
483 2011 168 78 et
567 2011 168 78 de
652 2011 168 78 la
736 2011 308 78 réponse
960 2011 393 78 magnifique
1268 2011 196 78 que
1381 2011 196 78 lui
1465 2011 140 78 fit

263 2091 299 66 Brangwyn
487 2091 150 66 en
562 2091 299 66 dédiant,
786 2091 150 66 en
861 2091 274 66 retour,
1061 2091 150 66 «à
1135 2091 150 66 la
1210 2091 249 66 France
1385 2091 150 66 et
1459 2091 125 66 à
1484 2091 125 66 ses

260 2162 363 85 splendides
545 2162 285 85 soldats
752 2162 155 85 »,
830 2162 181 85 cet
934 2162 311 85 ensemble
1167 2162 337 85 grandiose
1426 2162 155 85 de
1477 2162 130 85 son

801 2266 206 112 —
883 2266 206 112 5
924 2266 124 112 —
