2096 2749
419 314 239 91 œuvre
579 314 239 91 gravé
738 314 186 91 qui
844 314 212 91 sert
977 314 398 91 aujourd’hui
1296 314 372 91 d’imposant
1562 314 212 91 vesti-

426 396 202 84 bule
552 396 126 84 à
603 396 152 84 la
678 396 278 84 section
855 396 354 84 britannique.

485 474 232 65 Mais,
640 474 155 65 en
718 474 258 65 dehors
898 474 155 65 de
976 474 155 65 la
1053 474 258 65 valeur
1234 474 258 65 propre
1415 474 155 65 et
1466 474 310 65 exception-

424 547 244 88 nelle
586 547 162 88 de
668 547 244 88 cette
830 547 352 88 donation,
1101 547 162 88 ce
1182 547 190 88 qui
1291 547 190 88 lui
1399 547 244 88 donne
1561 547 162 88 en
1616 547 162 88 plus

423 634 170 61 un
508 634 226 61 prix
649 634 254 61 moral
818 634 565 61 particulièrement
1299 634 283 61 élevé,
1496 634 254 61 c’est
1638 634 141 61 que

427 694 166 81 M.
510 694 166 81 et
593 694 193 81 Mme
703 694 248 81 Davis
869 694 359 81 n’avaient
1145 694 193 81 pas
1256 694 304 81 attendu
1476 694 193 81 les
1559 694 221 81 événe-

428 749 229 94 ments
580 749 178 94 qui
682 749 178 94 ont
784 749 229 94 opéré
937 749 153 94 ce
1013 749 433 94 rapprochement
1370 749 178 94 des
1471 749 204 94 deux
1573 749 204 94 grands

424 843 304 74 peuples
645 843 221 74 pour
783 843 304 74 marquer
1004 843 138 74 à
1059 843 166 74 la
1142 843 276 74 France
1335 843 193 74 les
1418 843 359 74 témoignages

424 914 151 66 de
499 914 201 66 leur
625 914 352 66 affection.
901 914 151 66 Il
977 914 126 66 y
1027 914 151 66 a,
1102 914 151 66 en
1178 914 251 66 effet,
1354 914 327 66 plusieurs
1580 914 201 66 années

424 980 205 88 déjà
552 980 256 88 qu’ils
731 980 384 88 mûrissaient
1038 980 205 88 leur
1166 980 256 88 projet
1345 980 153 88 et
1422 980 230 88 c’est
1550 980 230 88 exacte-

424 1064 231 82 ment
568 1064 173 82 le
655 1064 144 82 8
713 1064 231 82 mars
857 1064 231 82 1912
1001 1064 144 82 —
1059 1064 231 82 date
1203 1064 202 82 que
1318 1064 260 82 notre
1492 1064 288 82 maison
1665 1064 115 82 ne

427 1132 221 83 peut
566 1132 304 83 oublier
787 1132 138 83 —
842 1132 194 83 que
953 1132 221 83 tous
1091 1132 221 83 deux
1230 1132 304 83 vinrent
1451 1132 166 83 me
1534 1132 166 83 le
1589 1132 194 83 faire

398 1205 316 80 connaître.

489 1267 144 90 Ce
561 1267 287 90 jour-là,
776 1267 144 90 au
848 1267 192 90 bout
968 1267 144 90 de
1040 1267 287 90 quelques
1255 1267 287 90 instants
1447 1267 335 90 d’entretien,

422 1345 178 78 M.
511 1345 266 78 Davis
689 1345 178 78 me
778 1345 326 78 demanda
1014 1345 148 78 à
1074 1345 562 78 brûle-pourpoint
1547 1345 148 78 :
1577 1345 207 78 «Com-

426 1422 200 78 bien
551 1422 325 78 avez-vous
802 1422 150 78 de
877 1422 300 78 peintres
1102 1422 275 78 anglais
1302 1422 200 78 dans
1427 1422 225 78 votre
1553 1422 225 78 collec-

427 1491 307 76 tion?...
658 1491 230 76 Quels
811 1491 358 76 sont-ils?»
1092 1491 128 76 —
1144 1491 153 76 Je
1220 1491 179 76 lui
1323 1491 179 76 fis
1425 1491 307 76 aussitôt
1630 1491 153 76 avec

425 1584 292 66 quelque
638 1584 424 66 complaisance
982 1584 451 66 l’énumération
1354 1584 159 66 de
1433 1584 239 66 notre
1566 1584 212 66 petite

426 1642 261 64 série,
609 1642 287 64 sachant
817 1642 157 64 le
896 1642 209 64 prix
1026 1642 183 64 que
1131 1642 287 64 m'avait
1339 1642 235 64 coûté
1496 1642 287 64 chacune
1679 1642 104 64 de

426 1706 176 78 ces
526 1706 327 78 conquêtes
778 1706 151 78 et
853 1706 151 78 me
929 1706 327 78 souvenant
1180 1706 151 78 de
1255 1706 151 78 ce
1331 1706 151 78 qu
1406 1706 251 78 'elles
1557 1706 226 78 avaient

432 1777 260 88 parfois
621 1777 307 88 nécessité
858 1777 142 88 de
929 1777 378 88 persévérance
1236 1777 142 88 et
1307 1777 331 88 d’efforts.
1566 1777 142 88 Je
1614 1777 165 88 citai

438 1866 198 94 Watts
570 1866 132 94 et
636 1866 132 94 le
702 1866 308 94 magnifique
945 1866 242 94 tableau
1121 1866 132 94 de
1187 1866 308 94 l’Amour
1429 1866 132 94 et
1496 1866 132 94 la
1540 1866 242 94 Vie,

426 1938 445 73 généreusement
792 1938 288 73 offert,
1001 1938 183 73 lui
1106 1938 262 73 aussi,
1289 1938 131 73 à
1341 1938 157 73 la
1420 1938 262 73 nation
1603 1938 183 73 par
1681 1938 105 73 le

434 2004 225 68 noble
584 2004 150 68 et
659 2004 225 68 grand
810 2004 300 68 artiste.
1035 2004 150 68 Je
1110 2004 225 68 citai
1260 2004 175 68 les
1360 2004 225 68 beaux
1511 2004 275 68 dessins
1686 2004 100 68 de

429 2077 425 92 Burne-Jones,
774 2077 186 92 les
881 2077 345 92 peintures
1146 2077 159 92 de
1226 2077 345 92 Brangwyn,
1491 2077 159 92 de
1544 2077 239 92 Lavery,

429 2160 148 81 de
503 2160 345 81 Lorimer...
774 2160 222 81 «Oui,
922 2160 197 81 oui,
1046 2160 222 81 c’est
1193 2160 197 81 très
1317 2160 222 81 bien,
1440 2160 345 81 interrompit
