2053 2755
224 275 179 80 il,
327 275 154 80 et
404 275 205 80 puis
532 275 231 80 ?...»
685 275 154 80 Et
762 275 154 80 je
839 275 359 80 continuai:
1121 275 461 80 «Parfaitement,
1480 275 102 80 me

222 367 247 84 dit-il
395 367 148 84 en
469 367 371 84 m'arrêtant,
766 367 198 84 mais
890 367 148 84 ce
964 367 223 84 n’est
1112 367 173 84 pas
1211 367 198 84 tout
1335 367 173 84 ça.
1409 367 173 84 Avez-

223 428 198 99 vous
347 428 371 99 l’intention
644 428 148 99 de
718 428 346 99 constituer
990 428 173 99 une
1089 428 223 99 salle
1237 428 297 99 anglaise
1435 428 148 99 dans

221 508 255 95 votre
391 508 341 95 prochain
646 508 284 95 Musée?
845 508 142 95 —
902 508 426 95 Assurément,
1242 508 170 95 et
1328 508 170 95 je
1384 508 199 95 viens

224 582 163 69 de
305 582 218 69 vous
441 582 163 69 en
523 582 272 69 donner
713 582 163 69 la
795 582 299 69 preuve.
1013 582 136 69 —
1067 582 299 69 Quelles
1258 582 326 69 dimensions

220 652 436 85 aura-t-elle?
574 652 136 85 —
629 652 436 85 J’improvisai
983 652 436 85 sur-le-champ
1338 652 164 85 un
1392 652 191 85 petit

223 719 318 94 calcul.
454 719 144 94 —
512 719 231 94 Cela
656 719 404 94 représente
974 719 318 94 combien
1205 719 173 94 de
1292 719 318 94 toiles?
1494 719 87 94 —

222 794 341 88 Environ
470 794 217 88 une
594 794 527 88 cinquantaine.
1027 794 155 88 —
1089 794 217 88 Eh!
1213 794 279 88 bien,
1368 794 217 88 cette

231 871 236 92 salle,
397 871 142 92 si
467 871 189 92 vous
585 871 142 92 le
656 871 260 92 voulez,
845 871 142 92 je
916 871 189 92 vous
1034 871 142 92 la
1081 871 189 92 fais.»

286 953 221 58 Nous
424 953 166 58 ne
507 953 248 58 fûmes
673 953 193 58 pas
783 953 248 58 longs
948 953 138 58 à
1004 953 221 58 nous
1142 953 331 58 entendre
1390 953 193 58 et,
1473 953 110 58 le

229 1018 217 97 mois
364 1018 325 97 suivant,
608 1018 298 97 j’étais
825 1018 135 97 à
879 1018 298 97 Londres
1096 1018 162 97 où
1177 1018 162 97 M.
1258 1018 244 97 Davis
1393 1018 190 97 m’en-

229 1090 295 84 traînait
451 1090 197 84 dans
574 1090 172 84 les
672 1090 320 84 ateliers,
918 1090 197 84 dans
1041 1090 172 84 les
1139 1090 393 84 expositions,
1434 1090 148 84 chez

225 1171 206 63 les
342 1171 383 63 marchands
637 1171 236 63 pour
784 1171 294 63 opérer
990 1171 177 63 le
1078 1171 412 63 groupement
1373 1171 206 63 rêvé.

231 1241 162 66 M.
312 1241 162 66 et
393 1241 190 66 Mme
502 1241 244 66 Davis
664 1241 135 66 —
718 1241 190 66 car
827 1241 244 66 notre
989 1241 352 66 gratitude
1260 1241 162 66 ne
1341 1241 217 66 peut
1450 1241 135 66 les

229 1306 305 101 séparer
451 1306 139 101 —
507 1306 305 101 étaient
729 1306 194 101 mus
840 1306 194 101 par
951 1306 167 101 un
1034 1306 278 101 double
1228 1306 278 101 souci:
1395 1306 194 101 faire

227 1392 235 64 aimer
384 1392 235 64 l’art
540 1392 157 64 de
619 1392 209 64 leur
749 1392 235 64 pays,
906 1392 287 64 parfois
1115 1392 287 64 méconnu
1324 1392 209 64 dans
1428 1392 157 64 leur

232 1453 259 82 propre
414 1453 285 82 milieu,
621 1453 156 82 et
699 1453 156 82 le
777 1453 233 82 faire
932 1453 337 82 consacrer
1192 1453 182 82 par
1296 1453 156 82 la
1348 1453 233 82 France;

229 1536 271 73 donner
419 1536 136 73 à
473 1536 163 73 la
554 1536 271 73 France
744 1536 163 73 un
825 1536 379 73 témoignage
1123 1536 163 73 de
1205 1536 217 73 leur
1313 1536 271 73 profonde

225 1608 432 87 sympathie.
565 1608 494 87 «L’affection
966 1608 185 87 de
1058 1608 216 87 mon
1182 1608 247 87 mari
1336 1608 247 87 pour
1460 1608 123 87 la

234 1676 264 87 France
418 1676 211 87 date
550 1676 158 87 de
630 1676 185 87 son
735 1676 317 87 enfance,
973 1676 370 87 m’écrivait
1263 1676 211 87 Mrs.
1369 1676 211 87 Davis;

234 1756 200 63 moi,
359 1756 150 63 je
434 1756 200 63 l’ai
559 1756 300 63 toujours
785 1756 250 63 poussé
960 1756 125 63 à
1010 1756 225 63 faire
1160 1756 150 63 au
1235 1756 351 63 Luxembourg
1486 1756 100 63 le

235 1813 175 97 don
335 1813 150 97 de
410 1813 225 97 cette
560 1813 375 97 collection,
860 1813 225 97 parce
1010 1813 175 97 que
1110 1813 450 97 l’appréciation
1460 1813 125 97 des

234 1901 306 71 peintres
463 1901 280 71 vivants
666 1901 127 71 a
717 1901 306 71 toujours
946 1901 178 71 été
1048 1901 153 71 si
1125 1901 204 71 près
1252 1901 153 71 de
1328 1901 178 71 mon
1405 1901 178 71 cœur;

234 1964 162 76 il
315 1964 162 76 me
396 1964 270 76 semble
585 1964 162 76 si
666 1964 297 76 indigne
882 1964 216 76 que,
1018 1964 216 76 chez
1153 1964 243 76 nous,
1315 1964 162 76 il
1369 1964 216 76 faille

231 2050 331 76 enterrer
480 2050 166 76 un
562 2050 303 76 artiste
783 2050 248 76 avant
949 2050 248 76 qu’il
1114 2050 303 76 n'entre
1335 2050 221 76 dans
1445 2050 138 76 son

230 2122 346 71 royaume.
490 2122 144 71 —
547 2122 173 71 Et
634 2122 144 71 à
692 2122 288 71 Paris,
894 2122 317 71 surtout
1124 2122 231 71 chez
1269 2122 260 71 vous,
1413 2122 173 71 cher

233 2188 219 73 ami,
369 2188 164 73 il
451 2188 246 73 n'est
615 2188 191 73 pas
725 2188 164 73 de
779 2188 219 73 même.»

848 2292 96 66 7
