2084 2749
504 296 158 89 On
583 296 158 89 ne
662 296 211 89 peut
793 296 316 89 exprimer
1030 296 237 89 d’une
1188 296 289 89 manière
1398 296 211 89 plus
1504 296 289 89 délicate,

446 380 212 90 plus
578 380 239 90 noble
737 380 159 90 et
817 380 212 90 plus
949 380 371 90 touchante,
1241 380 159 90 le
1320 380 186 90 but
1426 380 345 90 poursuivi
1665 380 133 90 par

445 452 185 74 les
550 452 212 74 deux
683 452 264 74 époux.
868 452 159 74 M.
947 452 264 74 Davis,
1132 452 159 74 en
1211 452 264 74 effet,
1396 452 185 74 est
1502 452 212 74 plus
1608 452 185 74 qu’un

441 547 193 68 ami
552 547 166 68 de
635 547 166 68 la
718 547 304 68 France,
939 547 193 68 car
1049 547 193 68 son
1160 547 359 68 éducation
1436 547 166 68 en
1519 547 138 68 a
1574 547 221 68 fait
1685 547 111 68 un

440 599 520 84 demi-Français.
873 599 173 84 Né
960 599 173 84 en
1047 599 404 84 Australie,
1365 599 173 84 il
1451 599 202 84 fut
1567 599 260 84 amené
1711 599 87 84 à

445 683 242 82 Paris,
614 683 169 82 par
711 683 145 82 sa
783 683 290 82 famille,
1001 683 121 82 à
1049 683 218 82 l’âge
1194 683 145 82 de
1267 683 193 82 sept
1388 683 193 82 ans,
1509 683 145 82 et
1581 683 169 82 son
1654 683 145 82 édu-

442 750 246 79 cation
615 750 222 79 s’est
763 750 222 79 faite
911 750 123 79 à
960 750 419 79 l’Institution
1305 750 444 79 Aubert-Savary,
1650 750 148 79 puis

441 817 160 93 au
521 817 293 93 Collège
734 817 319 93 Chaptal.
973 817 133 93 A
1027 817 160 93 15
1106 817 213 93 ans,
1239 817 160 93 il
1319 817 266 93 allait
1505 817 266 93 passer
1665 817 133 93 une

442 901 222 63 année
590 901 123 63 à
640 901 616 63 Saint-Leonard-on-Sea,
1182 901 197 63 mais
1305 901 148 63 il
1379 901 296 63 revenait
1576 901 222 63 ensuite

443 962 125 82 à
493 962 226 82 Paris
644 962 151 82 où
719 962 151 82 il
794 962 276 82 prenait
995 962 151 82 la
1070 962 351 82 résolution
1346 962 151 82 de
1422 962 151 82 se
1497 962 326 82 consacrer
1723 962 75 82 à

443 1036 159 90 la
523 1036 345 90 peinture.
788 1036 159 90 Il
868 1036 292 90 entrait
1080 1036 318 90 aussitôt
1319 1036 212 90 dans
1452 1036 345 90 l’atelier
1691 1036 106 90 du

447 1119 281 79 peintre
652 1119 255 79 Victor
831 1119 332 79 Leclaire,
1086 1119 204 79 bien
1214 1119 230 79 connu
1367 1119 179 79 par
1469 1119 179 79 ses
1546 1119 255 79 tableaux

442 1201 170 73 de
527 1201 311 73 fleurs,
753 1201 170 73 et
837 1201 339 73 lui-même
1092 1201 396 73 s’adonnait
1402 1201 339 73 d’autant
1628 1201 170 73 plus

441 1259 365 70 volontiers
728 1259 130 70 à
780 1259 157 70 ce
858 1259 235 70 genre
1015 1259 339 70 d’études,
1276 1259 183 70 que
1380 1259 157 70 la
1459 1259 261 70 fleur,
1615 1259 183 70 comme

446 1328 142 94 la
517 1328 307 94 peinture,
754 1328 118 94 a
801 1328 165 94 été
895 1328 165 94 une
990 1328 142 94 de
1061 1328 165 94 ses
1155 1328 307 94 passions.
1391 1328 142 94 On
1462 1328 189 94 voit
1557 1328 236 94 poindre,

441 1424 169 65 en
525 1424 169 65 ce
610 1424 254 65 jour,
779 1424 169 65 le
864 1424 254 65 germe
1033 1424 169 65 de
1118 1424 197 65 son
1231 1424 254 65 amour
1400 1424 226 65 pour
1541 1424 254 65 l’art
1682 1424 113 65 et

442 1477 161 79 de
523 1477 188 79 son
630 1477 241 79 amour
791 1477 215 79 pour
925 1477 161 79 la
979 1477 241 79 France.

501 1563 162 75 La
582 1563 243 75 santé
744 1563 162 75 du
825 1563 243 75 jeune
987 1563 243 75 Davis
1149 1563 135 75 —
1203 1563 189 75 qui
1311 1563 162 75 le
1392 1563 270 75 dirait
1554 1563 243 75 aujour-

441 1624 266 71 d’hui!
627 1624 133 71 —
680 1624 159 71 ne
760 1624 186 71 lui
866 1624 266 71 permit
1052 1624 186 71 pas
1159 1624 159 71 de
1238 1624 345 71 continuer
1504 1624 186 71 ses
1584 1624 212 71 études

443 1716 400 66 artistiques.
768 1716 150 66 Il
843 1716 275 66 fallait
1043 1716 300 66 chercher
1269 1716 175 66 une
1369 1716 350 66 occupation
1644 1716 150 66 et
1694 1716 100 66 un

442 1778 249 68 climat
617 1778 199 68 plus
741 1778 349 68 favorables
1015 1778 125 68 à
1065 1778 174 68 son
1165 1778 224 68 état.
1314 1778 150 68 Il
1389 1778 224 68 avait
1539 1778 150 68 un
1589 1778 199 68 oncle,

437 1850 181 74 au
527 1850 241 74 Cap,
678 1850 241 74 dans
829 1850 181 74 le
920 1850 332 74 négoce.
1161 1850 181 74 On
1252 1850 151 74 y
1312 1850 302 74 envoya
1523 1850 181 74 le
1584 1850 211 74 jeune

443 1922 297 73 peintre
659 1922 162 73 en
740 1922 297 73 rupture
957 1922 162 73 de
1038 1922 352 73 pinceaux.
1308 1922 189 73 Son
1416 1922 352 73 activité,
1660 1922 135 73 son

444 1988 418 69 intelligence,
789 1988 172 69 ces
887 1988 197 69 dons
1010 1988 271 69 heureux
1207 1988 148 69 de
1281 1988 295 69 lucidité
1502 1988 148 69 et
1576 1988 148 69 de
1625 1988 172 69 déci-

445 2064 204 76 sion
572 2064 178 76 qui
674 2064 306 76 devaient
903 2064 178 76 lui
1005 2064 229 76 créer
1157 2064 178 76 une
1259 2064 331 76 situation
1488 2064 306 76 extraordi-

446 2141 225 79 naire
596 2141 200 79 dans
721 2141 150 79 le
796 2141 225 79 monde
946 2141 175 79 des
1046 2141 325 79 affaires,
1296 2141 350 79 trouvèrent
1546 2141 250 79 aussitôt

1041 2265 114 94 8
