2047 2758
232 306 159 117 à
296 306 477 117 s’employer.
677 306 191 117 M.
773 306 318 117 Édmund
995 306 286 117 Davis
1186 306 350 117 demeura
1408 306 191 117 dans

237 408 335 66 l’Afrique
495 408 154 66 du
572 408 180 66 Sud
675 408 283 66 jusqu’à
881 408 283 66 l’année
1086 408 154 66 de
1164 408 180 66 son
1267 408 283 66 mariage
1447 408 154 66 avec

228 470 179 80 sa
318 470 358 80 cousine,
586 470 239 80 Miss
736 470 239 80 Mary
885 470 358 80 Halford,
1153 470 179 80 en
1243 470 269 80 1889.
1422 470 179 80 Il
1482 470 119 80 ne

237 568 289 66 pouvait
447 568 289 66 trouver
657 568 184 66 une
761 568 472 66 collaboratrice
1155 568 210 66 plus
1286 568 262 66 zélée,
1444 568 157 66 plus

233 627 316 74 dévouée,
469 627 210 74 plus
601 627 289 74 ardente
811 627 210 74 dans
943 627 184 74 ses
1048 627 473 74 préoccupations
1416 627 184 74 d’art

235 707 180 74 que
338 707 309 74 l’épouse
570 707 206 74 dont
698 707 154 74 je
775 707 154 74 ne
852 707 206 74 dois
981 707 283 74 révéler
1187 707 283 74 qu’avec
1367 707 231 74 réserve

239 761 177 88 les
340 761 252 88 vertus
516 761 151 88 de
592 761 252 88 grâce,
769 761 454 88 d’intelligence
1147 761 151 88 et
1223 761 151 88 de
1298 761 252 88 bonté,
1450 761 151 88 mais

241 849 191 64 dont
360 849 143 64 je
432 849 191 64 puis
551 849 286 64 signaler
766 849 167 64 les
861 849 215 64 goûts
1004 849 381 64 artistiques,
1314 849 262 64 puisque
1481 849 119 64 son

241 917 183 92 nom
345 917 157 92 se
424 917 262 92 trouve
607 917 288 92 inscrit
816 917 183 92 sur
921 917 235 92 maint
1078 917 340 92 catalogue
1339 917 183 92 des
1418 917 183 92 expo-

236 985 313 94 sitions
463 985 171 94 de
549 985 342 94 Londres,
805 985 171 94 de
890 985 285 94 Venise
1090 985 171 94 ou
1175 985 171 94 de
1260 985 199 94 nos
1346 985 256 94 propres

218 1057 238 82 Salons.

304 1125 178 90 Une
405 1125 204 90 fois
533 1125 305 90 installé
761 1125 127 90 à
812 1125 305 90 Londres,
1041 1125 153 90 où
1118 1125 153 90 il
1194 1125 280 90 prenait
1372 1125 229 90 bientôt

243 1208 167 78 une
338 1208 214 78 place
481 1208 428 78 exceptionnelle
838 1208 190 78 dans
957 1208 167 78 les
1053 1208 286 78 affaires
1243 1208 357 78 industrielles

240 1281 167 70 et
324 1281 445 70 financières,
685 1281 167 70 M.
768 1281 278 70 Édmund
963 1281 278 70 Davis,
1157 1281 195 70 qui
1269 1281 167 70 se
1324 1281 278 70 trouvait

243 1368 151 83 en
318 1368 327 83 situation
570 1368 151 83 de
645 1368 352 83 satisfaire
922 1368 176 83 les
1023 1368 302 83 caprices
1249 1368 176 83 les
1349 1368 201 83 plus
1450 1368 151 83 exi-

241 1449 286 58 geants,
449 1449 260 58 réunit
632 1449 365 58 lentement,
918 1449 339 58 sagement,
1178 1449 208 58 avec
1283 1449 312 58 réflexion,

241 1505 160 68 un
321 1505 293 68 certain
534 1505 266 68 nombre
720 1505 160 68 de
800 1505 479 68 chefs-d’œuvre,
1199 1505 293 68 d’ordre
1412 1505 213 68 tout
1518 1505 80 68 à

241 1574 209 67 fait
371 1574 365 67 supérieur,
658 1574 183 67 des
762 1574 287 67 maîtres
971 1574 156 67 et
1049 1574 183 67 des
1154 1574 313 67 vraiment
1362 1574 235 67 grands.

243 1644 186 76 Une
350 1644 372 76 exposition
642 1644 293 76 récente
855 1644 160 76 au
935 1644 266 76 profit
1121 1644 160 76 de
1201 1644 293 76 l’œuvre
1387 1644 213 76 fondée

240 1722 183 82 par
344 1722 157 82 la
423 1722 261 82 Reine,
606 1722 131 82 à
658 1722 314 82 Londres,
893 1722 131 82 a
946 1722 261 82 montré
1129 1722 157 82 au
1207 1722 261 82 public
1364 1722 235 82 anglais

245 1795 128 73 un
309 1795 235 73 célèbre
480 1795 257 73 portrait
672 1795 128 73 de
737 1795 385 73 Saskia
1057 1795 150 73 par
1143 1795 299 73 Rembrandt;
1357 1795 235 73 La

243 1875 270 75 reine
446 1875 293 75 Henriette
671 1875 315 75 Marie,
919 1875 135 75 de
986 1875 158 75 Van
1076 1875 203 75 Dyck,
1211 1875 158 75 des
1279 1875 315 75 Gainsborough

239 1934 157 76 et
317 1934 183 76 des
422 1934 340 76 Reynolds,
683 1934 157 76 un
762 1934 366 76 Velazquez,
1049 1934 209 76 etc.
1180 1934 209 76 Mais
1310 1934 157 76 on
1363 1934 235 76 pouvait

241 2017 297 63 admirer
457 2017 162 63 en
538 2017 216 63 même
673 2017 243 63 temps
835 2017 189 63 des
942 2017 459 63 chefs-d’œuvre
1293 2017 297 63 modernes:

247 2075 183 85 le
369 2075 204 85 Piano,
511 2075 142 85 les
593 2075 204 85 Filles
735 2075 265 85 blanches,
939 2075 122 85 le
1000 2075 183 85 Vieux
1122 2075 163 85 pont
1224 2075 122 85 de
1264 2075 326 85 Battersea

243 2151 147 97 de
317 2151 319 97 Whistler,
562 2151 147 97 de
636 2151 294 97 superbes
857 2151 245 97 Alfred
1029 2151 294 97 Stevens,
1249 2151 172 97 des
1323 2151 270 97 Rossetti,

840 2304 114 86 9
