2059 2746
548 469 268 88 ADAMS
749 469 268 88 (William
928 469 313 88 Dacres).

268 650 147 82 Né
342 650 123 82 à
391 650 344 82 Wotringham
662 650 147 82 en
735 650 221 82 1864;
883 650 172 82 fit
981 650 172 82 des
1079 650 246 82 études
1252 650 344 82 classiques
1497 650 74 82 à

213 725 281 64 Oxford,
418 725 256 64 Exeter
597 725 307 64 College,
827 725 205 64 puis
955 725 179 64 fut
1057 725 256 64 envoyé
1237 725 128 64 à
1262 725 307 64 Birmingham

216 789 190 71 pour
335 789 214 71 faire
478 789 167 71 son
573 789 238 71 droit,
740 789 190 71 mais
859 789 143 71 il
930 789 309 71 abandonna
1168 789 167 71 les
1264 789 238 71 études
1406 789 167 71 juri-

219 854 221 74 diques
374 854 177 74 pour
484 854 221 74 entrer
639 854 111 74 à
684 854 243 74 l’école
861 854 199 74 d’art
994 854 133 74 de
1060 854 133 74 la
1126 854 177 74 même
1237 854 199 74 ville
1370 854 133 74 en
1414 854 155 74 1884.

269 920 159 84 De
349 920 398 84 Birmingham,
668 920 159 84 il
747 920 212 84 alla
880 920 345 84 s’établir
1145 920 133 84 à
1198 920 292 84 Bushey,
1411 920 159 84 où
1464 920 106 84 il

214 987 251 66 étudia
390 987 151 66 de
465 987 201 66 1886
591 987 126 66 à
641 987 201 66 1890
767 987 201 66 sous
892 987 151 66 la
968 987 327 66 direction
1219 987 151 66 du
1269 987 302 66 professeur

215 1063 241 57 Hubert
384 1063 169 57 von
480 1063 314 57 Herkomer.
722 1063 145 57 Il
794 1063 314 57 travailla
1036 1063 266 57 ensuite
1229 1063 266 57 quelque
1398 1063 169 57 temps

214 1120 117 80 à
260 1120 258 80 Munich.
448 1120 141 80 Il
518 1120 234 80 exposa
682 1120 187 80 pour
799 1120 141 80 la
869 1120 281 80 première
1080 1120 187 80 fois
1197 1120 117 80 à
1244 1120 141 80 la
1314 1120 211 80 Royal
1431 1120 141 80 Aca-

213 1187 201 71 demy
339 1187 151 71 en
414 1187 226 71 1889.
565 1187 226 71 Adams
716 1187 176 71 fut
816 1187 327 71 influencé
1068 1187 126 71 à
1118 1187 327 71 l’origine
1370 1187 176 71 par
1445 1187 126 71 les

213 1270 452 65 préraphaélites,
594 1270 309 65 Rossetti,
832 1270 262 65 William
1022 1270 238 65 Morris
1188 1270 143 65 et
1260 1270 214 65 Burne
1379 1270 190 65 Jones,

217 1331 158 67 qui
308 1331 248 67 étaient
488 1331 158 67 des
578 1331 293 67 camarades
804 1331 135 67 de
872 1331 248 67 collège
1052 1331 135 67 de
1120 1331 158 67 son
1210 1331 180 67 père
1323 1331 135 67 et
1368 1331 203 67 étaient

215 1391 225 70 restés
373 1391 158 70 ses
463 1391 203 70 amis.
599 1391 113 70 —
644 1391 316 70 Portraits;
892 1391 225 70 sujets
1050 1391 248 70 divers.
1230 1391 271 70 Tableaux
1410 1391 158 70 prin-

222 1454 197 73 cipaux:
365 1454 179 73 The
491 1454 269 73 Tomist
706 1454 179 73 The
831 1454 143 73 Park
920 1454 251 73 Gales
1117 1454 161 73 St
1225 1454 179 73 Magnus
1332 1454 233 73 Church

713 1635 149 76 1.
796 1635 249 76 Amoureux

659 1719 117 118 H.
717 1719 97 118 :
756 1719 117 118 0,
814 1719 136 118 62;
892 1719 117 118 L.
951 1719 97 118 :
990 1719 117 118 0,
1029 1719 97 118 50.

270 1852 152 69 Dans
365 1852 114 69 un
422 1852 152 69 parc
517 1852 152 69 dont
613 1852 133 69 les
689 1852 152 69 fûts
784 1852 228 69 laissent
955 1852 152 69 voir
1050 1852 114 69 le
1107 1852 152 69 ciel
1202 1852 190 69 étoilé
1336 1852 114 69 de
1393 1852 114 69 la
1431 1852 133 69 nuit,

214 1928 144 49 en
286 1928 217 49 avant
431 1928 217 49 d’une
575 1928 289 49 fontaine
792 1928 169 49 aux
888 1928 265 49 vasques
1081 1928 144 49 de
1153 1928 265 49 marbre,
1345 1928 144 49 un
1393 1928 169 49 jeune

216 1973 199 71 homme
348 1973 199 71 tient
481 1973 287 71 embrassée
702 1973 221 71 contre
856 1973 133 71 sa
923 1973 265 71 poitrine
1121 1973 155 71 une
1210 1973 199 71 jeune
1342 1973 199 71 femme
1453 1973 110 71 aux

214 2040 250 70 cheveux
373 2040 159 70 roux.

269 2132 160 113 Signé
376 2132 107 113 en
429 2132 142 113 bas,
518 2132 89 113 à
554 2132 196 113 droite,
696 2132 160 113 W.
803 2132 107 113 D.
839 2132 213 113 Adams

843 2255 126 89 —
893 2255 151 89 17
944 2255 76 89 —
