2066 2743
816 363 353 98 BEARDSLEY
1081 363 331 98 (Aubrey).

488 495 167 99 Né
572 495 139 99 à
627 495 305 99 Londres
849 495 167 99 le
932 495 167 99 24
1016 495 222 99 août
1155 495 250 99 1872,
1321 495 222 99 mort
1460 495 139 99 à
1515 495 278 99 Menton
1682 495 111 99 le

443 589 156 85 17
521 589 208 85 mars
625 589 182 85 1898.

492 630 166 92 Cet
587 630 260 92 artiste
776 630 189 92 mort
895 630 142 92 si
966 630 402 92 prématurément
1297 630 213 92 avait
1439 630 237 92 acquis
1581 630 213 92 rapide-

442 711 187 86 ment
559 711 164 86 une
652 711 327 86 réputation
909 711 421 86 exceptionnelle
1260 711 164 86 qui
1354 711 210 86 s’est
1494 711 257 86 étendue
1658 711 140 86 hors

440 779 142 81 de
511 779 166 81 son
606 779 190 81 pays
725 779 237 81 jusque
891 779 190 81 dans
1009 779 166 81 nos
1104 779 261 81 propres
1294 779 261 81 milieux
1460 779 332 81 artistiques.

448 862 133 64 Un
514 862 244 64 article
692 862 155 64 sur
781 862 244 64 l’œuvre
958 862 200 64 qu’il
1091 862 200 64 avait
1224 862 177 64 déjà
1335 862 311 64 accomplie,
1579 862 177 64 paru
1668 862 133 64 dans

447 916 131 86 le
513 916 240 86 premier
688 916 219 86 numéro
840 916 197 86 d’une
972 916 197 86 Revue
1103 916 197 86 d’art
1234 916 219 86 depuis
1387 916 262 86 célèbre,
1562 916 240 86 le

446 984 358 95 Studio
744 984 119 95 le
804 984 139 95 fit
883 984 258 95 connaître
1082 984 119 95 du
1142 984 179 95 grand
1261 984 199 95 public
1400 984 119 95 en
1440 984 139 95 1893.

497 1045 163 79 Son
590 1045 163 79 art
683 1045 326 79 singulier,
940 1045 280 79 précieux
1149 1045 140 79 et
1219 1045 326 79 minutieux,
1476 1045 140 79 où
1546 1045 140 79 se
1592 1045 210 79 rencon-

445 1115 207 79 trent
583 1115 184 79 dans
698 1115 138 79 un
767 1115 276 79 amalgame
974 1115 230 79 étroit
1135 1115 161 79 les
1226 1115 299 79 souvenirs
1456 1115 161 79 des
1525 1115 276 79 préraphaé-

446 1184 238 75 lites,
613 1184 167 75 des
708 1184 238 75 grands
875 1184 286 75 italiens
1089 1184 143 75 et
1161 1184 167 75 des
1256 1184 334 75 orientaux,
1518 1184 143 75 où
1590 1184 143 75 le
1637 1184 167 75 sujet

445 1249 381 72 s’enchevêtre
755 1249 191 72 dans
874 1249 143 72 le
945 1249 262 72 caprice
1136 1249 143 72 du
1207 1249 238 72 décor,
1374 1249 167 72 est
1446 1249 357 72 exclusivement

447 1336 194 60 voué
568 1336 146 60 au
641 1336 243 60 «blanc
811 1336 146 60 et
883 1336 243 60 noir»,
1053 1336 146 60 et
1126 1336 267 60 réalisé
1320 1336 267 60 surtout
1514 1336 170 60 par
1611 1336 146 60 un
1659 1336 146 60 des-

447 1381 164 82 sin
540 1381 117 82 à
587 1381 141 82 la
658 1381 211 82 plume
799 1381 211 82 d’une
939 1381 188 82 rare
1057 1381 235 82 pureté
1197 1381 329 82 d’exécution.

507 1441 179 104 Parmi
626 1441 139 104 ses
706 1441 219 104 dessins
865 1441 139 104 les
944 1441 159 104 plus
1044 1441 219 104 connus,
1203 1441 119 104 il
1262 1441 159 104 faut
1362 1441 199 104 citer:
1501 1441 179 104 la
1600 1441 199 104 Mort

453 1512 357 81 d’Artbur
757 1512 107 81 de
810 1512 161 81 J.-M.
918 1512 161 81 Dent;
1025 1512 161 81 la
1132 1512 268 81 Salomé
1346 1512 197 81 d’Oscar
1489 1512 179 81 Wilde,
1597 1512 214 81 The

454 1580 219 87 Rap
607 1580 131 87 of
673 1580 153 87 lbe
761 1580 197 87 Loch,
892 1580 350 87 Volpone
1176 1580 153 87 les
1264 1580 263 87 derniers
1461 1580 175 87 pour
1570 1580 131 87 le
1614 1580 197 87 «Vellow

453 1648 210 82 Book»
593 1648 210 82 qu’il
733 1648 187 82 aida
850 1648 187 82 dans
967 1648 140 82 sa
1037 1648 304 82 fondation
1271 1648 210 82 comme
1411 1648 304 82 directeur
1622 1648 187 82 artis-

448 1719 268 89 tique,
636 1719 161 89 ou
716 1719 214 89 pour
850 1719 161 89 le
931 1719 322 89 magazine
1172 1719 214 89 «The
1279 1719 241 89 Savoy».

506 1787 135 81 Sa
574 1787 316 81 biographie
822 1787 113 81 a
867 1787 158 81 été
957 1787 225 81 écrite
1115 1787 135 81 en
1183 1787 180 81 tête
1295 1787 203 81 d’une
1431 1787 293 81 fantaisie
1634 1787 180 81 litté-

455 1850 194 72 raire
585 1850 173 72 dont
693 1850 129 72 la
758 1850 302 72 traduction
995 1850 108 72 a
1038 1850 151 72 été
1124 1850 216 72 éditée
1275 1850 151 72 par
1362 1850 237 72 Floury,
1513 1850 302 72 «Sous

453 1916 188 87 la
579 1916 230 87 Colline
746 1916 105 87 »
788 1916 209 87 (Under
934 1916 146 87 the
1018 1916 293 87 Hill)
1248 1916 146 87 par
1332 1916 126 87 M.
1395 1916 230 87 Jacques
1562 1916 126 87 E.
1604 1916 209 87 Blanche,

452 1989 156 83 qui
541 1989 156 83 fut
630 1989 134 83 un
697 1989 156 83 ami
786 1989 134 83 de
830 1989 267 83 l’artiste.

508 2035 200 105 (Voir
641 2035 200 105 aussi
774 2035 111 105 à
819 2035 133 105 la
885 2035 178 105 même
996 2035 311 105 librairie:
1241 2035 222 105 Arthur
1396 2035 244 105 Symons.
1552 2035 266 105 Au

466 2129 168 80 brey
573 2129 260 80 Beardsley)
