2056 2749
607 350 115 83 3.
664 350 172 83 La
779 350 172 83 bonne
874 350 287 83 Aventure

660 431 120 109 H.
720 431 100 109 :
760 431 120 109 0,
820 431 140 109 54;
901 431 120 109 L.
961 431 100 109 :
981 431 140 109 0,43.

262 537 164 89 Une
355 537 211 89 jeune
496 537 211 89 femme
637 537 117 89 e
683 537 187 89 robe
801 537 281 89 blanche,
1012 537 164 89 aux
1105 537 211 89 longs
1246 537 258 89 cheveux
1410 537 164 89 roux,

215 616 149 58 aux
300 616 234 58 épaules
470 616 191 58 nues,
597 616 213 58 assise
746 616 149 58 sur
831 616 128 58 un
895 616 170 58 banc
1001 616 128 58 de
1065 616 234 58 marbre,
1235 616 191 58 livre
1362 616 128 58 sa
1426 616 170 58 main
1511 616 64 58 à

216 683 159 57 une
307 683 204 57 autre
443 683 204 57 jeune
579 683 226 57 femme,
737 683 204 57 vêtue
873 683 136 57 de
941 683 226 57 rouge,
1099 683 159 57 une
1190 683 272 57 couronne
1394 683 136 57 de
1439 683 136 57 lau-

222 740 159 61 rier
322 740 159 61 dans
421 740 139 61 les
500 740 239 61 cheveux,
679 740 199 61 assise
819 740 99 61 à
858 740 119 61 sa
918 740 219 61 droite,
1077 740 119 61 de
1137 740 219 61 l’autre
1296 740 159 61 côté
1395 740 119 61 du
1435 740 139 61 banc.

223 795 136 90 Sur
300 795 116 90 le
358 795 155 90 sol,
455 795 97 90 à
494 795 213 90 droite,
649 795 136 90 une
726 795 155 90 rose
803 795 252 90 effeuillée.

753 953 87 84 4.
781 953 261 84 L’oracle

673 1030 123 115 H.
735 1030 103 115 :
776 1030 185 115 0,63;
900 1030 123 115 L.
961 1030 103 115 :
982 1030 144 115 0,51.

272 1132 183 90 Trois
394 1132 204 90 jeunes
536 1132 204 90 filles
679 1132 122 90 en
740 1132 183 90 blanc
862 1132 143 90 sur
944 1132 122 90 un
1005 1132 143 90 pré
1086 1132 224 90 émaillé
1249 1132 122 90 de
1290 1132 285 90 pâquerettes,

223 1229 129 66 en
287 1229 193 66 avant
416 1229 172 66 d'un
523 1229 172 66 fond
631 1229 129 66 de
695 1229 193 66 parc,
824 1229 172 66 dont
931 1229 150 66 les
1017 1229 193 66 cimes
1146 1229 129 66 se
1211 1229 279 66 découpent
1426 1229 150 66 sur
1490 1229 86 66 un

224 1274 170 78 ciel
309 1274 212 78 nuageux.

277 1345 175 65 L’une
393 1345 233 65 d’elles,
568 1345 97 65 à
607 1345 214 65 gauche,
763 1345 117 65 de
821 1345 175 65 face,
938 1345 175 65 tient
1054 1345 136 65 une
1132 1345 253 65 fleurette
1326 1345 214 65 qu’elle
1462 1345 117 65 con-

227 1410 204 71 temple
370 1410 143 71 les
451 1410 164 71 yeux
554 1410 245 71 dilatés,
738 1410 204 71 tandis
881 1410 143 71 que
963 1410 245 71 derrière
1147 1410 143 71 son
1228 1410 225 71 épaule,
1392 1410 184 71 l'une
1494 1410 82 71 de

227 1468 148 60 ses
311 1468 274 60 compagnes
522 1468 232 60 souffle
691 1468 126 60 et
754 1468 169 60 fait
859 1468 232 60 envoler
1028 1468 148 60 les
1112 1468 253 60 pétales.
1302 1468 105 60 A
1344 1468 232 60 droite,
1492 1468 84 60 la

227 1520 261 78 troisième
428 1520 181 78 jeune
549 1520 201 78 fille,
689 1520 141 78 aux
770 1520 221 78 cheveux
931 1520 181 78 roux,
1051 1520 141 78 est
1132 1520 322 78 agenouillée,
1393 1520 141 78 les
1453 1520 121 78 yeux

225 1593 177 63 demi
336 1593 199 63 clos,
469 1593 222 63 jouant
624 1593 177 63 avec
734 1593 133 63 la
801 1593 199 63 bride
934 1593 133 63 de
1000 1593 155 63 son
1089 1593 266 63 chapeau,
1288 1593 222 63 pendue
1443 1593 111 63 à
1465 1593 111 63 ses

229 1643 203 59 lèvres.
376 1643 166 59 Signé
487 1643 111 59 et
542 1643 148 59 daté
634 1643 111 59 en
690 1643 148 59 bas,
782 1643 92 59 à
819 1643 203 59 gauche:
967 1643 240 59 Robert
1151 1643 184 59 Anning
1280 1643 148 59 Bell
1354 1643 166 59 97

277 1708 103 72 A
319 1708 206 72 figuré
463 1708 103 72 à
504 1708 330 72 l’Exposition
772 1708 371 72 internationale
1081 1708 124 72 de
1142 1708 268 72 Bruxelles
1348 1708 124 72 en
1410 1708 165 72 1897
1493 1708 82 72 et

227 1766 103 93 à
269 1766 331 93 l’Exposition
537 1766 289 93 Historique
765 1766 124 93 de
827 1766 186 93 l’Art
951 1766 227 93 anglais
1116 1766 103 93 à
1158 1766 289 93 Liverpool,
1385 1766 124 93 en
1426 1766 145 93 1908.
