2072 2740
889 520 267 70 BIRLEY
1075 520 308 70 (Oswald).

508 663 153 94 Né
584 663 128 94 à
635 663 306 94 Auckland
865 663 587 94 (Nouvelle-Zélande),
1375 663 153 94 le
1451 663 153 94 31
1528 663 204 94 mars
1630 663 179 94 1880;

458 744 201 78 mais
583 744 201 78 venu
709 744 151 78 de
784 744 226 78 bonne
935 744 226 78 heure
1085 744 151 78 en
1161 744 351 78 Angleterre
1437 744 151 78 où
1512 744 151 78 il
1587 744 251 78 étudia
1738 744 75 78 à

453 824 282 58 Trinity
659 824 282 58 College
864 824 410 58 (Cambridge).
1197 824 334 58 Développa
1454 824 180 58 son
1531 824 282 58 éducation

456 904 346 52 artistique
728 904 123 52 à
777 904 272 52 Dresde,
975 904 148 52 en
1049 904 247 52 Italie
1222 904 148 52 et
1296 904 272 52 pendant
1493 904 247 52 quatre
1666 904 173 52 ans
1740 904 74 52 à

457 945 272 92 Paris,
647 945 244 92 comme
810 945 244 92 élève
973 945 163 92 de
1054 945 272 92 Marcel
1245 945 299 92 Baschet
1462 945 136 92 à
1489 945 326 92 l’Académie

427 1023 219 74 Julian.

513 1094 213 67 S’est
655 1094 284 67 consacré
869 1094 189 67 plus
987 1094 474 67 particulièrement
1390 1094 166 67 aux
1484 1094 332 67 intérieurs
1721 1094 95 67 et

458 1167 262 66 surtout
649 1167 167 66 aux
744 1167 333 66 portraits.
1006 1167 238 66 Expose
1172 1167 167 66 aux
1268 1167 238 66 Salons
1434 1167 143 66 de
1506 1167 214 66 Paris
1625 1167 190 66 depuis

436 1232 182 60 1901.

511 1272 256 88 Engagé
690 1272 230 88 comme
844 1272 256 88 simple
1023 1272 256 88 soldat
1202 1272 153 88 au
1279 1272 230 88 début
1432 1272 153 88 de
1509 1272 153 88 la
1560 1272 256 88 présente

453 1356 274 102 guerre;
652 1356 373 102 aujourd’hui
950 1356 224 102 promu
1075 1356 323 102 lieutenant.

824 1537 111 102 5.
880 1537 278 102 Portrait
1102 1537 148 102 dans
1195 1537 111 102 un
1232 1537 241 102 miroir

927 1634 111 127 H.
983 1634 93 127 :
1020 1634 111 127 0,
1076 1634 130 127 90;
1150 1634 111 127 L.
1206 1634 93 127 :
1243 1634 111 127 1,
1280 1634 93 127 30.

510 1795 183 71 Dans
625 1795 389 71 l’encadrement
945 1795 206 71 laqué
1083 1795 137 71 de
1152 1795 206 71 blanc
1289 1795 206 71 d’une
1427 1795 206 71 glace
1541 1795 275 71 couronnant

465 1861 151 79 une
551 1861 280 79 cheminée,
766 1861 237 79 l’image
938 1861 129 79 du
1002 1861 237 79 peintre
1174 1861 280 79 apparaît,
1389 1861 194 79 noyée
1518 1861 172 79 dans
1626 1861 129 79 le
1669 1861 151 79 demi-

464 1922 159 68 jour
564 1922 119 68 de
623 1922 119 68 la
683 1922 199 68 pièce.
822 1922 119 68 En
882 1922 199 68 avant,
1021 1922 139 68 sur
1101 1922 119 68 la
1160 1922 259 68 tablette,
1359 1922 239 68 vivement
1538 1922 259 68 éclairés,
1718 1922 99 68 des

463 1983 308 83 candélabres
710 1983 123 83 de
771 1983 226 83 cristal
935 1983 123 83 et
997 1983 144 83 des
1079 1983 246 83 bibelots
1263 1983 123 83 de
1325 1983 287 83 porcelaine
1550 1983 123 83 ou
1612 1983 123 83 de
1653 1983 164 83 bronze

464 2043 134 71 de
531 2043 134 71 la
575 2043 179 71 Chine.

515 2135 162 83 Signé
623 2135 108 83 et
677 2135 144 83 daté
767 2135 108 83 en
821 2135 144 83 bas,
911 2135 90 83 à
947 2135 198 83 droite,
1090 2135 234 83 Oswald
1270 2135 270 83 Birley
1468 2135 126 83 1910.
