2090 2737
500 267 160 92 des
592 267 229 92 revues
752 267 137 92 ou
820 267 160 92 des
912 267 252 92 livres.
1095 267 160 92 Ses
1187 267 297 92 premières
1415 267 297 92 peintures
1621 267 229 92 semblent

490 350 222 84 dater
638 350 148 84 de
712 350 222 84 1856.
860 350 197 84 Dans
983 350 148 84 la
1057 350 296 84 première
1279 350 246 84 partie
1451 350 148 84 de
1525 350 148 84 sa
1574 350 271 84 carrière,

490 430 231 78 l’art
644 430 154 78 de
721 430 385 78 Burne-Jones
1029 430 179 78 est
1131 430 487 78 essentiellement
1541 430 308 78 poétique
1746 430 103 78 et

489 485 317 75 expressif,
738 485 136 75 et
806 485 136 75 il
874 485 136 75 se
942 485 271 75 rattache
1145 485 339 75 directement
1416 485 113 75 à
1462 485 384 75 l’inspiration
1756 485 90 75 de

494 563 155 65 son
583 563 222 65 maître
738 563 266 65 Rossetti
938 563 133 65 et
1004 563 133 65 de
1071 563 155 65 ses
1160 563 222 65 guides
1315 563 289 65 préférés,
1537 563 155 65 les
1604 563 244 65 Vénitiens

491 627 136 67 du
559 627 158 67 XVe
650 627 136 67 et
717 627 136 67 du
785 627 181 67 XVIe
898 627 271 67 siècles.
1102 627 136 67 Il
1170 627 203 67 puise
1305 627 181 67 dans
1418 627 136 67 la
1486 627 339 67 littérature
1735 627 113 67 an-

491 690 267 77 glaise;
685 690 170 77 les
782 690 242 77 romans
951 690 145 77 du
1024 690 218 77 cycle
1169 690 145 77 de
1242 690 145 77 la
1315 690 218 77 Table
1460 690 218 77 Ronde
1606 690 170 77 lui
1678 690 170 77 four-

494 765 253 59 nissent
678 765 161 59 ses
770 765 230 59 thèmes
932 765 138 59 de
978 765 345 59 prédilection.

545 828 116 87 A
591 828 140 87 la
661 828 210 87 suite
801 828 140 87 de
871 828 163 87 son
964 828 233 87 voyage
1127 828 140 87 en
1197 828 233 87 Italie
1360 828 140 87 et
1430 828 186 87 avec
1546 828 163 87 ses
1616 828 233 87 préoccu-

492 885 272 85 pations
690 885 272 85 d’ordre
888 885 346 85 décoratif,
1159 885 173 85 une
1258 885 395 85 modification
1579 885 148 85 se
1629 885 222 85 produit

493 964 178 65 dans
604 964 134 65 le
671 964 223 65 talent
827 964 134 65 du
893 964 245 65 maître;
1071 964 134 65 il
1138 964 156 65 est
1227 964 245 65 orienté
1405 964 312 65 maintenant
1650 964 178 65 vers
1739 964 111 65 les

492 1027 230 80 grands
653 1027 276 80 Italiens
859 1027 138 80 du
928 1027 184 80 XVIe
1043 1027 253 80 siècle;
1227 1027 138 80 il
1296 1027 253 80 cherche
1480 1027 207 80 alors
1617 1027 138 80 le
1663 1027 184 80 style;

493 1093 134 82 sa
560 1093 312 82 coloration
805 1093 134 82 se
872 1093 290 82 refroidit
1094 1093 134 82 et
1161 1093 134 82 il
1228 1093 156 82 est
1317 1093 201 82 hanté
1451 1093 156 82 par
1540 1093 134 82 la
1585 1093 267 82 préoccupa-

492 1161 195 76 tion
614 1161 147 76 du
663 1161 195 76 décor.

553 1206 137 90 Il
622 1206 205 90 avait
758 1206 159 90 été
849 1206 182 90 créé
963 1206 273 90 baronnet
1168 1206 137 90 en
1236 1206 205 90 1894;
1372 1206 137 90 il
1441 1206 205 90 était
1577 1206 228 90 membre
1714 1206 137 90 cor-

494 1291 322 111 respondant
747 1291 138 111 de
816 1291 345 111 l’Institut,
1092 1291 299 111 chevalier
1323 1291 138 111 de
1392 1291 138 111 la
1461 1291 230 111 Légion
1599 1291 253 111 d’honneur

487 1355 183 87 (en
565 1355 209 87 1889).

549 1401 274 98 Jusqu’en
755 1401 206 98 1865,
892 1401 137 98 il
960 1401 206 98 peint
1097 1401 137 98 de
1166 1401 320 98 préférence
1417 1401 114 98 à
1463 1401 365 98 l’aquarelle.
1737 1401 114 98 Ses

502 1507 296 64 principaux
734 1507 253 64 ouvrages
924 1507 190 64 sont:
1051 1507 190 64 le
1177 1507 274 64 Chevalier
1389 1507 464 64 miséricordieux
1769 1507 84 64 et

507 1554 154 73 le
609 1554 120 73 Vin
678 1554 102 73 de
729 1554 222 73 Circé
900 1554 188 73 (1863),
1036 1554 102 73 le
1088 1554 205 73 Conte
1241 1554 102 73 de
1292 1554 102 73 la
1344 1554 256 73 Prieure
1549 1554 188 73 (1865),
1668 1554 188 73 le

503 1630 216 80 Chant
665 1630 271 80 d’amour
882 1630 289 80 (1868-1877),
1116 1630 198 80 Laus
1261 1630 271 80 Veneris
1477 1630 253 80 (1873-75),
1658 1630 198 80 le

502 1705 220 81 Miroir
671 1705 101 81 de
722 1705 220 81 Vénus
891 1705 186 81 (1875),
1026 1705 287 81 l’Escalier
1263 1705 203 81 d’or
1415 1705 186 81 (1880),
1550 1705 152 81 la
1651 1705 135 81 Roue
1719 1705 135 81 de

504 1760 173 72 la
619 1760 289 72 Fortune
850 1760 212 72 (1883),
1005 1760 193 72 les
1139 1760 289 72 Profondeurs
1370 1760 116 72 de
1428 1760 116 72 la
1486 1760 212 72 Mer
1640 1760 212 72 (1886),
1775 1760 77 72 le

503 1826 180 61 Roi
629 1826 216 61 Cophetua
791 1826 108 61 et
845 1826 108 61 la
899 1826 180 61 petite
1025 1826 306 61 Mendiante
1277 1826 198 61 (1884),
1421 1826 252 61 l'Amour
1619 1826 144 61 dans
1691 1826 162 61 les

501 1904 364 68 ruines
800 1904 214 68 (1894)
950 1904 129 68 et
1015 1904 150 68 les
1100 1904 214 68 cycles
1250 1904 129 68 se
1315 1904 300 68 rapportant
1550 1904 150 68 aux
1614 1904 236 68 histoires

498 1969 299 66 d’Arthur,
728 1969 138 66 de
797 1969 253 66 Tristan
980 1969 138 66 ou
1049 1969 161 66 aux
1141 1969 276 66 légendes
1348 1969 299 66 antiques,
1554 1969 299 66 transposées

495 2031 121 85 à
543 2031 145 85 la
616 2031 266 85 manière
809 2031 145 85 de
882 2031 290 85 Boccace,
1099 2031 218 85 comme
1244 2031 339 85 l’histoire
1510 2031 145 85 de
1559 2031 290 85 Pygmalion,

496 2090 147 110 de
570 2090 270 110 Persée,
766 2090 147 110 de
815 2090 221 110 Psyché.
