2059 2752
672 278 103 76 6.
723 278 154 76 La
826 278 154 76 Fille
929 278 103 76 du
964 278 154 76 roi

668 350 129 97 H.
733 350 108 97 :
776 350 194 97 1,07;
906 350 129 97 L.
970 350 108 97 :
992 350 151 97 0,67.

275 483 126 91 La
338 483 190 91 jeune
465 483 274 91 princesse
675 483 190 91 Sabra
802 483 126 91 se
865 483 232 91 promène
1034 483 169 91 dans
1139 483 148 91 son
1224 483 232 91 jardin,
1392 483 169 91 clos
1477 483 105 91 par

225 550 143 83 des
306 550 184 83 haies
429 550 123 83 de
490 550 204 83 roses,
633 550 143 83 qui
715 550 123 83 le
776 550 245 83 séparent
960 550 123 83 de
1021 550 123 83 la
1083 550 225 83 lisière
1246 550 123 83 du
1307 550 163 83 bois
1389 550 184 83 voisin.

225 603 161 101 Elle
326 603 121 101 se
386 603 202 101 dirige
528 603 161 101 vers
628 603 121 101 la
689 603 222 101 droite,
850 603 242 101 relevant
1032 603 182 101 d’une
1153 603 161 101 main
1254 603 121 101 sa
1315 603 202 101 longue
1436 603 141 101 robe,

223 673 163 82 d’un
325 673 143 82 ton
406 673 184 82 vieux
529 673 184 82 rose,
652 673 123 82 et
713 673 204 82 lisant
856 673 163 82 dans
958 673 143 82 son
1019 673 184 82 missel.

269 725 209 103 Signé
408 725 139 103 et
478 725 209 103 daté,
617 725 139 103 en
686 725 186 103 bas,
802 725 116 103 à
849 725 255 103 gauche,
1034 725 139 103 du
1104 725 325 103 monogramme
1359 725 139 103 E.
1429 725 139 103 B.
1475 725 93 103 J.

197 788 220 76 1865

270 829 210 116 Panneau
423 829 210 116 faisant
576 829 191 116 partie
710 829 153 116 d’un
805 829 229 116 ensemble
977 829 115 116 de
1035 829 268 116 l’histoire
1245 829 115 116 de
1283 829 287 116 Saint

219 913 269 93 Georges
430 913 115 93 et
488 913 115 93 du
545 913 288 93 dragon,
776 913 211 93 exécuté
930 913 154 93 pour
1026 913 115 93 la
1084 913 173 93 salle
1199 913 96 93 à
1237 913 192 93 manger
1372 913 115 93 de
1410 913 154 93 Birket

218 977 243 80 Foster,
395 977 111 80 à
439 977 243 80 Wibley.
616 977 111 80 —
660 977 155 80 Une
749 977 221 80 petite
904 977 288 80 réduction
1125 977 133 80 de
1191 977 199 80 cette
1324 977 265 80 peinture
1501 977 66 80 a

213 1039 217 93 figuré
365 1039 109 93 à
409 1039 347 93 l’Exposition
691 1039 261 93 posthume
887 1039 130 93 de
930 1039 304 93 Burne

-123 2658 231 90 4
