<alto xmlns:xsi="http://www.w3.org/2001/XMLSchema-instance" xmlns="http://www.loc.gov/standards/alto/ns-v2#" xmlns:page="http://schema.primaresearch.org/PAGE/gts/pagecontent/2013-07-15" xsi:schemaLocation="http://www.loc.gov/standards/alto/ns-v2# http://www.loc.gov/standards/alto/alto.xsd">
  <Description>
    <MeasurementUnit>pixel</MeasurementUnit>
    <sourceImageInformation>
         <fileName>50.jpg</fileName>
      </sourceImageInformation>
    <OCRProcessing ID="IdOcr">
      <ocrProcessingStep>
        <processingDateTime>2020-10-31T11:03:27.201+01:00</processingDateTime>
        <processingSoftware>
               <softwareCreator>CONTRIBUTORS</softwareCreator>
               <softwareName>pdfalto</softwareName>
               <softwareVersion>0.1</softwareVersion>
            </processingSoftware>
      </ocrProcessingStep>
    </OCRProcessing>
  </Description>
  <Styles>
   <TextStyle ID="FONT0" FONTFAMILY="unknown" FONTSIZE="unknown" FONTSTYLE=""/>
   <TextStyle ID="FONT1" FONTFAMILY="unknown" FONTSIZE="unknown" FONTSTYLE="bold"/>
   <TextStyle ID="FONT2" FONTFAMILY="unknown" FONTSIZE="unknown" FONTSTYLE="italics"/>
  </Styles>
  <Tags/>
  <Layout>
    <Page ID="Page1" PHYSICAL_IMG_NR="1" HEIGHT="2740" WIDTH="2090">
      <PrintSpace HEIGHT="2536" WIDTH="2090" VPOS="153" HPOS="0">
        <TextBlock ID="r_1_1" HEIGHT="55" WIDTH="707" VPOS="658" HPOS="819">
          <TextLine ID="tl_1" BASELINE="742" HEIGHT="116" WIDTH="722" VPOS="626" HPOS="811">
            <String HEIGHT="116" WIDTH="323" VPOS="626" HPOS="792" CONTENT="CONDER" ID="tl_1_1" STYLEREFS="FONT1"/>
            <SP HEIGHT="116" WIDTH="19" VPOS="626" HPOS="1115"/>
            <String HEIGHT="116" WIDTH="494" VPOS="626" HPOS="1039" CONTENT="(Charles" ID="tl_1_2" STYLEREFS="FONT1"/>
          </TextLine>
        </TextBlock>
        <TextBlock ID="r_2_1" HEIGHT="522" WIDTH="1320" VPOS="834" HPOS="515">
          <TextLine ID="tl_2" BASELINE="905" HEIGHT="88" WIDTH="1273" VPOS="817" HPOS="564">
            <String HEIGHT="88" WIDTH="136" VPOS="817" HPOS="541" CONTENT="Né" ID="tl_2_1" STYLEREFS="FONT0"/>
            <SP HEIGHT="88" WIDTH="23" VPOS="817" HPOS="678"/>
            <String HEIGHT="88" WIDTH="114" VPOS="817" HPOS="609" CONTENT="à" ID="tl_2_2" STYLEREFS="FONT0"/>
            <SP HEIGHT="88" WIDTH="23" VPOS="817" HPOS="723"/>
            <String HEIGHT="88" WIDTH="250" VPOS="817" HPOS="655" CONTENT="Londres" ID="tl_2_3" STYLEREFS="FONT0"/>
            <SP HEIGHT="88" WIDTH="23" VPOS="817" HPOS="905"/>
            <String HEIGHT="88" WIDTH="136" VPOS="817" HPOS="837" CONTENT="le" ID="tl_2_4" STYLEREFS="FONT0"/>
            <SP HEIGHT="88" WIDTH="23" VPOS="817" HPOS="973"/>
            <String HEIGHT="88" WIDTH="136" VPOS="817" HPOS="905" CONTENT="24" ID="tl_2_5" STYLEREFS="FONT0"/>
            <SP HEIGHT="88" WIDTH="23" VPOS="817" HPOS="1041"/>
            <String HEIGHT="88" WIDTH="250" VPOS="817" HPOS="973" CONTENT="octobre" ID="tl_2_6" STYLEREFS="FONT0"/>
            <SP HEIGHT="88" WIDTH="23" VPOS="817" HPOS="1223"/>
            <String HEIGHT="88" WIDTH="205" VPOS="817" HPOS="1155" CONTENT="1868," ID="tl_2_7" STYLEREFS="FONT0"/>
            <SP HEIGHT="88" WIDTH="23" VPOS="817" HPOS="1360"/>
            <String HEIGHT="88" WIDTH="182" VPOS="817" HPOS="1291" CONTENT="mort" ID="tl_2_8" STYLEREFS="FONT0"/>
            <SP HEIGHT="88" WIDTH="23" VPOS="817" HPOS="1473"/>
            <String HEIGHT="88" WIDTH="136" VPOS="817" HPOS="1405" CONTENT="le" ID="tl_2_9" STYLEREFS="FONT0"/>
            <SP HEIGHT="88" WIDTH="23" VPOS="817" HPOS="1541"/>
            <String HEIGHT="88" WIDTH="114" VPOS="817" HPOS="1473" CONTENT="9" ID="tl_2_10" STYLEREFS="FONT0"/>
            <SP HEIGHT="88" WIDTH="23" VPOS="817" HPOS="1587"/>
            <String HEIGHT="88" WIDTH="250" VPOS="817" HPOS="1519" CONTENT="février" ID="tl_2_11" STYLEREFS="FONT0"/>
            <SP HEIGHT="88" WIDTH="23" VPOS="817" HPOS="1769"/>
            <String HEIGHT="88" WIDTH="159" VPOS="817" HPOS="1678" CONTENT="1909." ID="tl_2_12" STYLEREFS="FONT0"/>
          </TextLine>
          <TextLine ID="tl_3" BASELINE="962" HEIGHT="82" WIDTH="1325" VPOS="880" HPOS="509">
            <String HEIGHT="82" WIDTH="286" VPOS="880" HPOS="483" CONTENT="Voyagea" ID="tl_3_1" STYLEREFS="FONT0"/>
            <SP HEIGHT="82" WIDTH="26" VPOS="880" HPOS="769"/>
            <String HEIGHT="82" WIDTH="208" VPOS="880" HPOS="691" CONTENT="dans" ID="tl_3_2" STYLEREFS="FONT0"/>
            <SP HEIGHT="82" WIDTH="26" VPOS="880" HPOS="899"/>
            <String HEIGHT="82" WIDTH="156" VPOS="880" HPOS="821" CONTENT="sa" ID="tl_3_3" STYLEREFS="FONT0"/>
            <SP HEIGHT="82" WIDTH="26" VPOS="880" HPOS="977"/>
            <String HEIGHT="82" WIDTH="312" VPOS="880" HPOS="899" CONTENT="jeunesse" ID="tl_3_4" STYLEREFS="FONT0"/>
            <SP HEIGHT="82" WIDTH="26" VPOS="880" HPOS="1210"/>
            <String HEIGHT="82" WIDTH="182" VPOS="880" HPOS="1133" CONTENT="aux" ID="tl_3_5" STYLEREFS="FONT0"/>
            <SP HEIGHT="82" WIDTH="26" VPOS="880" HPOS="1314"/>
            <String HEIGHT="82" WIDTH="234" VPOS="880" HPOS="1236" CONTENT="Indes" ID="tl_3_6" STYLEREFS="FONT0"/>
            <SP HEIGHT="82" WIDTH="26" VPOS="880" HPOS="1470"/>
            <String HEIGHT="82" WIDTH="156" VPOS="880" HPOS="1392" CONTENT="et" ID="tl_3_7" STYLEREFS="FONT0"/>
            <SP HEIGHT="82" WIDTH="26" VPOS="880" HPOS="1548"/>
            <String HEIGHT="82" WIDTH="156" VPOS="880" HPOS="1470" CONTENT="en" ID="tl_3_8" STYLEREFS="FONT0"/>
            <SP HEIGHT="82" WIDTH="26" VPOS="880" HPOS="1626"/>
            <String HEIGHT="82" WIDTH="312" VPOS="880" HPOS="1522" CONTENT="Australie." ID="tl_3_9" STYLEREFS="FONT0"/>
          </TextLine>
          <TextLine ID="tl_4" BASELINE="1025" HEIGHT="71" WIDTH="1332" VPOS="954" HPOS="509">
            <String HEIGHT="71" WIDTH="309" VPOS="954" HPOS="485" CONTENT="Travailla" ID="tl_4_1" STYLEREFS="FONT0"/>
            <SP HEIGHT="71" WIDTH="24" VPOS="954" HPOS="794"/>
            <String HEIGHT="71" WIDTH="143" VPOS="954" HPOS="723" CONTENT="en" ID="tl_4_2" STYLEREFS="FONT0"/>
            <SP HEIGHT="71" WIDTH="24" VPOS="954" HPOS="866"/>
            <String HEIGHT="71" WIDTH="238" VPOS="954" HPOS="794" CONTENT="France" ID="tl_4_3" STYLEREFS="FONT0"/>
            <SP HEIGHT="71" WIDTH="24" VPOS="954" HPOS="1032"/>
            <String HEIGHT="71" WIDTH="190" VPOS="954" HPOS="961" CONTENT="dans" ID="tl_4_4" STYLEREFS="FONT0"/>
            <SP HEIGHT="71" WIDTH="24" VPOS="954" HPOS="1151"/>
            <String HEIGHT="71" WIDTH="309" VPOS="954" HPOS="1080" CONTENT="l’atelier" ID="tl_4_5" STYLEREFS="FONT0"/>
            <SP HEIGHT="71" WIDTH="24" VPOS="954" HPOS="1389"/>
            <String HEIGHT="71" WIDTH="143" VPOS="954" HPOS="1318" CONTENT="de" ID="tl_4_6" STYLEREFS="FONT0"/>
            <SP HEIGHT="71" WIDTH="24" VPOS="954" HPOS="1460"/>
            <String HEIGHT="71" WIDTH="238" VPOS="954" HPOS="1389" CONTENT="Cormon" ID="tl_4_7" STYLEREFS="FONT0"/>
            <SP HEIGHT="71" WIDTH="24" VPOS="954" HPOS="1627"/>
            <String HEIGHT="71" WIDTH="143" VPOS="954" HPOS="1556" CONTENT="et" ID="tl_4_8" STYLEREFS="FONT0"/>
            <SP HEIGHT="71" WIDTH="24" VPOS="954" HPOS="1698"/>
            <String HEIGHT="71" WIDTH="238" VPOS="954" HPOS="1627" CONTENT="exposa" ID="tl_4_9" STYLEREFS="FONT0"/>
            <SP HEIGHT="71" WIDTH="24" VPOS="954" HPOS="1865"/>
            <String HEIGHT="71" WIDTH="71" VPOS="954" HPOS="1770" CONTENT="à" ID="tl_4_10" STYLEREFS="FONT0"/>
          </TextLine>
          <TextLine ID="tl_5" BASELINE="1105" HEIGHT="76" WIDTH="1324" VPOS="1029" HPOS="510">
            <String HEIGHT="76" WIDTH="137" VPOS="1029" HPOS="487" CONTENT="la" ID="tl_5_1" STYLEREFS="FONT0"/>
            <SP HEIGHT="76" WIDTH="23" VPOS="1029" HPOS="624"/>
            <String HEIGHT="76" WIDTH="251" VPOS="1029" HPOS="556" CONTENT="Société" ID="tl_5_2" STYLEREFS="FONT0"/>
            <SP HEIGHT="76" WIDTH="23" VPOS="1029" HPOS="807"/>
            <String HEIGHT="76" WIDTH="297" VPOS="1029" HPOS="738" CONTENT="Nationale" ID="tl_5_3" STYLEREFS="FONT0"/>
            <SP HEIGHT="76" WIDTH="23" VPOS="1029" HPOS="1035"/>
            <String HEIGHT="76" WIDTH="183" VPOS="1029" HPOS="967" CONTENT="dont" ID="tl_5_4" STYLEREFS="FONT0"/>
            <SP HEIGHT="76" WIDTH="23" VPOS="1029" HPOS="1149"/>
            <String HEIGHT="76" WIDTH="137" VPOS="1029" HPOS="1081" CONTENT="il" ID="tl_5_5" STYLEREFS="FONT0"/>
            <SP HEIGHT="76" WIDTH="23" VPOS="1029" HPOS="1218"/>
            <String HEIGHT="76" WIDTH="205" VPOS="1029" HPOS="1149" CONTENT="était" ID="tl_5_6" STYLEREFS="FONT0"/>
            <SP HEIGHT="76" WIDTH="23" VPOS="1029" HPOS="1355"/>
            <String HEIGHT="76" WIDTH="320" VPOS="1029" HPOS="1286" CONTENT="sociétaire" ID="tl_5_7" STYLEREFS="FONT0"/>
            <SP HEIGHT="76" WIDTH="23" VPOS="1029" HPOS="1606"/>
            <String HEIGHT="76" WIDTH="228" VPOS="1029" HPOS="1537" CONTENT="depuis" ID="tl_5_8" STYLEREFS="FONT0"/>
            <SP HEIGHT="76" WIDTH="23" VPOS="1029" HPOS="1766"/>
            <String HEIGHT="76" WIDTH="160" VPOS="1029" HPOS="1674" CONTENT="1898." ID="tl_5_9" STYLEREFS="FONT0"/>
          </TextLine>
          <TextLine ID="tl_6" BASELINE="1167" HEIGHT="88" WIDTH="1331" VPOS="1079" HPOS="509">
            <String HEIGHT="88" WIDTH="155" VPOS="1079" HPOS="487" CONTENT="Une" ID="tl_6_1" STYLEREFS="FONT0"/>
            <SP HEIGHT="88" WIDTH="22" VPOS="1079" HPOS="642"/>
            <String HEIGHT="88" WIDTH="311" VPOS="1079" HPOS="576" CONTENT="exposition" ID="tl_6_2" STYLEREFS="FONT0"/>
            <SP HEIGHT="88" WIDTH="22" VPOS="1079" HPOS="886"/>
            <String HEIGHT="88" WIDTH="355" VPOS="1079" HPOS="820" CONTENT="particulière" ID="tl_6_3" STYLEREFS="FONT0"/>
            <SP HEIGHT="88" WIDTH="22" VPOS="1079" HPOS="1175"/>
            <String HEIGHT="88" WIDTH="133" VPOS="1079" HPOS="1108" CONTENT="de" ID="tl_6_4" STYLEREFS="FONT0"/>
            <SP HEIGHT="88" WIDTH="22" VPOS="1079" HPOS="1241"/>
            <String HEIGHT="88" WIDTH="155" VPOS="1079" HPOS="1175" CONTENT="ses" ID="tl_6_5" STYLEREFS="FONT0"/>
            <SP HEIGHT="88" WIDTH="22" VPOS="1079" HPOS="1330"/>
            <String HEIGHT="88" WIDTH="222" VPOS="1079" HPOS="1263" CONTENT="œuvres" ID="tl_6_6" STYLEREFS="FONT0"/>
            <SP HEIGHT="88" WIDTH="22" VPOS="1079" HPOS="1485"/>
            <String HEIGHT="88" WIDTH="111" VPOS="1079" HPOS="1419" CONTENT="a" ID="tl_6_7" STYLEREFS="FONT0"/>
            <SP HEIGHT="88" WIDTH="22" VPOS="1079" HPOS="1529"/>
            <String HEIGHT="88" WIDTH="133" VPOS="1079" HPOS="1463" CONTENT="eu" ID="tl_6_8" STYLEREFS="FONT0"/>
            <SP HEIGHT="88" WIDTH="22" VPOS="1079" HPOS="1596"/>
            <String HEIGHT="88" WIDTH="177" VPOS="1079" HPOS="1529" CONTENT="lieu" ID="tl_6_9" STYLEREFS="FONT0"/>
            <SP HEIGHT="88" WIDTH="22" VPOS="1079" HPOS="1707"/>
            <String HEIGHT="88" WIDTH="111" VPOS="1079" HPOS="1640" CONTENT="à" ID="tl_6_10" STYLEREFS="FONT0"/>
            <SP HEIGHT="88" WIDTH="22" VPOS="1079" HPOS="1751"/>
            <String HEIGHT="88" WIDTH="177" VPOS="1079" HPOS="1663" CONTENT="Paris," ID="tl_6_11" STYLEREFS="FONT0"/>
          </TextLine>
          <TextLine ID="tl_7" BASELINE="1244" HEIGHT="90" WIDTH="1335" VPOS="1154" HPOS="507">
            <String HEIGHT="90" WIDTH="294" VPOS="1154" HPOS="480" CONTENT="galerie" ID="tl_7_1" STYLEREFS="FONT0"/>
            <SP HEIGHT="90" WIDTH="27" VPOS="1154" HPOS="774"/>
            <String HEIGHT="90" WIDTH="427" VPOS="1154" HPOS="694" CONTENT="Durand-Ruel," ID="tl_7_2" STYLEREFS="FONT0"/>
            <SP HEIGHT="90" WIDTH="27" VPOS="1154" HPOS="1121"/>
            <String HEIGHT="90" WIDTH="160" VPOS="1154" HPOS="1041" CONTENT="en" ID="tl_7_3" STYLEREFS="FONT0"/>
            <SP HEIGHT="90" WIDTH="27" VPOS="1154" HPOS="1201"/>
            <String HEIGHT="90" WIDTH="240" VPOS="1154" HPOS="1121" CONTENT="1906." ID="tl_7_4" STYLEREFS="FONT0"/>
            <SP HEIGHT="90" WIDTH="27" VPOS="1154" HPOS="1361"/>
            <String HEIGHT="90" WIDTH="134" VPOS="1154" HPOS="1281" CONTENT="—" ID="tl_7_5" STYLEREFS="FONT0"/>
            <SP HEIGHT="90" WIDTH="27" VPOS="1154" HPOS="1415"/>
            <String HEIGHT="90" WIDTH="160" VPOS="1154" HPOS="1335" CONTENT="Le" ID="tl_7_6" STYLEREFS="FONT0"/>
            <SP HEIGHT="90" WIDTH="27" VPOS="1154" HPOS="1495"/>
            <String HEIGHT="90" WIDTH="240" VPOS="1154" HPOS="1415" CONTENT="Musée" ID="tl_7_7" STYLEREFS="FONT0"/>
            <SP HEIGHT="90" WIDTH="27" VPOS="1154" HPOS="1655"/>
            <String HEIGHT="90" WIDTH="160" VPOS="1154" HPOS="1575" CONTENT="du" ID="tl_7_8" STYLEREFS="FONT0"/>
            <SP HEIGHT="90" WIDTH="27" VPOS="1154" HPOS="1735"/>
            <String HEIGHT="90" WIDTH="214" VPOS="1154" HPOS="1628" CONTENT="Luxem" SUBS_TYPE="HypPart1" SUBS_CONTENT="Luxembourg" ID="tl_7_9" STYLEREFS="FONT0"/>
            <HYP CONTENT="-"/>
          </TextLine>
          <TextLine ID="tl_8" BASELINE="1315" HEIGHT="99" WIDTH="1332" VPOS="1216" HPOS="510">
            <String HEIGHT="99" WIDTH="197" VPOS="1216" HPOS="488" CONTENT="bourg" SUBS_TYPE="HypPart2" SUBS_CONTENT="Luxembourg" ID="tl_8_1" STYLEREFS="FONT0"/>
            <SP HEIGHT="99" WIDTH="22" VPOS="1216" HPOS="685"/>
            <String HEIGHT="99" WIDTH="240" VPOS="1216" HPOS="619" CONTENT="possède" ID="tl_8_2" STYLEREFS="FONT0"/>
            <SP HEIGHT="99" WIDTH="22" VPOS="1216" HPOS="859"/>
            <String HEIGHT="99" WIDTH="175" VPOS="1216" HPOS="794" CONTENT="déjà" ID="tl_8_3" STYLEREFS="FONT0"/>
            <SP HEIGHT="99" WIDTH="22" VPOS="1216" HPOS="969"/>
            <String HEIGHT="99" WIDTH="131" VPOS="1216" HPOS="903" CONTENT="de" ID="tl_8_4" STYLEREFS="FONT0"/>
            <SP HEIGHT="99" WIDTH="22" VPOS="1216" HPOS="1034"/>
            <String HEIGHT="99" WIDTH="153" VPOS="1216" HPOS="969" CONTENT="lui" ID="tl_8_5" STYLEREFS="FONT0"/>
            <SP HEIGHT="99" WIDTH="22" VPOS="1216" HPOS="1121"/>
            <String HEIGHT="99" WIDTH="131" VPOS="1216" HPOS="1056" CONTENT="un" ID="tl_8_6" STYLEREFS="FONT0"/>
            <SP HEIGHT="99" WIDTH="22" VPOS="1216" HPOS="1187"/>
            <String HEIGHT="99" WIDTH="262" VPOS="1216" HPOS="1121" CONTENT="tableau," ID="tl_8_7" STYLEREFS="FONT0"/>
            <SP HEIGHT="99" WIDTH="22" VPOS="1216" HPOS="1383"/>
            <String HEIGHT="99" WIDTH="437" VPOS="1216" HPOS="1318" CONTENT="Magnolia" ID="tl_8_8" STYLEREFS="FONT2"/>
            <SP HEIGHT="99" WIDTH="22" VPOS="1216" HPOS="1755"/>
            <String HEIGHT="99" WIDTH="175" VPOS="1216" HPOS="1667" CONTENT="acquis" ID="tl_8_9" STYLEREFS="FONT0"/>
          </TextLine>
          <TextLine ID="tl_9" BASELINE="1380" HEIGHT="84" WIDTH="214" VPOS="1296" HPOS="508">
            <String HEIGHT="84" WIDTH="161" VPOS="1296" HPOS="481" CONTENT="en" ID="tl_9_1" STYLEREFS="FONT0"/>
            <SP HEIGHT="84" WIDTH="27" VPOS="1296" HPOS="642"/>
            <String HEIGHT="84" WIDTH="187" VPOS="1296" HPOS="535" CONTENT="1904." ID="tl_9_2" STYLEREFS="FONT0"/>
          </TextLine>
        </TextBlock>
        <TextBlock ID="r_2_2" HEIGHT="375" WIDTH="1321" VPOS="1373" HPOS="515">
          <TextLine ID="tl_10" BASELINE="1426" HEIGHT="73" WIDTH="1281" VPOS="1353" HPOS="563">
            <String HEIGHT="73" WIDTH="246" VPOS="1353" HPOS="538" CONTENT="Conder" ID="tl_10_1" STYLEREFS="FONT0"/>
            <SP HEIGHT="73" WIDTH="25" VPOS="1353" HPOS="785"/>
            <String HEIGHT="73" WIDTH="123" VPOS="1353" HPOS="711" CONTENT="a" ID="tl_10_2" STYLEREFS="FONT0"/>
            <SP HEIGHT="73" WIDTH="25" VPOS="1353" HPOS="834"/>
            <String HEIGHT="73" WIDTH="222" VPOS="1353" HPOS="760" CONTENT="peint" ID="tl_10_3" STYLEREFS="FONT0"/>
            <SP HEIGHT="73" WIDTH="25" VPOS="1353" HPOS="982"/>
            <String HEIGHT="73" WIDTH="271" VPOS="1353" HPOS="908" CONTENT="surtout" ID="tl_10_4" STYLEREFS="FONT0"/>
            <SP HEIGHT="73" WIDTH="25" VPOS="1353" HPOS="1179"/>
            <String HEIGHT="73" WIDTH="172" VPOS="1353" HPOS="1105" CONTENT="des" ID="tl_10_5" STYLEREFS="FONT0"/>
            <SP HEIGHT="73" WIDTH="25" VPOS="1353" HPOS="1277"/>
            <String HEIGHT="73" WIDTH="320" VPOS="1353" HPOS="1204" CONTENT="éventails" ID="tl_10_6" STYLEREFS="FONT0"/>
            <SP HEIGHT="73" WIDTH="25" VPOS="1353" HPOS="1524"/>
            <String HEIGHT="73" WIDTH="148" VPOS="1353" HPOS="1450" CONTENT="ou" ID="tl_10_7" STYLEREFS="FONT0"/>
            <SP HEIGHT="73" WIDTH="25" VPOS="1353" HPOS="1598"/>
            <String HEIGHT="73" WIDTH="172" VPOS="1353" HPOS="1524" CONTENT="des" ID="tl_10_8" STYLEREFS="FONT0"/>
            <SP HEIGHT="73" WIDTH="25" VPOS="1353" HPOS="1696"/>
            <String HEIGHT="73" WIDTH="246" VPOS="1353" HPOS="1598" CONTENT="panneaux" ID="tl_10_9" STYLEREFS="FONT0"/>
          </TextLine>
          <TextLine ID="tl_11" BASELINE="1507" HEIGHT="81" WIDTH="1332" VPOS="1426" HPOS="509">
            <String HEIGHT="81" WIDTH="322" VPOS="1426" HPOS="486" CONTENT="décoratifs" ID="tl_11_1" STYLEREFS="FONT0"/>
            <SP HEIGHT="81" WIDTH="23" VPOS="1426" HPOS="808"/>
            <String HEIGHT="81" WIDTH="367" VPOS="1426" HPOS="739" CONTENT="généralement" ID="tl_11_2" STYLEREFS="FONT0"/>
            <SP HEIGHT="81" WIDTH="23" VPOS="1426" HPOS="1106"/>
            <String HEIGHT="81" WIDTH="161" VPOS="1426" HPOS="1037" CONTENT="sur" ID="tl_11_3" STYLEREFS="FONT0"/>
            <SP HEIGHT="81" WIDTH="23" VPOS="1426" HPOS="1198"/>
            <String HEIGHT="81" WIDTH="184" VPOS="1426" HPOS="1129" CONTENT="soie" ID="tl_11_4" STYLEREFS="FONT0"/>
            <SP HEIGHT="81" WIDTH="23" VPOS="1426" HPOS="1313"/>
            <String HEIGHT="81" WIDTH="138" VPOS="1426" HPOS="1244" CONTENT="et" ID="tl_11_5" STYLEREFS="FONT0"/>
            <SP HEIGHT="81" WIDTH="23" VPOS="1426" HPOS="1382"/>
            <String HEIGHT="81" WIDTH="115" VPOS="1426" HPOS="1313" CONTENT="à" ID="tl_11_6" STYLEREFS="FONT0"/>
            <SP HEIGHT="81" WIDTH="23" VPOS="1426" HPOS="1428"/>
            <String HEIGHT="81" WIDTH="367" VPOS="1426" HPOS="1359" CONTENT="l’aquarelle." ID="tl_11_7" STYLEREFS="FONT0"/>
            <SP HEIGHT="81" WIDTH="23" VPOS="1426" HPOS="1726"/>
            <String HEIGHT="81" WIDTH="138" VPOS="1426" HPOS="1657" CONTENT="Ce" ID="tl_11_8" STYLEREFS="FONT0"/>
            <SP HEIGHT="81" WIDTH="23" VPOS="1426" HPOS="1795"/>
            <String HEIGHT="81" WIDTH="138" VPOS="1426" HPOS="1703" CONTENT="sont" ID="tl_11_9" STYLEREFS="FONT0"/>
          </TextLine>
          <TextLine ID="tl_12" BASELINE="1563" HEIGHT="64" WIDTH="1332" VPOS="1499" HPOS="508">
            <String HEIGHT="64" WIDTH="173" VPOS="1499" HPOS="483" CONTENT="des" ID="tl_12_1" STYLEREFS="FONT0"/>
            <SP HEIGHT="64" WIDTH="25" VPOS="1499" HPOS="656"/>
            <String HEIGHT="64" WIDTH="247" VPOS="1499" HPOS="582" CONTENT="sortes" ID="tl_12_2" STYLEREFS="FONT0"/>
            <SP HEIGHT="64" WIDTH="25" VPOS="1499" HPOS="829"/>
            <String HEIGHT="64" WIDTH="148" VPOS="1499" HPOS="755" CONTENT="de" ID="tl_12_3" STYLEREFS="FONT0"/>
            <SP HEIGHT="64" WIDTH="25" VPOS="1499" HPOS="903"/>
            <String HEIGHT="64" WIDTH="469" VPOS="1499" HPOS="829" CONTENT="«Conversations»" ID="tl_12_4" STYLEREFS="FONT0"/>
            <SP HEIGHT="64" WIDTH="25" VPOS="1499" HPOS="1297"/>
            <String HEIGHT="64" WIDTH="148" VPOS="1499" HPOS="1223" CONTENT="ou" ID="tl_12_5" STYLEREFS="FONT0"/>
            <SP HEIGHT="64" WIDTH="25" VPOS="1499" HPOS="1371"/>
            <String HEIGHT="64" WIDTH="148" VPOS="1499" HPOS="1297" CONTENT="de" ID="tl_12_6" STYLEREFS="FONT0"/>
            <SP HEIGHT="64" WIDTH="25" VPOS="1499" HPOS="1445"/>
            <String HEIGHT="64" WIDTH="247" VPOS="1499" HPOS="1371" CONTENT="«Fêtes" ID="tl_12_7" STYLEREFS="FONT0"/>
            <SP HEIGHT="64" WIDTH="25" VPOS="1499" HPOS="1618"/>
            <String HEIGHT="64" WIDTH="296" VPOS="1499" HPOS="1544" CONTENT="galantes" ID="tl_12_8" STYLEREFS="FONT0"/>
            <SP HEIGHT="64" WIDTH="25" VPOS="1499" HPOS="1840"/>
            <String HEIGHT="64" WIDTH="99" VPOS="1499" HPOS="1741" CONTENT="»," ID="tl_12_9" STYLEREFS="FONT0"/>
          </TextLine>
          <TextLine ID="tl_13" BASELINE="1624" HEIGHT="72" WIDTH="1328" VPOS="1552" HPOS="508">
            <String HEIGHT="72" WIDTH="190" VPOS="1552" HPOS="484" CONTENT="dans" ID="tl_13_1" STYLEREFS="FONT0"/>
            <SP HEIGHT="72" WIDTH="24" VPOS="1552" HPOS="674"/>
            <String HEIGHT="72" WIDTH="142" VPOS="1552" HPOS="603" CONTENT="le" ID="tl_13_2" STYLEREFS="FONT0"/>
            <SP HEIGHT="72" WIDTH="24" VPOS="1552" HPOS="745"/>
            <String HEIGHT="72" WIDTH="308" VPOS="1552" HPOS="674" CONTENT="sentiment" ID="tl_13_3" STYLEREFS="FONT0"/>
            <SP HEIGHT="72" WIDTH="24" VPOS="1552" HPOS="982"/>
            <String HEIGHT="72" WIDTH="142" VPOS="1552" HPOS="911" CONTENT="de" ID="tl_13_4" STYLEREFS="FONT0"/>
            <SP HEIGHT="72" WIDTH="24" VPOS="1552" HPOS="1053"/>
            <String HEIGHT="72" WIDTH="261" VPOS="1552" HPOS="982" CONTENT="Watteau" ID="tl_13_5" STYLEREFS="FONT0"/>
            <SP HEIGHT="72" WIDTH="24" VPOS="1552" HPOS="1243"/>
            <String HEIGHT="72" WIDTH="142" VPOS="1552" HPOS="1172" CONTENT="ou" ID="tl_13_6" STYLEREFS="FONT0"/>
            <SP HEIGHT="72" WIDTH="24" VPOS="1552" HPOS="1314"/>
            <String HEIGHT="72" WIDTH="142" VPOS="1552" HPOS="1243" CONTENT="de" ID="tl_13_7" STYLEREFS="FONT0"/>
            <SP HEIGHT="72" WIDTH="24" VPOS="1552" HPOS="1385"/>
            <String HEIGHT="72" WIDTH="356" VPOS="1552" HPOS="1314" CONTENT="Monticelli," ID="tl_13_8" STYLEREFS="FONT0"/>
            <SP HEIGHT="72" WIDTH="24" VPOS="1552" HPOS="1670"/>
            <String HEIGHT="72" WIDTH="261" VPOS="1552" HPOS="1575" CONTENT="influencé" ID="tl_13_9" STYLEREFS="FONT0"/>
          </TextLine>
          <TextLine ID="tl_14" BASELINE="1703" HEIGHT="63" WIDTH="1334" VPOS="1640" HPOS="508">
            <String HEIGHT="63" WIDTH="176" VPOS="1640" HPOS="483" CONTENT="par" ID="tl_14_1" STYLEREFS="FONT0"/>
            <SP HEIGHT="63" WIDTH="25" VPOS="1640" HPOS="659"/>
            <String HEIGHT="63" WIDTH="302" VPOS="1640" HPOS="584" CONTENT="Whistler" ID="tl_14_2" STYLEREFS="FONT0"/>
            <SP HEIGHT="63" WIDTH="25" VPOS="1640" HPOS="886"/>
            <String HEIGHT="63" WIDTH="151" VPOS="1640" HPOS="810" CONTENT="et" ID="tl_14_3" STYLEREFS="FONT0"/>
            <SP HEIGHT="63" WIDTH="25" VPOS="1640" HPOS="961"/>
            <String HEIGHT="63" WIDTH="227" VPOS="1640" HPOS="886" CONTENT="aussi" ID="tl_14_4" STYLEREFS="FONT0"/>
            <SP HEIGHT="63" WIDTH="25" VPOS="1640" HPOS="1112"/>
            <String HEIGHT="63" WIDTH="227" VPOS="1640" HPOS="1037" CONTENT="comme" ID="tl_14_5" STYLEREFS="FONT0"/>
            <SP HEIGHT="63" WIDTH="25" VPOS="1640" HPOS="1263"/>
            <String HEIGHT="63" WIDTH="302" VPOS="1640" HPOS="1188" CONTENT="pénétrés" ID="tl_14_6" STYLEREFS="FONT0"/>
            <SP HEIGHT="63" WIDTH="25" VPOS="1640" HPOS="1490"/>
            <String HEIGHT="63" WIDTH="176" VPOS="1640" HPOS="1414" CONTENT="par" ID="tl_14_7" STYLEREFS="FONT0"/>
            <SP HEIGHT="63" WIDTH="25" VPOS="1640" HPOS="1590"/>
            <String HEIGHT="63" WIDTH="151" VPOS="1640" HPOS="1515" CONTENT="la" ID="tl_14_8" STYLEREFS="FONT0"/>
            <SP HEIGHT="63" WIDTH="25" VPOS="1640" HPOS="1666"/>
            <String HEIGHT="63" WIDTH="252" VPOS="1640" HPOS="1590" CONTENT="poésie" ID="tl_14_9" STYLEREFS="FONT0"/>
            <SP HEIGHT="63" WIDTH="25" VPOS="1640" HPOS="1842"/>
            <String HEIGHT="63" WIDTH="101" VPOS="1640" HPOS="1741" CONTENT="de" ID="tl_14_10" STYLEREFS="FONT0"/>
          </TextLine>
          <TextLine ID="tl_15" BASELINE="1760" HEIGHT="70" WIDTH="216" VPOS="1690" HPOS="508">
            <String HEIGHT="70" WIDTH="264" VPOS="1690" HPOS="460" CONTENT="Verlaine." ID="tl_15_1" STYLEREFS="FONT0"/>
          </TextLine>
        </TextBlock>
        <TextBlock ID="r_2_3" HEIGHT="376" WIDTH="1332" VPOS="1773" HPOS="513">
          <TextLine ID="tl_16" BASELINE="1825" HEIGHT="76" WIDTH="1289" VPOS="1749" HPOS="563">
            <String HEIGHT="76" WIDTH="133" VPOS="1749" HPOS="541" CONTENT="Un" ID="tl_16_1" STYLEREFS="FONT0"/>
            <SP HEIGHT="76" WIDTH="22" VPOS="1749" HPOS="674"/>
            <String HEIGHT="76" WIDTH="267" VPOS="1749" HPOS="607" CONTENT="chapitre" ID="tl_16_2" STYLEREFS="FONT0"/>
            <SP HEIGHT="76" WIDTH="22" VPOS="1749" HPOS="874"/>
            <String HEIGHT="76" WIDTH="156" VPOS="1749" HPOS="807" CONTENT="sur" ID="tl_16_3" STYLEREFS="FONT0"/>
            <SP HEIGHT="76" WIDTH="22" VPOS="1749" HPOS="963"/>
            <String HEIGHT="76" WIDTH="244" VPOS="1749" HPOS="896" CONTENT="Charles" ID="tl_16_4" STYLEREFS="FONT0"/>
            <SP HEIGHT="76" WIDTH="22" VPOS="1749" HPOS="1141"/>
            <String HEIGHT="76" WIDTH="222" VPOS="1749" HPOS="1074" CONTENT="Conder" ID="tl_16_5" STYLEREFS="FONT0"/>
            <SP HEIGHT="76" WIDTH="22" VPOS="1749" HPOS="1296"/>
            <String HEIGHT="76" WIDTH="111" VPOS="1749" HPOS="1230" CONTENT="a" ID="tl_16_6" STYLEREFS="FONT0"/>
            <SP HEIGHT="76" WIDTH="22" VPOS="1749" HPOS="1341"/>
            <String HEIGHT="76" WIDTH="178" VPOS="1749" HPOS="1274" CONTENT="paru" ID="tl_16_7" STYLEREFS="FONT0"/>
            <SP HEIGHT="76" WIDTH="22" VPOS="1749" HPOS="1452"/>
            <String HEIGHT="76" WIDTH="178" VPOS="1749" HPOS="1385" CONTENT="dans" ID="tl_16_8" STYLEREFS="FONT0"/>
            <SP HEIGHT="76" WIDTH="22" VPOS="1749" HPOS="1563"/>
            <String HEIGHT="76" WIDTH="267" VPOS="1749" HPOS="1496" CONTENT="Pages" ID="tl_16_9" STYLEREFS="FONT2"/>
            <SP HEIGHT="76" WIDTH="22" VPOS="1749" HPOS="1763"/>
            <String HEIGHT="76" WIDTH="178" VPOS="1749" HPOS="1674" CONTENT="of" ID="tl_16_10" STYLEREFS="FONT2"/>
          </TextLine>
          <TextLine ID="tl_17" BASELINE="1897" HEIGHT="79" WIDTH="1337" VPOS="1818" HPOS="506">
            <String HEIGHT="79" WIDTH="340" VPOS="1818" HPOS="483" CONTENT="Arts" ID="tl_17_1" STYLEREFS="FONT2"/>
            <SP HEIGHT="79" WIDTH="23" VPOS="1818" HPOS="823"/>
            <String HEIGHT="79" WIDTH="136" VPOS="1818" HPOS="755" CONTENT="de" ID="tl_17_2" STYLEREFS="FONT0"/>
            <SP HEIGHT="79" WIDTH="23" VPOS="1818" HPOS="891"/>
            <String HEIGHT="79" WIDTH="159" VPOS="1818" HPOS="823" CONTENT="Ch." ID="tl_17_3" STYLEREFS="FONT0"/>
            <SP HEIGHT="79" WIDTH="23" VPOS="1818" HPOS="982"/>
            <String HEIGHT="79" WIDTH="295" VPOS="1818" HPOS="914" CONTENT="Ricketts." ID="tl_17_4" STYLEREFS="FONT0"/>
            <SP HEIGHT="79" WIDTH="23" VPOS="1818" HPOS="1208"/>
            <String HEIGHT="79" WIDTH="249" VPOS="1818" HPOS="1141" CONTENT="Conder," ID="tl_17_5" STYLEREFS="FONT0"/>
            <SP HEIGHT="79" WIDTH="23" VPOS="1818" HPOS="1390"/>
            <String HEIGHT="79" WIDTH="159" VPOS="1818" HPOS="1322" CONTENT="qui" ID="tl_17_6" STYLEREFS="FONT0"/>
            <SP HEIGHT="79" WIDTH="23" VPOS="1818" HPOS="1480"/>
            <String HEIGHT="79" WIDTH="113" VPOS="1818" HPOS="1412" CONTENT="a" ID="tl_17_7" STYLEREFS="FONT0"/>
            <SP HEIGHT="79" WIDTH="23" VPOS="1818" HPOS="1526"/>
            <String HEIGHT="79" WIDTH="159" VPOS="1818" HPOS="1458" CONTENT="été" ID="tl_17_8" STYLEREFS="FONT0"/>
            <SP HEIGHT="79" WIDTH="23" VPOS="1818" HPOS="1616"/>
            <String HEIGHT="79" WIDTH="136" VPOS="1818" HPOS="1548" CONTENT="le" ID="tl_17_9" STYLEREFS="FONT0"/>
            <SP HEIGHT="79" WIDTH="23" VPOS="1818" HPOS="1684"/>
            <String HEIGHT="79" WIDTH="227" VPOS="1818" HPOS="1616" CONTENT="maître" ID="tl_17_10" STYLEREFS="FONT0"/>
            <SP HEIGHT="79" WIDTH="23" VPOS="1818" HPOS="1843"/>
            <String HEIGHT="79" WIDTH="91" VPOS="1818" HPOS="1752" CONTENT="de" ID="tl_17_11" STYLEREFS="FONT0"/>
          </TextLine>
          <TextLine ID="tl_18" BASELINE="1973" HEIGHT="75" WIDTH="1334" VPOS="1898" HPOS="507">
            <String HEIGHT="75" WIDTH="194" VPOS="1898" HPOS="483" CONTENT="Mrs." ID="tl_18_1" STYLEREFS="FONT0"/>
            <SP HEIGHT="75" WIDTH="24" VPOS="1898" HPOS="677"/>
            <String HEIGHT="75" WIDTH="243" VPOS="1898" HPOS="604" CONTENT="Davis," ID="tl_18_2" STYLEREFS="FONT0"/>
            <SP HEIGHT="75" WIDTH="24" VPOS="1898" HPOS="847"/>
            <String HEIGHT="75" WIDTH="121" VPOS="1898" HPOS="774" CONTENT="a" ID="tl_18_3" STYLEREFS="FONT0"/>
            <SP HEIGHT="75" WIDTH="24" VPOS="1898" HPOS="895"/>
            <String HEIGHT="75" WIDTH="243" VPOS="1898" HPOS="822" CONTENT="décoré" ID="tl_18_4" STYLEREFS="FONT0"/>
            <SP HEIGHT="75" WIDTH="24" VPOS="1898" HPOS="1065"/>
            <String HEIGHT="75" WIDTH="194" VPOS="1898" HPOS="992" CONTENT="dans" ID="tl_18_5" STYLEREFS="FONT0"/>
            <SP HEIGHT="75" WIDTH="24" VPOS="1898" HPOS="1186"/>
            <String HEIGHT="75" WIDTH="146" VPOS="1898" HPOS="1113" CONTENT="la" ID="tl_18_6" STYLEREFS="FONT0"/>
            <SP HEIGHT="75" WIDTH="24" VPOS="1898" HPOS="1259"/>
            <String HEIGHT="75" WIDTH="243" VPOS="1898" HPOS="1186" CONTENT="maison" ID="tl_18_7" STYLEREFS="FONT0"/>
            <SP HEIGHT="75" WIDTH="24" VPOS="1898" HPOS="1429"/>
            <String HEIGHT="75" WIDTH="146" VPOS="1898" HPOS="1356" CONTENT="de" ID="tl_18_8" STYLEREFS="FONT0"/>
            <SP HEIGHT="75" WIDTH="24" VPOS="1898" HPOS="1501"/>
            <String HEIGHT="75" WIDTH="146" VPOS="1898" HPOS="1429" CONTENT="M." ID="tl_18_9" STYLEREFS="FONT0"/>
            <SP HEIGHT="75" WIDTH="24" VPOS="1898" HPOS="1574"/>
            <String HEIGHT="75" WIDTH="243" VPOS="1898" HPOS="1501" CONTENT="Edmund" ID="tl_18_10" STYLEREFS="FONT0"/>
            <SP HEIGHT="75" WIDTH="24" VPOS="1898" HPOS="1744"/>
            <String HEIGHT="75" WIDTH="194" VPOS="1898" HPOS="1647" CONTENT="Davis," ID="tl_18_11" STYLEREFS="FONT0"/>
          </TextLine>
          <TextLine ID="tl_19" BASELINE="2033" HEIGHT="70" WIDTH="1336" VPOS="1963" HPOS="509">
            <String HEIGHT="70" WIDTH="322" VPOS="1963" HPOS="484" CONTENT="Lansdowne" ID="tl_19_1" STYLEREFS="FONT0"/>
            <SP HEIGHT="70" WIDTH="25" VPOS="1963" HPOS="806"/>
            <String HEIGHT="70" WIDTH="223" VPOS="1963" HPOS="732" CONTENT="Road," ID="tl_19_2" STYLEREFS="FONT0"/>
            <SP HEIGHT="70" WIDTH="25" VPOS="1963" HPOS="954"/>
            <String HEIGHT="70" WIDTH="124" VPOS="1963" HPOS="880" CONTENT="à" ID="tl_19_3" STYLEREFS="FONT0"/>
            <SP HEIGHT="70" WIDTH="25" VPOS="1963" HPOS="1004"/>
            <String HEIGHT="70" WIDTH="297" VPOS="1963" HPOS="930" CONTENT="Londres," ID="tl_19_4" STYLEREFS="FONT0"/>
            <SP HEIGHT="70" WIDTH="25" VPOS="1963" HPOS="1226"/>
            <String HEIGHT="70" WIDTH="173" VPOS="1963" HPOS="1152" CONTENT="une" ID="tl_19_5" STYLEREFS="FONT0"/>
            <SP HEIGHT="70" WIDTH="25" VPOS="1963" HPOS="1325"/>
            <String HEIGHT="70" WIDTH="223" VPOS="1963" HPOS="1251" CONTENT="salle" ID="tl_19_6" STYLEREFS="FONT0"/>
            <SP HEIGHT="70" WIDTH="25" VPOS="1963" HPOS="1474"/>
            <String HEIGHT="70" WIDTH="272" VPOS="1963" HPOS="1400" CONTENT="entière" ID="tl_19_7" STYLEREFS="FONT0"/>
            <SP HEIGHT="70" WIDTH="25" VPOS="1963" HPOS="1672"/>
            <String HEIGHT="70" WIDTH="198" VPOS="1963" HPOS="1598" CONTENT="avec" ID="tl_19_8" STYLEREFS="FONT0"/>
            <SP HEIGHT="70" WIDTH="25" VPOS="1963" HPOS="1796"/>
            <String HEIGHT="70" WIDTH="148" VPOS="1963" HPOS="1697" CONTENT="pan" SUBS_TYPE="HypPart1" SUBS_CONTENT="panneaux" ID="tl_19_9" STYLEREFS="FONT0"/>
            <HYP CONTENT="-"/>
          </TextLine>
          <TextLine ID="tl_20" BASELINE="2099" HEIGHT="62" WIDTH="1337" VPOS="2037" HPOS="508">
            <String HEIGHT="62" WIDTH="215" VPOS="2037" HPOS="484" CONTENT="neaux" SUBS_TYPE="HypPart2" SUBS_CONTENT="panneaux" ID="tl_20_1" STYLEREFS="FONT0"/>
            <SP HEIGHT="62" WIDTH="24" VPOS="2037" HPOS="699"/>
            <String HEIGHT="62" WIDTH="143" VPOS="2037" HPOS="627" CONTENT="en" ID="tl_20_2" STYLEREFS="FONT0"/>
            <SP HEIGHT="62" WIDTH="24" VPOS="2037" HPOS="771"/>
            <String HEIGHT="62" WIDTH="215" VPOS="2037" HPOS="699" CONTENT="ovale" ID="tl_20_3" STYLEREFS="FONT0"/>
            <SP HEIGHT="62" WIDTH="24" VPOS="2037" HPOS="914"/>
            <String HEIGHT="62" WIDTH="143" VPOS="2037" HPOS="842" CONTENT="et" ID="tl_20_4" STYLEREFS="FONT0"/>
            <SP HEIGHT="62" WIDTH="24" VPOS="2037" HPOS="986"/>
            <String HEIGHT="62" WIDTH="239" VPOS="2037" HPOS="914" CONTENT="frise," ID="tl_20_5" STYLEREFS="FONT0"/>
            <SP HEIGHT="62" WIDTH="24" VPOS="2037" HPOS="1153"/>
            <String HEIGHT="62" WIDTH="287" VPOS="2037" HPOS="1081" CONTENT="d’autres" ID="tl_20_6" STYLEREFS="FONT0"/>
            <SP HEIGHT="62" WIDTH="24" VPOS="2037" HPOS="1368"/>
            <String HEIGHT="62" WIDTH="287" VPOS="2037" HPOS="1296" CONTENT="panneaux" ID="tl_20_7" STYLEREFS="FONT0"/>
            <SP HEIGHT="62" WIDTH="24" VPOS="2037" HPOS="1582"/>
            <String HEIGHT="62" WIDTH="334" VPOS="2037" HPOS="1511" CONTENT="décoratifs" ID="tl_20_8" STYLEREFS="FONT0"/>
            <SP HEIGHT="62" WIDTH="24" VPOS="2037" HPOS="1845"/>
            <String HEIGHT="62" WIDTH="96" VPOS="2037" HPOS="1750" CONTENT="et" ID="tl_20_9" STYLEREFS="FONT0"/>
          </TextLine>
          <TextLine ID="tl_21" BASELINE="2192" HEIGHT="104" WIDTH="388" VPOS="2088" HPOS="507">
            <String HEIGHT="104" WIDTH="228" VPOS="2088" HPOS="484" CONTENT="divers" ID="tl_21_1" STYLEREFS="FONT0"/>
            <SP HEIGHT="104" WIDTH="23" VPOS="2088" HPOS="712"/>
            <String HEIGHT="104" WIDTH="274" VPOS="2088" HPOS="621" CONTENT="éventails." ID="tl_21_2" STYLEREFS="FONT0"/>
          </TextLine>
        </TextBlock>
        <TextBlock ID="r_2_4" HEIGHT="39" WIDTH="219" VPOS="2248" HPOS="1069">
          <TextLine ID="tl_22" BASELINE="2320" HEIGHT="127" WIDTH="237" VPOS="2193" HPOS="1060">
            <String HEIGHT="127" WIDTH="198" VPOS="2193" HPOS="1021" CONTENT="—" ID="tl_22_1" STYLEREFS="FONT0"/>
            <SP HEIGHT="127" WIDTH="40" VPOS="2193" HPOS="1218"/>
            <String HEIGHT="127" WIDTH="237" VPOS="2193" HPOS="1100" CONTENT="34" ID="tl_22_2" STYLEREFS="FONT0"/>
            <SP HEIGHT="127" WIDTH="40" VPOS="2193" HPOS="1337"/>
            <String HEIGHT="127" WIDTH="119" VPOS="2193" HPOS="1179" CONTENT="—" ID="tl_22_3" STYLEREFS="FONT0"/>
          </TextLine>
        </TextBlock>
        <GraphicalElement ID="r_4" HEIGHT="1620" WIDTH="42" VPOS="1069" HPOS="1996"/>
        <GraphicalElement ID="r_5" HEIGHT="889" WIDTH="22" VPOS="180" HPOS="2013"/>
        <GraphicalElement ID="r_6" HEIGHT="652" WIDTH="40" VPOS="1499" HPOS="2050"/>
        <GraphicalElement ID="r_7" HEIGHT="159" WIDTH="2" VPOS="153" HPOS="2003"/>
      </PrintSpace>
    </Page>
  </Layout>
</alto>
