2090 2740
908 730 293 84 CONNARD
1135 730 293 84 (Philip).

543 918 150 87 Né
618 918 125 87 à
668 918 326 87 Southport
919 918 401 87 (Lancashire)
1245 918 150 87 en
1320 918 226 87 1875;
1471 918 251 87 étudia
1621 918 226 87 d’abord

492 995 178 68 dans
603 995 133 68 sa
670 995 200 68 ville
803 995 222 68 natale
959 995 133 68 où
1025 995 133 68 il
1092 995 200 68 gagna
1225 995 156 68 une
1314 995 222 68 bourse
1470 995 267 68 d’études
1670 995 156 68 qui
1737 995 111 68 lui

491 1069 243 76 permit
661 1069 267 76 d’aller
855 1069 316 76 continuer
1098 1069 170 76 ses
1195 1069 243 76 études
1365 1069 121 76 à
1413 1069 291 76 Londres,
1632 1069 146 76 au
1680 1069 170 76 South

490 1128 371 82 Kensington.
787 1128 272 82 Lauréat
985 1128 322 82 également
1232 1128 148 82 du
1307 1128 272 82 British
1505 1128 346 82 Institute,
1752 1128 99 82 il

487 1207 235 76 acheva
652 1207 165 76 son
746 1207 306 76 éducation
982 1207 330 76 artistique
1241 1207 118 76 à
1288 1207 235 76 Paris,
1453 1207 141 76 en
1523 1207 212 76 1899,
1665 1207 188 76 sous
1759 1207 94 76 la

488 1273 341 63 direction
750 1273 158 63 de
829 1273 341 63 Jean-Paul
1092 1273 289 63 Laurens
1302 1273 158 63 et
1380 1273 158 63 de
1459 1273 315 63 Benjamin
1669 1273 184 63 Cons-

489 1337 227 78 tant.
640 1337 303 78 Tableaux
868 1337 177 78 aux
969 1337 253 78 Musées
1146 1337 152 78 de
1221 1337 303 78 Cardiff,
1449 1337 152 78 de
1525 1337 253 78 Dublin
1701 1337 152 78 et
1752 1337 101 78 de

469 1402 270 75 Bradford.

959 1630 106 83 8.
1012 1630 211 83 Matin
1171 1630 106 83 de
1206 1630 176 83 Mai

954 1717 119 114 H.
1014 1717 100 114 :
1054 1717 119 114 1,
1113 1717 139 114 42;
1193 1717 119 114 L.
1253 1717 119 114 1,
1292 1717 100 114 12.

543 1908 123 73 Un
605 1908 267 73 intérieur
810 1908 164 73 très
913 1908 205 73 clair,
1056 1908 164 73 très
1159 1908 205 73 blanc,
1302 1908 164 73 très
1405 1908 164 73 gai.
1507 1908 123 73 Au
1569 1908 226 73 premier
1712 1908 144 73 plan,

495 1981 159 60 une
586 1981 205 60 jeune
723 1981 205 60 femme
859 1981 136 60 en
927 1981 182 60 robe
1041 1981 250 60 blanche
1223 1981 114 60 à
1268 1981 227 60 rubans
1427 1981 227 60 noirs,
1586 1981 136 60 un
1654 1981 227 60 bonnet
1791 1981 68 60 à

499 2047 194 55 nœuds
629 2047 194 55 bleus
758 2047 173 55 dans
866 2047 151 55 les
952 2047 259 55 cheveux,
1146 2047 237 55 dispose
1319 2047 129 55 le
1384 2047 237 55 couvert
1556 2047 151 55 sur
1642 2047 151 55 une
1707 2047 151 55 table

497 2097 215 80 drapée
648 2097 194 80 d’une
777 2097 215 80 nappe,
928 2097 129 80 au
992 2097 215 80 milieu
1143 2097 129 80 de
1208 2097 258 80 laquelle
1401 2097 172 80 elle
1509 2097 172 80 pose
1616 2097 129 80 un
1681 2097 172 80 vase
1767 2097 86 80 en

500 2152 312 83 porcelaine
745 2152 200 83 garni
878 2152 134 83 de
923 2152 223 83 mimosas.

1078 2259 143 120 —
1136 2259 172 120 38
1193 2259 86 120 —
