2090 2740
903 798 257 110 DULAC
1074 798 322 110 (Edmund).

530 991 142 91 Né
601 991 142 91 le
672 991 142 91 22
743 991 260 91 octobre
932 991 189 91 1882
1050 991 118 91 à
1097 991 307 91 Toulouse.
1333 991 213 91 C’est
1475 991 236 91 doncun
1617 991 213 91 Anglais

477 1074 140 63 de
547 1074 256 63 fraîche
733 1074 209 63 date.
872 1074 116 63 A
919 1074 140 63 17
989 1074 186 63 ans,
1105 1074 233 63 Dulac,
1268 1074 209 63 après
1407 1074 163 63 son
1477 1074 349 63 baccalauréat,

473 1139 201 70 suit
599 1139 176 70 les
699 1139 226 70 cours
850 1139 151 70 de
926 1139 151 70 la
1001 1139 277 70 Faculté
1202 1139 151 70 de
1278 1139 226 70 droit
1429 1139 226 70 qu’il
1554 1139 277 70 abandonne

477 1204 244 62 bientôt
654 1204 177 62 pour
765 1204 244 62 l’École
943 1204 155 62 des
1031 1204 311 62 Beaux-Arts
1275 1204 133 62 de
1342 1204 133 62 sa
1409 1204 200 62 ville
1542 1204 222 62 natale
1697 1204 133 62 où
1741 1204 89 62 il

478 1265 208 79 étudie
624 1265 208 79 durant
770 1265 188 79 trois
895 1265 167 79 ans.
999 1265 104 79 A
1041 1265 125 79 sa
1103 1265 208 79 sortie
1249 1265 125 79 de
1312 1265 250 79 l’Ecole,
1500 1265 271 79 titulaire
1687 1265 146 79 d’une

479 1334 215 69 bourse
629 1334 323 69 municipale,
887 1334 129 69 il
952 1334 194 69 vient
1081 1334 108 69 à
1124 1334 194 69 Paris
1253 1334 129 69 où
1317 1334 129 69 il
1382 1334 172 69 fait
1489 1334 129 69 un
1554 1334 194 69 court
1661 1334 172 69 séjour

476 1399 115 82 à
522 1399 322 82 l’Académie
775 1399 276 82 Jullian.
982 1399 299 82 S’établit
1212 1399 115 82 à
1258 1399 253 82 Londres
1442 1399 138 82 en
1511 1399 207 82 1904;
1626 1399 207 82 pendant

477 1475 187 64 deux
594 1475 187 64 ans,
711 1475 140 64 il
781 1475 304 64 collabore
1015 1475 117 64 à
1062 1475 164 64 des
1155 1475 304 64 magazines
1389 1475 304 64 illustrés
1623 1475 140 64 et
1670 1475 164 64 donne

473 1542 172 77 des
572 1542 271 77 dessins
769 1542 197 77 pour
892 1542 295 77 quelques
1113 1542 271 77 livres.
1310 1542 123 77 A
1359 1542 246 77 partir
1532 1542 148 77 de
1606 1542 222 77 1906,
1729 1542 98 77 il

475 1604 281 64 commence
685 1604 140 64 la
755 1604 210 64 série
896 1604 164 64 des
989 1604 281 64 ouvrages
1200 1604 164 64 qui
1293 1604 164 64 ont
1387 1604 187 64 fait
1504 1604 140 64 sa
1550 1604 281 64 réputation

476 1669 168 70 des
572 1669 192 70 deux
692 1669 217 70 côtés
837 1669 144 70 de
909 1669 144 70 la
981 1669 265 70 Manche,
1174 1669 120 70 à
1222 1669 192 70 côté
1342 1669 289 70 d’Arthur
1534 1669 241 70 Rackham.

530 1733 160 92 Un
610 1733 292 92 certain
823 1733 266 92 nombre
1009 1733 160 92 de
1089 1733 186 92 ces
1195 1733 319 92 ouvrages
1434 1733 186 92 ont
1541 1733 186 92 été
1620 1733 213 92 édités

478 1810 135 63 en
546 1810 316 63 Angleterre
794 1810 135 63 et
862 1810 135 63 en
930 1810 248 63 France:
1110 1810 226 63 les
1268 1810 203 63 Mille
1403 1810 135 63 et
1471 1810 158 63 une
1539 1810 293 63 Nuils,

479 1870 254 79 exposées
669 1870 106 79 à
711 1870 190 79 Paris
838 1870 127 79 au
901 1870 190 79 Salon
1028 1870 148 79 des
1113 1870 380 79 Orientalistes;
1430 1870 190 79 la
1535 1870 296 79 Tempète

485 1939 190 63 les
618 1939 228 63 Rubaiyat
789 1939 437 63 d’Omar-Kbayyam
1169 1939 133 63 les
1244 1939 247 63 Contes
1434 1939 114 63 de
1491 1939 323 63 Perrault
1738 1939 95 63 les

489 2001 213 101 Contes
652 2001 311 101 d’Andersen
915 2001 115 101 les
980 2001 213 101 Poèmes
1144 2001 197 101 d’Edgard
1291 2001 197 101 Poë
1439 2001 279 101 l'Histoire
1668 2001 98 101 de
1701 2001 131 101 la

481 2067 261 86 princesse
677 2067 228 86 Badoura

536 2153 329 90 Naturalisé
795 2153 259 90 anglais
983 2153 141 90 en
1030 2153 165 90 1912.
