2090 2740
870 685 241 97 GLOAG
1066 685 181 97 (Miss
1202 685 91 97 I.
1232 685 151 97 L.).

506 867 169 81 Née
602 867 121 81 à
651 867 265 81 Londres
844 867 145 81 en
916 867 217 81 1868;
1061 867 121 81 a
1109 867 241 81 étudié
1278 867 169 81 aux
1375 867 217 81 cours
1519 867 145 81 de
1592 867 145 81 la
1640 867 169 81 Slade

453 936 251 73 School
629 936 151 73 et
704 936 151 73 du
780 936 226 73 South
930 936 377 73 Kensington,
1232 936 201 73 puis
1358 936 126 73 à
1408 936 251 73 Paris.
1584 936 126 73 A
1609 936 201 73 exposé

454 1002 117 82 à
500 1002 140 82 la
571 1002 210 82 Royal
711 1002 281 82 Academy.
921 1002 327 82 Principaux
1179 1002 304 82 tableaux:
1412 1002 234 82 THe
1553 1002 257 82 magic

456 1073 293 95 mantle;
686 1073 293 95 Baccbantes
916 1073 125 95 et
979 1073 230 95 faunes;
1146 1073 125 95 la
1209 1073 167 95 Robe
1313 1073 209 95 jaune;
1460 1073 125 95 un
1522 1073 209 95 Panier
1648 1073 167 95 de

456 1142 231 87 fleurs;
638 1142 149 87 Blanc
737 1142 99 87 et
770 1142 182 87 noir

979 1355 111 92 11.
1027 1355 253 92 «1860».

506 1487 201 95 C’est
640 1487 156 95 une
729 1487 201 95 jeune
863 1487 201 95 femme
997 1487 134 95 en
1063 1487 245 95 costume
1242 1487 134 95 du
1309 1487 223 95 Second
1465 1487 245 95 Empire,
1644 1487 134 95 en
1688 1487 134 95 robe

460 1575 120 72 de
520 1575 160 72 soie
620 1575 180 72 verte
740 1575 100 72 à
780 1575 200 72 fleurs
920 1575 220 72 élargie
1080 1575 140 72 par
1161 1575 120 72 la
1221 1575 280 72 crinoline.
1441 1575 240 72 Casaquin
1621 1575 100 72 à
1641 1575 180 72 manches

462 1643 212 68 pagode
610 1643 212 68 ouvert
759 1643 127 68 en
823 1643 170 68 long
929 1643 149 68 sur
1014 1643 127 68 la
1078 1643 255 68 poitrine
1269 1643 127 68 et
1333 1643 170 68 noué
1439 1643 149 68 par
1524 1643 149 68 des
1609 1643 212 68 rubans
1736 1643 85 68 de

457 1709 250 63 velours
639 1709 205 63 noir.
776 1709 228 63 Toquet
935 1709 137 63 de
1004 1709 250 63 velours
1186 1709 182 63 noir
1299 1709 114 63 à
1345 1709 228 63 plumes
1504 1709 296 63 blanches.
1709 1709 114 63 Une

458 1760 259 74 ombrelle
653 1760 195 74 posée
783 1760 151 74 sur
869 1760 151 74 les
955 1760 238 74 genoux.
1128 1760 173 74 Elle
1236 1760 151 74 est
1323 1760 216 74 assise
1474 1760 151 74 sur
1561 1760 130 74 un
1625 1760 195 74 divan
1734 1760 86 74 de

459 1824 188 75 satin
585 1824 168 75 noir
689 1824 209 75 devant
836 1824 147 75 une
920 1824 188 75 table
1045 1824 105 75 à
1087 1824 230 75 ouvrage
1255 1824 126 75 en
1318 1824 272 75 imitation
1527 1824 126 75 de
1590 1824 188 75 laque
1694 1824 126 75 chi-

460 1892 203 57 noise.
602 1892 163 57 Fond
704 1892 163 57 noir
806 1892 122 57 et
867 1892 122 57 or
928 1892 122 57 de
989 1892 285 57 feuillages
1213 1892 244 57 chinois,
1396 1892 163 57 avec
1497 1892 142 57 une
1579 1892 183 57 glace
1701 1892 102 57 à
1721 1892 102 57 ap-

459 1936 231 70 pliques
627 1936 126 70 de
690 1936 210 70 bronze
837 1936 189 70 doré;
963 1936 105 70 à
1005 1936 231 70 droite,
1172 1936 147 70 une
1256 1936 231 70 fenêtre
1424 1936 147 70 sur
1508 1936 126 70 la
1571 1936 252 70 tablette
1739 1936 84 70 de

459 2004 246 84 laquelle
644 2004 144 84 est
726 2004 164 84 posé
829 2004 123 84 un
870 2004 205 84 fuchsia.

515 2098 154 106 Signé
618 2098 103 106 en
669 2098 137 106 bas,
755 2098 86 106 à
789 2098 188 106 droite,
926 2098 154 106 I.
1028 2098 103 106 L.
1063 2098 205 106 Gloag

1043 2304 142 73 44
