2062 2734
633 636 214 90 HALL
790 636 257 90 (Oliver).

215 799 154 113 Né
292 799 128 113 à
343 799 282 113 Londres
548 799 154 113 en
625 799 231 113 1869.
779 799 333 113 D’origine
1035 799 359 113 écossaise;
1317 799 179 113 fit
1394 799 128 113 son

166 894 304 82 éducation
400 894 117 82 à
446 894 281 82 Londres,
657 894 187 82 mais
774 894 140 82 se
844 894 211 82 forma
985 894 257 82 surtout
1172 894 187 82 dans
1289 894 164 82 les
1359 894 164 82 sites

164 962 407 70 romantiques
490 962 163 70 du
571 962 407 70 Westmorland
897 962 163 70 et
979 962 163 70 du
1060 962 407 70 Cumberland.
1386 962 136 70 A
1413 962 109 70 17

167 1027 190 82 ans,
286 1027 214 82 entra
429 1027 143 82 en
500 1027 261 82 rapport
690 1027 190 82 avec
809 1027 143 82 le
880 1027 333 82 paysagiste
1142 1027 357 82 Williamson,
1403 1027 119 82 qui

165 1105 256 71 exerça
345 1105 179 71 une
447 1105 307 71 sérieuse
678 1105 333 71 influence
934 1105 179 71 sur
1036 1105 154 71 le
1113 1105 256 71 talent
1292 1105 154 71 du
1344 1105 179 71 jeune

166 1152 243 67 homme.
336 1152 170 67 Ses
433 1152 315 67 premières
675 1152 243 67 œuvres
845 1152 243 67 furent
1015 1152 170 67 des
1112 1152 243 67 études
1281 1152 121 67 à
1306 1152 218 67 l’aqua-

169 1229 219 68 relle,
322 1229 219 68 prises
475 1229 131 68 au
541 1229 197 68 cours
672 1229 131 68 de
737 1229 153 68 ses
825 1229 328 68 excursions.
1087 1229 131 68 Il
1153 1229 131 68 se
1218 1229 197 68 livra
1327 1229 197 68 ensuite

167 1297 117 66 à
213 1297 140 66 la
284 1297 281 66 peinture
494 1297 117 66 à
541 1297 281 66 l’huile,
752 1297 304 66 alternant
986 1297 187 66 avec
1103 1297 351 66 l’eau-forte
1384 1297 140 66 et
1430 1297 94 66 la

167 1366 419 64 lithographie.
512 1366 148 64 La
586 1366 271 64 plupart
784 1366 148 64 de
857 1366 173 64 ses
956 1366 296 64 paysages
1178 1366 197 64 sont
1301 1366 197 64 dans
1400 1366 123 64 des

170 1423 341 84 collections
420 1423 296 84 étrangères.

694 1655 109 85 12.
741 1655 266 85 Paysage

626 1737 119 100 H.
686 1737 100 100 :
726 1737 179 100 0,87;
845 1737 119 100 L.
905 1737 100 100 :
945 1737 119 100 1,
984 1737 100 100 23.

222 1890 234 79 Paysage
392 1890 213 79 sévère
541 1890 128 79 au
605 1890 149 79 sol
690 1890 213 79 raviné
838 1890 170 79 sous
945 1890 128 79 un
1009 1890 170 79 ciel
1115 1890 255 79 orageux.
1306 1890 106 79 A
1328 1890 191 79 droite,

171 1961 160 58 une
263 1961 229 58 petite
423 1961 183 58 mare
538 1961 183 58 dans
652 1961 137 58 un
721 1961 206 58 creux
859 1961 137 58 de
927 1961 275 58 terrain;
1133 1961 115 58 à
1179 1961 229 58 gauche
1340 1961 137 58 on
1386 1961 137 58 dis-

172 2019 217 76 tingue
324 2019 130 76 un
389 2019 195 76 pâtre
519 2019 303 76 conduisant
757 2019 152 76 son
822 2019 238 76 troupeau.

227 2083 158 79 Signé
333 2083 106 79 en
386 2083 141 79 bas,
474 2083 88 79 à
509 2083 194 79 droite,
650 2083 229 79 Oliver
808 2083 194 79 Hall

704 2236 195 120 —
782 2236 234 120 49
860 2236 117 120 —

1299 2249 114 81 4
