2090 2740
872 694 272 91 HUNT
1090 694 272 91 (William
1289 694 254 91 Holman).

573 867 137 87 Né
642 867 114 87 à
688 867 275 87 Londres,
894 867 137 87 le
962 867 114 87 2
1008 867 206 87 avril
1145 867 206 87 1827,
1283 867 183 87 mort
1397 867 183 87 dans
1512 867 206 87 cette
1649 867 229 87 ville,
1786 867 92 87 le

515 943 137 80 7
569 943 355 80 septembre
842 943 246 80 1910.
1006 943 164 80 Il
1088 943 273 80 étudia
1279 943 137 80 à
1334 943 164 80 la
1416 943 246 80 Royal
1580 943 300 80 Academy
1771 943 109 80 et

515 1011 262 79 exposa
698 1011 157 79 sa
777 1011 315 79 première
1013 1011 315 79 peinture
1249 1011 157 79 en
1328 1011 236 79 1846.
1485 1011 157 79 Il
1564 1011 157 79 se
1643 1011 184 79 lia
1748 1011 131 79 à
1774 1011 105 79 ce

518 1084 257 69 moment
698 1084 205 69 avec
826 1084 282 69 Millais
1032 1084 154 69 et
1109 1084 308 69 Rossetti
1340 1084 154 69 et
1417 1084 231 69 fonda
1571 1084 205 69 avec
1699 1084 180 69 eux
1776 1084 103 69 le

516 1142 248 78 groupe
690 1142 174 78 des
789 1142 248 78 frères
963 1142 471 78 Préraphaélites,
1360 1142 248 78 auquel
1534 1142 149 78 se
1583 1142 298 78 joignirent

517 1213 188 78 plus
635 1213 188 78 tard
753 1213 235 78 quatre
917 1213 235 78 autres
1082 1213 329 78 camarades,
1340 1213 188 78 pour
1458 1213 235 78 réagir
1622 1213 235 78 contre
1763 1213 118 78 les

517 1291 401 68 conventions
838 1291 428 68 académiques,
1186 1291 267 68 puiser
1373 1291 241 68 leurs
1507 1291 374 68 inspirations

519 1342 282 83 directes
730 1342 188 83 dans
847 1342 141 83 la
918 1342 235 83 nature
1082 1342 141 83 et
1152 1342 258 83 prendre
1340 1342 188 83 pour
1457 1342 235 83 guides
1622 1342 164 83 les
1692 1342 188 83 prédé-

518 1414 293 76 cesseurs
737 1414 146 76 de
786 1414 244 76 Raphaël.

578 1483 162 73 Ses
671 1483 301 73 premières
902 1483 325 73 peintures,
1157 1483 209 73 comme
1296 1483 232 73 celles
1459 1483 139 73 de
1528 1483 162 73 ses
1598 1483 278 73 confrères,

521 1540 188 81 sont
638 1540 258 81 conçues
825 1540 188 81 sous
942 1540 164 81 une
1036 1540 352 81 inspiration
1317 1540 117 81 à
1364 1540 141 81 la
1435 1540 188 81 fois
1552 1540 328 81 romantique
1786 1540 94 81 et

523 1617 285 67 réaliste,
742 1617 241 67 d’après
918 1617 153 67 des
1005 1617 219 67 sujets
1159 1617 175 67 pris
1268 1617 175 67 chez
1378 1617 153 67 les
1444 1617 197 67 poètes.

581 1689 139 54 En
650 1689 209 54 1848,
789 1689 139 54 il
859 1689 278 54 exposait
1068 1689 301 54 Rienzi
1299 1689 232 54 criant
1462 1689 417 54 vengeance
1786 1689 93 54 En

525 1749 226 63 1849,
676 1749 201 63 pour
801 1749 301 63 affirmer
1027 1749 201 63 leur
1153 1749 352 63 programme,
1429 1749 176 63 les
1529 1749 276 63 membres
1730 1749 151 63 de
1781 1749 100 63 la

520 1814 215 74 jeune
663 1814 143 74 et
735 1814 311 74 combative
974 1814 311 74 confrérie
1213 1814 263 74 prirent
1404 1814 191 74 pour
1524 1814 215 74 thème
1667 1814 143 74 de
1715 1814 167 74 leurs

523 1884 276 84 tableaux
730 1884 138 84 un
799 1884 207 84 poème
938 1884 138 84 de
1007 1884 230 84 Keats,
1168 1884 138 84 le
1237 1884 230 84 Pot
1398 1884 138 84 de
1467 1884 369 84 Basilic
1744 1884 138 84 dans

522 1938 238 87 lequel
689 1938 238 87 chacun
855 1938 238 87 devait
1021 1938 261 87 choisir
1211 1938 143 87 un
1259 1938 238 87 épisode.

579 2011 256 69 Holman
758 2011 204 69 Hunt
886 2011 128 69 a
937 2011 230 69 tiré,
1091 2011 204 69 pour
1218 2011 179 69 son
1321 2011 281 69 compte,
1525 2011 204 69 deux
1627 2011 256 69 épisodes

524 2091 321 68 empruntés
771 2091 123 68 à
820 2091 148 68 ce
894 2091 247 68 sujet;
1067 2091 148 68 le
1141 2091 271 68 premier
1338 2091 148 68 se
1412 2091 296 68 rapporte
1634 2091 148 68 au
1684 2091 197 68 dessin

527 2144 323 73 ci-dessous,
784 2144 172 73 daté
892 2144 129 73 de
957 2144 194 73 1849;
1086 2144 129 73 le
1150 2144 215 73 second
1301 2144 301 73 représente
1516 2144 366 73 Isabella
