2077 2749
213 315 268 73 penchée
423 315 134 73 sur
500 315 115 73 le
557 315 134 73 pot
633 315 115 73 de
691 315 306 73 basilic
939 315 134 73 Ces
1016 315 248 73 tableaux,
1207 315 210 73 exposés
1360 315 96 73 à
1398 315 115 73 la
1436 315 134 73 Royal

210 384 262 81 Academy
401 384 191 81 avec
520 384 191 81 ceux
640 384 143 81 de
711 384 262 81 Millais
902 384 143 81 et
974 384 143 81 de
1045 384 310 81 Rossetti,
1260 384 310 81 soulevèrent

208 440 349 86 violemment
457 440 299 86 l’opinion.

264 511 251 76 Holman
440 511 201 76 Hunt
565 511 176 76 fit
665 511 201 76 deux
791 511 276 76 voyages
992 511 151 76 en
1067 511 351 76 Palestine;
1343 511 176 76 une
1418 511 151 76 pre-

207 581 240 64 mière
367 581 213 64 fois
501 581 160 64 en
581 581 240 64 1854,
741 581 187 64 une
847 581 320 64 deuxième
1087 581 213 64 fois
1220 581 160 64 en
1300 581 240 64 1875.
1434 581 133 64 Ils

211 650 316 67 influèrent
460 650 203 67 assez
595 650 271 67 vivement
798 650 158 67 sur
889 650 135 67 sa
934 650 248 67 peinture.

259 709 267 85 Holman
446 709 213 85 Hunt
579 709 187 85 est
686 709 240 85 resté
846 709 160 85 le
926 709 213 85 plus
1059 709 400 85 constamment
1353 709 213 85 fidèle

207 785 161 75 aux
299 785 300 75 doctrines
530 785 438 75 préraphaélites;
899 785 138 75 en
968 785 300 75 évoluant,
1199 785 161 75 son
1291 785 161 75 art
1360 785 208 75 s’était

208 852 210 64 donné
348 852 187 64 pour
464 852 257 64 mission
651 852 373 64 l’exaltation
954 852 163 64 des
1048 852 327 64 sentiments
1281 852 280 64 chrétiens.

265 910 157 70 Ses
354 910 269 70 tableaux
556 910 157 70 les
645 910 179 70 plus
757 910 269 70 célèbres
959 910 202 70 sont:
1094 910 202 70 la
1228 910 246 70 Lumière
1385 910 179 70 du

212 979 301 61 Monde
456 979 207 61 (1854),
607 979 188 61 Une
738 979 207 61 famille
889 979 113 61 de
945 979 207 61 Bretons
1095 979 244 61 convertis
1264 979 301 61 protégeant

212 1057 185 68 un
336 1057 328 68 missionnaire
602 1057 246 68 chrétien
787 1057 205 68 contre
930 1057 123 68 la
992 1057 308 68 persécution
1238 1057 144 68 des
1299 1057 267 68 druides

220 1129 175 60 1850),
342 1129 157 60 le
447 1129 175 60 Berger
569 1129 315 60 mercenaire
831 1129 192 60 (1852),
971 1129 157 60 le
1076 1129 175 60 Réveil
1198 1129 105 60 de
1250 1129 105 60 la
1285 1129 280 60 conscience

210 1178 222 88 (1851),
371 1178 182 88 le
493 1178 162 88 Bouc
594 1178 343 88 émissaire
876 1178 222 88 (1856),
1038 1178 283 88 l’Ombre
1260 1178 121 88 de
1321 1178 121 88 la
1361 1178 202 88 Mort

203 1248 261 87 (1873),
370 1248 143 87 etc.

587 1462 129 85 13.
660 1462 258 85 Lorenzo
863 1462 111 85 et
900 1462 276 85 Isabella

669 1554 225 91 Dessin
826 1554 113 91 à
871 1554 135 91 la
916 1554 180 91 plume.

644 1633 133 103 H.
710 1633 110 103 :
754 1633 133 103 0,
821 1633 155 103 52;
909 1633 155 103 L.,
975 1633 155 103 0,60.

254 1767 260 93 Lorenzo,
449 1767 195 93 assis
579 1767 130 93 et
645 1767 260 93 comptant
840 1767 173 93 avec
948 1767 130 93 un
1013 1767 238 93 employé
1186 1767 217 93 devant
1338 1767 130 93 sa
1382 1767 173 93 table,

207 1861 211 63 relève
354 1861 126 63 la
418 1861 169 63 tête
523 1861 126 63 en
586 1861 295 63 entendant,
818 1861 105 63 à
860 1861 126 63 sa
923 1861 232 63 droite,
1092 1861 253 63 s’ouvrir
1281 1861 126 63 la
1344 1861 190 63 porte
1450 1861 105 63 par

207 1906 249 67 laquelle
394 1906 125 67 on
456 1906 249 67 aperçoit
643 1906 249 67 Isabella
830 1906 291 67 s’avançant
1058 1906 291 67 doucement,
1286 1906 145 67 une
1369 1906 208 67 lettre
1494 1906 62 67 à

209 1973 122 62 la
270 1973 184 62 main.
392 1973 102 62 A
433 1973 143 62 ses
515 1973 204 62 pieds,
658 1973 122 62 un
719 1973 184 62 chien
841 1973 143 62 qui
923 1973 245 62 s’étire;
1107 1973 163 62 dans
1209 1973 122 62 le
1270 1973 184 62 fond,
1393 1973 163 62 dans
1474 1973 82 62 le

205 2037 261 75 sous-sol
401 2037 196 75 qu’on
532 2037 283 75 distingue
749 2037 152 75 par
837 2037 152 75 une
924 2037 218 75 trappe
1076 2037 261 75 ouverte,
1272 2037 152 75 sur
1359 2037 131 75 le
1403 2037 152 75 canal

209 2094 192 58 qu’on
337 2094 214 58 devine
486 2094 171 58 avec
593 2094 149 58 ses
678 2094 214 58 voiles
828 2094 278 58 déployées
1041 2094 214 58 devant
1191 2094 128 58 la
1255 2094 214 58 porte,
1405 2094 128 58 un
1447 2094 107 58 va-

208 2156 249 66 et-vient
395 2156 124 66 de
457 2156 207 66 commis
602 2156 124 66 et
664 2156 124 66 de
705 2156 249 66 portefaix.

740 2253 193 94 —
818 2253 232 94 53
895 2253 116 94 —
