2084 2740
528 276 207 104 Signé
666 276 138 104 et
735 276 184 104 daté
849 276 138 104 en
918 276 184 104 bas,
1033 276 115 104 à
1079 276 252 104 gauche,
1262 276 138 104 W.
1331 276 138 104 H.
1400 276 161 104 H.,
1492 276 207 104 1849.
1629 276 138 104 P.
1698 276 138 104 R.
1744 276 92 104 B.

482 364 149 82 (les
575 364 167 82 trois
687 364 205 82 lettres
836 364 260 82 fatidiques
1040 364 391 82 Pre-Rapbaelite
1375 364 298 82 Brotber
1617 364 149 82 dont
1691 364 149 82 chacun

479 431 146 89 des
563 431 230 89 membres
730 431 126 89 de
793 431 126 89 la
856 431 272 89 confrérie
1065 431 230 89 faisait
1232 431 209 89 suivre
1379 431 230 89 partout
1546 431 146 89 son
1609 431 146 89 nom).

528 526 233 80 Dessin,
697 526 169 80 très
803 526 254 80 précieux
993 526 190 80 comme
1120 526 254 80 document
1310 526 148 80 sur
1395 526 296 80 l’histoire
1628 526 127 80 du
1670 526 169 80 préra-

477 585 312 79 phaélisme,
722 585 201 79 conçu
856 585 178 79 pour
967 585 134 79 le
1034 585 245 79 tableau
1213 585 245 79 destiné
1391 585 134 79 au
1458 585 268 79 concours
1659 585 156 79 que
1726 585 112 79 les

478 654 234 60 membres
648 654 128 60 de
712 654 128 60 la
775 654 276 60 confrérie
988 654 234 60 avaient
1158 654 255 60 institué
1349 654 191 60 entre
1477 654 149 60 eux
1562 654 149 60 sur
1647 654 128 60 le
1689 654 149 60 poème

480 717 100 49 de
530 717 167 49 Keats,
647 717 150 49 imité
747 717 100 49 de
798 717 200 49 Boccace,
948 717 317 49 Isabelle
1215 717 100 49 ou
1265 717 100 49 le
1315 717 167 49 Pot
1432 717 100 49 de
1482 717 267 49 Basilic
1699 717 100 49 et
1733 717 100 49 ins-

477 765 168 76 piré
582 765 126 76 de
645 765 147 76 ces
729 765 168 76 deux
835 765 168 76 vers
940 765 126 76 du
982 765 168 76 poète:

695 881 145 96 He
767 881 193 96 Knew
888 881 218 96 whose
1033 881 242 96 gentle
1202 881 193 96 hand
1323 881 169 96 was
1420 881 145 96 at
1492 881 169 96 the
1565 881 169 96 latch

698 948 212 100 Before
846 948 148 100 the
931 948 169 100 door
1037 948 148 100 had
1121 948 191 100 given
1248 948 148 100 her
1333 948 127 100 to
1396 948 148 100 his
1460 948 148 100 eyes.

998 2256 197 106 —
1076 2256 236 106 54
1155 2256 118 106 —
