2068 2749
212 299 250 69 vieilles
399 299 208 69 boites
545 299 354 69 d’allumettes,
836 299 187 69 etc.,
961 299 146 69 une
1044 299 187 69 jeune
1169 299 208 69 femme,
1314 299 125 69 de
1377 299 187 69 face,
1481 299 83 69 au

213 366 233 72 corsage
382 366 148 72 lie
467 366 127 72 de
531 366 170 72 vin,
637 366 233 72 manches
806 366 275 72 relevées,
1018 366 254 72 cotillon
1209 366 170 72 bleu
1294 366 275 72 d’Outremer,

211 437 206 57 tenant
356 437 206 57 contre
500 437 165 57 elle
604 437 124 57 un
666 437 206 57 panier
810 437 330 57 d’emballage,
1078 437 165 57 suit
1182 437 145 57 des
1264 437 165 57 yeux
1368 437 124 57 le
1409 437 165 57 cuisi-

213 494 180 61 nier.
333 494 100 61 A
373 494 120 61 sa
433 494 220 61 droite,
592 494 140 61 vue
672 494 120 61 de
732 494 160 61 dos,
832 494 140 61 une
911 494 239 61 fillette
1091 494 100 61 à
1131 494 180 61 longs
1251 494 220 61 cheveux
1390 494 180 61 blonds,

214 553 189 52 béret
340 553 168 52 vert
445 553 126 52 et
507 553 168 52 robe
612 553 168 52 bleu
717 553 251 52 intense,
906 553 147 52 est
989 553 314 52 agenouillée
1241 553 147 52 sur
1325 553 126 52 le
1387 553 189 52 pavé,
1492 553 84 52 en

210 603 189 65 face
328 603 141 65 de
399 603 141 65 la
470 603 259 65 réserve
658 603 141 65 du
729 603 307 65 bonhomme,
965 603 283 65 composée
1177 603 141 65 de
1248 603 236 65 toutes
1389 603 189 65 sortes

212 669 264 78 d’objets
410 669 374 78 hétéroclites:
718 669 220 78 seaux,
872 669 264 78 paniers,
1069 669 220 78 lampes
1223 669 132 78 et
1289 669 308 78 réservoirs
1509 669 66 78 à

215 736 247 52 essence,
401 736 185 52 plats
524 736 124 52 de
586 736 206 52 terre,
730 736 247 52 pichets,
916 736 268 52 accumulés
1122 736 206 52 contre
1266 736 144 52 une
1348 736 185 52 porte
1451 736 124 52 cou-

214 795 194 64 verte
344 795 302 64 d’affiches
581 795 367 64 commerciales.
883 795 194 64 Peint
1013 795 173 64 avec
1121 795 151 64 une
1207 795 281 64 intensité
1423 795 129 64 de
1466 795 108 64 ton

217 862 123 75 et
278 862 143 75 des
360 862 225 75 accents
523 862 164 75 dans
625 862 123 75 le
687 862 204 75 modelé
830 862 123 75 de
891 862 225 75 peintre
1034 862 225 75 primitif.

269 939 166 84 Signé
379 939 110 84 et
434 939 147 84 daté
526 939 110 84 en
582 939 147 84 bas,
674 939 92 84 à
710 939 203 84 droite:
858 939 203 84 Eric
1005 939 110 84 H.
1060 939 258 84 Kennington
1244 939 203 84 1914

838 2275 228 101 79
914 2275 114 101 —
