<alto xmlns:xsi="http://www.w3.org/2001/XMLSchema-instance" xmlns="http://www.loc.gov/standards/alto/ns-v2#" xmlns:page="http://schema.primaresearch.org/PAGE/gts/pagecontent/2013-07-15" xsi:schemaLocation="http://www.loc.gov/standards/alto/ns-v2# http://www.loc.gov/standards/alto/alto.xsd">
  <Description>
    <MeasurementUnit>pixel</MeasurementUnit>
    <sourceImageInformation>
         <fileName>76.jpg</fileName>
      </sourceImageInformation>
    <OCRProcessing ID="IdOcr">
      <ocrProcessingStep>
        <processingDateTime>2020-10-31T11:03:34.079+01:00</processingDateTime>
        <processingSoftware>
               <softwareCreator>CONTRIBUTORS</softwareCreator>
               <softwareName>pdfalto</softwareName>
               <softwareVersion>0.1</softwareVersion>
            </processingSoftware>
      </ocrProcessingStep>
    </OCRProcessing>
  </Description>
  <Styles>
   <TextStyle ID="FONT0" FONTFAMILY="unknown" FONTSIZE="unknown" FONTSTYLE=""/>
   <TextStyle ID="FONT1" FONTFAMILY="unknown" FONTSIZE="unknown" FONTSTYLE="bold"/>
   <TextStyle ID="FONT2" FONTFAMILY="unknown" FONTSIZE="unknown" FONTSTYLE="italics"/>
  </Styles>
  <Tags/>
  <Layout>
    <Page ID="Page1" PHYSICAL_IMG_NR="1" HEIGHT="2746" WIDTH="2144">
      <PrintSpace HEIGHT="2010" WIDTH="1611" VPOS="600" HPOS="533">
        <TextBlock ID="r_1_1" HEIGHT="50" WIDTH="588" VPOS="607" HPOS="905">
          <TextLine ID="tl_1" BASELINE="688" HEIGHT="104" WIDTH="604" VPOS="584" HPOS="897">
            <String HEIGHT="104" WIDTH="183" VPOS="584" HPOS="879" CONTENT="MAC" ID="tl_1_1" STYLEREFS="FONT1"/>
            <SP HEIGHT="104" WIDTH="18" VPOS="584" HPOS="1062"/>
            <String HEIGHT="104" WIDTH="220" VPOS="584" HPOS="1007" CONTENT="EVOY" ID="tl_1_2" STYLEREFS="FONT1"/>
            <SP HEIGHT="104" WIDTH="18" VPOS="584" HPOS="1226"/>
            <String HEIGHT="104" WIDTH="348" VPOS="584" HPOS="1153" CONTENT="(Ambrose)." ID="tl_1_3" STYLEREFS="FONT1"/>
          </TextLine>
        </TextBlock>
        <TextBlock ID="r_2_1" HEIGHT="121" WIDTH="1315" VPOS="770" HPOS="544">
          <TextLine ID="tl_2" BASELINE="840" HEIGHT="99" WIDTH="1273" VPOS="741" HPOS="594">
            <String HEIGHT="99" WIDTH="156" VPOS="741" HPOS="568" CONTENT="Né" ID="tl_2_1" STYLEREFS="FONT0"/>
            <SP HEIGHT="99" WIDTH="26" VPOS="741" HPOS="724"/>
            <String HEIGHT="99" WIDTH="130" VPOS="741" HPOS="646" CONTENT="à" ID="tl_2_2" STYLEREFS="FONT0"/>
            <SP HEIGHT="99" WIDTH="26" VPOS="741" HPOS="776"/>
            <String HEIGHT="99" WIDTH="312" VPOS="741" HPOS="698" CONTENT="Crudwell" ID="tl_2_3" STYLEREFS="FONT0"/>
            <SP HEIGHT="99" WIDTH="26" VPOS="741" HPOS="1010"/>
            <String HEIGHT="99" WIDTH="156" VPOS="741" HPOS="932" CONTENT="en" ID="tl_2_4" STYLEREFS="FONT0"/>
            <SP HEIGHT="99" WIDTH="26" VPOS="741" HPOS="1088"/>
            <String HEIGHT="99" WIDTH="234" VPOS="741" HPOS="1010" CONTENT="1878." ID="tl_2_5" STYLEREFS="FONT0"/>
            <SP HEIGHT="99" WIDTH="26" VPOS="741" HPOS="1243"/>
            <String HEIGHT="99" WIDTH="130" VPOS="741" HPOS="1166" CONTENT="A" ID="tl_2_6" STYLEREFS="FONT0"/>
            <SP HEIGHT="99" WIDTH="26" VPOS="741" HPOS="1295"/>
            <String HEIGHT="99" WIDTH="260" VPOS="741" HPOS="1218" CONTENT="étudié" ID="tl_2_7" STYLEREFS="FONT0"/>
            <SP HEIGHT="99" WIDTH="26" VPOS="741" HPOS="1477"/>
            <String HEIGHT="99" WIDTH="130" VPOS="741" HPOS="1399" CONTENT="à" ID="tl_2_8" STYLEREFS="FONT0"/>
            <SP HEIGHT="99" WIDTH="26" VPOS="741" HPOS="1529"/>
            <String HEIGHT="99" WIDTH="156" VPOS="741" HPOS="1451" CONTENT="la" ID="tl_2_9" STYLEREFS="FONT0"/>
            <SP HEIGHT="99" WIDTH="26" VPOS="741" HPOS="1607"/>
            <String HEIGHT="99" WIDTH="234" VPOS="741" HPOS="1529" CONTENT="Slade" ID="tl_2_10" STYLEREFS="FONT0"/>
            <SP HEIGHT="99" WIDTH="26" VPOS="741" HPOS="1763"/>
            <String HEIGHT="99" WIDTH="208" VPOS="741" HPOS="1659" CONTENT="School" ID="tl_2_11" STYLEREFS="FONT0"/>
          </TextLine>
          <TextLine ID="tl_3" BASELINE="887" HEIGHT="69" WIDTH="1102" VPOS="818" HPOS="537">
            <String HEIGHT="69" WIDTH="157" VPOS="818" HPOS="511" CONTENT="Of" ID="tl_3_1" STYLEREFS="FONT0"/>
            <SP HEIGHT="69" WIDTH="26" VPOS="818" HPOS="668"/>
            <String HEIGHT="69" WIDTH="184" VPOS="818" HPOS="589" CONTENT="Art" ID="tl_3_2" STYLEREFS="FONT0"/>
            <SP HEIGHT="69" WIDTH="26" VPOS="818" HPOS="773"/>
            <String HEIGHT="69" WIDTH="157" VPOS="818" HPOS="694" CONTENT="de" ID="tl_3_3" STYLEREFS="FONT0"/>
            <SP HEIGHT="69" WIDTH="26" VPOS="818" HPOS="852"/>
            <String HEIGHT="69" WIDTH="315" VPOS="818" HPOS="773" CONTENT="Londres," ID="tl_3_4" STYLEREFS="FONT0"/>
            <SP HEIGHT="69" WIDTH="26" VPOS="818" HPOS="1088"/>
            <String HEIGHT="69" WIDTH="157" VPOS="818" HPOS="1009" CONTENT="en" ID="tl_3_5" STYLEREFS="FONT0"/>
            <SP HEIGHT="69" WIDTH="26" VPOS="818" HPOS="1167"/>
            <String HEIGHT="69" WIDTH="210" VPOS="818" HPOS="1088" CONTENT="même" ID="tl_3_6" STYLEREFS="FONT0"/>
            <SP HEIGHT="69" WIDTH="26" VPOS="818" HPOS="1298"/>
            <String HEIGHT="69" WIDTH="236" VPOS="818" HPOS="1219" CONTENT="temps" ID="tl_3_7" STYLEREFS="FONT0"/>
            <SP HEIGHT="69" WIDTH="26" VPOS="818" HPOS="1455"/>
            <String HEIGHT="69" WIDTH="289" VPOS="818" HPOS="1350" CONTENT="qu’Orpen." ID="tl_3_8" STYLEREFS="FONT0"/>
          </TextLine>
        </TextBlock>
        <TextBlock ID="r_2_2" HEIGHT="310" WIDTH="1318" VPOS="902" HPOS="544">
          <TextLine ID="tl_4" BASELINE="961" HEIGHT="75" WIDTH="1270" VPOS="886" HPOS="598">
            <String HEIGHT="75" WIDTH="144" VPOS="886" HPOS="574" CONTENT="Le" ID="tl_4_1" STYLEREFS="FONT0"/>
            <SP HEIGHT="75" WIDTH="24" VPOS="886" HPOS="718"/>
            <String HEIGHT="75" WIDTH="192" VPOS="886" HPOS="646" CONTENT="père" ID="tl_4_2" STYLEREFS="FONT0"/>
            <SP HEIGHT="75" WIDTH="24" VPOS="886" HPOS="838"/>
            <String HEIGHT="75" WIDTH="144" VPOS="886" HPOS="766" CONTENT="de" ID="tl_4_3" STYLEREFS="FONT0"/>
            <SP HEIGHT="75" WIDTH="24" VPOS="886" HPOS="910"/>
            <String HEIGHT="75" WIDTH="312" VPOS="886" HPOS="838" CONTENT="l’artiste" ID="tl_4_4" STYLEREFS="FONT0"/>
            <SP HEIGHT="75" WIDTH="24" VPOS="886" HPOS="1149"/>
            <String HEIGHT="75" WIDTH="216" VPOS="886" HPOS="1077" CONTENT="était" ID="tl_4_5" STYLEREFS="FONT0"/>
            <SP HEIGHT="75" WIDTH="24" VPOS="886" HPOS="1293"/>
            <String HEIGHT="75" WIDTH="192" VPOS="886" HPOS="1221" CONTENT="très" ID="tl_4_6" STYLEREFS="FONT0"/>
            <SP HEIGHT="75" WIDTH="24" VPOS="886" HPOS="1413"/>
            <String HEIGHT="75" WIDTH="216" VPOS="886" HPOS="1341" CONTENT="connu" ID="tl_4_7" STYLEREFS="FONT0"/>
            <SP HEIGHT="75" WIDTH="24" VPOS="886" HPOS="1556"/>
            <String HEIGHT="75" WIDTH="216" VPOS="886" HPOS="1485" CONTENT="comme" ID="tl_4_8" STYLEREFS="FONT0"/>
            <SP HEIGHT="75" WIDTH="24" VPOS="886" HPOS="1700"/>
            <String HEIGHT="75" WIDTH="264" VPOS="886" HPOS="1604" CONTENT="ingénieur" ID="tl_4_9" STYLEREFS="FONT0"/>
          </TextLine>
          <TextLine ID="tl_5" BASELINE="1037" HEIGHT="76" WIDTH="1328" VPOS="961" HPOS="538">
            <String HEIGHT="76" WIDTH="155" VPOS="961" HPOS="516" CONTENT="par" ID="tl_5_1" STYLEREFS="FONT0"/>
            <SP HEIGHT="76" WIDTH="22" VPOS="961" HPOS="671"/>
            <String HEIGHT="76" WIDTH="155" VPOS="961" HPOS="604" CONTENT="ses" ID="tl_5_2" STYLEREFS="FONT0"/>
            <SP HEIGHT="76" WIDTH="22" VPOS="961" HPOS="759"/>
            <String HEIGHT="76" WIDTH="310" VPOS="961" HPOS="693" CONTENT="inventions" ID="tl_5_3" STYLEREFS="FONT0"/>
            <SP HEIGHT="76" WIDTH="22" VPOS="961" HPOS="1003"/>
            <String HEIGHT="76" WIDTH="155" VPOS="961" HPOS="936" CONTENT="qui" ID="tl_5_4" STYLEREFS="FONT0"/>
            <SP HEIGHT="76" WIDTH="22" VPOS="961" HPOS="1091"/>
            <String HEIGHT="76" WIDTH="177" VPOS="961" HPOS="1025" CONTENT="sont" ID="tl_5_5" STYLEREFS="FONT0"/>
            <SP HEIGHT="76" WIDTH="22" VPOS="961" HPOS="1202"/>
            <String HEIGHT="76" WIDTH="221" VPOS="961" HPOS="1136" CONTENT="encore" ID="tl_5_6" STYLEREFS="FONT0"/>
            <SP HEIGHT="76" WIDTH="22" VPOS="961" HPOS="1357"/>
            <String HEIGHT="76" WIDTH="288" VPOS="961" HPOS="1291" CONTENT="utilisées" ID="tl_5_7" STYLEREFS="FONT0"/>
            <SP HEIGHT="76" WIDTH="22" VPOS="961" HPOS="1578"/>
            <String HEIGHT="76" WIDTH="177" VPOS="961" HPOS="1512" CONTENT="dans" ID="tl_5_8" STYLEREFS="FONT0"/>
            <SP HEIGHT="76" WIDTH="22" VPOS="961" HPOS="1689"/>
            <String HEIGHT="76" WIDTH="266" VPOS="961" HPOS="1600" CONTENT="l’artille" SUBS_TYPE="HypPart1" SUBS_CONTENT="l’artillerie" ID="tl_5_9" STYLEREFS="FONT0"/>
            <HYP CONTENT="-"/>
          </TextLine>
          <TextLine ID="tl_6" BASELINE="1092" HEIGHT="73" WIDTH="1333" VPOS="1019" HPOS="536">
            <String HEIGHT="73" WIDTH="153" VPOS="1019" HPOS="514" CONTENT="rie" SUBS_TYPE="HypPart2" SUBS_CONTENT="l’artillerie" ID="tl_6_1" STYLEREFS="FONT0"/>
            <SP HEIGHT="73" WIDTH="22" VPOS="1019" HPOS="667"/>
            <String HEIGHT="73" WIDTH="131" VPOS="1019" HPOS="602" CONTENT="de" ID="tl_6_2" STYLEREFS="FONT0"/>
            <SP HEIGHT="73" WIDTH="22" VPOS="1019" HPOS="733"/>
            <String HEIGHT="73" WIDTH="131" VPOS="1019" HPOS="667" CONTENT="la" ID="tl_6_3" STYLEREFS="FONT0"/>
            <SP HEIGHT="73" WIDTH="22" VPOS="1019" HPOS="798"/>
            <String HEIGHT="73" WIDTH="219" VPOS="1019" HPOS="733" CONTENT="flotte" ID="tl_6_4" STYLEREFS="FONT0"/>
            <SP HEIGHT="73" WIDTH="22" VPOS="1019" HPOS="951"/>
            <String HEIGHT="73" WIDTH="284" VPOS="1019" HPOS="886" CONTENT="anglaise." ID="tl_6_5" STYLEREFS="FONT0"/>
            <SP HEIGHT="73" WIDTH="22" VPOS="1019" HPOS="1170"/>
            <String HEIGHT="73" WIDTH="131" VPOS="1019" HPOS="1104" CONTENT="Il" ID="tl_6_6" STYLEREFS="FONT0"/>
            <SP HEIGHT="73" WIDTH="22" VPOS="1019" HPOS="1235"/>
            <String HEIGHT="73" WIDTH="197" VPOS="1019" HPOS="1170" CONTENT="était" ID="tl_6_7" STYLEREFS="FONT0"/>
            <SP HEIGHT="73" WIDTH="22" VPOS="1019" HPOS="1366"/>
            <String HEIGHT="73" WIDTH="175" VPOS="1019" HPOS="1301" CONTENT="très" ID="tl_6_8" STYLEREFS="FONT0"/>
            <SP HEIGHT="73" WIDTH="22" VPOS="1019" HPOS="1476"/>
            <String HEIGHT="73" WIDTH="153" VPOS="1019" HPOS="1410" CONTENT="lié" ID="tl_6_9" STYLEREFS="FONT0"/>
            <SP HEIGHT="73" WIDTH="22" VPOS="1019" HPOS="1563"/>
            <String HEIGHT="73" WIDTH="175" VPOS="1019" HPOS="1498" CONTENT="avec" ID="tl_6_10" STYLEREFS="FONT0"/>
            <SP HEIGHT="73" WIDTH="22" VPOS="1019" HPOS="1672"/>
            <String HEIGHT="73" WIDTH="262" VPOS="1019" HPOS="1607" CONTENT="Whistler" ID="tl_6_11" STYLEREFS="FONT0"/>
            <SP HEIGHT="73" WIDTH="22" VPOS="1019" HPOS="1869"/>
            <String HEIGHT="73" WIDTH="87" VPOS="1019" HPOS="1782" CONTENT="et" ID="tl_6_12" STYLEREFS="FONT0"/>
          </TextLine>
          <TextLine ID="tl_7" BASELINE="1159" HEIGHT="76" WIDTH="1329" VPOS="1083" HPOS="539">
            <String HEIGHT="76" WIDTH="140" VPOS="1083" HPOS="516" CONTENT="le" ID="tl_7_1" STYLEREFS="FONT0"/>
            <SP HEIGHT="76" WIDTH="23" VPOS="1083" HPOS="656"/>
            <String HEIGHT="76" WIDTH="187" VPOS="1083" HPOS="586" CONTENT="fils" ID="tl_7_2" STYLEREFS="FONT0"/>
            <SP HEIGHT="76" WIDTH="23" VPOS="1083" HPOS="772"/>
            <String HEIGHT="76" WIDTH="303" VPOS="1083" HPOS="702" CONTENT="bénéficia" ID="tl_7_3" STYLEREFS="FONT0"/>
            <SP HEIGHT="76" WIDTH="23" VPOS="1083" HPOS="1005"/>
            <String HEIGHT="76" WIDTH="140" VPOS="1083" HPOS="935" CONTENT="de" ID="tl_7_4" STYLEREFS="FONT0"/>
            <SP HEIGHT="76" WIDTH="23" VPOS="1083" HPOS="1075"/>
            <String HEIGHT="76" WIDTH="210" VPOS="1083" HPOS="1005" CONTENT="cette" ID="tl_7_5" STYLEREFS="FONT0"/>
            <SP HEIGHT="76" WIDTH="23" VPOS="1083" HPOS="1215"/>
            <String HEIGHT="76" WIDTH="233" VPOS="1083" HPOS="1145" CONTENT="amitié" ID="tl_7_6" STYLEREFS="FONT0"/>
            <SP HEIGHT="76" WIDTH="23" VPOS="1083" HPOS="1378"/>
            <String HEIGHT="76" WIDTH="163" VPOS="1083" HPOS="1308" CONTENT="qui" ID="tl_7_7" STYLEREFS="FONT0"/>
            <SP HEIGHT="76" WIDTH="23" VPOS="1083" HPOS="1472"/>
            <String HEIGHT="76" WIDTH="140" VPOS="1083" HPOS="1402" CONTENT="ne" ID="tl_7_8" STYLEREFS="FONT0"/>
            <SP HEIGHT="76" WIDTH="23" VPOS="1083" HPOS="1542"/>
            <String HEIGHT="76" WIDTH="163" VPOS="1083" HPOS="1472" CONTENT="fut" ID="tl_7_9" STYLEREFS="FONT0"/>
            <SP HEIGHT="76" WIDTH="23" VPOS="1083" HPOS="1635"/>
            <String HEIGHT="76" WIDTH="163" VPOS="1083" HPOS="1565" CONTENT="pas" ID="tl_7_10" STYLEREFS="FONT0"/>
            <SP HEIGHT="76" WIDTH="23" VPOS="1083" HPOS="1728"/>
            <String HEIGHT="76" WIDTH="187" VPOS="1083" HPOS="1658" CONTENT="sans" ID="tl_7_11" STYLEREFS="FONT0"/>
            <SP HEIGHT="76" WIDTH="23" VPOS="1083" HPOS="1845"/>
            <String HEIGHT="76" WIDTH="117" VPOS="1083" HPOS="1751" CONTENT="in" SUBS_TYPE="HypPart1" SUBS_CONTENT="influence" ID="tl_7_12" STYLEREFS="FONT0"/>
            <HYP CONTENT="-"/>
          </TextLine>
          <TextLine ID="tl_8" BASELINE="1235" HEIGHT="87" WIDTH="564" VPOS="1148" HPOS="538">
            <String HEIGHT="87" WIDTH="248" VPOS="1148" HPOS="515" CONTENT="fluence" SUBS_TYPE="HypPart2" SUBS_CONTENT="influence" ID="tl_8_1" STYLEREFS="FONT0"/>
            <SP HEIGHT="87" WIDTH="23" VPOS="1148" HPOS="764"/>
            <String HEIGHT="87" WIDTH="158" VPOS="1148" HPOS="696" CONTENT="sur" ID="tl_8_2" STYLEREFS="FONT0"/>
            <SP HEIGHT="87" WIDTH="23" VPOS="1148" HPOS="854"/>
            <String HEIGHT="87" WIDTH="135" VPOS="1148" HPOS="786" CONTENT="sa" ID="tl_8_3" STYLEREFS="FONT0"/>
            <SP HEIGHT="87" WIDTH="23" VPOS="1148" HPOS="922"/>
            <String HEIGHT="87" WIDTH="271" VPOS="1148" HPOS="831" CONTENT="direction." ID="tl_8_4" STYLEREFS="FONT0"/>
          </TextLine>
        </TextBlock>
        <TextBlock ID="r_2_3" HEIGHT="324" WIDTH="1319" VPOS="1237" HPOS="544">
          <TextLine ID="tl_9" BASELINE="1292" HEIGHT="78" WIDTH="1270" VPOS="1214" HPOS="598">
            <String HEIGHT="78" WIDTH="193" VPOS="1214" HPOS="570" CONTENT="Mac" ID="tl_9_1" STYLEREFS="FONT0"/>
            <SP HEIGHT="78" WIDTH="28" VPOS="1214" HPOS="764"/>
            <String HEIGHT="78" WIDTH="221" VPOS="1214" HPOS="681" CONTENT="Evoy" ID="tl_9_2" STYLEREFS="FONT0"/>
            <SP HEIGHT="78" WIDTH="28" VPOS="1214" HPOS="902"/>
            <String HEIGHT="78" WIDTH="138" VPOS="1214" HPOS="819" CONTENT="a" ID="tl_9_3" STYLEREFS="FONT0"/>
            <SP HEIGHT="78" WIDTH="28" VPOS="1214" HPOS="957"/>
            <String HEIGHT="78" WIDTH="276" VPOS="1214" HPOS="874" CONTENT="voyagé" ID="tl_9_4" STYLEREFS="FONT0"/>
            <SP HEIGHT="78" WIDTH="28" VPOS="1214" HPOS="1150"/>
            <String HEIGHT="78" WIDTH="166" VPOS="1214" HPOS="1067" CONTENT="en" ID="tl_9_5" STYLEREFS="FONT0"/>
            <SP HEIGHT="78" WIDTH="28" VPOS="1214" HPOS="1233"/>
            <String HEIGHT="78" WIDTH="304" VPOS="1214" HPOS="1150" CONTENT="France," ID="tl_9_6" STYLEREFS="FONT0"/>
            <SP HEIGHT="78" WIDTH="28" VPOS="1214" HPOS="1454"/>
            <String HEIGHT="78" WIDTH="166" VPOS="1214" HPOS="1371" CONTENT="en" ID="tl_9_7" STYLEREFS="FONT0"/>
            <SP HEIGHT="78" WIDTH="28" VPOS="1214" HPOS="1537"/>
            <String HEIGHT="78" WIDTH="331" VPOS="1214" HPOS="1454" CONTENT="Belgique" ID="tl_9_8" STYLEREFS="FONT0"/>
            <SP HEIGHT="78" WIDTH="28" VPOS="1214" HPOS="1785"/>
            <String HEIGHT="78" WIDTH="166" VPOS="1214" HPOS="1702" CONTENT="et" ID="tl_9_9" STYLEREFS="FONT0"/>
            <SP HEIGHT="78" WIDTH="28" VPOS="1214" HPOS="1868"/>
            <String HEIGHT="78" WIDTH="110" VPOS="1214" HPOS="1758" CONTENT="en" ID="tl_9_10" STYLEREFS="FONT0"/>
          </TextLine>
          <TextLine ID="tl_10" BASELINE="1367" HEIGHT="88" WIDTH="1330" VPOS="1279" HPOS="540">
            <String HEIGHT="88" WIDTH="309" VPOS="1279" HPOS="516" CONTENT="Hollande." ID="tl_10_1" STYLEREFS="FONT0"/>
            <SP HEIGHT="88" WIDTH="24" VPOS="1279" HPOS="825"/>
            <String HEIGHT="88" WIDTH="143" VPOS="1279" HPOS="754" CONTENT="Il" ID="tl_10_2" STYLEREFS="FONT0"/>
            <SP HEIGHT="88" WIDTH="24" VPOS="1279" HPOS="896"/>
            <String HEIGHT="88" WIDTH="166" VPOS="1279" HPOS="825" CONTENT="est" ID="tl_10_3" STYLEREFS="FONT0"/>
            <SP HEIGHT="88" WIDTH="24" VPOS="1279" HPOS="991"/>
            <String HEIGHT="88" WIDTH="214" VPOS="1279" HPOS="920" CONTENT="connu" ID="tl_10_4" STYLEREFS="FONT0"/>
            <SP HEIGHT="88" WIDTH="24" VPOS="1279" HPOS="1134"/>
            <String HEIGHT="88" WIDTH="214" VPOS="1279" HPOS="1063" CONTENT="comme" ID="tl_10_5" STYLEREFS="FONT0"/>
            <SP HEIGHT="88" WIDTH="24" VPOS="1279" HPOS="1276"/>
            <String HEIGHT="88" WIDTH="261" VPOS="1279" HPOS="1205" CONTENT="peintre" ID="tl_10_6" STYLEREFS="FONT0"/>
            <SP HEIGHT="88" WIDTH="24" VPOS="1279" HPOS="1466"/>
            <String HEIGHT="88" WIDTH="143" VPOS="1279" HPOS="1395" CONTENT="de" ID="tl_10_7" STYLEREFS="FONT0"/>
            <SP HEIGHT="88" WIDTH="24" VPOS="1279" HPOS="1538"/>
            <String HEIGHT="88" WIDTH="333" VPOS="1279" HPOS="1466" CONTENT="portraits," ID="tl_10_8" STYLEREFS="FONT0"/>
            <SP HEIGHT="88" WIDTH="24" VPOS="1279" HPOS="1799"/>
            <String HEIGHT="88" WIDTH="166" VPOS="1279" HPOS="1704" CONTENT="d’in" SUBS_TYPE="HypPart1" SUBS_CONTENT="d’intérieurs" ID="tl_10_9" STYLEREFS="FONT0"/>
            <HYP CONTENT="-"/>
          </TextLine>
          <TextLine ID="tl_11" BASELINE="1432" HEIGHT="73" WIDTH="1334" VPOS="1359" HPOS="537">
            <String HEIGHT="73" WIDTH="271" VPOS="1359" HPOS="514" CONTENT="térieurs" SUBS_TYPE="HypPart2" SUBS_CONTENT="d’intérieurs" ID="tl_11_1" STYLEREFS="FONT0"/>
            <SP HEIGHT="73" WIDTH="23" VPOS="1359" HPOS="786"/>
            <String HEIGHT="73" WIDTH="136" VPOS="1359" HPOS="718" CONTENT="et" ID="tl_11_2" STYLEREFS="FONT0"/>
            <SP HEIGHT="73" WIDTH="23" VPOS="1359" HPOS="854"/>
            <String HEIGHT="73" WIDTH="136" VPOS="1359" HPOS="786" CONTENT="de" ID="tl_11_3" STYLEREFS="FONT0"/>
            <SP HEIGHT="73" WIDTH="23" VPOS="1359" HPOS="921"/>
            <String HEIGHT="73" WIDTH="294" VPOS="1359" HPOS="854" CONTENT="paysages." ID="tl_11_4" STYLEREFS="FONT0"/>
            <SP HEIGHT="73" WIDTH="23" VPOS="1359" HPOS="1147"/>
            <String HEIGHT="73" WIDTH="136" VPOS="1359" HPOS="1080" CONTENT="Il" ID="tl_11_5" STYLEREFS="FONT0"/>
            <SP HEIGHT="73" WIDTH="23" VPOS="1359" HPOS="1215"/>
            <String HEIGHT="73" WIDTH="158" VPOS="1359" HPOS="1147" CONTENT="est" ID="tl_11_6" STYLEREFS="FONT0"/>
            <SP HEIGHT="73" WIDTH="23" VPOS="1359" HPOS="1306"/>
            <String HEIGHT="73" WIDTH="339" VPOS="1359" HPOS="1238" CONTENT="aujourd’hui" ID="tl_11_7" STYLEREFS="FONT0"/>
            <SP HEIGHT="73" WIDTH="23" VPOS="1359" HPOS="1577"/>
            <String HEIGHT="73" WIDTH="317" VPOS="1359" HPOS="1509" CONTENT="professeur" ID="tl_11_8" STYLEREFS="FONT0"/>
            <SP HEIGHT="73" WIDTH="23" VPOS="1359" HPOS="1826"/>
            <String HEIGHT="73" WIDTH="113" VPOS="1359" HPOS="1758" CONTENT="à" ID="tl_11_9" STYLEREFS="FONT0"/>
            <SP HEIGHT="73" WIDTH="23" VPOS="1359" HPOS="1871"/>
            <String HEIGHT="73" WIDTH="90" VPOS="1359" HPOS="1781" CONTENT="la" ID="tl_11_10" STYLEREFS="FONT0"/>
          </TextLine>
          <TextLine ID="tl_12" BASELINE="1506" HEIGHT="81" WIDTH="1331" VPOS="1425" HPOS="538">
            <String HEIGHT="81" WIDTH="214" VPOS="1425" HPOS="514" CONTENT="Slade" ID="tl_12_1" STYLEREFS="FONT0"/>
            <SP HEIGHT="81" WIDTH="24" VPOS="1425" HPOS="728"/>
            <String HEIGHT="81" WIDTH="238" VPOS="1425" HPOS="657" CONTENT="School" ID="tl_12_2" STYLEREFS="FONT0"/>
            <SP HEIGHT="81" WIDTH="24" VPOS="1425" HPOS="895"/>
            <String HEIGHT="81" WIDTH="143" VPOS="1425" HPOS="823" CONTENT="of" ID="tl_12_3" STYLEREFS="FONT0"/>
            <SP HEIGHT="81" WIDTH="24" VPOS="1425" HPOS="966"/>
            <String HEIGHT="81" WIDTH="190" VPOS="1425" HPOS="895" CONTENT="Art." ID="tl_12_4" STYLEREFS="FONT0"/>
            <SP HEIGHT="81" WIDTH="24" VPOS="1425" HPOS="1085"/>
            <String HEIGHT="81" WIDTH="143" VPOS="1425" HPOS="1013" CONTENT="Il" ID="tl_12_5" STYLEREFS="FONT0"/>
            <SP HEIGHT="81" WIDTH="24" VPOS="1425" HPOS="1156"/>
            <String HEIGHT="81" WIDTH="119" VPOS="1425" HPOS="1085" CONTENT="y" ID="tl_12_6" STYLEREFS="FONT0"/>
            <SP HEIGHT="81" WIDTH="24" VPOS="1425" HPOS="1204"/>
            <String HEIGHT="81" WIDTH="119" VPOS="1425" HPOS="1132" CONTENT="a" ID="tl_12_7" STYLEREFS="FONT0"/>
            <SP HEIGHT="81" WIDTH="24" VPOS="1425" HPOS="1251"/>
            <String HEIGHT="81" WIDTH="143" VPOS="1425" HPOS="1180" CONTENT="un" ID="tl_12_8" STYLEREFS="FONT0"/>
            <SP HEIGHT="81" WIDTH="24" VPOS="1425" HPOS="1322"/>
            <String HEIGHT="81" WIDTH="261" VPOS="1425" HPOS="1251" CONTENT="tableau" ID="tl_12_9" STYLEREFS="FONT0"/>
            <SP HEIGHT="81" WIDTH="24" VPOS="1425" HPOS="1512"/>
            <String HEIGHT="81" WIDTH="143" VPOS="1425" HPOS="1441" CONTENT="de" ID="tl_12_10" STYLEREFS="FONT0"/>
            <SP HEIGHT="81" WIDTH="24" VPOS="1425" HPOS="1584"/>
            <String HEIGHT="81" WIDTH="309" VPOS="1425" HPOS="1512" CONTENT="l’artiste" ID="tl_12_11" STYLEREFS="FONT0"/>
            <SP HEIGHT="81" WIDTH="24" VPOS="1425" HPOS="1821"/>
            <String HEIGHT="81" WIDTH="119" VPOS="1425" HPOS="1750" CONTENT="à" ID="tl_12_12" STYLEREFS="FONT0"/>
            <SP HEIGHT="81" WIDTH="24" VPOS="1425" HPOS="1869"/>
            <String HEIGHT="81" WIDTH="95" VPOS="1425" HPOS="1774" CONTENT="la" ID="tl_12_13" STYLEREFS="FONT0"/>
          </TextLine>
          <TextLine ID="tl_13" BASELINE="1570" HEIGHT="86" WIDTH="1072" VPOS="1484" HPOS="548">
            <String HEIGHT="86" WIDTH="186" VPOS="1484" HPOS="525" CONTENT="Tate" ID="tl_13_1" STYLEREFS="FONT0"/>
            <SP HEIGHT="86" WIDTH="23" VPOS="1484" HPOS="711"/>
            <String HEIGHT="86" WIDTH="256" VPOS="1484" HPOS="641" CONTENT="Gallery" ID="tl_13_2" STYLEREFS="FONT0"/>
            <SP HEIGHT="86" WIDTH="23" VPOS="1484" HPOS="898"/>
            <String HEIGHT="86" WIDTH="140" VPOS="1484" HPOS="828" CONTENT="et" ID="tl_13_3" STYLEREFS="FONT0"/>
            <SP HEIGHT="86" WIDTH="23" VPOS="1484" HPOS="967"/>
            <String HEIGHT="86" WIDTH="117" VPOS="1484" HPOS="898" CONTENT="à" ID="tl_13_4" STYLEREFS="FONT0"/>
            <SP HEIGHT="86" WIDTH="23" VPOS="1484" HPOS="1014"/>
            <String HEIGHT="86" WIDTH="140" VPOS="1484" HPOS="944" CONTENT="la" ID="tl_13_5" STYLEREFS="FONT0"/>
            <SP HEIGHT="86" WIDTH="23" VPOS="1484" HPOS="1084"/>
            <String HEIGHT="86" WIDTH="256" VPOS="1484" HPOS="1014" CONTENT="galerie" ID="tl_13_6" STYLEREFS="FONT0"/>
            <SP HEIGHT="86" WIDTH="23" VPOS="1484" HPOS="1270"/>
            <String HEIGHT="86" WIDTH="140" VPOS="1484" HPOS="1201" CONTENT="de" ID="tl_13_7" STYLEREFS="FONT0"/>
            <SP HEIGHT="86" WIDTH="23" VPOS="1484" HPOS="1340"/>
            <String HEIGHT="86" WIDTH="373" VPOS="1484" HPOS="1247" CONTENT="Johannisbourg." ID="tl_13_8" STYLEREFS="FONT0"/>
          </TextLine>
        </TextBlock>
        <TextBlock ID="r_3_1" HEIGHT="38" WIDTH="282" VPOS="1681" HPOS="1068">
          <TextLine ID="tl_14" BASELINE="1739" HEIGHT="80" WIDTH="296" VPOS="1659" HPOS="1061">
            <String HEIGHT="80" WIDTH="115" VPOS="1659" HPOS="1045" CONTENT="16." ID="tl_14_1" STYLEREFS="FONT0"/>
            <SP HEIGHT="80" WIDTH="16" VPOS="1659" HPOS="1160"/>
            <String HEIGHT="80" WIDTH="263" VPOS="1659" HPOS="1094" CONTENT="Madame" ID="tl_14_2" STYLEREFS="FONT1"/>
          </TextLine>
        </TextBlock>
        <TextBlock ID="r_3_2" HEIGHT="46" WIDTH="432" VPOS="1766" HPOS="1005">
          <TextLine ID="tl_15" BASELINE="1854" HEIGHT="114" WIDTH="448" VPOS="1740" HPOS="997">
            <String HEIGHT="114" WIDTH="117" VPOS="1740" HPOS="978" CONTENT="H." ID="tl_15_1" STYLEREFS="FONT0"/>
            <SP HEIGHT="114" WIDTH="19" VPOS="1740" HPOS="1094"/>
            <String HEIGHT="114" WIDTH="97" VPOS="1740" HPOS="1036" CONTENT=":" ID="tl_15_2" STYLEREFS="FONT0"/>
            <SP HEIGHT="114" WIDTH="19" VPOS="1740" HPOS="1133"/>
            <String HEIGHT="114" WIDTH="117" VPOS="1740" HPOS="1075" CONTENT="1," ID="tl_15_3" STYLEREFS="FONT0"/>
            <SP HEIGHT="114" WIDTH="19" VPOS="1740" HPOS="1192"/>
            <String HEIGHT="114" WIDTH="136" VPOS="1740" HPOS="1133" CONTENT="42;" ID="tl_15_4" STYLEREFS="FONT0"/>
            <SP HEIGHT="114" WIDTH="19" VPOS="1740" HPOS="1270"/>
            <String HEIGHT="114" WIDTH="117" VPOS="1740" HPOS="1211" CONTENT="L." ID="tl_15_5" STYLEREFS="FONT0"/>
            <SP HEIGHT="114" WIDTH="19" VPOS="1740" HPOS="1328"/>
            <String HEIGHT="114" WIDTH="97" VPOS="1740" HPOS="1270" CONTENT=":" ID="tl_15_6" STYLEREFS="FONT0"/>
            <SP HEIGHT="114" WIDTH="19" VPOS="1740" HPOS="1367"/>
            <String HEIGHT="114" WIDTH="117" VPOS="1740" HPOS="1309" CONTENT="1," ID="tl_15_7" STYLEREFS="FONT0"/>
            <SP HEIGHT="114" WIDTH="19" VPOS="1740" HPOS="1426"/>
            <String HEIGHT="114" WIDTH="97" VPOS="1740" HPOS="1348" CONTENT="12." ID="tl_15_8" STYLEREFS="FONT0"/>
          </TextLine>
        </TextBlock>
        <TextBlock ID="r_3_3" HEIGHT="234" WIDTH="1327" VPOS="1893" HPOS="540">
          <TextLine ID="tl_16" BASELINE="1938" HEIGHT="86" WIDTH="1277" VPOS="1852" HPOS="595">
            <String HEIGHT="86" WIDTH="108" VPOS="1852" HPOS="573" CONTENT="A" ID="tl_16_1" STYLEREFS="FONT0"/>
            <SP HEIGHT="86" WIDTH="22" VPOS="1852" HPOS="682"/>
            <String HEIGHT="86" WIDTH="325" VPOS="1852" HPOS="617" CONTENT="l’intérieur" ID="tl_16_2" STYLEREFS="FONT0"/>
            <SP HEIGHT="86" WIDTH="22" VPOS="1852" HPOS="941"/>
            <String HEIGHT="86" WIDTH="173" VPOS="1852" HPOS="876" CONTENT="d’un" ID="tl_16_3" STYLEREFS="FONT0"/>
            <SP HEIGHT="86" WIDTH="22" VPOS="1852" HPOS="1050"/>
            <String HEIGHT="86" WIDTH="216" VPOS="1852" HPOS="985" CONTENT="salon," ID="tl_16_4" STYLEREFS="FONT0"/>
            <SP HEIGHT="86" WIDTH="22" VPOS="1852" HPOS="1201"/>
            <String HEIGHT="86" WIDTH="152" VPOS="1852" HPOS="1136" CONTENT="une" ID="tl_16_5" STYLEREFS="FONT0"/>
            <SP HEIGHT="86" WIDTH="22" VPOS="1852" HPOS="1288"/>
            <String HEIGHT="86" WIDTH="195" VPOS="1852" HPOS="1223" CONTENT="jeune" ID="tl_16_6" STYLEREFS="FONT0"/>
            <SP HEIGHT="86" WIDTH="22" VPOS="1852" HPOS="1417"/>
            <String HEIGHT="86" WIDTH="195" VPOS="1852" HPOS="1353" CONTENT="femme" ID="tl_16_7" STYLEREFS="FONT0"/>
            <SP HEIGHT="86" WIDTH="22" VPOS="1852" HPOS="1547"/>
            <String HEIGHT="86" WIDTH="238" VPOS="1852" HPOS="1482" CONTENT="blonde," ID="tl_16_8" STYLEREFS="FONT0"/>
            <SP HEIGHT="86" WIDTH="22" VPOS="1852" HPOS="1720"/>
            <String HEIGHT="86" WIDTH="130" VPOS="1852" HPOS="1656" CONTENT="de" ID="tl_16_9" STYLEREFS="FONT0"/>
            <SP HEIGHT="86" WIDTH="22" VPOS="1852" HPOS="1785"/>
            <String HEIGHT="86" WIDTH="173" VPOS="1852" HPOS="1699" CONTENT="trois" SUBS_TYPE="HypPart1" SUBS_CONTENT="troisquarts" ID="tl_16_10" STYLEREFS="FONT0"/>
            <HYP CONTENT="-"/>
          </TextLine>
          <TextLine ID="tl_17" BASELINE="2012" HEIGHT="75" WIDTH="1338" VPOS="1937" HPOS="536">
            <String HEIGHT="75" WIDTH="227" VPOS="1937" HPOS="513" CONTENT="quarts" SUBS_TYPE="HypPart2" SUBS_CONTENT="troisquarts" ID="tl_17_1" STYLEREFS="FONT0"/>
            <SP HEIGHT="75" WIDTH="23" VPOS="1937" HPOS="740"/>
            <String HEIGHT="75" WIDTH="113" VPOS="1937" HPOS="672" CONTENT="à" ID="tl_17_2" STYLEREFS="FONT0"/>
            <SP HEIGHT="75" WIDTH="23" VPOS="1937" HPOS="785"/>
            <String HEIGHT="75" WIDTH="249" VPOS="1937" HPOS="717" CONTENT="droite," ID="tl_17_3" STYLEREFS="FONT0"/>
            <SP HEIGHT="75" WIDTH="23" VPOS="1937" HPOS="967"/>
            <String HEIGHT="75" WIDTH="159" VPOS="1937" HPOS="899" CONTENT="les" ID="tl_17_4" STYLEREFS="FONT0"/>
            <SP HEIGHT="75" WIDTH="23" VPOS="1937" HPOS="1058"/>
            <String HEIGHT="75" WIDTH="249" VPOS="1937" HPOS="990" CONTENT="épaules" ID="tl_17_5" STYLEREFS="FONT0"/>
            <SP HEIGHT="75" WIDTH="23" VPOS="1937" HPOS="1239"/>
            <String HEIGHT="75" WIDTH="295" VPOS="1937" HPOS="1171" CONTENT="couvertes" ID="tl_17_6" STYLEREFS="FONT0"/>
            <SP HEIGHT="75" WIDTH="23" VPOS="1937" HPOS="1466"/>
            <String HEIGHT="75" WIDTH="181" VPOS="1937" HPOS="1398" CONTENT="d’un" ID="tl_17_7" STYLEREFS="FONT0"/>
            <SP HEIGHT="75" WIDTH="23" VPOS="1937" HPOS="1579"/>
            <String HEIGHT="75" WIDTH="204" VPOS="1937" HPOS="1511" CONTENT="châle" ID="tl_17_8" STYLEREFS="FONT0"/>
            <SP HEIGHT="75" WIDTH="23" VPOS="1937" HPOS="1715"/>
            <String HEIGHT="75" WIDTH="204" VPOS="1937" HPOS="1647" CONTENT="noir," ID="tl_17_9" STYLEREFS="FONT0"/>
            <SP HEIGHT="75" WIDTH="23" VPOS="1937" HPOS="1851"/>
            <String HEIGHT="75" WIDTH="113" VPOS="1937" HPOS="1761" CONTENT="est" ID="tl_17_10" STYLEREFS="FONT0"/>
          </TextLine>
          <TextLine ID="tl_18" BASELINE="2064" HEIGHT="64" WIDTH="1343" VPOS="2000" HPOS="532">
            <String HEIGHT="64" WIDTH="124" VPOS="2000" HPOS="511" CONTENT="ap" ID="tl_18_1" STYLEREFS="FONT0"/>
            <SP HEIGHT="64" WIDTH="21" VPOS="2000" HPOS="635"/>
            <String HEIGHT="64" WIDTH="186" VPOS="2000" HPOS="573" CONTENT="puyée" ID="tl_18_2" STYLEREFS="FONT0"/>
            <SP HEIGHT="64" WIDTH="21" VPOS="2000" HPOS="759"/>
            <String HEIGHT="64" WIDTH="145" VPOS="2000" HPOS="697" CONTENT="sur" ID="tl_18_3" STYLEREFS="FONT0"/>
            <SP HEIGHT="64" WIDTH="21" VPOS="2000" HPOS="842"/>
            <String HEIGHT="64" WIDTH="145" VPOS="2000" HPOS="780" CONTENT="une" ID="tl_18_4" STYLEREFS="FONT0"/>
            <SP HEIGHT="64" WIDTH="21" VPOS="2000" HPOS="925"/>
            <String HEIGHT="64" WIDTH="227" VPOS="2000" HPOS="863" CONTENT="console" ID="tl_18_5" STYLEREFS="FONT0"/>
            <SP HEIGHT="64" WIDTH="21" VPOS="2000" HPOS="1090"/>
            <String HEIGHT="64" WIDTH="124" VPOS="2000" HPOS="1028" CONTENT="de" ID="tl_18_6" STYLEREFS="FONT0"/>
            <SP HEIGHT="64" WIDTH="21" VPOS="2000" HPOS="1152"/>
            <String HEIGHT="64" WIDTH="207" VPOS="2000" HPOS="1090" CONTENT="marbre" ID="tl_18_7" STYLEREFS="FONT0"/>
            <SP HEIGHT="64" WIDTH="21" VPOS="2000" HPOS="1296"/>
            <String HEIGHT="64" WIDTH="186" VPOS="2000" HPOS="1234" CONTENT="noir," ID="tl_18_8" STYLEREFS="FONT0"/>
            <SP HEIGHT="64" WIDTH="21" VPOS="2000" HPOS="1420"/>
            <String HEIGHT="64" WIDTH="227" VPOS="2000" HPOS="1358" CONTENT="debout," ID="tl_18_9" STYLEREFS="FONT0"/>
            <SP HEIGHT="64" WIDTH="21" VPOS="2000" HPOS="1586"/>
            <String HEIGHT="64" WIDTH="207" VPOS="2000" HPOS="1524" CONTENT="devant" ID="tl_18_10" STYLEREFS="FONT0"/>
            <SP HEIGHT="64" WIDTH="21" VPOS="2000" HPOS="1730"/>
            <String HEIGHT="64" WIDTH="145" VPOS="2000" HPOS="1668" CONTENT="une" ID="tl_18_11" STYLEREFS="FONT0"/>
            <SP HEIGHT="64" WIDTH="21" VPOS="2000" HPOS="1813"/>
            <String HEIGHT="64" WIDTH="145" VPOS="2000" HPOS="1730" CONTENT="glace" ID="tl_18_12" STYLEREFS="FONT0"/>
          </TextLine>
          <TextLine ID="tl_19" BASELINE="2152" HEIGHT="92" WIDTH="467" VPOS="2060" HPOS="535">
            <String HEIGHT="92" WIDTH="149" VPOS="2060" HPOS="514" CONTENT="qui" ID="tl_19_1" STYLEREFS="FONT0"/>
            <SP HEIGHT="92" WIDTH="21" VPOS="2060" HPOS="662"/>
            <String HEIGHT="92" WIDTH="234" VPOS="2060" HPOS="599" CONTENT="reflète" ID="tl_19_2" STYLEREFS="FONT0"/>
            <SP HEIGHT="92" WIDTH="21" VPOS="2060" HPOS="832"/>
            <String HEIGHT="92" WIDTH="149" VPOS="2060" HPOS="769" CONTENT="son" ID="tl_19_3" STYLEREFS="FONT0"/>
            <SP HEIGHT="92" WIDTH="21" VPOS="2060" HPOS="917"/>
            <String HEIGHT="92" WIDTH="170" VPOS="2060" HPOS="832" CONTENT="image." ID="tl_19_4" STYLEREFS="FONT0"/>
          </TextLine>
        </TextBlock>
        <TextBlock ID="r_3_4" HEIGHT="49" WIDTH="674" VPOS="2174" HPOS="599">
          <TextLine ID="tl_20" BASELINE="2249" HEIGHT="100" WIDTH="688" VPOS="2149" HPOS="592">
            <String HEIGHT="100" WIDTH="159" VPOS="2149" HPOS="574" CONTENT="Signé" ID="tl_20_1" STYLEREFS="FONT0"/>
            <SP HEIGHT="100" WIDTH="18" VPOS="2149" HPOS="733"/>
            <String HEIGHT="100" WIDTH="106" VPOS="2149" HPOS="680" CONTENT="en" ID="tl_20_2" STYLEREFS="FONT0"/>
            <SP HEIGHT="100" WIDTH="18" VPOS="2149" HPOS="786"/>
            <String HEIGHT="100" WIDTH="141" VPOS="2149" HPOS="733" CONTENT="bas," ID="tl_20_3" STYLEREFS="FONT0"/>
            <SP HEIGHT="100" WIDTH="18" VPOS="2149" HPOS="874"/>
            <String HEIGHT="100" WIDTH="88" VPOS="2149" HPOS="821" CONTENT="à" ID="tl_20_4" STYLEREFS="FONT0"/>
            <SP HEIGHT="100" WIDTH="18" VPOS="2149" HPOS="910"/>
            <String HEIGHT="100" WIDTH="194" VPOS="2149" HPOS="857" CONTENT="droite," ID="tl_20_5" STYLEREFS="FONT0"/>
            <SP HEIGHT="100" WIDTH="18" VPOS="2149" HPOS="1051"/>
            <String HEIGHT="100" WIDTH="159" VPOS="2149" HPOS="998" CONTENT="M." ID="tl_20_6" STYLEREFS="FONT2"/>
            <SP HEIGHT="100" WIDTH="18" VPOS="2149" HPOS="1157"/>
            <String HEIGHT="100" WIDTH="194" VPOS="2149" HPOS="1086" CONTENT="Evoy" ID="tl_20_7" STYLEREFS="FONT2"/>
          </TextLine>
        </TextBlock>
        <TextBlock ID="r_4_1" HEIGHT="38" WIDTH="133" VPOS="2299" HPOS="1179">
          <TextLine ID="tl_21" BASELINE="2363" HEIGHT="87" WIDTH="153" VPOS="2276" HPOS="1167">
            <String HEIGHT="87" WIDTH="230" VPOS="2276" HPOS="1129" CONTENT="60" ID="tl_21_1" STYLEREFS="FONT0"/>
            <SP HEIGHT="87" WIDTH="38" VPOS="2276" HPOS="1358"/>
            <String HEIGHT="87" WIDTH="115" VPOS="2276" HPOS="1205" CONTENT="—" ID="tl_21_2" STYLEREFS="FONT0"/>
          </TextLine>
        </TextBlock>
        <GraphicalElement ID="r_5" HEIGHT="1192" WIDTH="49" VPOS="1418" HPOS="2044"/>
        <GraphicalElement ID="r_6" HEIGHT="408" WIDTH="28" VPOS="629" HPOS="2074"/>
        <GraphicalElement ID="r_7" HEIGHT="240" WIDTH="17" VPOS="1037" HPOS="2083"/>
        <GraphicalElement ID="r_8" HEIGHT="705" WIDTH="47" VPOS="1610" HPOS="2097"/>
      </PrintSpace>
    </Page>
  </Layout>
</alto>
