2107 2746
563 561 325 83 MILLAIS
834 561 199 83 (Sir
978 561 144 83 John
1050 561 253 83 Everet).

303 740 151 78 Né
378 740 151 78 le
453 740 151 78 28
529 740 201 78 juin
654 740 201 78 1829
780 740 125 78 à
830 740 402 78 Southampton,
1156 740 201 78 mort
1282 740 125 78 à
1332 740 276 78 Londres
1508 740 100 78 le

254 805 145 61 13
326 805 193 61 août
447 805 217 61 1896.
592 805 217 61 Passa
737 805 169 61 les
834 805 314 61 premières
1075 805 242 61 années
1245 805 145 61 de
1317 805 169 61 son
1390 805 217 61 enfance

247 872 120 70 à
295 872 263 70 Jersey,
487 872 192 70 puis
606 872 120 70 à
654 872 216 70 Dinan
798 872 144 70 où
870 872 144 70 sa
942 872 263 70 famille
1133 872 216 70 était
1253 872 359 70 momentanément

251 939 227 65 fixée.
410 939 204 65 C’est
546 939 136 65 là
614 939 159 65 que
705 939 136 65 se
773 939 386 65 manifestèrent
1090 939 159 65 ses
1181 939 295 65 premières
1385 939 227 65 disposi-

251 1007 207 73 tions
389 1007 184 73 pour
505 1007 138 73 le
574 1007 254 73 dessin.
758 1007 138 73 En
827 1007 207 73 1837,
966 1007 161 73 les
1058 1007 254 73 parents
1242 1007 207 73 étant
1357 1007 254 73 retournés

250 1075 119 77 à
298 1075 287 77 Londres,
513 1075 143 77 il
585 1075 167 77 fut
680 1075 239 77 envoyé
847 1075 143 77 au
919 1075 215 77 cours
1062 1075 143 77 de
1134 1075 215 77 Henry
1278 1075 215 77 Sass,
1397 1075 215 77 peintre

252 1148 143 74 de
324 1148 334 74 portraits.
586 1148 167 74 Ses
682 1148 263 74 progrès
873 1148 239 74 furent
1040 1148 143 74 si
1112 1148 263 74 rapides
1303 1148 215 74 qu’il
1422 1148 191 74 enleva

251 1212 173 71 une
350 1212 297 71 médaille
573 1212 297 71 d’argent
796 1212 124 71 à
845 1212 223 71 l’âge
993 1212 148 71 de
1068 1212 198 71 neuf
1191 1212 198 71 ans,
1315 1212 148 71 et
1389 1212 198 71 deux
1488 1212 124 71 ans

254 1284 190 73 plus
373 1284 190 73 tard
492 1284 143 73 il
563 1284 214 73 était
706 1284 214 73 admis
848 1284 166 73 aux
943 1284 214 73 cours
1086 1284 143 73 de
1157 1284 333 73 l’Académie
1395 1284 214 73 Royale.

260 1345 138 65 Il
329 1345 252 65 n’avait
512 1345 161 65 pas
604 1345 275 65 dix-sept
811 1345 161 65 ans
903 1345 229 65 (1846)
1063 1345 207 65 qu’il
1201 1345 275 65 exposait
1407 1345 161 65 son
1476 1345 138 65 pre-

259 1423 166 66 mier
363 1423 250 66 tableau:
550 1423 291 66 Pizarre
779 1423 270 66 délivrant
987 1423 146 66 les
1070 1423 187 66 Incas
1195 1423 125 66 du
1257 1423 270 66 Pérou
1445 1423 166 66 (South

256 1478 352 66 Kensington
532 1478 302 66 Museum);
759 1478 151 66 en
834 1478 226 66 1847,
985 1478 151 66 il
1060 1478 302 66 enlevait
1286 1478 176 66 une
1362 1478 251 66 médaille

253 1538 209 98 d’or
384 1538 314 98 décernée
619 1538 183 98 par
724 1538 157 98 la
803 1538 236 98 Royal
960 1538 288 98 Academy
1169 1538 183 98 et,
1274 1538 209 98 dans
1405 1538 157 98 le
1457 1538 157 98 même

254 1607 252 63 temps,
430 1607 151 63 il
506 1607 151 63 se
581 1607 277 63 faisait
782 1607 327 63 remarquer
1034 1607 151 63 au
1110 1607 302 63 concours
1336 1607 201 63 pour
1437 1607 176 63 West-

263 1676 219 71 minster
422 1676 159 71 Hall
521 1676 139 71 par
601 1676 139 71 son
680 1676 258 71 Denier
879 1676 119 71 de
939 1676 119 71 la
979 1676 238 71 Veuve

315 1747 132 72 En
381 1747 198 72 1848,
513 1747 132 72 il
579 1747 132 72 se
645 1747 264 72 joignait
844 1747 110 72 à
888 1747 154 72 ses
976 1747 286 72 camarades
1196 1747 286 72 d’atelier
1395 1747 220 72 Rossetti

257 1814 151 83 et
332 1814 252 83 Holman
509 1814 202 83 Hunt
635 1814 202 83 pour
761 1814 252 83 fonder
937 1814 151 83 la
1013 1814 252 83 petite
1189 1814 328 83 Confrérie
1416 1814 202 83 préra-

259 1887 333 80 phaélite.
515 1887 179 80 Son
618 1887 281 80 premier
822 1887 281 80 tableau
1027 1887 230 80 conçu
1180 1887 179 80 sur
1283 1887 153 80 le
1334 1887 281 80 programme

257 1938 163 77 du
338 1938 272 77 groupe
529 1938 191 77 est
638 1938 354 77 emprunté,
910 1938 245 77 comme
1074 1938 163 77 on
1155 1938 191 77 l’a
1264 1938 163 77 vu
1346 1938 218 77 plus
1455 1938 163 77 haut

264 2017 174 72 pour
373 2017 196 72 Hunt,
504 2017 131 72 au
569 2017 196 72 poème
700 2017 131 72 de
765 2017 218 72 Keats:
918 2017 196 72 le
1049 2017 153 72 Pot
1136 2017 131 72 de
1201 2017 349 72 Basilic;
1462 2017 153 72 c’est

263 2084 334 59 Lorenzo
541 2084 111 59 et
597 2084 352 59 Isabella
893 2084 204 59 (1849).
1042 2084 167 59 C’est
1153 2084 111 59 le
1208 2084 167 59 point
1320 2084 111 59 de
1375 2084 185 59 départ
1505 2084 111 59 de
1542 2084 74 59 sa

260 2146 291 79 première
478 2146 291 79 manière,
696 2146 194 79 d’un
817 2146 315 79 caractère
1060 2146 315 79 fortement
1302 2146 315 79 expressif
1520 2146 97 79 et

880 2258 228 102 63
956 2258 114 102 —
