2102 2734
499 260 301 113 poétique
724 260 150 113 en
800 260 200 113 même
925 260 226 113 temps
1075 260 175 113 que
1175 260 200 113 d’un
1301 260 376 113 naturalisme
1576 260 276 113 minutieux

498 363 133 80 et
564 363 310 80 audacieux,
808 363 155 80 par
897 363 333 80 l’intensité
1163 363 133 80 de
1229 363 133 80 la
1296 363 244 80 lumière
1473 363 133 80 et
1540 363 133 80 du
1606 363 266 80 coloris.
1784 363 67 80 A

500 434 186 71 cette
624 434 248 71 période,
810 434 351 71 appartiennent
1100 434 186 71 le
1224 434 269 71 Huguenot,
1431 434 310 71 Ophelia
1658 434 186 71 (1851),

499 487 259 85 l'Ordre
703 487 426 85 d’élargissement
1074 487 204 85 (1853),
1222 487 167 85 la
1333 487 167 85 Jeune
1444 487 222 85 Aveugle,
1593 487 259 85 Feuilles

498 553 375 86 d’automne
817 553 188 86 (1856)
948 553 188 86 suivis
1080 553 113 86 de
1136 553 169 86 la
1249 553 188 86 Vallée
1380 553 113 86 du
1436 553 188 86 Repos,
1568 553 113 86 le
1605 553 244 86 Hussard

495 628 182 88 de
616 628 283 88 Brunswick,
839 628 121 88 le
899 628 223 88 premier
1061 628 223 88 Sermon,
1223 628 121 88 la
1284 628 223 88 Veillée
1445 628 121 88 de
1506 628 202 88 sainte
1628 628 223 88 Agnès

458 671 240 94 (1863).

547 732 142 105 En
618 732 212 105 1853,
760 732 165 105 son
854 732 236 105 succès
1019 732 212 105 était
1161 732 165 105 tel
1255 732 212 105 qu’il
1397 732 165 105 fut
1491 732 165 105 élu
1585 732 260 105 associé
1751 732 94 105 de

487 810 390 90 l’Académie;
799 810 156 90 en
877 810 234 90 1863,
1033 810 156 90 il
1111 810 234 90 était
1268 810 234 90 nommé
1424 810 416 90 académicien;
1736 810 104 90 en

496 871 202 94 1885,
630 871 134 94 il
697 871 157 94 fut
787 871 179 94 créé
899 871 291 94 baronnet,
1123 871 157 94 et,
1213 871 112 94 à
1257 871 134 94 la
1325 871 179 94 mort
1437 871 134 94 de
1504 871 179 94 Lord
1594 871 246 94 Leighton,

485 954 179 74 peu
588 954 153 74 de
664 954 230 74 temps
818 954 230 74 avant
971 954 179 74 son
1073 954 256 74 propre
1252 954 256 74 décès,
1431 954 153 74 il
1508 954 230 74 était
1636 954 204 74 choisi

481 1023 235 75 comme
638 1023 340 75 président
899 1023 157 75 de
978 1023 366 75 l’Académie
1266 1023 288 75 Royale.
1475 1023 288 75 Millais
1658 1023 183 75 était

483 1090 251 70 membre
658 1090 276 70 associé
859 1090 150 70 de
934 1090 351 70 l’Institut
1210 1090 150 70 et
1285 1090 301 70 officier
1511 1090 150 70 de
1586 1090 150 70 la
1636 1090 201 70 Légion

453 1140 312 75 d’honneur.

534 1209 200 87 Avec
659 1209 150 87 le
734 1209 275 87 succès,
934 1209 150 87 la
1009 1209 275 87 manière
1210 1209 150 87 de
1285 1209 275 87 Millais
1485 1209 150 87 se
1560 1209 275 87 modifia
1735 1209 100 87 et

479 1284 248 87 perdit,
660 1284 181 87 dans
773 1284 135 87 la
841 1284 293 87 recherche
1066 1284 135 87 du
1134 1284 226 87 style,
1292 1284 158 87 ses
1382 1284 271 87 qualités
1563 1284 271 87 originales

478 1347 135 89 de
546 1347 316 89 préciosité
794 1347 135 89 et
862 1347 338 89 d’intensité
1133 1347 316 89 expressive
1381 1347 180 89 pour
1494 1347 158 89 une
1584 1347 203 89 vaine
1697 1347 135 89 dis-

475 1401 295 87 tinction
672 1401 320 87 académique.

524 1478 128 97 A
576 1478 154 97 la
652 1478 282 97 période
857 1478 436 97 intermédiaire
1216 1478 436 97 appartiennent
1549 1478 282 97 néanmoins

470 1547 148 80 un
544 1547 272 80 certain
742 1547 247 80 nombre
915 1547 296 80 d’œuvres
1137 1547 395 80 personnelles
1458 1547 148 80 et
1508 1547 321 80 savoureuses

475 1611 185 72 telles
605 1611 130 72 que
679 1611 296 72 l'Enfance
920 1611 111 72 de
975 1611 130 72 sir
1049 1611 185 72 Walter
1179 1611 278 72 Raleigh
1401 1611 204 72 (1870),
1549 1611 167 72 le
1642 1611 185 72 Pas

472 1682 189 83 sage
609 1682 310 83 nord-ouest
867 1682 189 83 (1875),
1005 1682 155 83 le
1108 1682 155 83 Garde
1211 1682 224 83 royal
1366 1682 155 83 (1877).

790 1804 135 79 17.
867 1804 290 79 Portrait
1099 1804 116 79 de
1157 1804 155 79 Mrs.
1234 1804 213 79 Heugh

539 1876 101 103 à
579 1876 181 103 l’âge
700 1876 121 103 de
760 1876 121 103 94
821 1876 161 103 ans;
921 1876 181 103 peint
1042 1876 161 103 sous
1142 1876 121 103 le
1203 1876 181 103 titre
1324 1876 161 103 «Age
1424 1876 101 103 »
1444 1876 302 103 (vieillesse).

907 1987 117 102 H.
965 1987 97 102 :
1004 1987 117 102 1,
1062 1987 136 102 20;
1140 1987 117 102 L.
1199 1987 97 102 :
1238 1987 117 102 1,
1277 1987 97 102 05.

518 2060 140 100 Une
598 2060 220 100 vieille
758 2060 180 100 dame,
878 2060 140 100 aux
958 2060 200 100 traits
1098 2060 180 100 ridés
1219 2060 120 100 et
1279 2060 240 100 plissés,
1459 2060 160 100 sous
1559 2060 140 100 les
1619 2060 200 100 bandeaux

464 2139 184 111 d’une
586 2139 246 111 perruque
771 2139 225 111 rousse,
934 2139 225 111 coiffée
1098 2139 164 111 d’un
1201 2139 205 111 bonnet
1344 2139 123 111 de
1405 2139 184 111 tulle
1528 2139 102 111 à
1569 2139 225 111 brides,
1713 2139 102 111 est
