2120 2752
859 669 318 81 MUIRHEAD
1110 669 285 81 (David).

517 816 156 123 Né
595 816 130 123 à
647 816 363 123 Edimbourg,
932 816 156 123 le
1010 816 156 123 19
1088 816 208 123 mars
1191 816 182 123 1867.

519 894 228 102 Étudia
679 894 251 102 d'abord
861 894 410 102 l’architecture
1203 894 182 102 puis
1317 894 137 102 la
1385 894 273 102 peinture
1590 894 114 102 à
1613 894 205 102 l’école

461 985 154 81 de
538 985 154 81 la
615 985 231 81 Royal
769 985 308 81 Scottish
1000 985 282 81 Academy
1205 985 154 81 et
1282 985 128 81 à
1334 985 154 81 la
1411 985 385 81 Westminster
1693 985 128 81 Art

464 1062 261 73 School
647 1062 209 73 sous
777 1062 157 73 la
855 1062 339 73 direction
1116 1062 157 73 du
1195 1062 365 73 professeur
1482 1062 157 73 F.
1560 1062 261 73 Brown,
1717 1062 104 73 le

463 1127 366 66 successeur
750 1127 157 66 de
829 1127 157 66 A.
907 1127 287 66 Legros.
1116 1127 131 66 A
1168 1127 235 66 peint
1325 1127 183 66 des
1429 1127 287 66 figures
1638 1127 157 66 et
1690 1127 131 66 des

466 1175 315 88 paysages.
708 1175 291 88 Tableaux
926 1175 121 88 à
974 1175 145 88 la
1047 1175 291 88 National
1265 1175 266 88 Gallery
1459 1175 145 88 du
1531 1175 242 88 Canada
1701 1175 145 88 et
1749 1175 73 88 à

465 1249 156 107 la
543 1249 286 107 Galerie
751 1249 286 107 Moderne
958 1249 156 107 de
1010 1249 182 107 Rome.

724 1455 123 108 19.
795 1455 158 108 La
900 1455 158 108 femme
1005 1455 105 108 en
1057 1455 245 108 rouge
1233 1455 315 108 nocturne

892 1557 124 106 H.
954 1557 103 106 :
996 1557 124 106 0,
1058 1557 145 106 76;
1141 1557 124 106 L.
1203 1557 103 106 :
1244 1557 124 106 0,
1286 1557 103 106 64.

516 1721 155 98 Une
604 1721 199 98 jeune
737 1721 199 98 femme
870 1721 243 98 debout,
1046 1721 133 98 en
1113 1721 177 98 robe
1223 1721 221 98 rouge,
1378 1721 133 98 le
1444 1721 243 98 corsage
1599 1721 221 98 dégrafé,

471 1802 141 65 les
552 1802 222 65 épaules
713 1802 182 65 nues,
835 1802 141 65 les
915 1802 182 65 mains
1037 1802 243 65 croisées
1219 1802 141 65 sur
1299 1802 121 65 la
1360 1802 263 65 poitrine,
1562 1802 222 65 regarde
1704 1802 121 65 pen-

470 1865 250 61 sivement
658 1865 125 61 du
720 1865 167 61 côté
825 1865 167 61 d’un
929 1865 188 61 foyer
1054 1865 188 61 caché
1179 1865 125 61 de
1241 1865 229 61 lumière
1408 1865 146 61 qui
1492 1865 271 61 l’éclaire
1679 1865 146 61 vive-

470 1921 166 68 ment
574 1921 187 68 ainsi
699 1921 146 68 que
782 1921 146 68 les
865 1921 250 68 meubles:
1053 1921 229 68 cadres,
1219 1921 187 68 table
1344 1921 125 68 de
1406 1921 250 68 toilette
1593 1921 125 68 et
1656 1921 125 68 la
1697 1921 125 68 ber-

468 1987 164 87 gère
571 1987 267 87 cramoisie
776 1987 103 87 à
817 1987 226 87 droite,
982 1987 123 87 de
1043 1987 123 87 la
1105 1987 226 87 chambre
1269 1987 123 87 où
1330 1987 123 87 la
1392 1987 226 87 fenêtre
1556 1987 205 87 paraît
1679 1987 144 87 toute

471 2040 193 86 bleue
599 2040 129 86 de
664 2040 129 86 la
728 2040 172 86 nuit
835 2040 129 86 du
878 2040 193 86 dehors.

520 2137 173 122 Signé
635 2137 115 122 et
693 2137 173 122 daté,
808 2137 115 122 en
865 2137 154 122 bas,
961 2137 96 122 à
1000 2137 211 122 droite:
1153 2137 230 122 David
1326 2137 326 122 Muirhead
1576 2137 134 122 1912.
