2110 2767
618 411 357 98 NICHOLSON
886 411 357 98 (William).

306 577 153 76 Né
383 577 128 76 à
434 577 511 76 Newark-sur-Trent
868 577 153 76 en
945 577 230 76 1872.
1098 577 255 76 Étudia
1277 577 281 76 d’abord
1456 577 153 76 dans

251 654 141 75 sa
321 654 211 75 ville
462 654 258 75 natale.
650 654 211 75 S’est
791 654 188 75 fait
908 654 305 75 connaître
1143 654 141 75 en
1214 654 258 75 premier
1402 654 188 75 lieu
1496 654 117 75 par

254 730 156 70 des
343 730 356 70 publications
632 730 133 70 de
698 730 289 70 gravures.
921 730 133 70 Il
987 730 267 70 exécuta,
1188 730 200 70 entre
1321 730 245 70 autres,
1477 730 133 70 avec

254 790 156 69 son
343 790 333 69 beau-frère,
609 790 200 69 James
743 790 200 69 Pryde
876 790 200 69 (voir
1009 790 133 69 n°
1076 790 178 69 24),
1187 790 156 69 des
1276 790 289 69 affiches,
1476 790 133 69 sous

249 855 141 74 la
319 855 235 74 raison
483 855 281 74 sociale:
694 855 352 74 Beggarstaff
976 855 258 74 frères.
1163 855 211 74 Parmi
1304 855 164 74 ces
1374 855 235 74 publica-

253 921 212 75 tions:
401 921 339 75 Alphabet,
677 921 254 75 Almanach
868 921 148 75 des
953 921 191 75 douxe
1080 921 318 75 sports
1334 921 170 75 avec
1419 921 191 75 Rudyard

252 991 267 83 Kipling;
452 991 267 83 Types
652 991 133 83 de
719 991 378 83 Londres,
1030 991 178 83 avec
1141 991 133 83 E.
1208 991 133 83 W.
1275 991 222 83 Henley
1408 991 200 83 (1898);

253 1069 390 69 Characters
574 1069 138 69 of
643 1069 344 69 Romance
919 1069 252 69 (1900).
1102 1069 184 69 Dans
1217 1069 138 69 le
1286 1069 229 69 nombre
1446 1069 138 69 de
1492 1069 115 69 ces

250 1129 271 83 gravures
454 1129 158 83 sur
544 1129 181 83 bois
657 1129 135 83 en
725 1129 293 83 couleurs,
950 1129 135 83 le
1018 1129 271 83 portrait
1221 1129 135 83 de
1289 1129 135 83 la
1357 1129 203 83 reine
1470 1129 135 83 Vic-

248 1197 222 67 toria
397 1197 173 67 est
495 1197 494 67 particulièrement
915 1197 247 67 connu.
1088 1197 148 67 Il
1162 1197 247 67 obtint
1335 1197 222 67 comme
1459 1197 148 67 gra-

248 1268 205 71 veur
377 1268 180 71 une
479 1268 308 71 médaille
710 1268 205 71 d’or
838 1268 128 71 à
890 1268 410 71 l’Exposition
1223 1268 154 71 de
1300 1268 231 71 1900.
1428 1268 180 71 Comme

251 1333 291 70 peintre,
469 1333 145 70 il
541 1333 121 70 a
590 1333 266 70 exécuté
784 1333 242 70 nombre
953 1333 145 70 de
1026 1333 339 70 portraits,
1292 1333 145 70 de
1365 1333 242 70 sujets
1510 1333 97 70 de

250 1397 271 70 figures,
453 1397 135 70 de
521 1397 293 70 paysages,
746 1397 248 70 natures
927 1397 225 70 mortes
1085 1397 135 70 et
1152 1397 271 70 tableaux
1355 1397 135 70 de
1400 1397 203 70 fleurs.

306 1464 164 92 Son
399 1464 281 92 portrait
610 1464 234 92 figure
774 1464 187 92 dans
891 1464 141 92 le
961 1464 258 92 tableau
1149 1464 141 92 de
1219 1464 234 92 Orpen,
1383 1464 141 92 n°
1430 1464 117 92 22.

706 1627 126 69 20.
778 1627 235 69 Nature
941 1627 217 69 morte

692 1701 123 106 H.
753 1701 102 106 :
794 1701 123 106 1,
855 1701 143 106 23;
937 1701 123 106 L.
998 1701 102 106 :
1019 1701 143 106 1,53.

300 1805 150 93 Une
385 1805 171 93 jupe
492 1805 128 93 de
556 1805 171 93 soie
663 1805 192 93 bleue
791 1805 128 93 et
856 1805 150 93 une
941 1805 171 93 jupe
1048 1805 128 93 de
1112 1805 171 93 soie
1219 1805 171 93 rose
1326 1805 257 93 croisées
1497 1805 107 93 sur

250 1886 155 76 une
339 1886 222 76 table,
494 1886 222 76 contre
649 1886 133 76 un
716 1886 222 76 rideau
871 1886 133 76 de
938 1886 244 76 velours
1116 1886 200 76 brun.
1249 1886 244 76 Dessus,
1426 1886 200 76 épars
1537 1886 67 76 à

249 1946 233 69 droite
412 1946 140 69 et
482 1946 117 69 à
529 1946 257 69 gauche,
715 1946 140 69 un
785 1946 257 69 bouquet
972 1946 140 69 de
1042 1946 490 69 reines-marguerite
1462 1946 140 69 et
1509 1946 93 69 de

248 2004 276 68 zinnias,
455 2004 138 68 un
524 2004 253 68 chapeau
708 2004 138 68 de
777 2004 230 68 femme;
938 2004 184 68 vers
1052 2004 138 68 le
1121 2004 253 68 milieu,
1305 2004 138 68 un
1374 2004 230 68 groupe
1512 2004 92 68 de

252 2071 167 71 deux
356 2071 229 71 figures
523 2071 125 71 de
585 2071 291 71 porcelaine
814 2071 229 71 peinte,
981 2071 146 71 des
1064 2071 187 71 vases
1189 2071 125 71 et
1251 2071 125 71 un
1293 2071 208 71 couteau.

304 2140 158 92 Signé
410 2140 105 92 en
462 2140 140 92 bas,
550 2140 88 92 à
585 2140 193 92 gauche:
708 2140 334 92 Nicholson
