2147 2752
668 689 405 89 ORCHARDSON
1002 689 191 89 (Sir
1121 689 262 89 William
1288 689 358 89 Quiller).

527 866 167 100 Né
611 866 139 100 à
666 866 389 100 Edimbourg,
972 866 167 100 en
1055 866 250 100 1835;
1222 866 222 100 mort
1361 866 139 100 à
1416 866 333 100 Londres,
1666 866 167 100 le
1722 866 111 100 13

475 963 204 53 avril
611 963 204 53 1910.
748 963 136 53 Il
816 963 227 53 étudia
975 963 182 53 dans
1088 963 159 53 son
1179 963 182 53 pays
1292 963 227 53 natal,
1451 963 136 53 en
1519 963 204 53 1850,
1655 963 182 53 sous
1746 963 91 53 la

477 1007 299 78 direction
707 1007 138 78 de
776 1007 207 78 Scott
914 1007 253 78 Lauder.
1098 1007 138 78 Il
1167 1007 253 78 semble,
1351 1007 138 78 au
1420 1007 230 78 début,
1581 1007 207 78 avoir
1696 1007 138 78 subi

475 1072 385 75 l’influence
783 1072 154 75 du
860 1072 334 75 mouvement
1117 1072 462 75 préraphaélite,
1502 1072 180 75 ses
1578 1072 257 75 premiers

479 1153 281 61 ouvrages
689 1153 351 61 ressemblent
970 1153 117 61 à
1017 1153 187 61 ceux
1134 1153 140 61 de
1204 1153 164 61 son
1298 1153 257 61 maître,
1485 1153 187 61 mais
1602 1153 140 61 il
1672 1153 140 61 se
1719 1153 117 61 fit

476 1209 277 88 bientôt
677 1209 176 88 une
778 1209 277 88 manière
980 1209 252 88 propre
1156 1209 151 88 de
1232 1209 277 88 frottis
1434 1209 252 88 légers
1610 1209 202 88 dans
1711 1209 126 88 des

478 1281 242 80 teintes
632 1281 286 80 roussâtres.

528 1341 226 79 Après
679 1341 226 79 avoir
829 1341 251 79 exposé
1005 1341 126 79 à
1055 1341 352 79 l’Académie
1332 1341 251 79 royale
1507 1341 327 79 d’Écosse,
1734 1341 100 79 il

475 1419 209 70 vint
606 1419 131 70 à
658 1419 288 70 Londres
867 1419 157 70 en
945 1419 209 70 1862
1076 1419 157 70 et
1154 1419 261 70 exposa
1337 1419 288 70 l’année
1546 1419 314 70 suivante
1756 1419 78 70 à

478 1483 365 62 l’Académie
765 1483 287 62 Royale.
974 1483 157 62 Il
1052 1483 183 62 fut
1156 1483 183 62 élu
1261 1483 287 62 associé
1470 1483 157 62 de
1522 1483 313 62 l’Académie

479 1549 226 70 Royale
638 1549 136 70 en
705 1549 181 70 1868
818 1549 136 70 et
886 1549 294 70 titulaire
1112 1549 136 70 en
1180 1549 203 70 1877.
1315 1549 136 70 Il
1383 1549 271 70 exposait
1564 1549 271 70 régulière-

477 1619 201 73 ment
603 1619 176 73 aux
703 1619 252 73 Salons
880 1619 151 73 de
955 1619 227 73 Paris
1106 1619 151 73 et
1182 1619 126 73 à
1232 1619 176 73 nos
1333 1619 378 73 expositions
1609 1619 227 73 univer-

476 1689 267 62 selles;
670 1689 146 62 il
743 1689 219 62 avait
889 1689 243 62 obtenu
1059 1689 292 62 diverses
1278 1689 389 62 récompenses,
1570 1689 267 62 notamment

477 1745 172 72 une
576 1745 295 72 médaille
797 1745 197 72 d’or
920 1745 148 72 en
970 1745 172 72 1900.

533 1810 150 73 Il
608 1810 226 73 était
759 1810 326 73 chevalier
1009 1810 150 73 de
1085 1810 150 73 la
1160 1810 251 73 Légion
1335 1810 326 73 d’honneur
1586 1810 150 73 et
1636 1810 201 73 membre

477 1891 241 71 associé
653 1891 132 71 de
718 1891 329 71 l’Institut.
982 1891 241 71 Ilavait
1157 1891 154 71 été
1245 1891 175 71 fait
1354 1891 285 71 chevalier
1574 1891 263 71 (Knight)
1749 1891 88 71 en

483 1953 217 61 1907.
628 1953 242 61 Nombre
797 1953 145 61 de
869 1953 169 61 ses
966 1953 290 61 tableaux
1184 1953 145 61 se
1256 1953 338 61 rapportent
1522 1953 121 61 à
1570 1953 169 61 des
1643 1953 193 61 sujets

480 2015 140 74 de
550 2015 327 74 l’histoire
806 2015 140 74 de
876 2015 233 74 France
1040 2015 140 74 et
1110 2015 467 74 particulièrement
1506 2015 117 74 à
1553 2015 140 74 la
1600 2015 233 74 personne

480 2078 135 81 de
548 2078 293 81 Napoléon:
773 2078 338 81 Napoléon
1043 2078 158 81 sur
1133 2078 135 81 le
1201 2078 450 81 Belléropbon
1583 2078 158 81 une
1673 2078 135 81 de
1718 2078 113 81 ses

482 2153 208 76 œuvres
628 2153 250 76 célèbres
815 2153 229 76 (1880).
982 2153 312 76 Voltaire
1231 2153 167 76 chez
1336 2153 125 76 le
1398 2153 146 76 duc
1481 2153 125 76 de
1544 2153 208 76 Sully,
1669 2153 167 76 le
