1218 2087
557 10 101 62 —
597 10 101 62 2
617 10 61 62 —

139 64 166 88 29339.
256 64 166 88 ARALDI
372 64 233 88 (Michele),
555 64 183 88 célèbre
688 64 183 88 médecin
821 64 100 88 et
870 64 282 88 mathématicien
1086 64 100 88 ita-

184 131 161 58 lien.
292 131 90 58 —
327 131 90 58 P
363 131 108 58 a.
417 131 125 58 s.;
489 131 197 58 Modène,
632 131 108 58 14
686 131 197 58 floréal
829 131 108 58 an
883 131 125 58 VI,
955 131 90 58 1
991 131 108 58 p.
1045 131 125 58 1/4
1098 131 90 58 in-

186 188 65 49 fol.
226 188 41 49 3
235 188 32 49 »»

209 214 212 68 Consultation
368 214 146 68 médicale.

140 248 149 83 29340.
245 248 164 83 BARBIER
364 248 164 83 (Aug.),
483 248 164 83 célèbre
603 248 149 83 poète,
707 248 149 83 auteur
812 248 105 83 des
872 248 269 83 Iambes
1081 248 119 83 membre

485 304 75 68 de
523 304 138 68 l’Acad.
623 304 88 68 fr.
674 304 63 68 —
699 304 75 68 L.
736 304 75 68 a.
774 304 88 68 s.;
824 304 75 68 22
862 304 151 68 février,
975 304 88 68 3/4
1025 304 75 68 de
1063 304 75 68 p.
1088 304 100 68 in

1085 345 99 59 5
1105 345 79 59 »»

138 385 164 73 29341.
252 385 148 73 BARRY
351 385 148 73 (Paul
449 385 131 73 de),
531 385 197 73 écrivain
679 385 230 73 ascétique,
859 385 131 73 dont
941 385 164 73 Pascal
1056 385 82 73 a
1072 385 115 73 vive-

176 451 143 46 ment
265 451 214 46 critiqué
426 451 125 46 les
497 451 232 46 ouvrages.
675 451 89 46 —
711 451 107 46 L.
764 451 107 46 a.
818 451 107 46 s.
871 451 89 46 à
889 451 303 46 Monseigneur...;

187 486 132 54 Lyon,
276 486 74 54 3
305 486 132 54 sept.
393 486 132 54 1656,
482 486 74 54 1
511 486 88 54 p.
555 486 103 54 pl.
614 486 162 54 in-fol.
732 486 88 54 20
761 486 59 54 »»

206 505 114 68 Belle
282 505 76 68 et
320 505 101 68 rare
384 505 139 68 lettre.
485 505 89 68 «Le
536 505 139 68 porteur
637 505 76 68 de
675 505 76 68 la
713 505 152 68 présente
827 505 139 68 saluant
929 505 76 68 V.
967 505 76 68 G.
1005 505 89 68 luy
1043 505 152 68 témoignera

177 562 75 46 le
214 562 112 46 désir
288 562 87 46 que
338 562 99 46 j’ay
400 562 75 46 de
438 562 75 46 la
475 562 137 46 servir;
574 562 75 46 il
612 562 62 46 a
637 562 124 46 achevé
724 562 87 46 ses
773 562 149 46 estudes,
885 562 99 46 avec
947 562 112 46 cette
1022 562 137 46 louange
1109 562 87 46 qu’il

173 594 77 47 ne
212 594 115 47 s’est
289 594 115 47 point
365 594 128 47 engagé
455 594 64 47 à
481 594 154 47 certains
596 594 218 47 introducteurs
776 594 77 47 de
814 594 167 47 nouvelles
942 594 128 47 choses
1032 594 115 47 qu’on
1096 594 90 47 nomme

172 630 215 40 carthésistes,
350 630 89 40 qui
400 630 89 40 ont
451 630 114 40 donné
527 630 139 40 quelque
628 630 139 40 trouble
730 630 76 40 en
768 630 114 40 cette
844 630 127 40 ville.
933 630 101 40 Mais
996 630 152 40 Monsieur
1097 630 89 40 l’Ar.

171 656 163 50 cheveque
294 656 81 50 de
334 656 109 50 Lyon
402 656 68 50 a
429 656 95 50 mis
484 656 81 50 et
525 656 68 50 y
552 656 136 50 mettra
647 656 95 50 bon
701 656 136 50 ordre;
796 656 136 50 telles
891 656 190 50 nouveautez
1041 656 109 50 sont
1095 656 95 50 d’or-

172 694 152 53 dinaire
269 694 207 53 dangereuses.»

128 730 161 62 29342.
241 730 242 62 BAUDRICOURT
434 730 145 62 (Jean
531 730 129 62 de),
611 730 129 62 tour
692 730 81 62 à
724 730 129 62 tour
804 730 209 62 serviteur
965 730 97 62 de
1014 730 177 62 Charles
1127 730 64 62 le

169 773 259 55 Téméraire
368 773 120 55 et
428 773 120 55 de
488 773 179 55 Louis
607 773 139 55 XI,
687 773 279 55 gouverneur
906 773 120 55 de
946 773 239 55 Bourgogne,

608 813 127 59 maréchal
704 813 64 59 de
736 813 117 59 France.
820 813 53 59 —
841 813 64 59 L.
873 813 74 59 s.,
916 813 74 59 sur
958 813 106 59 vélin,
1032 813 53 59 à
1053 813 117 59 Rigault
1127 813 64 59 d’O-

174 862 211 44 reille;
327 862 230 44 Auxonne,
500 862 115 44 22
557 862 173 44 sept.
672 862 173 44 1491,
787 862 96 44 1
826 862 115 44 p.
883 862 211 44 in-fol.
1017 862 173 44 oblong.

193 902 170 52 Très-rare
338 902 49 52 25
355 902 32 52 »»

201 938 78 51 Il
240 938 78 51 le
279 938 129 51 commet
369 938 65 51 à
395 938 116 51 faire
473 938 129 51 passer
563 938 78 51 et
602 938 155 51 recevoir
718 938 91 51 les
770 938 155 51 monstres
887 938 91 51 des
938 938 129 51 nobles
1029 938 78 51 du
1055 938 129 51 Dauphiné

170 981 161 44 présents
291 981 81 44 en
331 981 81 44 ce
371 981 108 44 pays
439 981 81 44 de
466 981 161 44 Bourgogne.

134 999 153 84 29343.
241 999 153 84 BERTET
347 999 168 84 (Jean),
469 999 153 84 érudit
576 999 168 84 jésuite
698 999 107 84 qui
759 999 107 84 fut
820 999 137 84 exclu
912 999 92 84 de
957 999 137 84 cette
1034 999 153 84 société,

174 1053 111 58 par
238 1053 143 58 ordre
333 1053 95 58 de
380 1053 143 58 Louis
475 1053 127 58 XIV,
555 1053 127 58 pour
634 1053 143 58 avoir
729 1053 190 58 consulté
872 1053 95 58 la
903 1053 143 58 Voisin,

520 1096 66 58 né
553 1096 55 58 à
575 1096 143 58 Tarasçon.
685 1096 55 58 —
707 1096 66 58 L.
740 1096 66 58 a.
773 1096 77 58 s.;
817 1096 99 58 Lyon,
883 1096 66 58 29
916 1096 88 58 août
971 1096 99 58 1665,
1037 1096 55 58 2
1048 1096 44 58 p.

169 1139 128 46 in-4.
254 1139 128 46 Belle
339 1139 85 46 et
382 1139 228 46 intéressante
567 1139 156 46 lettre.
681 1139 85 46 10
709 1139 57 46 »»

144 1179 144 64 29344.
244 1179 115 64 BODE
317 1179 245 64 (Jean-Elert),
518 1179 159 64 célèbre
634 1179 187 64 astronome
778 1179 187 64 allemand.
922 1179 72 64 —
951 1179 86 64 L.
979 1179 58 64 a.

172 1241 105 43 s.
225 1241 88 43 à
260 1241 228 43 Schubert;
435 1241 193 43 Berlin,
576 1241 105 43 11
628 1241 123 43 mai
698 1241 158 43 1797,
803 1241 158 43 in-4.
909 1241 193 43 Superbe
1031 1241 158 43 lettre.

178 1275 164 50 Légère
292 1275 213 50 déchirure
456 1275 115 50 par
522 1275 98 50 la
571 1275 180 50 rupture
702 1275 98 50 du
751 1275 180 50 cachet.
882 1275 82 50 5
898 1275 66 50 »»

137 1331 167 66 29345.
254 1331 217 66 BONAPARTE
421 1331 367 66 (Napoléon-Jérôme),
737 1331 133 66 fils
820 1331 100 66 du
870 1331 117 66 roi
937 1331 183 66 Jérôme,
1054 1331 133 66 cousin

179 1374 84 53 de
221 1374 169 53 Napoléon
348 1374 113 53 III,
418 1374 113 53 chef
488 1374 84 53 du
531 1374 127 53 parti
615 1374 239 53 bonapartiste.
812 1374 70 53 —
840 1374 84 53 L.
883 1374 84 53 a.
911 1374 70 53 s.,

175 1414 172 50 comme
289 1414 210 50 colonel
442 1414 115 50 de
500 1414 115 50 la
557 1414 115 50 2e
614 1414 191 50 légion
748 1414 115 50 de
805 1414 115 50 la
862 1414 172 50 garde
958 1414 229 50 nationale;

182 1454 158 67 (1849),
296 1454 72 67 1
325 1454 86 67 p.
368 1454 129 67 in-4.
454 1454 129 67 Belle
540 1454 143 67 pièce.
640 1454 72 67 5
655 1454 57 67 »»

-13 1502 194 65 29346.
122 1502 213 65 BONHEUR
277 1502 213 65 (Rosa),
432 1502 116 65 la
490 1502 213 65 célèbre
645 1502 348 65 femme-peintre.
935 1502 97 65 —
974 1502 116 65 L.
1032 1502 116 65 a.
1090 1502 116 65 s.
1129 1502 58 65 à

177 1560 95 51 un
225 1560 189 51 artiste;
367 1560 110 51 Ry,
430 1560 95 51 19
477 1560 126 51 fév.
556 1560 142 51 1861,
651 1560 79 51 1
682 1560 95 51 p.
729 1560 110 51 pl.
793 1560 142 51 in-8.
887 1560 252 51 Rare
1092 1560 95 51 15
1124 1560 63 51 »»

193 1597 100 58 Elle
256 1597 75 58 le
294 1597 150 58 remercie
406 1597 75 58 de
444 1597 138 58 l’envoi
544 1597 75 58 de
581 1597 75 58 sa
619 1597 113 58 belle
681 1597 188 58 lithographie.

132 1640 162 50 29347.
245 1640 178 50 BOURBON
375 1640 162 50 (Renée
488 1640 243 50 de),abbesse
683 1640 97 50 de
731 1640 194 50 Chelles,
877 1640 146 50 tante
974 1640 97 50 de
1023 1640 146 50 Henri
1104 1640 81 50 IV.

220 1690 86 45 —
254 1690 103 45 P.
306 1690 121 45 s.,
375 1690 121 45 sur
444 1690 172 45 vélin;
564 1690 103 45 14
616 1690 207 45 janvier,
771 1690 155 45 1570,
874 1690 86 45 1
909 1690 103 45 p.
960 1690 138 45 in-4
1029 1690 155 45 oblong.

1076 1729 104 49 5
1097 1729 83 49 »»

146 1775 157 69 29348.
256 1775 204 69 BROUSSAIS
413 1775 346 69 (Fr.-Jos.-Victor),
712 1775 173 69 célèbre
837 1775 188 69 médecin,
979 1775 141 69 élève
1073 1775 94 69 de
1104 1775 79 69 Bi-

176 1835 166 51 chat,
286 1835 147 51 chef
378 1835 110 51 de
433 1835 202 51 l'école
580 1835 331 51 physiologique.
856 1835 92 51 —
893 1835 110 51 L.
948 1835 110 51 s.
1003 1835 92 51 à
1022 1835 166 51 Cuvier;

174 1874 149 52 Paris,
278 1874 89 52 24
323 1874 134 52 sept.
412 1874 134 52 1821,
501 1874 74 52 2
531 1874 89 52 p.
575 1874 104 52 1/2
635 1874 134 52 in-4.
724 1874 89 52 10
754 1874 59 52 »»

205 1900 206 53 Très-curieuse
374 1900 121 53 lettre
459 1900 73 53 où
496 1900 73 53 il
532 1900 157 53 sollicite
653 1900 73 53 la
689 1900 109 53 place
762 1900 73 53 de
798 1900 170 53 professeur
932 1900 133 53 vacante
1029 1900 85 53 par
1077 1900 73 53 le
1101 1900 85 53 décès

171 1944 76 42 de
209 1944 177 42 Corvisart.
348 1944 76 42 Il
386 1944 164 42 s’adresse
513 1944 76 42 au
551 1944 164 42 président
677 1944 76 42 du
715 1944 139 42 conseil
816 1944 114 42 royal
892 1944 76 42 de
930 1944 215 42 l’Université,
1094 1944 89 42 parce

173 1977 107 53 que,
239 1977 67 53 «
266 1977 120 53 ayant
346 1977 147 53 attaqué
453 1977 80 53 et
494 1977 134 53 réfuté
587 1977 94 53 les
641 1977 160 53 ouvrages
761 1977 80 53 du
801 1977 187 53 professeur
948 1977 94 53 qui
1002 1977 94 53 est
1055 1977 134 53 chargé
1136 1977 53 53 de
