1273 2054
551 16 139 64 —
607 16 139 64 5
635 16 83 64 —

214 76 185 73 nette.
343 76 92 73 —
380 76 111 73 L.
435 76 129 73 s.,
509 76 148 73 avec
601 76 129 73 une
675 76 166 73 ligne
786 76 166 73 aut.;
897 76 166 73 1767,
1008 76 129 73 1/2
1082 76 111 73 p.
1119 76 129 73 in

1121 123 125 56 3
1146 123 100 56 50

172 175 175 52 29374.
294 175 245 52 JUNGERMANN
487 175 263 52 (Godefroi),
697 175 193 52 célèbre
837 175 245 52 philologue
1029 175 210 52 allemand
1169 175 70 52 du

222 214 163 53 XVIIe
331 214 199 53 siècle.
476 214 91 53 —
512 214 109 53 L.
566 214 109 53 a.
621 214 127 53 s.,
693 214 109 53 en
748 214 181 53 latin,
874 214 91 53 à
911 214 199 53 Scipion
1038 214 199 53 Gentilis;

219 256 218 48 Hanovre,
382 256 109 48 10
436 256 181 48 sept.,
563 256 91 48 1
600 256 109 48 p.
654 256 127 48 pl.
726 256 218 48 in-fol.,
890 256 199 48 cachet.
1016 256 218 48 Déchirures

221 300 217 65 enlevant
384 300 217 65 quelques
547 300 163 65 mots.
655 300 380 65 Très-intéressante
981 300 181 65 lettre
1089 300 145 65 philo-

227 336 134 55 logique.
327 336 56 55 5
338 336 45 55 »»

180 384 170 56 29375.
299 384 153 56 JUNOT
401 384 238 56 (Andoche),
587 384 119 56 duc
655 384 255 56 d’Abrantès,
859 384 187 56 général
994 384 102 56 en
1045 384 153 56 chef,
1130 384 102 56 con-

666 436 113 47 quérant
748 436 62 47 du
779 436 134 47 Portugal.
882 436 51 47 —
902 436 62 47 L.
933 436 62 47 a.
964 436 62 47 s.
995 436 62 47 au
1025 436 82 47 cit.
1077 436 113 47 Permon,
1159 436 72 47 3/4
1190 436 41 47 de

230 471 60 55 p.
260 471 89 55 in-4.
319 471 50 55 4
329 471 40 55 »»

248 513 137 64 29376.
344 513 82 64 LA
385 513 110 64 CHAU
454 513 151 64 (l’abbé
564 513 137 64 Géraud
660 513 110 64 de),
728 513 137 64 auteur
824 513 82 64 de
866 513 82 64 ja
907 513 261 64 Dissertation
1113 513 123 64 sur

219 571 152 48 les
325 571 198 48 attributs
477 571 91 48 de
523 571 213 48 Vénus
690 571 137 48 qu’il
781 571 137 48 dédia
872 571 76 48 à
903 571 198 48 Voltaire.
1055 571 76 48 —
1085 571 91 48 L.
1131 571 91 48 a.
1161 571 76 48 s.;

226 603 125 66 1782,
309 603 69 66 2
337 603 83 66 p.
378 603 97 66 1/2
434 603 125 66 in-4.
517 603 69 66 3
531 603 55 66 »»

174 632 177 87 29377.
298 632 177 87 RAMSAY
422 632 177 87 (A.-M.
546 632 141 87 de),
634 632 230 87 historien
811 632 106 87 de
864 632 212 87 Turenne.
1023 632 88 87 —
1058 632 106 87 P.
1111 632 106 87 a.
1147 632 88 87 s.;

228 699 117 64 1737,
306 699 65 64 1
332 699 78 64 p.
371 699 117 64 in-4.
448 699 65 64 2
461 699 52 64 50

241 749 150 48 29378.
346 749 90 48 LA
391 749 180 48 VALLETTE
526 749 150 48 (Louis
631 749 90 48 de
676 749 180 48 NOGARET,
810 749 180 48 cardinal
945 749 120 48 de),
1020 749 150 48 fidèle
1110 749 120 48 servi-

218 795 147 53 teur
310 795 110 53 de
365 795 257 53 Richelieu,
567 795 202 53 général
714 795 129 53 des
788 795 184 53 armées
916 795 110 53 de
972 795 166 53 Louis
1082 795 147 53 XIII
1155 795 74 53 en

219 836 239 48 Allemagne
403 836 110 48 et
458 836 110 48 en
513 836 202 48 Italie.
660 836 92 48 —
697 836 110 48 L.
752 836 110 48 a.
807 836 110 48 s.
862 836 110 48 au
917 836 221 48 cardinal
1065 836 166 48 Antoine

213 878 221 45 Barberini;
387 878 142 45 Ruel,
481 878 95 45 21
529 878 126 45 nov.
608 878 142 45 1632,
702 878 79 45 2
734 878 95 45 p.
781 878 174 45 in-fol.
907 878 95 45 25
939 878 63 45 »»

174 923 157 68 29379.
284 923 204 68 LAVOISIER
441 923 220 68 (Ant.-L.),
614 923 94 68 le
661 923 141 68 grand
756 923 204 68 chimiste.
913 923 79 68 —
944 923 94 68 L.
991 923 94 68 a.
1038 923 94 68 s.
1086 923 79 68 à
1117 923 94 68 M.
1148 923 79 68 Pa-

222 971 139 56 risis;
319 971 83 56 18
361 971 111 56 mai,
431 971 70 56 2
458 971 83 56 p.
500 971 125 56 in-4.
584 971 83 56 25
611 971 56 56 »»

240 1013 144 51 Relative
348 1013 60 51 à
372 1013 120 51 l’état
455 1013 72 51 de
491 1013 84 51 ses
527 1013 132 51 affaires.

163 1049 172 59 29380.
283 1049 172 59 LAUZUN
404 1049 207 59 (Antonin
559 1049 172 59 NOMPAR
679 1049 103 59 DE
731 1049 207 59 CAUMONT,
886 1049 120 59 duc
955 1049 138 59 de),
1041 1049 172 59 fameux
1144 1049 86 59 par

211 1098 127 46 ses
283 1098 181 46 amours
410 1098 145 46 avec
501 1098 109 46 la
555 1098 181 46 Grande
682 1098 290 46 Mademoiselle
918 1098 109 46 et
972 1098 127 46 par
1045 1098 127 46 ses
1099 1098 127 46 aven-

214 1139 181 43 tures.
340 1139 90 43 —
377 1139 108 43 P.
431 1139 127 43 s.,
503 1139 127 43 sur
575 1139 181 43 vélin,
702 1139 163 43 1705,
810 1139 90 43 1
846 1139 108 43 p.
901 1139 145 43 in-8
991 1139 199 43 oblong.
1136 1139 90 43 5
1154 1139 72 43 »»

171 1177 161 69 29381.
283 1177 177 69 LEFRANC
412 1177 96 69 DE
460 1177 209 69 POMPIGNAN
621 1177 193 69 (J.-J.),
766 1177 145 69 poète
862 1177 193 69 lyrique,
1007 1177 96 69 de
1039 1177 193 69 l’Académie

214 1233 252 49 française.
412 1233 90 49 —
448 1233 90 49 4
484 1233 108 49 l.
538 1233 144 49 aut.
628 1233 90 49 à
664 1233 198 49 Tiriot;
808 1233 234 49 Montauban
988 1233 108 49 et
1024 1233 198 49 Toulouse,

218 1275 125 48 1er
289 1275 160 48 avril
396 1275 178 48 1739-5
521 1275 160 48 sept.
627 1275 160 48 1770,
734 1275 107 48 10
787 1275 107 48 p.
841 1275 160 48 in-4,
947 1275 213 48 cachets.
1108 1275 125 48 Une
1161 1275 71 48 de

216 1318 101 48 ces
273 1318 159 48 lettres
389 1318 101 48 est
447 1318 202 48 incomplète
605 1318 87 48 de
649 1318 87 48 la
692 1318 116 48 fin.
764 1318 87 48 40
793 1318 58 48 »»

240 1335 230 61 Correspondance
432 1335 179 61 littéraire
572 1335 281 61 très-intéressante.
814 1335 115 61 Envoi
891 1335 77 61 de
929 1335 166 61 plusieurs
1056 1335 77 61 de
1095 1335 89 61 ses
1133 1335 89 61 odes.

250 1393 58 50 —
273 1393 173 50 Comparaison
411 1393 104 50 entre
480 1393 115 50 Horace
560 1393 69 50 et
595 1393 138 50 Boileau.
698 1393 58 50 —
721 1393 81 50 Son
767 1393 150 50 Epitre
882 1393 81 50 sur
928 1393 81 50 les
974 1393 196 50 préjugés;
1124 1393 104 50 opinion

203 1422 81 56 du
244 1422 108 56 Père
312 1422 149 56 Brumoy.
420 1422 68 56 —
447 1422 230 56 Protestations
636 1422 162 56 d’amitié
758 1422 108 56 pour
812 1422 149 56 Voltaire.

168 1454 163 56 29382.
282 1454 179 56 LÉOPOLD
412 1454 130 56 Ier,
493 1454 195 56 empereur
639 1454 260 56 d’Allemagne.
851 1454 81 56 —
883 1454 98 56 L.
932 1454 114 56 s.,
997 1454 130 56 avec
1079 1454 81 56 2
1095 1454 130 56 lignes

210 1514 143 58 aut.;
305 1514 175 58 Vienne,
432 1514 143 58 1705,
528 1514 111 58 1/2
591 1514 95 58 p.
639 1514 191 58 in-fol.,
782 1514 175 58 cachet.
909 1514 79 58 5
925 1514 64 58 »»

29 1559 190 55 29383.
162 1559 284 55 MALESHERBES
389 1559 171 55 (Chr.
503 1559 114 55 de
560 1559 246 55 LAMOIGNON
749 1559 152 55 de),
844 1559 227 55 illustre
996 1559 227 55 magistrat,

207 1597 259 50 défenseur
406 1597 120 50 de
466 1597 179 50 Louis
586 1597 160 50 XVI,
686 1597 199 50 membre
825 1597 120 50 de
885 1597 279 50 l’Académie
1084 1597 140 50 fran-

215 1639 183 63 çaise.
343 1639 91 63 —
379 1639 110 63 L.
434 1639 110 63 a.
489 1639 110 63 s.
544 1639 91 63 à
581 1639 110 63 La
636 1639 256 63 Condamine;
837 1639 183 63 Paris,
965 1639 110 63 31
1020 1639 146 63 déc.
1093 1639 128 63 1752,

224 1682 66 49 1
250 1682 79 49 p.
290 1682 119 49 in-4,
369 1682 145 49 cachet.
474 1682 79 49 10
500 1682 53 49 »»

232 1712 71 49 Il
268 1712 71 49 le
303 1712 94 49 prie
362 1712 71 49 de
397 1712 82 49 lui
444 1712 118 49 prêter
526 1712 71 49 un
562 1712 106 49 livre
632 1712 153 49 intitulé:
750 1712 106 49 Le
821 1712 129 49 Tombeau
915 1712 71 49 de
950 1712 71 49 la
974 1712 176 49 Sorbonne

27 1755 191 69 29384.
161 1755 248 69 MARESCHAL
352 1755 268 69 (Georges),
562 1755 210 69 premier
715 1755 268 69 chirurgien
925 1755 115 69 de
983 1755 172 69 Louis
1097 1755 134 69 XV,
1155 1755 76 69 né

211 1809 85 59 à
245 1809 186 59 Calais.
380 1809 85 59 —
414 1809 102 59 P.
465 1809 102 59 a.
516 1809 119 59 s.;
584 1809 254 59 Versailles,
787 1809 152 59 1710,
888 1809 119 59 1/2
956 1809 102 59 p.
1007 1809 135 59 in-8
1075 1809 152 59 oblong.

1117 1844 114 53 3
1140 1844 91 53 50

34 1901 135 56 29385.
128 1901 189 56 MAXIMILIEN
276 1901 94 56 II,
330 1901 162 56 empereur
451 1901 216 56 d’Allemagne.
626 1901 67 56 —
653 1901 81 56 L.
694 1901 94 56 s.,
748 1901 67 56 1
775 1901 81 56 p.
802 1901 67 56 1/4

218 1941 182 64 in-fol.,
355 1941 182 64 cachets.
491 1941 167 64 Légères
613 1941 167 64 taches.
734 1941 76 64 3
749 1941 46 64 »
