1243 2062
519 35 121 63 —
567 35 121 63 7
591 35 73 63 —

170 100 134 71 par
247 100 268 71 l’héroïque
457 100 211 71 défense
611 100 115 71 de
668 100 230 71 Dantzig,
841 100 115 71 né
898 100 96 71 à
937 100 211 71 Colmar.
1090 100 96 71 —
1109 100 77 71 L.

169 156 104 50 a.
221 156 104 50 s.
273 156 87 50 à
308 156 104 50 M.
360 156 104 50 de
412 156 278 50 Clérambault;
638 156 209 50 Dantzig,
794 156 87 50 2
829 156 122 50 mai
899 156 156 50 1811,
1003 156 87 50 1
1020 156 70 50 p.

184 201 74 50 pl.
227 201 95 50 in-4.
290 201 53 50 6
301 201 42 50 »»

198 235 117 43 Belle
276 235 143 43 lettre,
380 235 78 43 où
419 235 78 43 il
458 235 117 43 mande
536 235 117 43 qu’il
614 235 65 43 a
640 235 130 43 appris
731 235 91 43 les
783 235 195 43 changements
939 235 130 43 opérés
1030 235 104 43 dans
1095 235 78 43 le
1121 235 65 43 mi-

165 271 150 47 nistère
274 271 95 47 des
329 271 177 47 relations
465 271 218 47 extérieures.
642 271 95 47 «Le
696 271 95 47 duc
751 271 82 47 de
791 271 136 47 Cadore
887 271 95 47 ira
941 271 150 47 occuper
1050 271 95 47 une
1091 271 95 47 place

163 307 174 41 brillante.»

141 314 175 78 29400.
263 314 210 78 RODOLPHE
420 314 122 78 II,
490 314 210 78 empereur
648 314 280 78 d’Allemagne.
875 314 87 78 —
910 314 105 78 L.
963 314 122 78 s.,
1033 314 87 78 1
1068 314 105 78 p.
1103 314 87 78 1/2

173 385 108 52 in-fol.
252 385 49 52 3
262 385 39 52 »»

136 428 167 54 29401.
253 428 151 54 ROHAN
354 428 217 54 (L.-René,
521 428 201 54 cardinal
672 428 134 54 de),
755 428 301 54 grand-aumônier
1006 428 100 54 de
1039 428 151 54 France,

169 473 178 56 fameux
294 473 124 56 par
365 473 107 56 le
418 473 142 56 rôle
507 473 107 56 qu
560 473 107 56 il
613 473 142 56 joua
702 473 142 56 dans
791 473 231 56 l’affaire
968 473 107 56 du
1004 473 178 56 Collier.

230 512 65 63 —
256 512 77 63 L.
295 512 90 63 s.;
346 512 116 63 1781,
424 512 65 63 1
449 512 77 63 p.
488 512 116 63 in-4.
566 512 65 63 5
578 512 52 63 »»

137 557 156 58 29402.
246 557 156 58 ROLAND
355 557 93 58 DE
402 557 93 58 LA
448 557 187 58 PLATIÈRE
588 557 187 58 (J.-M.),
728 557 187 58 ministre
868 557 93 58 de
915 557 140 58 Louis
993 557 93 58 XVI,

173 614 224 47 proscrit
341 614 149 47 avec
434 614 130 47 les
509 614 261 47 Girondins.
714 614 93 47 —
751 614 112 47 L.
807 614 112 47 a.
863 614 112 47 s.
919 614 93 47 à
956 614 242 47 Dumouriez
1124 614 56 47 ;

181 646 86 54 10
224 646 130 54 avril
310 646 130 54 1792,
397 646 101 54 1/2
454 646 86 54 p.
497 646 130 54 in-8.
584 646 86 54 10
612 646 58 54 »»

205 684 249 52 Recommandation
413 684 83 52 en
454 684 138 52 faveur
551 684 83 52 de
593 684 83 52 M.
620 684 125 52 Gibert.

137 698 161 78 29403.
250 698 161 78 RONDET
362 698 209 78 (L.-Et.),
524 698 161 78 fécond
636 698 161 78 érudit
749 698 97 78 et
797 698 258 78 littérateur.
1007 698 81 78 —
1039 698 97 78 L.
1087 698 97 78 a.
1120 698 64 78 s.

171 770 88 48 21
215 770 118 48 déc.
289 770 132 48 1775,
377 770 73 48 4
406 770 88 48 p.
451 770 103 48 pl.
509 770 132 48 in-4.
598 770 73 48 5
612 770 59 48 »»

203 799 111 56 Cette
277 799 123 56 lettre
363 799 86 56 est
412 799 86 56 des
462 799 99 56 plus
523 799 173 56 curieuses,
659 799 86 56 car
708 799 123 56 Rondet
794 799 62 56 y
819 799 99 56 fait
881 799 86 56 une
930 799 185 56 description
1066 799 123 56 critique

167 839 85 47 du
209 839 183 47 manuscrit
350 839 85 47 n°
392 839 113 47 5009
463 839 85 47 de
505 839 85 47 la
548 839 226 47 bibliothèque
731 839 85 47 du
773 839 113 47 Roi,
844 839 183 47 contenant
985 839 99 47 les
1027 839 169 47 chroniques

169 880 157 44 d’Isidore
290 880 73 44 de
326 880 145 44 Séville,
435 880 181 44 d’Eginhard,
580 880 97 44 etc.
641 880 133 44 Détails
725 880 242 44 très

137 899 168 70 29404.
255 899 184 70 RUMFORD
389 899 218 70 (Benjamin
556 899 218 70 THOMPSON,
724 899 151 70 comte
824 899 134 70 de),
908 899 184 70 célèbre
1025 899 168 70 chimiste

693 950 57 49 et
721 950 123 49 physicien
816 950 132 49 américain.
920 950 47 49 —
939 950 57 49 L.
967 950 85 49 aut.,
1024 950 57 49 en
1052 950 123 49 français,
1147 950 47 49 à
1156 950 38 49 la

173 992 106 53 3e
226 992 230 53 personne,
404 992 89 53 à
439 992 195 53 Sieyès;
581 992 106 53 22
634 992 230 53 brumaire,
811 992 124 53 3/4
882 992 106 53 de
935 992 106 53 p.
988 992 159 53 in-4.
1094 992 89 53 6
1112 992 71 53 »»

200 1029 73 52 Il
236 1029 85 52 lui
285 1029 109 52 mande
358 1029 109 52 qu’il
431 1029 73 52 ne
467 1029 122 52 pourra
553 1029 85 52 pas
601 1029 73 52 se
638 1029 122 52 rendre
723 1029 61 52 à
747 1029 182 52 l’assemblée
893 1029 73 52 de
930 1029 170 52 l’Institut
1051 1029 134 52 national.

141 1065 141 69 29405.
239 1065 211 69 SAINT-SIMON
408 1065 155 69 (Louis,
521 1065 99 69 duc
577 1065 113 69 de),
648 1065 197 69 l’illustre
803 1065 141 69 auteur
901 1065 99 69 des
944 1065 239 69 Mémoires

231 1120 68 48 —
259 1120 82 48 P.
300 1120 96 48 s.;
354 1120 123 48 1725,
436 1120 96 48 1/2
491 1120 82 48 p.
532 1120 123 48 in-4.
614 1120 68 48 6
627 1120 55 48 »»

136 1150 163 62 29406.
250 1150 130 62 SAND
331 1150 211 62 (George),
494 1150 98 62 la
542 1150 179 62 célèbre
673 1150 244 62 romancière.
868 1150 81 62 —
900 1150 98 62 L.
949 1150 98 62 a.
998 1150 114 62 s.;
1047 1150 146 62 Nohant,

178 1207 85 56 17
220 1207 113 56 déc.
291 1207 128 56 1868,
376 1207 71 56 1
405 1207 85 56 p.
447 1207 128 56 in-8.
532 1207 85 56 12
560 1207 57 56 »»

201 1239 101 57 Elle
264 1239 126 57 dément
352 1239 75 57 la
390 1239 164 57 naissance
516 1239 101 57 d’un
579 1239 176 57 petit-fils
717 1239 75 57 et
755 1239 138 57 annonce
855 1239 88 57 que
906 1239 75 57 le
943 1239 151 57 ministre
1044 1239 151 57 protestant

175 1290 77 38 de
214 1290 140 38 Bourges
316 1290 64 38 a
341 1290 179 38 administré
482 1290 77 38 le
520 1290 140 38 baptême
622 1290 64 38 à
648 1290 89 38 ses
699 1290 102 38 deux
750 1290 217 38 petites

-4 1315 180 52 29407.
122 1315 180 52 SCHILL
249 1315 253 52 (Friedrich
447 1315 162 52 von),
555 1315 199 52 célèbre
700 1315 217 52 guerrier
862 1315 108 52 et
916 1315 217 52 patriote
1061 1315 126 52 alle-

172 1358 164 56 mand,
281 1358 128 56 qui
354 1358 255 56 commandait
555 1358 109 56 un
609 1358 164 56 corps
719 1358 164 56 franc
828 1358 109 56 et
883 1358 128 56 fut
956 1358 128 56 tué
1029 1358 91 56 à
1047 1358 146 56 Stral-

680 1401 83 44 sund
731 1401 62 44 le
762 1401 62 44 31
794 1401 72 44 mai
835 1401 93 44 1809.
897 1401 52 44 —
918 1401 62 44 L.
949 1401 62 44 s.
980 1401 62 44 au
1011 1401 124 44 sénateur
1094 1401 93 44 Krauss;

176 1438 274 60 Guminshold,
395 1438 109 60 18
449 1438 146 60 nov.
540 1438 164 60 1807,
650 1438 91 60 1
686 1438 109 60 p.
741 1438 219 60 in-fol.,
905 1438 201 60 cachet.
1033 1438 164 60 Superbe

187 1489 72 54 et
223 1489 96 54 rare
283 1489 120 54 pièce.
366 1489 72 54 15
390 1489 48 54 »»

133 1528 165 67 29408.
249 1528 182 67 SERRANO
382 1528 165 67 (Fr.),
497 1528 99 67 le
547 1528 182 67 célèbre
679 1528 198 67 maréchal
828 1528 215 67 espagnol.
994 1528 83 67 —
1027 1528 99 67 L.
1076 1528 116 67 s.,
1126 1528 66 67 en

179 1577 187 62 français,
323 1577 72 62 1
352 1577 86 62 p.
395 1577 101 62 1/2
452 1577 130 62 in-8.
539 1577 72 62 2
553 1577 58 62 50

-6 1609 199 73 29409.
133 1609 239 73 SOISSONS
313 1609 199 73 (Louis
452 1609 119 73 de
512 1609 239 73 BOURBON,
691 1609 179 73 comte
811 1609 159 73 de),
910 1609 279 73 gouverneur
1109 1609 80 73 de

684 1663 134 50 Dauphiné,
787 1663 62 50 de
818 1663 134 50 Champagne
920 1663 62 50 et
951 1663 62 50 de
982 1663 93 50 Brie,
1044 1663 103 50 fameux
1116 1663 72 50 par
1147 1663 41 50 sa

170 1694 208 67 révolte
321 1694 189 67 contre
454 1694 170 67 Louis
567 1694 170 67 XIII,
681 1694 132 67 tué
757 1694 114 67 au
814 1694 189 67 combat
946 1694 114 67 de
1003 1694 114 67 la
1041 1694 151 67 Marfée

169 1744 118 59 en
228 1744 176 59 1641.
346 1744 98 59 —
385 1744 118 59 P.
444 1744 137 59 s.;
522 1744 157 59 camp
620 1744 196 59 devant
757 1744 215 59 Corbie,
914 1744 118 59 30
973 1744 157 59 oct.
1051 1744 137 59 1636,

175 1793 107 59 3/4
236 1793 91 59 de
281 1793 91 59 p.
327 1793 137 59 in-4,
419 1793 137 59 trace
510 1793 91 59 de
556 1793 168 59 cachet.
678 1793 76 59 6
693 1793 61 59 »»

-10 1834 185 59 29410.
120 1834 167 59 SOUMY
231 1834 204 59 (Jos.),
379 1834 185 59 habile
509 1834 222 59 graveur,
676 1834 111 59 né
731 1834 111 59 au
787 1834 148 59 Puy,
879 1834 148 59 mort
972 1834 130 59 par
1027 1834 167 59 suicide

191 1878 51 60 en
216 1878 68 60 1863
259 1878 43 60 à
276 1878 77 60 l’âge
327 1878 51 60 de
352 1878 51 60 32
378 1878 68 60 ans.
420 1878 43 60 —
437 1878 51 60 L.
463 1878 51 60 a.
488 1878 60 60 s.;
522 1878 85 60 Paris,
582 1878 51 60 27
599 1878 60 60 janv.

193 1920 105 62 1861,
264 1920 59 62 1
287 1920 70 62 p.
322 1920 117 62 in-18.
404 1920 187 62 Rare
556 1920 59 62 5
568 1920 47 62 »»

-3 1955 165 87 29411.
113 1955 297 87 STAEL-HOLSTEIN
361 1955 116 87 (la
427 1955 182 87 baronne
559 1955 132 87 de),
642 1955 198 87 l’auteur
790 1955 99 87 de
840 1955 314 87 Corinne
1087 1955 50 87 —
