1187 2260
488 19 130 58 —
540 19 130 58 6
566 19 78 58 —

166 66 128 65 Belle
251 66 86 65 et
294 66 228 65 intéressante
479 66 157 65 lettre,
593 66 114 65 dans
665 66 171 65 laquelle
793 66 114 65 elle
864 66 200 65 recommande
1021 66 86 65 au
1050 66 71 65 duc

136 123 86 52 un
179 123 157 52 Italien
293 123 100 52 qui
350 123 71 52 a
378 123 114 52 bien
450 123 128 52 servi
535 123 200 52 l’empereur
692 123 100 52 son
749 123 128 52 frère
835 123 285 52 (Charles-Quint),
1063 123 57 52 et

139 154 107 45 veut
205 154 120 45 aller
286 154 120 45 finir
366 154 94 45 ses
419 154 120 45 jours
499 154 107 45 dans
566 154 80 45 sa
606 154 120 45 ville
687 154 147 45 natale,
780 154 107 45 Milan.

39 188 127 49 19434
124 188 240 49 MARIE-AMÉLIE,
321 188 127 49 reine
406 188 99 49 des
462 188 184 49 Français.
604 188 127 49 L.
688 188 141 49 s.
787 188 141 49 Paris,
886 188 85 49 25
928 188 99 49 mai
985 188 127 49 1837,
1055 188 71 49 1/2

83 234 416 51 p.
291 234 763 51 in-fol.
846 234 347 51 3
915 234 208 51 »

43 266 124 45 19435
126 266 138 45 MARTIN
223 266 166 45 (Henri),
347 266 83 45 le
389 266 124 45 grand
472 266 193 45 historien.
624 266 124 45 L.
707 266 152 45 a.
817 266 83 45 s.
859 266 69 45 à
886 266 83 45 M.
928 266 180 45 Lecointe,
1066 266 69 45 1
1080 266 55 45 p.

50 306 886 41 in-8.
640 306 492 41 2
738 306 394 41 25

166 337 150 47 Relative
279 337 75 47 au
317 337 100 47 tome
379 337 75 47 VI
417 337 75 47 de
455 337 88 47 son
505 337 188 47 Histoire
655 337 75 47 de
680 337 163 47 France

30 375 146 47 19436
127 375 195 47 MARTINEZ
273 375 97 47 DE
322 375 97 47 LA
370 375 130 47 ROSA
451 375 130 47 (don
532 375 146 47 Fr.),
630 375 146 47 homme
727 375 162 47 d’État
840 375 195 47 espagnol
986 375 97 47 et
1019 375 97 47 l’un

146 415 89 36 les
197 415 165 36 meilleurs
324 415 165 36 écrivains
451 415 76 36 de
489 415 76 36 sa
527 415 140 36 nation.
629 415 114 36 L.
705 415 165 36 as.;
832 415 140 36 Madrid,
933 415 76 36 13
971 415 102 36 déc.
1022 415 89 36 1844,

118 450 149 49 3
178 450 179 49 p.
267 450 209 49 1/4
387 450 268 49 in-4.
565 450 268 49 Belle
744 450 328 49 lettre.
983 450 149 49 3
1013 450 119 49 50

42 472 112 59 19437
116 472 137 59 MASSÉNA
216 472 150 59 (André),
329 472 162 59 prince
454 472 225 59 d’Essling
641 472 150 59 maréchal
754 472 75 59 de
791 472 137 59 France.
891 472 112 59 L.
966 472 125 59 a
1054 472 75 59 s.
1079 472 37 59 à

139 523 91 44 MM.
191 523 131 44 Defly;
283 523 170 44 Lenzburg,
413 523 78 44 22
453 523 170 44 fructidor
583 523 78 44 an
622 523 105 44 VII,
688 523 65 44 1
714 523 78 44 p.
753 523 91 44 1/2
805 523 118 44 in-4.
884 523 209 44 Rare
1054 523 65 44 5
1067 523 52 44 50

40 560 137 61 19438
131 560 168 61 MASSIEU
253 560 168 61 (Jean),
375 560 214 61 sourd-muet
543 560 92 61 de
589 560 214 61 naissance,
757 560 168 61 premier
879 560 137 61 élève
970 560 92 61 de
1001 560 122 61 l’abbé

127 604 249 34 Sicard.
309 604 204 34 Pièce
445 604 181 34 aut.
558 604 204 34 sig.,
694 604 113 34 1
740 604 136 34 p.
808 604 159 34 1/4
898 604 204 34 in-4.
1034 604 113 34 3
1057 604 68 34 »

28 624 143 69 19439
123 624 174 69 MAUBERT
250 624 95 69 DE
298 624 174 69 GOUVEST
424 624 111 69 (J.
488 624 174 69 Henri),
615 624 190 69 écrivain
757 624 95 69 et
805 624 254 69 pamphlétaire
995 624 127 69 fameux

149 669 78 39 ar
188 669 91 39 ses
240 669 169 39 aventures
370 669 208 39 romanesques.
539 669 117 39 L.
617 669 104 39 a.
683 669 117 39 s.i.;
761 669 78 39 La
800 669 117 39 Haye,
878 669 78 39 16
917 669 104 39 mars
982 669 117 39 1758,
1060 669 65 39 1
1073 669 52 39 p.

118 706 243 50 pl.
257 706 312 50 in-4.
465 706 312 50 Belle
674 706 382 50 lettre.
951 706 174 50 2
986 706 139 50 25

26 732 143 64 19440
122 732 175 64 MÉDICIS
249 732 223 64 (Alexandre
424 732 127 64 de),
504 732 175 64 premier
631 732 111 64 duc
695 732 96 64 de
743 732 207 64 Florence,
902 732 159 64 fameux
1014 732 111 64 par
1061 732 64 64 sa

142 779 173 46 tyrannie
271 779 86 46 et
314 779 101 46 ses
372 779 201 46 débauches,
530 779 187 46 assassiné
674 779 86 46 en
717 779 129 46 1537.
803 779 86 46 L.
846 779 86 46 s.
890 779 86 46 au
933 779 101 46 duc
990 779 86 46 de
1019 779 115 46 Milan;

141 807 163 42 Florence,
267 807 75 42 27
305 807 100 42 déc.
367 807 113 42 1531,
443 807 63 42 1
468 807 75 42 p.
506 807 151 42 in-fol.,
619 807 138 42 cachet.
719 807 113 42 Belle
794 807 138 42 lettre.
895 807 201 42 Rare
1058 807 75 42 10
1083 807 38 42 »

32 843 142 65 19441
127 843 221 65 MEISSONIER
300 843 205 65 (Ernest),
458 843 173 65 célèbre
584 843 173 65 peintre
710 843 95 65 de
758 843 158 65 genre,
868 843 158 65 membre
978 843 95 65 de
1010 843 126 65 l’Ins-

129 889 250 58 titut.
304 889 225 58 L.
454 889 225 58 a
604 889 200 58 s<.,
729 889 125 58 1
779 889 150 58 p.
854 889 225 58 in-8.
1004 889 125 58 2
1029 889 100 58 25

40 907 139 65 19442
132 907 201 65 MEYERBEER
287 907 216 65 (Giacomo),
457 907 93 65 un
503 907 108 65 des
565 907 124 65 plus
643 907 201 65 illustres
797 907 247 65 compositeurs
983 907 139 65 contem-

130 963 293 45 porains.
349 963 219 45 L.
495 963 244 45 a
666 963 146 45 s,
739 963 122 45 1
788 963 146 45 p.
861 963 219 45 in-8.
1007 963 122 45 2
1032 963 98 45 25

43 982 133 64 19443
132 982 191 64 MIRECOURT
279 982 162 64 (Eugène
397 982 118 64 de),
470 982 162 64 célèbre
588 982 88 64 et
632 982 147 64 fécond
735 982 221 64 littérateur
912 982 88 64 et
941 982 177 64 biographe.

136 1036 130 47 L.
222 1036 130 47 a.
308 1036 86 47 s.
352 1036 72 47 à
380 1036 86 47 M.
424 1036 158 47 Muffat;
539 1036 144 47 Paris,
640 1036 86 47 22
683 1036 115 47 nov.
755 1036 130 47 1855,
841 1036 72 47 2
870 1036 86 47 p.
913 1036 101 47 1/2
971 1036 130 47 in-8.
1057 1036 72 47 3
1071 1036 58 47 50

170 1069 173 41 Curieuse
299 1069 144 41 lettre
400 1069 86 41 de
443 1069 230 41 remerciments
630 1069 115 41 d’un
702 1069 158 41 article
818 1069 230 41 bienveillant
1005 1069 101 41 sur
1048 1069 72 41 ses

136 1097 264 60 publications.
354 1097 171 60 «Depuis
478 1097 93 60 le
524 1097 248 60 commencement
726 1097 93 60 de
772 1097 109 60 mon
834 1097 155 60 œuvre,
943 1097 124 60 Dieu
1005 1097 124 60 permet

145 1143 97 46 jue
201 1143 83 46 la
242 1143 208 46 consolation
408 1143 166 46 m’arrive
533 1143 125 46 après
602 1143 180 46 l’outrage.»

40 1161 139 60 19444
132 1161 169 60 MONDEUX
255 1161 185 60 (Henri),
394 1161 92 60 le
440 1161 169 60 célèbre
563 1161 369 60 pâtre-mathématicien.
886 1161 139 60 Pièce
963 1161 154 60 autogr.,

132 1218 326 44 certifiée;
388 1218 116 44 6
434 1218 163 44 mai
528 1218 210 44 1842,
667 1218 163 44 1/2
760 1218 140 44 p.
830 1218 256 44 in-fol.
1017 1218 116 44 2
1040 1218 93 44 50

29 1251 143 51 19445
124 1251 206 51 MONTHOLON
283 1251 127 51 (Ch.
362 1251 174 51 Tristan
489 1251 127 51 de),
568 1251 190 51 général,
711 1251 206 51 compagnon
869 1251 159 51 d’exil
980 1251 95 51 de
1012 1251 111 51 Napo-

142 1281 117 47 léon.
220 1281 117 47 L.
298 1281 143 47 a.
402 1281 91 47 s<.
454 1281 65 47 à
480 1281 78 47 M.
519 1281 182 47 Jacquinot;
661 1281 130 47 Paris,
752 1281 78 47 18
791 1281 91 47 mai
843 1281 117 47 1827,
921 1281 65 47 2
947 1281 78 47 p.
986 1281 117 47 in-4.
1064 1281 65 47 4
1077 1281 52 47 50

178 1321 163 47 Curieuse
301 1321 136 47 lettre
396 1321 163 47 relative
519 1321 68 47 à
546 1321 82 47 la
587 1321 191 47 succession
736 1321 82 47 de
777 1321 177 47 Napoléon.
913 1321 82 47 On
954 1321 177 47 l’attaque
1077 1321 54 47 et

141 1362 86 38 on
184 1362 86 38 le
227 1362 129 38 somme
313 1362 86 38 de
356 1362 144 38 rendre
457 1362 144 38 compte
557 1362 86 38 de
600 1362 86 38 la
643 1362 158 38 gestion
758 1362 86 38 de
801 1362 86 38 la
844 1362 115 38 part
916 1362 144 38 léguée
1016 1362 86 38 au
1045 1362 72 38 gé-

139 1394 129 40 néral
224 1394 200 40 Lallemand.
382 1394 186 40 Néanmoins
525 1394 86 40 il
568 1394 86 40 ne
610 1394 114 40 veut
682 1394 114 40 agir
753 1394 100 40 que
811 1394 172 40 d’accord
939 1394 114 40 avec
1011 1394 100 40 les
1054 1394 71 40 in-

138 1425 179 47 tentions
273 1425 90 47 du
317 1425 254 47 gouvernement,
526 1425 194 47 «quelques
676 1425 224 47 sacrifices,
855 1425 164 47 dit-il,
975 1425 105 47 que
1019 1425 105 47 cette

139 1462 174 37 conduite
270 1462 131 37 m’ait
357 1462 160 37 coûtées
474 1462 116 37 pour
546 1462 87 37 ma
575 1462 160 37 fortune.»

41 1493 137 56 19446
132 1493 137 56 MORET
224 1493 228 56 (Jacqueline
406 1493 91 56 de
452 1493 152 56 BEUIL,
559 1493 183 56 comtesse
696 1493 122 56 de),
772 1493 198 56 maîtresse
924 1493 91 56 de
970 1493 137 56 Henri
1046 1493 76 56 IV.

137 1524 157 44 Acte
236 1524 216 44 notarié
393 1524 196 44 signé;
530 1524 118 44 26
589 1524 137 44 mai
668 1524 177 44 1616,
785 1524 98 44 6
825 1524 118 44 p.
884 1524 216 44 in-fol.
1041 1524 98 44 2
1060 1524 79 44 50

40 1561 132 60 19447
128 1561 161 60 NEMOURS
245 1561 146 60 (Louis
348 1561 205 60 d’ORLÉANS,
509 1561 103 60 duc
568 1561 117 60 de),
641 1561 117 60 fils
714 1561 88 60 de
758 1561 278 60 Louis-Philippe.
992 1561 88 60 L.
1021 1561 103 60 aut.,

140 1605 162 45 sig.
241 1605 283 45 N.
463 1605 101 45 1
503 1605 121 45 p.
564 1605 182 45 in-8.
685 1605 262 45 Charmante
887 1605 222 45 épître.
1048 1605 101 45 3
1068 1605 61 45 »

42 1642 137 48 19448
133 1642 182 48 NOAILLES
270 1642 243 48 (Anne-Jules,
467 1642 106 48 duc
528 1642 122 48 de),
604 1642 182 48 maréchal
741 1642 91 48 de
787 1642 167 48 France,
908 1642 213 48 gouverneur
1060 1642 61 48 du

146 1679 166 43 Languedoc
274 1679 64 43 à
299 1679 153 43 l’époque
414 1679 76 43 de
452 1679 76 43 la
490 1679 178 43 révocation
630 1679 76 43 de
668 1679 127 43 l’édit
758 1679 76 43 de
796 1679 140 43 Nantes.
898 1679 115 43 L.
974 1679 115 43 a.
1051 1679 89 43 s..
1089 1679 38 43 à

146 1711 158 42 Mme...;
261 1711 216 42 Versailles,
433 1711 86 42 30
477 1711 115 42 mars
548 1711 129 42 1699,
635 1711 72 42 1
664 1711 86 42 p.
707 1711 129 42 in-4.
793 1711 129 42 Jolie
879 1711 144 42 lettre
980 1711 86 42 de
1009 1711 115 42 condo-

71 1742 974 48 léances.
801 1742 406 48 3
883 1742 244 48 »

43 1787 142 38 19449
138 1787 190 38 NOAILLES
280 1787 316 38 (Adrien-Maurice,
549 1787 111 38 duc
612 1787 126 38 de),
691 1787 190 38 maréchal
833 1787 95 38 de
880 1787 174 38 France,
1007 1787 126 38 fils
1070 1787 63 38 du

145 1821 181 41 précédent,
287 1821 103 41 l’un
352 1821 91 41 des
404 1821 168 41 meilleurs
533 1821 181 41 capitaines
675 1821 78 41 de
714 1821 91 41 son
766 1821 129 41 temps.
856 1821 116 41 L.
934 1821 129 41 d
1025 1821 78 41 s.
1063 1821 65 41 à
1076 1821 52 41 S.

148 1851 79 48 A.
187 1851 132 48 R....;
280 1851 198 48 Versailles,
439 1851 66 48 4
465 1851 106 48 juin
532 1851 119 48 1754,
611 1851 66 48 3
637 1851 79 48 p.
677 1851 119 48 in-4.
756 1851 119 48 Belle
836 1851 132 48 lettre
929 1851 185 48 politique.
1074 1851 66 48 3
1087 1851 40 48 »

45 1890 115 43 19450
122 1890 127 43 NODIER
211 1890 178 43 (Charles),
351 1890 153 43 écrivain
466 1890 127 43 fécond
555 1890 76 43 et
593 1890 166 43 original,
720 1890 76 43 de
759 1890 140 43 l’Acad.
861 1890 89 43 fr.
911 1890 115 43 L.
988 1890 76 43 a.
1013 1890 115 43 s.

140 1921 91 51 à
176 1921 109 51 M.
231 1921 236 51 Tamisier,
412 1921 91 51 à
449 1921 382 51 Lons-le-Saulnier;
776 1921 91 51 1
812 1921 109 51 p.
867 1921 127 51 pl.
939 1921 164 51 in-4.
1048 1921 91 51 3
1066 1921 73 51 75

179 1953 89 60 Il
224 1953 104 60 lui
283 1953 134 60 mande
372 1953 134 60 qu’il
461 1953 119 60 part
536 1953 89 60 de
580 1953 149 60 Genève
684 1953 119 60 pour
759 1953 89 60 se
803 1953 149 60 rendre
907 1953 74 60 à
937 1953 134 60 Milan
1026 1953 104 60 par
1071 1953 59 60 le

154 2000 119 43 mont
213 2000 119 43 Cenis.

42 2025 138 59 19451
134 2025 169 59 NOURRIT
257 2025 215 59 (Adolphe),
426 2025 185 59 chanteur
565 2025 169 59 célèbre
688 2025 92 59 de
734 2025 185 59 l’Opéra,
872 2025 123 59 mort
949 2025 108 59 par
996 2025 138 59 suicide

146 2072 65 39 à
172 2072 142 39 Naples.
275 2072 116 39 L.
353 2072 129 39 a
443 2072 77 39 s.
482 2072 65 39 à
507 2072 77 39 M.
546 2072 116 39 Pley;
624 2072 129 39 Paris,
714 2072 77 39 13
753 2072 142 39 juillet
856 2072 116 39 1835,
933 2072 65 39 1
959 2072 77 39 p.
998 2072 90 39 1/4
1037 2072 90 39 in

1025 2100 133 48 3
1052 2100 80 48 »

185 2137 80 48 Il
225 2137 160 48 s’excuse
345 2137 80 48 de
385 2137 80 48 ne
425 2137 147 48 pouvoir
532 2137 160 48 répondre
653 2137 67 48 à
679 2137 214 48 l’invitation
853 2137 120 48 qu’il
933 2137 94 48 lui
987 2137 67 48 a
1014 2137 120 48 faite
1081 2137 53 48 au

147 2181 101 46 nom
204 2181 87 46 de
248 2181 87 46 la
291 2181 130 46 ville
377 2181 87 46 de
421 2181 173 46 Cambrai,
550 2181 87 46 ne
594 2181 159 46 pouvant
709 2181 159 46 obtenir
824 2181 87 46 un
867 2181 130 46 congé
954 2181 87 46 de
983 2181 144 46 l’Opéra.
