2057 3133
463 582 166 77 On
546 582 332 77 trouvera
795 582 194 77 des
906 582 277 77 cartes
1100 582 443 77 d’abonnement
1432 582 166 77 per-

404 645 254 76 sonnel
581 645 203 76 pour
708 645 229 76 toute
861 645 152 76 la
937 645 229 76 durée
1089 645 152 76 de
1165 645 432 76 l’Exposition,
1495 645 102 76 au

404 716 204 81 prix
531 716 153 81 de
607 716 127 81 3
658 716 280 81 francs.
862 716 127 81 —
913 716 357 81 S’adresser
1193 716 153 81 au
1244 716 357 81 conservateur

403 789 148 93 de
453 789 370 93 l’Exposition.

464 1017 206 69 Les
609 1017 268 69 personnes
815 1017 144 69 qui
898 1017 248 69 désirent
1083 1017 268 69 connaître
1290 1017 124 69 le
1351 1017 165 69 prix
1434 1017 165 69 de

402 1088 247 73 vente
588 1088 144 73 des
670 1088 206 73 objets
814 1088 185 73 d’art
938 1088 247 73 exposés,
1123 1088 227 73 peuvent
1288 1088 124 73 en
1329 1088 268 73 prendre

405 1159 367 63 connaissance
713 1159 154 63 chex
810 1159 116 63 le
868 1159 251 63 trésorier
1061 1159 116 63 et
1119 1159 154 63 chex
1215 1159 116 63 le
1254 1159 347 63 conservateur

402 1228 186 85 de
526 1228 330 85 l’Exposition
795 1228 145 85 qui
877 1228 165 85 leur
981 1228 330 85 communiquera
1249 1228 124 85 le
1290 1228 310 85 catalogue

400 1300 195 76 annoté

457 1528 186 60 Pour
573 1528 209 60 faire
713 1528 233 60 partie
875 1528 140 60 de
945 1528 140 60 la
1015 1528 279 60 Société,
1224 1528 140 60 il
1294 1528 233 60 suffit
1457 1528 140 60 de
1503 1528 93 60 se

393 1590 246 91 faire
557 1590 328 91 inscrire
803 1590 219 91 chez
939 1590 164 91 M.
1021 1590 219 91 René
1158 1590 301 91 Wiener,
1376 1590 191 91 rue
1458 1590 137 91 des

395 1662 441 84 Dominicains,
726 1662 138 84 53.

456 1906 186 64 La
580 1906 290 64 Commission
808 1906 228 64 décline
973 1906 186 64 toute
1098 1906 372 64 responsabilité
1387 1906 207 64 pour

399 1972 195 79 les
535 1972 215 79 erreurs
691 1972 137 79 qui
769 1972 137 79 ont
847 1972 117 79 pu
906 1972 117 79 se
964 1972 215 79 glisser
1120 1972 156 79 dans
1218 1972 117 79 le
1276 1972 137 79 Cat
1335 1972 254 79 alogue

394 2049 267 74 Elles
594 2049 333 74 proviennent
861 2049 156 74 des
949 2049 222 74 œuvres
1105 2049 156 74 non
1194 2049 244 74 signées
1372 2049 133 74 ou
1416 2049 178 74 qui

393 2124 252 102 n’ont
582 2124 147 102 pas
666 2124 147 102 été
750 2124 336 102 accompagnées
1024 2124 126 102 de
1087 2124 126 102 la
1150 2124 210 102 notice
1276 2124 315 102 réglemen

402 2189 196 83 taire
532 2189 245 83 imprimée
