1987 3145
734 437 223 84 —
779 437 134 84 7

750 565 233 81 ART.
866 565 117 81 8.

331 637 223 100 Pour
470 637 278 100 former
665 637 167 100 le
749 637 223 100 Jury
888 637 278 100 chargé
1082 637 362 100 d’acheter
1333 637 139 100 les

276 740 238 75 objets
443 740 215 75 d’art
586 740 286 75 destinés
801 740 119 75 à
848 740 143 75 la
920 740 286 75 loterie,
1134 740 143 75 la
1182 740 286 75 Commission

275 807 254 86 pourra
453 807 407 86 s’adjoindre,
783 807 178 86 par
885 807 153 86 la
961 807 203 86 voie
1088 807 153 86 du
1165 807 305 86 scrutin,
1368 807 102 86 un

275 885 143 86 ou
347 885 310 86 plusieurs
562 885 334 86 sociétaires.

748 981 238 116 ART.
867 981 119 116 9.

338 1085 237 116 Avant
496 1085 158 116 la
575 1085 290 116 clôture
786 1085 158 116 de
865 1085 422 116 l’Exposition
1207 1085 211 116 aura
1313 1085 158 116 lieu

278 1196 186 92 une
385 1196 266 92 séance
571 1196 319 92 publique
811 1196 213 92 dans
944 1196 319 92 laquelle
1183 1196 266 92 chacun
1343 1196 133 92 des

275 1289 273 56 objets
466 1289 273 56 acquis
657 1289 191 56 par
766 1289 164 56 le
848 1289 218 56 Jury
984 1289 300 56 recevra
1202 1289 164 56 un
1257 1289 218 56 numéro

278 1339 286 93 d’ordre
486 1339 156 93 et
564 1339 286 93 formera
772 1339 156 93 un
850 1339 182 93 lot
955 1339 390 93 particulier
1267 1339 208 93 dans
1371 1339 104 93 le

280 1425 239 77 tirage
447 1425 143 77 au
519 1425 191 77 sort
638 1425 167 77 qui
734 1425 191 77 sera
853 1425 191 77 fait
972 1425 239 77 séance
1115 1425 239 77 tenante.

339 1481 199 72 Des
452 1481 398 72 bulletins,
765 1481 313 72 portant
992 1481 284 72 chacun
1191 1481 170 72 le
1248 1481 227 72 numéro

280 1545 229 81 d’une
432 1545 254 81 action
610 1545 153 81 et
687 1545 153 81 le
763 1545 178 81 nom
865 1545 153 81 de
941 1545 432 81 l’actionnaire
1272 1545 203 81 auquel

282 1626 195 68 elle
404 1626 366 68 appartient,
696 1626 244 68 seront
867 1626 219 68 jetés
1013 1626 195 68 dans
1135 1626 171 68 une
1232 1626 195 68 urne
1330 1626 146 68 dont

284 1707 140 96 on
354 1707 279 96 retirera
563 1707 233 96 autant
726 1707 140 96 de
795 1707 256 96 numéros
982 1707 233 96 qu’ily
1144 1707 186 96 aura
1261 1707 140 96 de
1307 1707 163 96 lots.

745 1821 233 91 ART.
861 1821 146 91 10.

340 1915 185 91 Les
445 1915 343 91 personnes
709 1915 185 91 qui
815 1915 264 91 auront
1000 1915 238 91 gagné
1158 1915 185 91 des
1264 1915 211 91 lots
1369 1915 106 91 ne

280 2024 354 67 pourront,
552 2024 218 67 dans
688 2024 245 67 aucun
851 2024 218 67 cas,
987 2024 190 67 les
1096 2024 245 67 faire
1232 2024 245 67 enlever

283 2084 223 67 avant
432 2084 149 67 la
507 2084 273 67 clôture
705 2084 149 67 de
780 2084 422 67 l’Exposition.
1127 2084 149 67 La
1202 2084 273 67 Société
1376 2084 99 67 se

282 2148 292 71 réserve
495 2148 159 71 le
574 2148 239 71 droit
733 2148 159 71 de
813 2148 371 71 conserver,
1105 2148 292 71 pendant
1290 2148 186 71 trois

284 2243 228 56 mois,
436 2243 203 56 ceux
563 2243 178 56 des
664 2243 254 56 objets
842 2243 279 56 achetés
1045 2243 178 56 qui
1146 2243 254 56 seront
1298 2243 178 56 dési-

284 2291 203 95 gnés
411 2291 203 95 pour
538 2291 203 95 être
664 2291 279 95 gravés,
868 2291 432 95 lithographiés
1223 2291 152 95 ou
1274 2291 203 95 photo

256 2371 284 89 graphiés.
