2057 3125
888 423 191 86 —
964 423 229 86 20
1041 423 115 86 —

432 512 198 88 284.
556 512 322 88 Maringer,
804 512 248 88 maire,
977 512 297 88 faubourg
1200 512 371 88 Saint-Jean.
1472 512 124 88 28.

433 598 190 65 285.
552 598 238 65 Marly,
719 598 238 65 ancien
885 598 285 65 notaire,
1099 598 167 65 rue
1195 598 262 65 Lepois,
1361 598 119 65 11.

433 663 167 60 286.
537 663 208 60 Martin
683 663 292 60 (Camille),
912 663 146 60 rue
995 663 125 60 de
1058 663 333 60 Boudonville,
1308 663 312 60 111is

429 724 189 71 287.
547 724 189 71 Marx
666 724 283 71 (Roger),
878 724 165 71 rue
973 724 401 71 Saint-Lazare,
1303 724 165 71 24,
1374 724 189 71 Paris.

425 793 203 73 288.
551 793 380 73 Marx-Picard
856 793 253 73 Emile,
1033 793 253 73 avenue
1210 793 152 73 de
1286 793 152 73 la
1337 793 279 73 Garennne.

426 840 197 86 289.
549 840 369 86 Marx-Picard
844 840 270 86 (René),
1041 840 172 86 rue
1139 840 418 86 Saint-Julien,
1459 840 98 86 8.

426 909 190 76 290.
545 909 261 76 Mathieu
735 909 332 76 (Charles),
995 909 166 76 rue
1090 909 142 76 de
1161 909 142 76 la
1232 909 332 76 Ravinelle,
1469 909 119 76 33.

429 972 178 74 291.
540 972 245 74 Mathis,
719 972 290 74 tailleur,
942 972 201 74 place
1076 972 312 74 Stanislas,
1299 972 89 74 5.

425 1044 202 77 292.
551 1044 278 77 Maugras
753 1044 303 77 (Emile),
956 1044 379 77 Varangéville.

424 1116 187 70 293.
541 1116 234 70 Maure,
705 1116 187 70 anc.
822 1116 351 70 conseiller,
1103 1116 164 70 rue
1197 1116 141 70 de
1267 1116 328 70 l’Hospice,
1501 1116 94 70 6.

424 1175 199 64 294.
548 1175 199 64 May,
673 1175 348 64 professeur
946 1175 124 64 à
996 1175 149 64 la
1070 1175 273 64 Faculté
1269 1175 149 64 de
1344 1175 249 64 droit,
1493 1175 124 64 rue

587 1237 310 83 Stanislas,
808 1237 111 83 46.

414 1308 240 64 295.
564 1308 390 64 Meixmoron
864 1308 180 64 de
954 1308 360 64 Dombasle
1223 1308 270 64 (de),
1403 1308 210 64 rue
1493 1308 120 64 de

583 1382 356 72 Strasbourg,
844 1382 119 72 19.

414 1447 222 64 296.
553 1447 361 64 Meixmoron
831 1447 167 64 de
914 1447 333 64 Dombasle
1164 1447 222 64 (Mme
1302 1447 222 64 de),
1413 1447 139 64 id.

417 1505 187 79 297.
534 1505 257 79 Merling
721 1505 257 79 (Léon),
908 1505 164 79 rue
1001 1505 140 79 de
1072 1505 140 79 la
1142 1505 374 79 Salpêtrière,
1422 1505 94 79 4.

417 1571 183 87 298.
532 1571 183 87 Metz
646 1571 252 87 (Victor
829 1571 183 87 de),
944 1571 206 87 villa
1081 1571 137 87 de
1150 1571 137 87 la
1195 1571 275 87 Pépinière.

418 1643 179 59 299.
529 1643 179 59 Metz
641 1643 201 59 (Mlle
776 1643 179 59 de),
887 1643 201 59 villa
1022 1643 134 59 de
1089 1643 134 59 la
1134 1643 268 59 Pépinière.

416 1713 199 67 300.
540 1713 373 67 Metz-Noblat
839 1713 174 67 (A.
938 1713 199 67 de),
1062 1713 149 67 r.
1137 1713 149 67 de
1211 1713 149 67 la
1286 1713 348 67 Ravinelle,
1535 1713 99 67 2

415 1782 186 64 301.
531 1782 279 64 Michaut,
740 1782 395 64 cristalleries
1065 1782 139 64 de
1112 1782 255 64 Baccarat.

413 1844 191 67 302.
532 1844 239 67 Michel
699 1844 262 67 (René),
890 1844 167 67 rue
986 1844 406 67 Saint-Dizier,
1296 1844 119 67 12.

412 1907 198 78 303.
536 1907 223 78 Milan
685 1907 248 78 (Ch.),
858 1907 173 78 rue
957 1907 149 78 du
1032 1907 273 78 Montet,
1205 1907 124 78 11.

413 1979 188 62 304.
530 1979 305 62 Moitrier,
765 1979 164 62 rue
859 1979 305 62 Désilles,
1070 1979 94 62 8.

411 2032 190 79 305.
530 2032 261 79 Molitor
719 2032 284 79 (comte),
933 2032 166 79 rue
1027 2032 142 79 de
1098 2032 142 79 la
1170 2032 237 79 Baume,
1335 2032 166 79 10,
1406 2032 190 79 Paris.

410 2116 188 60 306.
528 2116 188 60 Mont
646 2116 259 60 (Pierre
834 2116 188 60 de),
952 2116 165 60 rue
1046 2116 306 60 Girardet,
1258 2116 94 60 1.

409 2172 189 71 307.
527 2172 307 71 Montigny,
763 2172 330 71 tapissier,
1023 2172 165 71 rue
1117 2172 260 71 Callot,
1283 2172 94 71 6.

407 2239 202 68 308.
533 2239 329 68 Montureux
786 2239 253 68 (comte
963 2239 202 68 de),
1090 2239 177 68 rue
1191 2239 152 68 de
1267 2239 253 68 Guise,
1419 2239 101 68 6.

406 2318 194 60 309.
527 2318 219 60 March
673 2318 267 60 (Mlle),
867 2318 340 60 directrice
1134 2318 146 60 de
1207 2318 267 60 l’Ecole
1377 2318 219 60 normale

569 2363 421 100 d’institutrices,
906 2363 253 100 Maxéville.
