1969 3133
652 439 194 75 —
691 439 155 75 29

346 519 218 84 BARBAS
499 519 283 84 (Louise),
717 519 196 84 élève
847 519 131 84 de
913 519 131 84 de
978 519 240 84 l’Ecole
1152 519 153 84 des
1218 519 174 84 Beaux-

393 577 176 72 arts
503 577 132 72 de
569 577 220 72 Nancy,
724 577 154 72 née
812 577 110 72 à
834 577 176 72 Nancy.

398 638 209 94 Nancy,
559 638 113 94 24,
623 638 113 94 rue
687 638 113 94 des
736 638 273 94 Tiercelins

197 735 168 76 22
253 735 308 76 Petunias.

195 790 167 73 23
251 790 362 73 Tournesols.

201 841 140 65 24
271 841 116 65 —
294 841 256 65 Glaïeuls.

201 894 141 67 25
271 894 118 67 —
295 894 259 67 Glaïeuls.

345 1013 285 124 BARILLOT
559 1013 261 124 (Léon),
749 1013 213 124 élève
891 1013 142 124 de
962 1013 261 124 Bonnat,
1152 1013 142 124 né
1223 1013 119 124 à
1247 1013 142 124 Mon

375 1096 356 66 tigny

397 1155 225 91 Paris,
569 1155 121 91 16,
639 1155 121 91 rue
708 1155 104 91 de
759 1155 104 91 la
811 1155 138 91 Tour
880 1155 294 91 d’Auvergne

200 1245 146 78 26
273 1245 122 78 —
321 1245 219 78 Bœufs
467 1245 146 78 au
516 1245 194 78 repos.

202 1302 132 75 27
268 1302 110 75 —
312 1302 132 75 Le
378 1302 221 75 moulin
533 1302 132 75 de
599 1302 331 75 Courseulles
864 1302 199 75 avant
974 1302 221 75 l’orage.

367 1460 252 61 BAROTTE
550 1460 252 61 (Léon),
734 1460 137 61 né
802 1460 115 61 à
825 1460 527 61 Rosières

426 1517 209 86 Nancy,
587 1517 97 86 9,
635 1517 113 86 rue
700 1517 97 86 de
732 1517 306 86 l’Equitation

201 1605 135 82 28
269 1605 113 82 —
314 1605 203 82 Bords
450 1605 135 82 du
517 1605 203 82 canal
630 1605 339 82 (Tapis

203 1672 135 65 29
270 1672 113 65 —
315 1672 225 65 Sortie
473 1672 135 65 de
540 1672 180 65 bois
630 1672 225 65 (Laxou).

204 1719 140 63 30
274 1719 117 63 —
320 1719 140 63 Un
390 1719 233 63 matin,
553 1719 280 63 environs
763 1719 140 63 de
810 1719 163 63 Toul.

205 1764 143 63 31
277 1764 119 63 —
324 1764 286 63 Environs
539 1764 143 63 de
586 1764 405 63 Pont

202 1821 142 60 32
273 1821 118 60 —
320 1821 142 60 La
391 1821 260 60 Moselle
580 1821 118 60 à
603 1821 260 60 Fontenoy.

343 1957 279 99 BELLANGÉ
552 1957 303 99 (Eugène),
785 1957 209 99 élève
925 1957 140 99 de
994 1957 209 99 Picot
1134 1957 140 99 et
1204 1957 140 99 H.
1250 1957 140 99 Bel-

393 2018 224 65 langé,
550 2018 135 65 né
617 2018 112 65 à
639 2018 180 65 Rouen.

402 2068 206 98 Paris,
561 2068 111 98 57,
624 2068 111 98 rue
687 2068 95 98 de
719 2068 190 98 Doua.

207 2163 132 82 33
273 2163 110 82 —
317 2163 132 82 Le
383 2163 198 82 vieux
516 2163 221 82 chène,
670 2163 265 82 souvenir
846 2163 243 82 d’Alsace.

204 2237 144 53 34
276 2237 120 53 —
324 2237 144 53 En
396 2237 216 53 tenue
539 2237 144 53 de
587 2237 216 53 Crimée.

208 2287 129 74 35
272 2287 108 74 —
315 2287 194 74 Types
444 2287 323 74 militaires,
702 2287 280 74 bastions,
917 2287 237 74 croquis
1089 2287 215 74 divers
1218 2287 172 74 (siège

398 2324 123 58 de
439 2324 185 58 Paris).

205 2357 141 83 36
275 2357 117 83 —
322 2357 258 83 Clairon
510 2357 141 83 de
556 2357 235 83 Zouaves.
