2011 3159
715 471 193 97 —
792 471 231 97 33
869 471 116 97 —

397 561 238 81 BRUNET
564 561 310 81 (Eugène),
802 561 215 81 élève
945 561 143 81 de
1017 561 262 81 Defaux,
1208 561 143 81 né
1279 561 119 81 à
1303 561 143 81 Sar-

452 631 195 67 celles
570 631 351 67 (Seine

453 688 218 84 Paris,
621 688 118 84 59,
688 688 118 84 rue
739 688 302 84 d’Amsterdam

261 777 132 81 76
327 777 110 81 —
371 777 132 81 Un
437 777 176 81 coin
547 777 132 81 de
613 777 242 81 marais,
789 777 110 81 à
832 777 198 81 Episy
942 777 418 81 (Seine

254 830 183 77 77
346 830 153 77 —
407 830 366 77 L’Ecluse
682 830 183 77 du
773 830 305 77 canal,
956 830 153 77 id.

403 925 257 99 BRUNET
583 925 205 99 (Mme
686 925 257 99 Sophie).

463 1009 218 96 Paris,
631 1009 117 96 59,
698 1009 117 96 rue
748 1009 301 96 d’Amsterdam

270 1091 138 71 78
339 1091 115 71 —
385 1091 230 71 Fleurs
545 1091 138 71 de
591 1091 161 71 Nice.

263 1146 157 70 79
341 1146 131 70 —
368 1146 209 70 Roses.

416 1268 231 71 BUFFET
578 1268 208 71 (Mlle
716 1268 277 71 Jeanne),
924 1268 208 71 élève
1063 1268 139 71 de
1132 1268 254 71 Carolus
1294 1268 162 71 Duran

463 1330 127 65 et
526 1330 233 65 Henner,
696 1330 148 65 née
780 1330 106 65 à
802 1330 169 65 Paris.

471 1382 221 93 Paris,
641 1382 119 93 46,
709 1382 136 93 quai
794 1382 153 93 Henri
879 1382 136 93 IV

274 1479 132 74 80
340 1479 110 74 —
384 1479 265 74 Portrait
583 1479 132 74 de
649 1479 176 74 Mlle
759 1479 309 74 Marguerite
980 1479 88 74 B.

447 1598 270 56 BUSSIÈRE
649 1598 292 56 (Ernest),
874 1598 202 56 élève
1008 1598 135 56 de
1076 1598 225 56 Pêtre,
1233 1598 225 56 Dumont
1368 1598 90 56 et

492 1648 244 68 Thomas,
669 1648 133 68 né
736 1648 111 68 à
758 1648 399 68 Ars

455 1702 215 91 Nancy,
621 1702 116 91 59,
687 1702 198 91 faubourg
819 1702 265 91 Stanislas

277 1785 144 70 81
349 1785 120 70 —
397 1785 216 70 Buste
541 1785 144 70 de
614 1785 144 70 M.
686 1785 144 70 P.
734 1785 96 70 T.

276 1841 150 72 82
351 1841 125 72 —
401 1841 324 72 Médaillon
650 1841 150 72 de
725 1841 175 72 Mme
800 1841 100 72 T.

384 1952 362 82 CALDERON.

282 2037 147 99 83
356 2037 123 99 —
405 2037 172 99 Vue
503 2037 147 99 de
552 2037 221 99 Venise.

429 2178 231 82 CALVÈS
591 2178 185 82 (G),
707 2178 208 82 élève
845 2178 139 82 de
915 2178 278 82 Daubigny
1123 2178 139 82 et
1192 2178 231 82 Guille
1331 2178 139 82 met,

481 2237 124 69 né
543 2237 104 69 à
564 2237 166 69 Paris.

486 2292 219 95 Paris,
655 2292 118 95 44,
722 2292 118 95 rue
789 2292 101 95 de
840 2292 101 95 la
890 2292 135 95 Tour
958 2292 286 95 d’Auvergne

290 2373 133 72 84
356 2373 111 72 —
401 2373 178 72 Dans
512 2373 133 72 la
557 2373 222 72 prairie.

288 2426 142 78 85
359 2426 118 78 —
406 2426 189 78 Chez
524 2426 142 78 le
572 2426 260 78 maréchal.

1275 2495 99 66 3
