2093 3153
990 425 188 64 —
1027 425 150 64 42

693 497 308 66 DESCELLES
930 497 261 66 (Raoul)
1120 497 213 66 élève
1262 497 142 66 de
1334 497 261 66 Mirbeck
1523 497 142 66 et
1571 497 142 66 Gra-

745 557 167 73 tia,
849 557 125 73 né
912 557 104 73 à
933 557 313 73 Raon

748 621 274 79 Saint-Dié,
974 621 97 79 5,
1022 621 113 79 rue
1086 621 97 79 de
1119 621 306 79 l’Orphelinat

531 716 158 75 192
621 716 113 75 —
666 716 270 75 Portrait
868 716 135 75 de
936 716 135 75 M.
1003 716 135 75 L.
1048 716 90 75 P.

524 772 212 67 193
645 772 152 67 —
706 772 212 67 id.
827 772 242 67 Mlle
978 772 182 67 de
1039 772 121 67 L.

530 821 171 65 194
627 821 122 65 —
676 821 147 65 La
750 821 220 65 femme
896 821 147 65 du
945 821 269 65 bûcheron.

527 870 180 69 195
630 870 128 69 —
656 870 205 69 Repos.

695 995 230 94 DESCH
849 995 358 94 (Auguste),
1130 995 230 94 élève
1283 995 153 94 de
1359 995 306 94 Larcher,
1589 995 153 94 né
1640 995 77 94 à

742 1067 121 61 à
766 1067 193 61 Nancy.

751 1112 221 88 Nancy,
921 1112 119 88 13,
989 1112 221 88 boulevard
1158 1112 102 88 de
1209 1112 102 88 la
1243 1112 272 88 Pépinière

532 1227 169 71 196
628 1227 121 71 —
677 1227 241 71 Nature
821 1227 193 71 morte.

532 1284 160 69 197
624 1284 115 69 —
670 1284 275 69 Portrait
876 1284 138 69 de
945 1284 138 69 M.
990 1284 138 69 D...

698 1414 366 100 DESGRANGES
985 1414 314 100 (Félix),
1221 1414 235 100 élève
1377 1414 157 100 de
1456 1414 261 100 Gérôme
1612 1414 105 100 et

748 1478 269 67 Vierling,
955 1478 124 67 né
1017 1478 103 67 à
1038 1478 165 67 Paris.

753 1541 222 77 Paris,
924 1541 120 77 15,
992 1541 120 77 rue
1044 1541 410 77 Campagne

536 1622 152 67 198
623 1622 109 67 .
667 1622 305 67 Braconnier
906 1622 327 67 dépouillant
1168 1622 131 67 un
1211 1622 196 67 lièvre.

701 1788 276 67 DESLIENS
908 1788 207 67 (Mlle
1046 1788 276 67 Cécile),
1254 1788 207 67 élève
1392 1788 138 67 de
1438 1788 276 67 Desgoffes,

749 1839 220 75 Gérôme
903 1839 132 75 et
969 1839 264 75 Galland,
1166 1839 154 75 née
1254 1839 110 75 à
1276 1839 176 75 Paris.

755 1889 207 79 Paris,
914 1889 96 79 7,
962 1889 112 79 rue
1026 1889 96 79 de
1058 1889 255 79 Vaugirard

536 1972 159 70 199
627 1972 113 70 —
672 1972 272 70 Portrait
876 1972 136 70 de
944 1972 159 70 Mme
1012 1972 136 70 Z...

534 2028 162 62 200
626 2028 116 62 —
649 2028 324 62 Qu’y

702 2165 259 68 DEVANEL
891 2165 283 68 (Jules),
1103 2165 141 68 né
1173 2165 118 68 à
1197 2165 212 68 Nantes.

756 2232 214 82 Paris,
920 2232 115 82 63,
986 2232 115 82 rue
1036 2232 346 82 Claude

537 2308 158 77 201
627 2308 113 77 —
672 2308 135 77 La
739 2308 270 77 campagne
942 2308 113 77 à
964 2308 450 77 Briis

534 2370 176 62 202
634 2370 126 62 —
659 2370 327 62 Concarneau.
