2111 3169
934 445 192 92 —
1010 445 230 92 50
1087 445 115 92 —

647 533 238 88 GILQUIN
820 533 281 88 (Albert),
1037 533 195 88 élève
1167 533 130 88 de
1231 533 238 88 Lemaire
1404 533 130 88 et
1448 533 216 88 Bramtôt,

694 588 123 69 né
756 588 103 69 à
777 588 472 69 Laferté

701 652 211 69 Paris,
863 652 98 69 9,
912 652 211 69 boulevard
1058 652 228 69 Bourdon

482 732 153 71 288
570 732 110 71 —
614 732 153 71 N’y
701 732 110 71 a
745 732 197 71 qu’ça
855 732 197 71 d’vrai.

483 786 156 71 289
572 786 111 71 —
616 786 200 71 Etude
750 786 134 71 de
795 786 200 71 fruits.

649 888 281 85 GŒPFERT
854 888 281 85 (Paul),
1058 888 230 85 élève
1212 888 281 85 d’Emile
1416 888 256 85 Thiéry
1570 888 102 85 et

701 964 262 65 Devilly,
898 964 131 65 né
963 964 109 65 à
985 964 175 65 Nancy.

705 1024 215 76 Nancy,
871 1024 99 76 28
920 1024 149 76 Cours
1003 1024 231 76 Léopold

489 1098 162 71 290
581 1098 116 71 —
628 1098 231 71 Saules
790 1098 116 71 à
813 1098 393 71 Champigneulles.

491 1141 151 85 291
578 1141 108 85 —
621 1141 259 85 Carrière
816 1141 281 85 au-dessus
1032 1141 130 85 de
1075 1141 281 85 Malzéville.

651 1286 388 69 GOUTAUDIER
956 1286 332 69 (Henri),
1205 1286 166 69 né
1288 1286 138 69 à
1316 1286 360 69 Coulomnieis

682 1338 403 80 (Seine

708 1400 209 75 Nancy,
869 1400 113 75 29,
933 1400 113 75 rue
997 1400 97 75 de
1046 1400 97 75 la
1078 1400 209 75 Source

486 1467 171 87 292
583 1467 122 87 —
632 1467 147 87 La
706 1467 220 87 Meuse
853 1467 122 87 à
877 1467 245 87 Coussey.

489 1534 161 66 293
581 1534 115 66 —
604 1534 345 66 Vandeléville.

490 1581 159 56 294
581 1581 114 56 —
627 1581 137 56 Le
695 1581 250 56 clocher
854 1581 296 56 d’Ecrouves.

489 1635 167 64 295
585 1635 120 64 —
633 1635 239 64 Grèves
800 1635 143 64 de
848 1635 215 64 Messin.

490 1684 170 51 296
587 1684 121 51 —
635 1684 170 51 Une
733 1684 194 51 mare
854 1684 121 51 à
878 1684 243 51 Frouard.

492 1736 154 53 297
580 1736 110 53 —
624 1736 175 53 Coin
733 1736 132 53 de
799 1736 132 53 la
865 1736 263 53 Moselle,
1062 1736 263 53 environs
1260 1736 132 53 de
1303 1736 154 53 Toul.

471 1778 301 80 298
643 1778 215 80 —
729 1778 301 80 Une
902 1778 344 80 mare
1074 1778 215 80 id.

659 1888 237 94 GRATIA
825 1888 285 94 (Louis),
1039 1888 214 94 élève
1182 1888 142 94 de
1253 1888 142 94 J.
1324 1888 309 94 Decaisne,
1561 1888 142 94 né
1609 1888 71 94 à

688 1955 345 66 Rambervillers.

718 2014 220 88 Nancy,
888 2014 119 88 35,
955 2014 119 88 rue
1023 2014 102 88 du
1074 2014 203 88 faubourg
1210 2014 271 88 Stanislas

496 2093 164 76 299
589 2093 117 76 —
636 2093 281 76 Portrait
846 2093 140 76 de
916 2093 164 76 Mme
1010 2093 140 76 J.
1057 2093 140 76 M...

484 2151 223 62 300
612 2151 160 62 —
676 2151 223 62 id.
803 2151 223 62 Mme
931 2151 191 62 C.
995 2151 191 62 R...

486 2198 227 69 301
615 2198 162 69 —
680 2198 227 69 id.
810 2198 195 69 M.
908 2198 195 69 J.
973 2198 162 69 C..

484 2250 236 60 302
619 2250 169 60 —
687 2250 236 60 id.
821 2250 202 60 M.
889 2250 202 60 G...

483 2293 217 70 303
607 2293 155 70 —
669 2293 217 70 id.
793 2293 217 70 Mme
916 2293 186 70 B.
978 2293 186 70 J...

482 2338 239 68 304
619 2338 171 68 —
687 2338 239 68 id.
790 2338 274 68 Gratia

477 2393 249 81 305
620 2393 178 81 —
691 2393 249 81 id.
798 2393 249 81 Bébé.
