1969 3133
770 420 190 110 —
846 420 228 110 51
922 420 114 110 —

477 507 297 86 GRINGOIRE
706 507 365 86 (Pierrette),
1003 507 160 86 née
1094 507 114 86 à
1140 507 228 86 Paris,
1299 507 206 86 élève
1414 507 91 86 de

500 577 228 79 Munier
660 577 137 79 et
705 577 182 79 Tanze.

556 646 214 88 Paris,
720 646 115 88 36,
786 646 165 88 Avenue
885 646 198 88 Hoche

311 749 172 74 306
410 749 123 74 —
434 749 246 74 Martyre.

311 810 170 78 307
408 810 122 78 —
432 810 219 78 Sainte.

480 1005 256 63 GROBON
660 1005 385 63 (François),
968 1005 231 63 élève
1121 1005 154 63 de
1198 1005 282 63 l’Ecole
1378 1005 128 63 des

532 1068 316 61 Beaux-Arts
781 1068 136 61 de
849 1068 203 61 Lyon,
984 1068 136 61 de
1052 1068 294 61 Bonnefond
1278 1068 136 61 et
1346 1068 136 61 de
1391 1068 113 61 Or-

531 1114 170 70 sel,
637 1114 128 70 né
701 1114 106 70 à
722 1114 149 70 Lyon.

539 1189 208 72 Paris,
699 1189 96 72 5,
747 1189 112 72 rue
811 1189 112 72 des
858 1189 240 72 Camélias

323 1278 153 78 308
411 1278 110 78 —
455 1278 132 78 La
520 1278 197 78 Seine
652 1278 153 78 est
718 1278 175 78 prise.

324 1337 157 80 309
413 1337 112 80 —
458 1337 292 80 Intérieur
683 1337 247 80 normand
862 1337 135 80 au
930 1337 247 80 village
1109 1337 135 80 de
1154 1337 180 80 Gonvi.

324 1395 157 63 310
413 1395 112 63 —
458 1395 135 63 Le
525 1395 247 63 chapeau
705 1395 135 63 du
750 1395 269 63 jardinier.

535 1593 291 68 GUESQUIN
753 1593 315 68 (Arthur),
995 1593 218 68 élève
1141 1593 145 68 de
1213 1593 145 68 L.
1262 1593 242 68 Thiriot,

584 1651 140 59 né
654 1651 117 59 à
677 1651 187 59 Nancy.

593 1719 210 79 Menton
754 1719 177 79 (iAlpes
867 1719 274 79 Maritimes)

325 1818 154 98 311
413 1818 110 98 —
457 1818 264 98 Portrait
655 1818 132 98 de
722 1818 132 98 M.
788 1818 132 98 L.
832 1818 220 98 Thiriot.

492 2026 226 87 GUIMET
650 2026 271 87 (J.-B.),
854 2026 203 87 élève
989 2026 135 87 de
1057 2026 203 87 Paget
1192 2026 135 87 et
1260 2026 135 87 L.
1305 2026 203 87 Devoir,

542 2088 124 72 né
604 2088 103 72 à
646 2088 248 72 Bourgoin
811 2088 206 72 (Isère).

550 2156 207 92 Nancy,
709 2156 95 92 2,
757 2156 111 92 rue
805 2156 270 92 Grandville

331 2253 158 87 312
422 2253 113 87 —
467 2253 158 87 Vue
558 2253 136 87 de
626 2253 136 87 la
694 2253 249 87 Macina,
875 2253 136 87 de
920 2253 181 87 Capri.

332 2324 156 59 313
421 2324 112 59 —
466 2324 268 59 Souvenir
667 2324 134 59 de
734 2324 134 59 la
778 2324 335 59 Méditerranée.

335 2372 145 67 314
418 2372 103 67 —
459 2372 145 67 Vue
542 2372 186 67 prise
666 2372 124 67 de
728 2372 186 67 l’île
832 2372 227 67 d’Ischia.
