2009 3159
751 420 187 97 —
825 420 224 97 57
900 420 112 97 —

295 518 169 75 394
391 518 120 75 —
439 518 145 75 Un
512 518 169 75 nid
608 518 145 75 en
656 518 217 75 Egypte.

294 590 167 49 395
390 590 119 49 —
437 590 167 49 Les
533 590 286 49 colosses
748 590 143 49 de
795 590 215 49 Memnon.

295 621 170 66 396
392 621 121 66 —
440 621 170 66 Nid
538 621 146 66 de
586 621 243 66 mouëtte.

295 668 170 67 397
392 668 170 67 Les
489 668 365 67 hirondelles
756 668 292 67 (automne).

295 731 153 64 398
383 731 109 64 —
426 731 153 64 Les
514 731 328 64 hirondelles
754 731 306 64 (printemps).

457 822 249 90 JOYBERT
639 822 204 90 (Jean
774 822 181 90 dE),
888 822 204 90 élève
1024 822 136 90 de
1092 822 249 90 Camille
1250 822 204 90 Martin.

517 896 207 77 Nancy,
676 896 112 77 49,
740 896 112 77 rue
804 896 96 77 de
836 896 255 77 l’Hospice

298 994 153 58 399
385 994 109 58 —
429 994 131 58 Le
495 994 218 58 désert
648 994 284 58 (Marine),
844 994 393 58 Villers

284 1034 226 70 400
413 1034 161 70 —
477 1034 194 70 La
574 1034 355 70 falaise
832 1034 226 70 id.
929 1034 161 70 id.

281 1086 256 60 401
428 1086 183 60 —
501 1086 403 60 Rochers
794 1086 256 60 id.
904 1086 183 60 id.

287 1137 215 56 402
410 1137 153 56 —
471 1137 276 56 Ferme
655 1137 399 56 normande,
932 1137 153 56 id.

280 1192 269 73 403
433 1192 192 73 —
510 1192 307 73 Sous
702 1192 346 73 bois,
894 1192 192 73 id.

460 1298 232 90 JULIEN
622 1298 208 90 (Mlle
761 1298 232 90 Anna),
923 1298 208 90 élève
1062 1298 139 90 de
1132 1298 278 90 Chaplin,
1340 1298 162 90 née
1410 1298 69 90 à

490 1369 168 53 Paris.

521 1431 237 71 Neuilly
707 1431 203 71 (Seine),
859 1431 102 71 2,
910 1431 220 71 boulevard
1062 1431 305 71 d’Inhermann

299 1509 151 59 404
386 1509 108 59 —
429 1509 172 59 Sous
537 1509 172 59 bois
644 1509 172 59 dans
752 1509 129 59 la
817 1509 194 59 forêt
946 1509 129 59 de
989 1509 345 59 Fontainebleau.

298 1562 163 69 405
391 1562 116 69 —
437 1562 140 69 La
507 1562 210 69 Seine
647 1562 116 69 à
670 1562 233 69 Valvins.

494 1679 319 74 KAUFFMANN
740 1679 319 74 (Victor),
986 1679 147 74 né
1059 1679 123 74 à
1084 1679 172 74 Metz.

547 1751 208 78 Nancy,
707 1751 112 78 40,
771 1751 112 78 rue
835 1751 96 78 de
867 1751 176 78 Metz

299 1814 166 87 406
394 1814 118 87 —
441 1814 213 87 Buste
560 1814 260 87 d’enfant.

300 1884 165 70 407
394 1884 118 70 —
441 1884 212 70 Buste
582 1884 141 70 de
652 1884 235 70 femme,
793 1884 188 70 étude.

299 1947 154 57 408
387 1947 110 57 —
431 1947 198 57 Buste
563 1947 132 57 de
630 1947 132 57 M.
696 1947 287 57 Thiébaut,
894 1947 463 57 peintre

471 2068 192 61 KIND
591 2068 337 61 (Auguste),
856 2068 216 61 élève
1000 2068 144 61 de
1072 2068 168 61 Ch.
1168 2068 265 61 Thomas,
1361 2068 144 61 né
1409 2068 72 61 à

520 2120 274 85 Spickeren
709 2120 274 85 (Lorraine).

526 2180 169 71 Nancy
653 2180 85 71 et
681 2180 169 71 Paris

300 2258 163 72 409
393 2258 117 72 —
440 2258 233 72 Fleurs
603 2258 140 72 de
650 2258 163 72 Nice.

299 2315 174 69 410
399 2315 124 69 —
424 2315 299 69 Capucines.

301 2357 164 78 411
394 2357 117 78 —
441 2357 117 78 4
488 2357 280 78 Panneaux
675 2357 280 78 décoratifs
