2079 3147
959 413 190 85 —
1035 413 228 85 58
1111 413 114 85 —

674 503 226 80 KNOPFF
833 503 316 80 (Fernand),
1081 503 203 80 élève
1217 503 136 80 de
1284 503 136 80 J.
1352 503 271 80 Lefebvre
1555 503 136 80 et
1601 503 90 80 X.

723 563 260 62 Mellery,
918 563 130 62 né
983 563 108 62 à
1026 563 303 62 Grembergen
1243 563 281 62 (Belgique).

726 621 277 77 Bruxelles,
954 621 98 77 1,
1003 621 114 77 rue
1051 621 326 77 Saint

504 701 175 65 412
604 701 125 65 —
654 701 125 65 A
679 701 251 65 l’ombre.

505 760 164 62 413
598 760 117 62 —
645 760 234 62 Soleil
785 760 281 62 d’automne.

506 808 162 82 414
598 808 115 82 —
644 808 162 82 Une
737 808 162 82 fin
829 808 139 82 de
875 808 162 82 jour.

671 916 332 111 LABARRIÈRE
932 916 285 111 (Emile),
1146 916 213 111 élève
1288 916 142 111 de
1359 916 285 111 Gœpfert,
1572 916 142 111 né
1620 916 71 111 à

690 988 207 62 Nancy.

724 1036 217 95 Nancy,
891 1036 117 95 16,
958 1036 117 95 rue
1025 1036 100 95 de
1075 1036 167 95 l’Abbé
1175 1036 250 95 Grégoire

500 1132 172 67 415
599 1132 123 67 —
648 1132 246 67 Nature
796 1132 197 67 morte.

484 1188 275 70 416
641 1188 196 70 —
680 1188 196 70 id.

667 1306 281 69 LABITTE
872 1306 332 69 (Eugène),
1127 1306 230 69 élève
1280 1306 153 69 de
1357 1306 281 69 Cormon,
1561 1306 153 69 né
1612 1306 77 69 à

721 1368 269 73 Clermont
900 1368 201 73 (Oise).

725 1421 258 88 Concarneau
922 1421 274 88 (Finistère)

496 1508 181 65 417
600 1508 130 65 —
626 1508 207 65 Etude.

498 1570 169 63 418
594 1570 121 63 —
643 1570 145 63 Un
715 1570 193 63 coin
836 1570 145 63 de
884 1570 193 63 ferme.

668 1689 181 86 LAMY
781 1689 203 86 (Mlle
917 1689 248 86 Aline),
1097 1689 203 86 élève
1233 1689 135 86 de
1300 1689 181 86 Krug
1413 1689 135 86 et
1458 1689 226 86 Allongé,

718 1743 147 60 née
802 1743 105 60 à
823 1743 168 60 Paris.

723 1807 220 89 Paris,
893 1807 136 89 136,
977 1807 203 89 faubourg
1113 1807 305 89 Poissonnière

499 1896 153 64 419
587 1896 109 64 —
630 1896 197 64 Forêt
761 1896 131 64 de
827 1896 371 64 Fontainebleau
1133 1896 153 64 (la
1220 1896 197 64 gorge
1351 1896 153 64 aux
1416 1896 197 64 loups).

498 1943 165 65 420
592 1943 118 65 —
639 1943 212 65 Vieux
756 1943 282 65 souvenirs.

495 1995 177 64 421
596 1995 126 64 —
621 1995 404 64 Chrysanthèmes.

665 2094 278 69 LANDELLE
873 2094 325 69 (Charles),
1129 2094 209 69 élève
1268 2094 139 69 de
1337 2094 185 69 Paul
1430 2094 255 69 Delaroche

715 2157 125 63 et
778 2157 146 63 Ary
861 2157 271 63 Scheffer,
1069 2157 125 63 né
1132 2157 104 63 à
1152 2157 167 63 Laval.

719 2219 201 72 Paris,
873 2219 108 72 21,
935 2219 124 72 quai
996 2219 232 72 Voltaire

498 2286 162 84 422
591 2286 116 84 —
637 2286 232 84 Fleurs
799 2286 139 84 de
845 2286 209 84 France.

496 2356 164 77 423
589 2356 117 77 —
636 2356 258 77 Bouquet
824 2356 141 77 de
871 2356 187 77 roses.
