1969 3133
709 421 193 85 —
787 421 232 85 59
864 421 116 85 —

418 508 256 70 LANDRÉ
597 508 230 70 (Mlle
751 508 307 70 Louise),
981 508 230 70 élève
1134 508 153 70 de
1185 508 256 70 Chaplin,

471 571 229 67 Barrias
638 571 125 67 et
679 571 208 67 Foubert.

474 628 223 94 Paris,
645 628 137 94 233,
731 628 205 94 faubourg
868 628 325 94 Saint

253 709 172 81 424
352 709 123 81 —
401 709 222 81 Repos
549 709 148 81 du
598 709 222 81 modèle.

253 771 168 70 425
349 771 120 70 —
373 771 287 70 Soubrette.

420 931 268 54 LARTEAU
614 931 316 54 (Albert),
858 931 219 54 élève
1004 931 146 54 de
1077 931 292 54 Benjamin
1272 931 170 54 Cons-

471 980 196 71 tant,
602 980 131 71 né
668 980 109 71 à
689 980 175 71 Nancy.

477 1038 206 82 Nancy,
635 1038 111 82 13,
699 1038 111 82 rue
762 1038 111 82 des
809 1038 206 82 Glacis

254 1113 153 80 426
342 1113 109 80 —
385 1113 263 80 Portrait
582 1113 131 80 du
648 1113 306 80 lieutenant
867 1113 131 80 C..,

249 1179 201 62 427
364 1179 144 62 —
422 1179 201 62 id.
537 1179 173 62 de
623 1179 173 62 M.
681 1179 173 62 L...

241 1229 194 70 428
352 1229 139 70 —
408 1229 194 70 id.
519 1229 167 70 de
602 1229 222 70 Mlle
713 1229 167 70 R...

253 1273 200 84 429
368 1273 143 84 —
425 1273 200 84 id.
539 1273 172 84 de
625 1273 172 84 M.
682 1273 172 84 T...

422 1421 266 71 LEBLANC
615 1421 290 71 (Henri),
832 1421 145 71 né
905 1421 121 71 à
929 1421 193 71 Nancy.

478 1494 205 84 Nancy,
636 1494 110 84 94,
699 1494 110 84 rue
746 1494 252 84 Stanislas

255 1549 163 92 430
348 1549 116 92 —
394 1549 163 92 Les
487 1549 209 92 bords
627 1549 140 92 de
697 1549 140 92 la
743 1549 186 92 Meuse.

232 1630 327 82 431
419 1630 233 82 —
466 1630 233 82 id.

423 1780 279 71 LEBOURG
600 1780 279 71 (Albert).

479 1845 203 76 Paris,
636 1845 94 76 5,
682 1845 109 76 rue
745 1845 94 76 de
792 1845 94 76 la
823 1845 156 76 Paix

252 1915 178 63 432
353 1915 127 63 —
404 1915 152 63 Le
455 1915 330 63 Bas

253 1962 176 81 433
353 1962 126 81 —
404 1962 201 81 Quai
530 1962 126 81 à
555 1962 201 81 Rouen.

426 2102 242 93 LEBRUN
595 2102 194 93 (Mme
717 2102 267 93 Marie),
911 2102 218 93 élève
1056 2102 145 93 de
1129 2102 242 93 Tanzi,
1299 2102 170 93 née
1371 2102 73 93 à

446 2165 219 68 Toulon.

463 2229 471 76 Saint

258 2316 154 80 434
346 2316 110 80 —
390 2316 110 80 A
434 2316 286 80 Coyviller
632 2316 507 80 (Meurthe

256 2361 165 75 435
351 2361 118 75 —
398 2361 212 75 Etude
539 2361 141 75 de
586 2361 188 75 neige.
