<alto xmlns:xsi="http://www.w3.org/2001/XMLSchema-instance" xmlns="http://www.loc.gov/standards/alto/ns-v2#" xmlns:page="http://schema.primaresearch.org/PAGE/gts/pagecontent/2013-07-15" xsi:schemaLocation="http://www.loc.gov/standards/alto/ns-v2# http://www.loc.gov/standards/alto/alto.xsd">
  <Description>
    <MeasurementUnit>pixel</MeasurementUnit>
    <sourceImageInformation>
         <fileName>67.jpg</fileName>
      </sourceImageInformation>
    <OCRProcessing ID="IdOcr">
      <ocrProcessingStep>
        <processingDateTime>2020-10-31T11:36:13.563+01:00</processingDateTime>
        <processingSoftware>
               <softwareCreator>CONTRIBUTORS</softwareCreator>
               <softwareName>pdfalto</softwareName>
               <softwareVersion>0.1</softwareVersion>
            </processingSoftware>
      </ocrProcessingStep>
    </OCRProcessing>
  </Description>
  <Styles>
   <TextStyle ID="FONT0" FONTFAMILY="unknown" FONTSIZE="unknown" FONTSTYLE=""/>
   <TextStyle ID="FONT1" FONTFAMILY="unknown" FONTSIZE="unknown" FONTSTYLE="bold"/>
   <TextStyle ID="FONT2" FONTFAMILY="unknown" FONTSIZE="unknown" FONTSTYLE="italics"/>
  </Styles>
  <Tags/>
  <Layout>
    <Page ID="Page1" PHYSICAL_IMG_NR="1" HEIGHT="3147" WIDTH="1991">
      <PrintSpace HEIGHT="3070" WIDTH="1913" VPOS="33" HPOS="13">
        <TextBlock ID="r_1_1" HEIGHT="35" WIDTH="129" VPOS="477" HPOS="753">
          <TextLine ID="tl_1" BASELINE="537" HEIGHT="95" WIDTH="147" VPOS="442" HPOS="745">
            <String HEIGHT="95" WIDTH="184" VPOS="442" HPOS="708" CONTENT="—" ID="tl_1_1" STYLEREFS="FONT0"/>
            <SP HEIGHT="95" WIDTH="37" VPOS="442" HPOS="892"/>
            <String HEIGHT="95" WIDTH="147" VPOS="442" HPOS="745" CONTENT="61" ID="tl_1_2" STYLEREFS="FONT0"/>
          </TextLine>
        </TextBlock>
        <TextBlock ID="r_2_1" HEIGHT="103" WIDTH="986" VPOS="557" HPOS="450">
          <TextLine ID="tl_2" BASELINE="614" HEIGHT="66" WIDTH="995" VPOS="548" HPOS="445">
            <String HEIGHT="66" WIDTH="373" VPOS="548" HPOS="420" CONTENT="LESCAFFETTE" ID="tl_2_1" STYLEREFS="FONT0"/>
            <SP HEIGHT="66" WIDTH="25" VPOS="548" HPOS="793"/>
            <String HEIGHT="66" WIDTH="348" VPOS="548" HPOS="719" CONTENT="(Charles)," ID="tl_2_2" STYLEREFS="FONT0"/>
            <SP HEIGHT="66" WIDTH="25" VPOS="548" HPOS="1067"/>
            <String HEIGHT="66" WIDTH="224" VPOS="548" HPOS="992" CONTENT="élève" ID="tl_2_3" STYLEREFS="FONT0"/>
            <SP HEIGHT="66" WIDTH="25" VPOS="548" HPOS="1216"/>
            <String HEIGHT="66" WIDTH="149" VPOS="548" HPOS="1142" CONTENT="de" ID="tl_2_4" STYLEREFS="FONT0"/>
            <SP HEIGHT="66" WIDTH="25" VPOS="548" HPOS="1291"/>
            <String HEIGHT="66" WIDTH="249" VPOS="548" HPOS="1191" CONTENT="Flameng," ID="tl_2_5" STYLEREFS="FONT0"/>
          </TextLine>
          <TextLine ID="tl_3" BASELINE="680" HEIGHT="78" WIDTH="948" VPOS="602" HPOS="493">
            <String HEIGHT="78" WIDTH="247" VPOS="602" HPOS="472" CONTENT="Ferrier," ID="tl_3_1" STYLEREFS="FONT0"/>
            <SP HEIGHT="78" WIDTH="21" VPOS="602" HPOS="720"/>
            <String HEIGHT="78" WIDTH="227" VPOS="602" HPOS="658" CONTENT="Bramtôt" ID="tl_3_2" STYLEREFS="FONT0"/>
            <SP HEIGHT="78" WIDTH="21" VPOS="602" HPOS="885"/>
            <String HEIGHT="78" WIDTH="124" VPOS="602" HPOS="823" CONTENT="et" ID="tl_3_3" STYLEREFS="FONT0"/>
            <SP HEIGHT="78" WIDTH="21" VPOS="602" HPOS="946"/>
            <String HEIGHT="78" WIDTH="124" VPOS="602" HPOS="885" CONTENT="R." ID="tl_3_4" STYLEREFS="FONT0"/>
            <SP HEIGHT="78" WIDTH="21" VPOS="602" HPOS="1008"/>
            <String HEIGHT="78" WIDTH="268" VPOS="602" HPOS="946" CONTENT="Bessière," ID="tl_3_5" STYLEREFS="FONT0"/>
            <SP HEIGHT="78" WIDTH="21" VPOS="602" HPOS="1214"/>
            <String HEIGHT="78" WIDTH="124" VPOS="602" HPOS="1152" CONTENT="né" ID="tl_3_6" STYLEREFS="FONT0"/>
            <SP HEIGHT="78" WIDTH="21" VPOS="602" HPOS="1276"/>
            <String HEIGHT="78" WIDTH="103" VPOS="602" HPOS="1214" CONTENT="à" ID="tl_3_7" STYLEREFS="FONT0"/>
            <SP HEIGHT="78" WIDTH="21" VPOS="602" HPOS="1317"/>
            <String HEIGHT="78" WIDTH="206" VPOS="602" HPOS="1235" CONTENT="Réchésy," ID="tl_3_8" STYLEREFS="FONT0"/>
          </TextLine>
        </TextBlock>
        <TextBlock ID="r_2_2" HEIGHT="52" WIDTH="589" VPOS="670" HPOS="498">
          <TextLine ID="tl_4" BASELINE="729" HEIGHT="76" WIDTH="599" VPOS="653" HPOS="493">
            <String HEIGHT="76" WIDTH="205" VPOS="653" HPOS="477" CONTENT="Paris," ID="tl_4_1" STYLEREFS="FONT2"/>
            <SP HEIGHT="76" WIDTH="16" VPOS="653" HPOS="682"/>
            <String HEIGHT="76" WIDTH="126" VPOS="653" HPOS="635" CONTENT="112," ID="tl_4_2" STYLEREFS="FONT2"/>
            <SP HEIGHT="76" WIDTH="16" VPOS="653" HPOS="761"/>
            <String HEIGHT="76" WIDTH="110" VPOS="653" HPOS="714" CONTENT="rue" ID="tl_4_3" STYLEREFS="FONT2"/>
            <SP HEIGHT="76" WIDTH="16" VPOS="653" HPOS="824"/>
            <String HEIGHT="76" WIDTH="95" VPOS="653" HPOS="777" CONTENT="de" ID="tl_4_4" STYLEREFS="FONT2"/>
            <SP HEIGHT="76" WIDTH="16" VPOS="653" HPOS="871"/>
            <String HEIGHT="76" WIDTH="95" VPOS="653" HPOS="824" CONTENT="la" ID="tl_4_5" STYLEREFS="FONT2"/>
            <SP HEIGHT="76" WIDTH="16" VPOS="653" HPOS="919"/>
            <String HEIGHT="76" WIDTH="236" VPOS="653" HPOS="856" CONTENT="Chapelle" ID="tl_4_6" STYLEREFS="FONT2"/>
          </TextLine>
        </TextBlock>
        <TextBlock ID="r_2_3" HEIGHT="50" WIDTH="453" VPOS="756" HPOS="283">
          <TextLine ID="tl_5" BASELINE="813" HEIGHT="82" WIDTH="465" VPOS="731" HPOS="277">
            <String HEIGHT="82" WIDTH="171" VPOS="731" HPOS="253" CONTENT="447" ID="tl_5_1" STYLEREFS="FONT0"/>
            <SP HEIGHT="82" WIDTH="24" VPOS="731" HPOS="424"/>
            <String HEIGHT="82" WIDTH="122" VPOS="731" HPOS="350" CONTENT="—" ID="tl_5_2" STYLEREFS="FONT0"/>
            <SP HEIGHT="82" WIDTH="24" VPOS="731" HPOS="473"/>
            <String HEIGHT="82" WIDTH="245" VPOS="731" HPOS="399" CONTENT="Nature" ID="tl_5_3" STYLEREFS="FONT0"/>
            <SP HEIGHT="82" WIDTH="24" VPOS="731" HPOS="644"/>
            <String HEIGHT="82" WIDTH="196" VPOS="731" HPOS="546" CONTENT="morte." ID="tl_5_4" STYLEREFS="FONT0"/>
          </TextLine>
        </TextBlock>
        <TextBlock ID="r_2_4" HEIGHT="100" WIDTH="986" VPOS="874" HPOS="450">
          <TextLine ID="tl_6" BASELINE="935" HEIGHT="88" WIDTH="997" VPOS="847" HPOS="445">
            <String HEIGHT="88" WIDTH="227" VPOS="847" HPOS="422" CONTENT="LETSCH" ID="tl_6_1" STYLEREFS="FONT0"/>
            <SP HEIGHT="88" WIDTH="23" VPOS="847" HPOS="649"/>
            <String HEIGHT="88" WIDTH="272" VPOS="847" HPOS="581" CONTENT="(Louis)," ID="tl_6_2" STYLEREFS="FONT0"/>
            <SP HEIGHT="88" WIDTH="23" VPOS="847" HPOS="853"/>
            <String HEIGHT="88" WIDTH="204" VPOS="847" HPOS="785" CONTENT="élève" ID="tl_6_3" STYLEREFS="FONT0"/>
            <SP HEIGHT="88" WIDTH="23" VPOS="847" HPOS="989"/>
            <String HEIGHT="88" WIDTH="136" VPOS="847" HPOS="921" CONTENT="de" ID="tl_6_4" STYLEREFS="FONT0"/>
            <SP HEIGHT="88" WIDTH="23" VPOS="847" HPOS="1057"/>
            <String HEIGHT="88" WIDTH="227" VPOS="847" HPOS="989" CONTENT="Pierre" ID="tl_6_5" STYLEREFS="FONT0"/>
            <SP HEIGHT="88" WIDTH="23" VPOS="847" HPOS="1215"/>
            <String HEIGHT="88" WIDTH="249" VPOS="847" HPOS="1147" CONTENT="Dupuis," ID="tl_6_6" STYLEREFS="FONT0"/>
            <SP HEIGHT="88" WIDTH="23" VPOS="847" HPOS="1397"/>
            <String HEIGHT="88" WIDTH="136" VPOS="847" HPOS="1329" CONTENT="né" ID="tl_6_7" STYLEREFS="FONT0"/>
            <SP HEIGHT="88" WIDTH="23" VPOS="847" HPOS="1465"/>
            <String HEIGHT="88" WIDTH="68" VPOS="847" HPOS="1374" CONTENT="à" ID="tl_6_8" STYLEREFS="FONT0"/>
          </TextLine>
          <TextLine ID="tl_7" BASELINE="981" HEIGHT="66" WIDTH="404" VPOS="915" HPOS="494">
            <String HEIGHT="66" WIDTH="234" VPOS="915" HPOS="473" CONTENT="Bregenz" ID="tl_7_1" STYLEREFS="FONT0"/>
            <SP HEIGHT="66" WIDTH="21" VPOS="915" HPOS="707"/>
            <String HEIGHT="66" WIDTH="276" VPOS="915" HPOS="622" CONTENT="(Autriche)." ID="tl_7_2" STYLEREFS="FONT0"/>
          </TextLine>
        </TextBlock>
        <TextBlock ID="r_2_5" HEIGHT="52" WIDTH="645" VPOS="988" HPOS="502">
          <TextLine ID="tl_8" BASELINE="1051" HEIGHT="83" WIDTH="656" VPOS="968" HPOS="496">
            <String HEIGHT="83" WIDTH="262" VPOS="968" HPOS="480" CONTENT="Mulbouse," ID="tl_8_1" STYLEREFS="FONT2"/>
            <SP HEIGHT="83" WIDTH="16" VPOS="968" HPOS="742"/>
            <String HEIGHT="83" WIDTH="213" VPOS="968" HPOS="693" CONTENT="Kamispfad" ID="tl_8_2" STYLEREFS="FONT2"/>
            <SP HEIGHT="83" WIDTH="16" VPOS="968" HPOS="906"/>
            <String HEIGHT="83" WIDTH="164" VPOS="968" HPOS="857" CONTENT="(villa" ID="tl_8_3" STYLEREFS="FONT2"/>
            <SP HEIGHT="83" WIDTH="16" VPOS="968" HPOS="1021"/>
            <String HEIGHT="83" WIDTH="197" VPOS="968" HPOS="955" CONTENT="rose)" ID="tl_8_4" STYLEREFS="FONT2"/>
          </TextLine>
        </TextBlock>
        <TextBlock ID="r_2_6" HEIGHT="46" WIDTH="297" VPOS="1073" HPOS="286">
          <TextLine ID="tl_9" BASELINE="1122" HEIGHT="70" WIDTH="309" VPOS="1052" HPOS="279">
            <String HEIGHT="70" WIDTH="180" VPOS="1052" HPOS="253" CONTENT="448" ID="tl_9_1" STYLEREFS="FONT0"/>
            <SP HEIGHT="70" WIDTH="26" VPOS="1052" HPOS="434"/>
            <String HEIGHT="70" WIDTH="129" VPOS="1052" HPOS="356" CONTENT="—" ID="tl_9_2" STYLEREFS="FONT0"/>
            <SP HEIGHT="70" WIDTH="26" VPOS="1052" HPOS="485"/>
            <String HEIGHT="70" WIDTH="206" VPOS="1052" HPOS="382" CONTENT="Roses." ID="tl_9_3" STYLEREFS="FONT0"/>
          </TextLine>
        </TextBlock>
        <TextBlock ID="r_2_7" HEIGHT="51" WIDTH="662" VPOS="1120" HPOS="284">
          <TextLine ID="tl_10" BASELINE="1186" HEIGHT="68" WIDTH="672" VPOS="1118" HPOS="278">
            <String HEIGHT="68" WIDTH="152" VPOS="1118" HPOS="256" CONTENT="449" ID="tl_10_1" STYLEREFS="FONT0"/>
            <SP HEIGHT="68" WIDTH="22" VPOS="1118" HPOS="408"/>
            <String HEIGHT="68" WIDTH="108" VPOS="1118" HPOS="343" CONTENT="—" ID="tl_10_2" STYLEREFS="FONT0"/>
            <SP HEIGHT="68" WIDTH="22" VPOS="1118" HPOS="451"/>
            <String HEIGHT="68" WIDTH="195" VPOS="1118" HPOS="386" CONTENT="Lilas" ID="tl_10_3" STYLEREFS="FONT0"/>
            <SP HEIGHT="68" WIDTH="22" VPOS="1118" HPOS="581"/>
            <String HEIGHT="68" WIDTH="130" VPOS="1118" HPOS="516" CONTENT="et" ID="tl_10_4" STYLEREFS="FONT0"/>
            <SP HEIGHT="68" WIDTH="22" VPOS="1118" HPOS="647"/>
            <String HEIGHT="68" WIDTH="217" VPOS="1118" HPOS="581" CONTENT="boules" ID="tl_10_5" STYLEREFS="FONT0"/>
            <SP HEIGHT="68" WIDTH="22" VPOS="1118" HPOS="798"/>
            <String HEIGHT="68" WIDTH="130" VPOS="1118" HPOS="733" CONTENT="de" ID="tl_10_6" STYLEREFS="FONT0"/>
            <SP HEIGHT="68" WIDTH="22" VPOS="1118" HPOS="863"/>
            <String HEIGHT="68" WIDTH="173" VPOS="1118" HPOS="777" CONTENT="neige." ID="tl_10_7" STYLEREFS="FONT0"/>
          </TextLine>
        </TextBlock>
        <TextBlock ID="r_2_8" HEIGHT="100" WIDTH="980" VPOS="1257" HPOS="453">
          <TextLine ID="tl_11" BASELINE="1322" HEIGHT="68" WIDTH="992" VPOS="1254" HPOS="447">
            <String HEIGHT="68" WIDTH="254" VPOS="1254" HPOS="424" CONTENT="LICOURT" ID="tl_11_1" STYLEREFS="FONT0"/>
            <SP HEIGHT="68" WIDTH="23" VPOS="1254" HPOS="678"/>
            <String HEIGHT="68" WIDTH="254" VPOS="1254" HPOS="608" CONTENT="(Paul)," ID="tl_11_2" STYLEREFS="FONT0"/>
            <SP HEIGHT="68" WIDTH="23" VPOS="1254" HPOS="862"/>
            <String HEIGHT="68" WIDTH="208" VPOS="1254" HPOS="793" CONTENT="élève" ID="tl_11_3" STYLEREFS="FONT0"/>
            <SP HEIGHT="68" WIDTH="23" VPOS="1254" HPOS="1001"/>
            <String HEIGHT="68" WIDTH="138" VPOS="1254" HPOS="931" CONTENT="de" ID="tl_11_4" STYLEREFS="FONT0"/>
            <SP HEIGHT="68" WIDTH="23" VPOS="1254" HPOS="1070"/>
            <String HEIGHT="68" WIDTH="323" VPOS="1254" HPOS="1001" CONTENT="Harpignies" ID="tl_11_5" STYLEREFS="FONT0"/>
            <SP HEIGHT="68" WIDTH="23" VPOS="1254" HPOS="1324"/>
            <String HEIGHT="68" WIDTH="138" VPOS="1254" HPOS="1254" CONTENT="et" ID="tl_11_6" STYLEREFS="FONT0"/>
            <SP HEIGHT="68" WIDTH="23" VPOS="1254" HPOS="1393"/>
            <String HEIGHT="68" WIDTH="138" VPOS="1254" HPOS="1301" CONTENT="Yon," ID="tl_11_7" STYLEREFS="FONT0"/>
          </TextLine>
          <TextLine ID="tl_12" BASELINE="1352" HEIGHT="52" WIDTH="643" VPOS="1300" HPOS="493">
            <String HEIGHT="52" WIDTH="133" VPOS="1300" HPOS="471" CONTENT="né" ID="tl_12_1" STYLEREFS="FONT0"/>
            <SP HEIGHT="52" WIDTH="22" VPOS="1300" HPOS="604"/>
            <String HEIGHT="52" WIDTH="111" VPOS="1300" HPOS="537" CONTENT="à" ID="tl_12_2" STYLEREFS="FONT0"/>
            <SP HEIGHT="52" WIDTH="22" VPOS="1300" HPOS="648"/>
            <String HEIGHT="52" WIDTH="421" VPOS="1300" HPOS="582" CONTENT="Sivry-sur-Meuse" ID="tl_12_3" STYLEREFS="FONT0"/>
            <SP HEIGHT="52" WIDTH="22" VPOS="1300" HPOS="1003"/>
            <String HEIGHT="52" WIDTH="222" VPOS="1300" HPOS="914" CONTENT="(Meuse)." ID="tl_12_4" STYLEREFS="FONT0"/>
          </TextLine>
        </TextBlock>
        <TextBlock ID="r_2_9" HEIGHT="51" WIDTH="483" VPOS="1369" HPOS="500">
          <TextLine ID="tl_13" BASELINE="1426" HEIGHT="77" WIDTH="495" VPOS="1349" HPOS="494">
            <String HEIGHT="77" WIDTH="208" VPOS="1349" HPOS="478" CONTENT="Nancy," ID="tl_13_1" STYLEREFS="FONT2"/>
            <SP HEIGHT="77" WIDTH="16" VPOS="1349" HPOS="686"/>
            <String HEIGHT="77" WIDTH="112" VPOS="1349" HPOS="638" CONTENT="14," ID="tl_13_2" STYLEREFS="FONT2"/>
            <SP HEIGHT="77" WIDTH="16" VPOS="1349" HPOS="749"/>
            <String HEIGHT="77" WIDTH="112" VPOS="1349" HPOS="702" CONTENT="rue" ID="tl_13_3" STYLEREFS="FONT2"/>
            <SP HEIGHT="77" WIDTH="16" VPOS="1349" HPOS="813"/>
            <String HEIGHT="77" WIDTH="96" VPOS="1349" HPOS="765" CONTENT="de" ID="tl_13_4" STYLEREFS="FONT2"/>
            <SP HEIGHT="77" WIDTH="16" VPOS="1349" HPOS="861"/>
            <String HEIGHT="77" WIDTH="192" VPOS="1349" HPOS="797" CONTENT="Guise" ID="tl_13_5" STYLEREFS="FONT2"/>
          </TextLine>
        </TextBlock>
        <TextBlock ID="r_2_10" HEIGHT="53" WIDTH="965" VPOS="1454" HPOS="288">
          <TextLine ID="tl_14" BASELINE="1526" HEIGHT="105" WIDTH="976" VPOS="1421" HPOS="283">
            <String HEIGHT="105" WIDTH="155" VPOS="1421" HPOS="261" CONTENT="450" ID="tl_14_1" STYLEREFS="FONT0"/>
            <SP HEIGHT="105" WIDTH="22" VPOS="1421" HPOS="416"/>
            <String HEIGHT="105" WIDTH="111" VPOS="1421" HPOS="350" CONTENT="—" ID="tl_14_2" STYLEREFS="FONT0"/>
            <SP HEIGHT="105" WIDTH="22" VPOS="1421" HPOS="460"/>
            <String HEIGHT="105" WIDTH="133" VPOS="1421" HPOS="394" CONTENT="Le" ID="tl_14_3" STYLEREFS="FONT0"/>
            <SP HEIGHT="105" WIDTH="22" VPOS="1421" HPOS="527"/>
            <String HEIGHT="105" WIDTH="244" VPOS="1421" HPOS="460" CONTENT="village" ID="tl_14_4" STYLEREFS="FONT0"/>
            <SP HEIGHT="105" WIDTH="22" VPOS="1421" HPOS="704"/>
            <String HEIGHT="105" WIDTH="133" VPOS="1421" HPOS="638" CONTENT="de" ID="tl_14_5" STYLEREFS="FONT0"/>
            <SP HEIGHT="105" WIDTH="22" VPOS="1421" HPOS="771"/>
            <String HEIGHT="105" WIDTH="244" VPOS="1421" HPOS="704" CONTENT="Lamath," ID="tl_14_6" STYLEREFS="FONT0"/>
            <SP HEIGHT="105" WIDTH="22" VPOS="1421" HPOS="948"/>
            <String HEIGHT="105" WIDTH="155" VPOS="1421" HPOS="882" CONTENT="sur" ID="tl_14_7" STYLEREFS="FONT0"/>
            <SP HEIGHT="105" WIDTH="22" VPOS="1421" HPOS="1037"/>
            <String HEIGHT="105" WIDTH="133" VPOS="1421" HPOS="971" CONTENT="la" ID="tl_14_8" STYLEREFS="FONT0"/>
            <SP HEIGHT="105" WIDTH="22" VPOS="1421" HPOS="1104"/>
            <String HEIGHT="105" WIDTH="244" VPOS="1421" HPOS="1015" CONTENT="Mortagne." ID="tl_14_9" STYLEREFS="FONT0"/>
          </TextLine>
        </TextBlock>
        <TextBlock ID="r_2_11" HEIGHT="50" WIDTH="643" VPOS="1501" HPOS="288">
          <TextLine ID="tl_15" BASELINE="1562" HEIGHT="69" WIDTH="654" VPOS="1493" HPOS="283">
            <String HEIGHT="69" WIDTH="158" VPOS="1493" HPOS="260" CONTENT="451" ID="tl_15_1" STYLEREFS="FONT0"/>
            <SP HEIGHT="69" WIDTH="23" VPOS="1493" HPOS="418"/>
            <String HEIGHT="69" WIDTH="113" VPOS="1493" HPOS="351" CONTENT="—" ID="tl_15_2" STYLEREFS="FONT0"/>
            <SP HEIGHT="69" WIDTH="23" VPOS="1493" HPOS="463"/>
            <String HEIGHT="69" WIDTH="135" VPOS="1493" HPOS="396" CONTENT="La" ID="tl_15_3" STYLEREFS="FONT0"/>
            <SP HEIGHT="69" WIDTH="23" VPOS="1493" HPOS="531"/>
            <String HEIGHT="69" WIDTH="248" VPOS="1493" HPOS="463" CONTENT="rivière" ID="tl_15_4" STYLEREFS="FONT0"/>
            <SP HEIGHT="69" WIDTH="23" VPOS="1493" HPOS="711"/>
            <String HEIGHT="69" WIDTH="135" VPOS="1493" HPOS="644" CONTENT="de" ID="tl_15_5" STYLEREFS="FONT0"/>
            <SP HEIGHT="69" WIDTH="23" VPOS="1493" HPOS="779"/>
            <String HEIGHT="69" WIDTH="248" VPOS="1493" HPOS="689" CONTENT="Mortagne." ID="tl_15_6" STYLEREFS="FONT0"/>
          </TextLine>
        </TextBlock>
        <TextBlock ID="r_2_12" HEIGHT="50" WIDTH="514" VPOS="1549" HPOS="287">
          <TextLine ID="tl_16" BASELINE="1605" HEIGHT="61" WIDTH="523" VPOS="1544" HPOS="282">
            <String HEIGHT="61" WIDTH="166" VPOS="1544" HPOS="258" CONTENT="452" ID="tl_16_1" STYLEREFS="FONT0"/>
            <SP HEIGHT="61" WIDTH="24" VPOS="1544" HPOS="425"/>
            <String HEIGHT="61" WIDTH="119" VPOS="1544" HPOS="353" CONTENT="—" ID="tl_16_2" STYLEREFS="FONT0"/>
            <SP HEIGHT="61" WIDTH="24" VPOS="1544" HPOS="472"/>
            <String HEIGHT="61" WIDTH="428" VPOS="1544" HPOS="377" CONTENT="Sorcy" ID="tl_16_3" STYLEREFS="FONT0"/>
          </TextLine>
        </TextBlock>
        <TextBlock ID="r_2_13" HEIGHT="51" WIDTH="809" VPOS="1596" HPOS="286">
          <TextLine ID="tl_17" BASELINE="1651" HEIGHT="64" WIDTH="819" VPOS="1587" HPOS="281">
            <String HEIGHT="64" WIDTH="151" VPOS="1587" HPOS="259" CONTENT="453" ID="tl_17_1" STYLEREFS="FONT0"/>
            <SP HEIGHT="64" WIDTH="22" VPOS="1587" HPOS="410"/>
            <String HEIGHT="64" WIDTH="108" VPOS="1587" HPOS="346" CONTENT="—" ID="tl_17_2" STYLEREFS="FONT0"/>
            <SP HEIGHT="64" WIDTH="22" VPOS="1587" HPOS="453"/>
            <String HEIGHT="64" WIDTH="129" VPOS="1587" HPOS="389" CONTENT="La" ID="tl_17_3" STYLEREFS="FONT0"/>
            <SP HEIGHT="64" WIDTH="22" VPOS="1587" HPOS="518"/>
            <String HEIGHT="64" WIDTH="237" VPOS="1587" HPOS="453" CONTENT="Scierie" ID="tl_17_4" STYLEREFS="FONT0"/>
            <SP HEIGHT="64" WIDTH="22" VPOS="1587" HPOS="691"/>
            <String HEIGHT="64" WIDTH="129" VPOS="1587" HPOS="626" CONTENT="de" ID="tl_17_5" STYLEREFS="FONT0"/>
            <SP HEIGHT="64" WIDTH="22" VPOS="1587" HPOS="755"/>
            <String HEIGHT="64" WIDTH="431" VPOS="1587" HPOS="669" CONTENT="Pierre" ID="tl_17_6" STYLEREFS="FONT0"/>
          </TextLine>
        </TextBlock>
        <TextBlock ID="r_2_14" HEIGHT="48" WIDTH="518" VPOS="1645" HPOS="285">
          <TextLine ID="tl_18" BASELINE="1700" HEIGHT="62" WIDTH="529" VPOS="1638" HPOS="280">
            <String HEIGHT="62" WIDTH="154" VPOS="1638" HPOS="258" CONTENT="454" ID="tl_18_1" STYLEREFS="FONT0"/>
            <SP HEIGHT="62" WIDTH="22" VPOS="1638" HPOS="412"/>
            <String HEIGHT="62" WIDTH="110" VPOS="1638" HPOS="346" CONTENT="—" ID="tl_18_2" STYLEREFS="FONT0"/>
            <SP HEIGHT="62" WIDTH="22" VPOS="1638" HPOS="456"/>
            <String HEIGHT="62" WIDTH="198" VPOS="1638" HPOS="390" CONTENT="Avril" ID="tl_18_3" STYLEREFS="FONT0"/>
            <SP HEIGHT="62" WIDTH="22" VPOS="1638" HPOS="589"/>
            <String HEIGHT="62" WIDTH="198" VPOS="1638" HPOS="522" CONTENT="(sous" ID="tl_18_4" STYLEREFS="FONT0"/>
            <SP HEIGHT="62" WIDTH="22" VPOS="1638" HPOS="721"/>
            <String HEIGHT="62" WIDTH="176" VPOS="1638" HPOS="633" CONTENT="bois)." ID="tl_18_5" STYLEREFS="FONT0"/>
          </TextLine>
        </TextBlock>
        <TextBlock ID="r_2_15" HEIGHT="52" WIDTH="817" VPOS="1692" HPOS="286">
          <TextLine ID="tl_19" BASELINE="1741" HEIGHT="65" WIDTH="828" VPOS="1676" HPOS="280">
            <String HEIGHT="65" WIDTH="161" VPOS="1676" HPOS="257" CONTENT="455" ID="tl_19_1" STYLEREFS="FONT0"/>
            <SP HEIGHT="65" WIDTH="23" VPOS="1676" HPOS="418"/>
            <String HEIGHT="65" WIDTH="115" VPOS="1676" HPOS="349" CONTENT="—" ID="tl_19_2" STYLEREFS="FONT0"/>
            <SP HEIGHT="65" WIDTH="23" VPOS="1676" HPOS="464"/>
            <String HEIGHT="65" WIDTH="138" VPOS="1676" HPOS="395" CONTENT="Le" ID="tl_19_3" STYLEREFS="FONT0"/>
            <SP HEIGHT="65" WIDTH="23" VPOS="1676" HPOS="533"/>
            <String HEIGHT="65" WIDTH="230" VPOS="1676" HPOS="464" CONTENT="paquis" ID="tl_19_4" STYLEREFS="FONT0"/>
            <SP HEIGHT="65" WIDTH="23" VPOS="1676" HPOS="694"/>
            <String HEIGHT="65" WIDTH="138" VPOS="1676" HPOS="625" CONTENT="de" ID="tl_19_5" STYLEREFS="FONT0"/>
            <SP HEIGHT="65" WIDTH="23" VPOS="1676" HPOS="763"/>
            <String HEIGHT="65" WIDTH="437" VPOS="1676" HPOS="671" CONTENT="Mont" ID="tl_19_6" STYLEREFS="FONT0"/>
          </TextLine>
        </TextBlock>
        <TextBlock ID="r_2_16" HEIGHT="48" WIDTH="671" VPOS="1739" HPOS="285">
          <TextLine ID="tl_20" BASELINE="1800" HEIGHT="63" WIDTH="681" VPOS="1737" HPOS="280">
            <String HEIGHT="63" WIDTH="159" VPOS="1737" HPOS="257" CONTENT="456" ID="tl_20_1" STYLEREFS="FONT0"/>
            <SP HEIGHT="63" WIDTH="23" VPOS="1737" HPOS="416"/>
            <String HEIGHT="63" WIDTH="114" VPOS="1737" HPOS="348" CONTENT="—" ID="tl_20_2" STYLEREFS="FONT0"/>
            <SP HEIGHT="63" WIDTH="23" VPOS="1737" HPOS="462"/>
            <String HEIGHT="63" WIDTH="136" VPOS="1737" HPOS="394" CONTENT="La" ID="tl_20_3" STYLEREFS="FONT0"/>
            <SP HEIGHT="63" WIDTH="23" VPOS="1737" HPOS="530"/>
            <String HEIGHT="63" WIDTH="159" VPOS="1737" HPOS="462" CONTENT="rue" ID="tl_20_4" STYLEREFS="FONT0"/>
            <SP HEIGHT="63" WIDTH="23" VPOS="1737" HPOS="621"/>
            <String HEIGHT="63" WIDTH="295" VPOS="1737" HPOS="552" CONTENT="Pierrerue" ID="tl_20_5" STYLEREFS="FONT0"/>
            <SP HEIGHT="63" WIDTH="23" VPOS="1737" HPOS="848"/>
            <String HEIGHT="63" WIDTH="114" VPOS="1737" HPOS="779" CONTENT="à" ID="tl_20_6" STYLEREFS="FONT0"/>
            <SP HEIGHT="63" WIDTH="23" VPOS="1737" HPOS="893"/>
            <String HEIGHT="63" WIDTH="159" VPOS="1737" HPOS="802" CONTENT="Void." ID="tl_20_7" STYLEREFS="FONT0"/>
          </TextLine>
        </TextBlock>
        <TextBlock ID="r_2_17" HEIGHT="50" WIDTH="692" VPOS="1787" HPOS="286">
          <TextLine ID="tl_21" BASELINE="1842" HEIGHT="60" WIDTH="703" VPOS="1782" HPOS="280">
            <String HEIGHT="60" WIDTH="164" VPOS="1782" HPOS="257" CONTENT="457" ID="tl_21_1" STYLEREFS="FONT0"/>
            <SP HEIGHT="60" WIDTH="23" VPOS="1782" HPOS="421"/>
            <String HEIGHT="60" WIDTH="117" VPOS="1782" HPOS="350" CONTENT="—" ID="tl_21_2" STYLEREFS="FONT0"/>
            <SP HEIGHT="60" WIDTH="23" VPOS="1782" HPOS="467"/>
            <String HEIGHT="60" WIDTH="141" VPOS="1782" HPOS="397" CONTENT="Un" ID="tl_21_3" STYLEREFS="FONT0"/>
            <SP HEIGHT="60" WIDTH="23" VPOS="1782" HPOS="538"/>
            <String HEIGHT="60" WIDTH="211" VPOS="1782" HPOS="467" CONTENT="matin" ID="tl_21_4" STYLEREFS="FONT0"/>
            <SP HEIGHT="60" WIDTH="23" VPOS="1782" HPOS="678"/>
            <String HEIGHT="60" WIDTH="164" VPOS="1782" HPOS="608" CONTENT="sur" ID="tl_21_5" STYLEREFS="FONT0"/>
            <SP HEIGHT="60" WIDTH="23" VPOS="1782" HPOS="772"/>
            <String HEIGHT="60" WIDTH="141" VPOS="1782" HPOS="702" CONTENT="la" ID="tl_21_6" STYLEREFS="FONT0"/>
            <SP HEIGHT="60" WIDTH="23" VPOS="1782" HPOS="842"/>
            <String HEIGHT="60" WIDTH="234" VPOS="1782" HPOS="749" CONTENT="Meurthe." ID="tl_21_7" STYLEREFS="FONT0"/>
          </TextLine>
        </TextBlock>
        <TextBlock ID="r_2_18" HEIGHT="47" WIDTH="521" VPOS="1835" HPOS="287">
          <TextLine ID="tl_22" BASELINE="1887" HEIGHT="59" WIDTH="532" VPOS="1828" HPOS="281">
            <String HEIGHT="59" WIDTH="169" VPOS="1828" HPOS="257" CONTENT="458" ID="tl_22_1" STYLEREFS="FONT0"/>
            <SP HEIGHT="59" WIDTH="24" VPOS="1828" HPOS="426"/>
            <String HEIGHT="59" WIDTH="121" VPOS="1828" HPOS="354" CONTENT="—" ID="tl_22_2" STYLEREFS="FONT0"/>
            <SP HEIGHT="59" WIDTH="24" VPOS="1828" HPOS="474"/>
            <String HEIGHT="59" WIDTH="145" VPOS="1828" HPOS="402" CONTENT="Un" ID="tl_22_3" STYLEREFS="FONT0"/>
            <SP HEIGHT="59" WIDTH="24" VPOS="1828" HPOS="547"/>
            <String HEIGHT="59" WIDTH="193" VPOS="1828" HPOS="474" CONTENT="coin" ID="tl_22_4" STYLEREFS="FONT0"/>
            <SP HEIGHT="59" WIDTH="24" VPOS="1828" HPOS="668"/>
            <String HEIGHT="59" WIDTH="145" VPOS="1828" HPOS="595" CONTENT="de" ID="tl_22_5" STYLEREFS="FONT0"/>
            <SP HEIGHT="59" WIDTH="24" VPOS="1828" HPOS="740"/>
            <String HEIGHT="59" WIDTH="169" VPOS="1828" HPOS="644" CONTENT="Void." ID="tl_22_6" STYLEREFS="FONT0"/>
          </TextLine>
        </TextBlock>
        <TextBlock ID="r_2_19" HEIGHT="53" WIDTH="832" VPOS="1882" HPOS="286">
          <TextLine ID="tl_23" BASELINE="1957" HEIGHT="75" WIDTH="842" VPOS="1882" HPOS="281">
            <String HEIGHT="75" WIDTH="151" VPOS="1882" HPOS="259" CONTENT="459" ID="tl_23_1" STYLEREFS="FONT0"/>
            <SP HEIGHT="75" WIDTH="22" VPOS="1882" HPOS="411"/>
            <String HEIGHT="75" WIDTH="108" VPOS="1882" HPOS="346" CONTENT="—" ID="tl_23_2" STYLEREFS="FONT0"/>
            <SP HEIGHT="75" WIDTH="22" VPOS="1882" HPOS="454"/>
            <String HEIGHT="75" WIDTH="130" VPOS="1882" HPOS="389" CONTENT="La" ID="tl_23_3" STYLEREFS="FONT0"/>
            <SP HEIGHT="75" WIDTH="22" VPOS="1882" HPOS="518"/>
            <String HEIGHT="75" WIDTH="216" VPOS="1882" HPOS="454" CONTENT="vallée" ID="tl_23_4" STYLEREFS="FONT0"/>
            <SP HEIGHT="75" WIDTH="22" VPOS="1882" HPOS="670"/>
            <String HEIGHT="75" WIDTH="130" VPOS="1882" HPOS="605" CONTENT="de" ID="tl_23_5" STYLEREFS="FONT0"/>
            <SP HEIGHT="75" WIDTH="22" VPOS="1882" HPOS="734"/>
            <String HEIGHT="75" WIDTH="130" VPOS="1882" HPOS="670" CONTENT="la" ID="tl_23_6" STYLEREFS="FONT0"/>
            <SP HEIGHT="75" WIDTH="22" VPOS="1882" HPOS="799"/>
            <String HEIGHT="75" WIDTH="259" VPOS="1882" HPOS="734" CONTENT="Moselle," ID="tl_23_7" STYLEREFS="FONT0"/>
            <SP HEIGHT="75" WIDTH="22" VPOS="1882" HPOS="993"/>
            <String HEIGHT="75" WIDTH="108" VPOS="1882" HPOS="929" CONTENT="à" ID="tl_23_8" STYLEREFS="FONT0"/>
            <SP HEIGHT="75" WIDTH="22" VPOS="1882" HPOS="1037"/>
            <String HEIGHT="75" WIDTH="173" VPOS="1882" HPOS="950" CONTENT="Sexey." ID="tl_23_9" STYLEREFS="FONT0"/>
          </TextLine>
        </TextBlock>
        <TextBlock ID="r_2_20" HEIGHT="99" WIDTH="984" VPOS="2014" HPOS="453">
          <TextLine ID="tl_24" BASELINE="2073" HEIGHT="69" WIDTH="996" VPOS="2004" HPOS="447">
            <String HEIGHT="69" WIDTH="274" VPOS="2004" HPOS="422" CONTENT="LOMBARD" ID="tl_24_1" STYLEREFS="FONT0"/>
            <SP HEIGHT="69" WIDTH="25" VPOS="2004" HPOS="696"/>
            <String HEIGHT="69" WIDTH="324" VPOS="2004" HPOS="621" CONTENT="(Edmond)," ID="tl_24_2" STYLEREFS="FONT0"/>
            <SP HEIGHT="69" WIDTH="25" VPOS="2004" HPOS="945"/>
            <String HEIGHT="69" WIDTH="224" VPOS="2004" HPOS="870" CONTENT="élève" ID="tl_24_3" STYLEREFS="FONT0"/>
            <SP HEIGHT="69" WIDTH="25" VPOS="2004" HPOS="1094"/>
            <String HEIGHT="69" WIDTH="149" VPOS="2004" HPOS="1020" CONTENT="de" ID="tl_24_4" STYLEREFS="FONT0"/>
            <SP HEIGHT="69" WIDTH="25" VPOS="2004" HPOS="1169"/>
            <String HEIGHT="69" WIDTH="299" VPOS="2004" HPOS="1094" CONTENT="Devilly," ID="tl_24_5" STYLEREFS="FONT0"/>
            <SP HEIGHT="69" WIDTH="25" VPOS="2004" HPOS="1393"/>
            <String HEIGHT="69" WIDTH="149" VPOS="2004" HPOS="1319" CONTENT="né" ID="tl_24_6" STYLEREFS="FONT0"/>
            <SP HEIGHT="69" WIDTH="25" VPOS="2004" HPOS="1468"/>
            <String HEIGHT="69" WIDTH="75" VPOS="2004" HPOS="1368" CONTENT="à" ID="tl_24_7" STYLEREFS="FONT0"/>
          </TextLine>
          <TextLine ID="tl_25" BASELINE="2109" HEIGHT="62" WIDTH="606" VPOS="2047" HPOS="496">
            <String HEIGHT="62" WIDTH="216" VPOS="2047" HPOS="474" CONTENT="Norroy" ID="tl_25_1" STYLEREFS="FONT0"/>
            <SP HEIGHT="62" WIDTH="22" VPOS="2047" HPOS="691"/>
            <String HEIGHT="62" WIDTH="498" VPOS="2047" HPOS="604" CONTENT="(Meurthe" ID="tl_25_2" STYLEREFS="FONT0"/>
          </TextLine>
        </TextBlock>
        <TextBlock ID="r_2_21" HEIGHT="50" WIDTH="522" VPOS="2126" HPOS="503">
          <TextLine ID="tl_26" BASELINE="2191" HEIGHT="74" WIDTH="534" VPOS="2117" HPOS="497">
            <String HEIGHT="74" WIDTH="210" VPOS="2117" HPOS="481" CONTENT="Nancy," ID="tl_26_1" STYLEREFS="FONT2"/>
            <SP HEIGHT="74" WIDTH="16" VPOS="2117" HPOS="691"/>
            <String HEIGHT="74" WIDTH="113" VPOS="2117" HPOS="643" CONTENT="15," ID="tl_26_2" STYLEREFS="FONT2"/>
            <SP HEIGHT="74" WIDTH="16" VPOS="2117" HPOS="756"/>
            <String HEIGHT="74" WIDTH="113" VPOS="2117" HPOS="707" CONTENT="rue" ID="tl_26_3" STYLEREFS="FONT2"/>
            <SP HEIGHT="74" WIDTH="16" VPOS="2117" HPOS="821"/>
            <String HEIGHT="74" WIDTH="275" VPOS="2117" HPOS="756" CONTENT="Grandville" ID="tl_26_4" STYLEREFS="FONT2"/>
          </TextLine>
        </TextBlock>
        <TextBlock ID="r_2_22" HEIGHT="52" WIDTH="566" VPOS="2209" HPOS="286">
          <TextLine ID="tl_27" BASELINE="2261" HEIGHT="63" WIDTH="577" VPOS="2198" HPOS="280">
            <String HEIGHT="63" WIDTH="168" VPOS="2198" HPOS="256" CONTENT="460" ID="tl_27_1" STYLEREFS="FONT0"/>
            <SP HEIGHT="63" WIDTH="24" VPOS="2198" HPOS="424"/>
            <String HEIGHT="63" WIDTH="120" VPOS="2198" HPOS="352" CONTENT="—" ID="tl_27_2" STYLEREFS="FONT0"/>
            <SP HEIGHT="63" WIDTH="24" VPOS="2198" HPOS="472"/>
            <String HEIGHT="63" WIDTH="144" VPOS="2198" HPOS="400" CONTENT="La" ID="tl_27_3" STYLEREFS="FONT0"/>
            <SP HEIGHT="63" WIDTH="24" VPOS="2198" HPOS="544"/>
            <String HEIGHT="63" WIDTH="192" VPOS="2198" HPOS="472" CONTENT="mare" ID="tl_27_4" STYLEREFS="FONT0"/>
            <SP HEIGHT="63" WIDTH="24" VPOS="2198" HPOS="665"/>
            <String HEIGHT="63" WIDTH="289" VPOS="2198" HPOS="569" CONTENT="(automne)." ID="tl_27_5" STYLEREFS="FONT0"/>
          </TextLine>
        </TextBlock>
        <TextBlock ID="r_2_23" HEIGHT="46" WIDTH="380" VPOS="2257" HPOS="286">
          <TextLine ID="tl_28" BASELINE="2307" HEIGHT="55" WIDTH="390" VPOS="2252" HPOS="281">
            <String HEIGHT="55" WIDTH="161" VPOS="2252" HPOS="258" CONTENT="461" ID="tl_28_1" STYLEREFS="FONT0"/>
            <SP HEIGHT="55" WIDTH="23" VPOS="2252" HPOS="419"/>
            <String HEIGHT="55" WIDTH="115" VPOS="2252" HPOS="350" CONTENT="—" ID="tl_28_2" STYLEREFS="FONT0"/>
            <SP HEIGHT="55" WIDTH="23" VPOS="2252" HPOS="465"/>
            <String HEIGHT="55" WIDTH="298" VPOS="2252" HPOS="373" CONTENT="Autreville." ID="tl_28_3" STYLEREFS="FONT0"/>
          </TextLine>
        </TextBlock>
        <TextBlock ID="r_2_24" HEIGHT="44" WIDTH="579" VPOS="2305" HPOS="287">
          <TextLine ID="tl_29" BASELINE="2349" HEIGHT="57" WIDTH="589" VPOS="2292" HPOS="282">
            <String HEIGHT="57" WIDTH="159" VPOS="2292" HPOS="259" CONTENT="462" ID="tl_29_1" STYLEREFS="FONT0"/>
            <SP HEIGHT="57" WIDTH="23" VPOS="2292" HPOS="418"/>
            <String HEIGHT="57" WIDTH="113" VPOS="2292" HPOS="350" CONTENT="—" ID="tl_29_2" STYLEREFS="FONT0"/>
            <SP HEIGHT="57" WIDTH="23" VPOS="2292" HPOS="463"/>
            <String HEIGHT="57" WIDTH="204" VPOS="2292" HPOS="395" CONTENT="Bords" ID="tl_29_3" STYLEREFS="FONT0"/>
            <SP HEIGHT="57" WIDTH="23" VPOS="2292" HPOS="599"/>
            <String HEIGHT="57" WIDTH="136" VPOS="2292" HPOS="531" CONTENT="de" ID="tl_29_4" STYLEREFS="FONT0"/>
            <SP HEIGHT="57" WIDTH="23" VPOS="2292" HPOS="667"/>
            <String HEIGHT="57" WIDTH="136" VPOS="2292" HPOS="599" CONTENT="la" ID="tl_29_5" STYLEREFS="FONT0"/>
            <SP HEIGHT="57" WIDTH="23" VPOS="2292" HPOS="735"/>
            <String HEIGHT="57" WIDTH="227" VPOS="2292" HPOS="644" CONTENT="Moselle." ID="tl_29_6" STYLEREFS="FONT0"/>
          </TextLine>
        </TextBlock>
        <TextBlock ID="r_2_25" HEIGHT="53" WIDTH="680" VPOS="2352" HPOS="287">
          <TextLine ID="tl_30" BASELINE="2403" HEIGHT="61" WIDTH="691" VPOS="2342" HPOS="281">
            <String HEIGHT="61" WIDTH="156" VPOS="2342" HPOS="259" CONTENT="463" ID="tl_30_1" STYLEREFS="FONT0"/>
            <SP HEIGHT="61" WIDTH="22" VPOS="2342" HPOS="415"/>
            <String HEIGHT="61" WIDTH="111" VPOS="2342" HPOS="348" CONTENT="—" ID="tl_30_2" STYLEREFS="FONT0"/>
            <SP HEIGHT="61" WIDTH="22" VPOS="2342" HPOS="459"/>
            <String HEIGHT="61" WIDTH="267" VPOS="2342" HPOS="392" CONTENT="Ruisseau" ID="tl_30_3" STYLEREFS="FONT0"/>
            <SP HEIGHT="61" WIDTH="22" VPOS="2342" HPOS="660"/>
            <String HEIGHT="61" WIDTH="178" VPOS="2342" HPOS="593" CONTENT="dans" ID="tl_30_4" STYLEREFS="FONT0"/>
            <SP HEIGHT="61" WIDTH="22" VPOS="2342" HPOS="771"/>
            <String HEIGHT="61" WIDTH="134" VPOS="2342" HPOS="705" CONTENT="un" ID="tl_30_5" STYLEREFS="FONT0"/>
            <SP HEIGHT="61" WIDTH="22" VPOS="2342" HPOS="838"/>
            <String HEIGHT="61" WIDTH="223" VPOS="2342" HPOS="749" CONTENT="village." ID="tl_30_6" STYLEREFS="FONT0"/>
          </TextLine>
        </TextBlock>
        <TextBlock ID="r_2_26" HEIGHT="52" WIDTH="478" VPOS="2399" HPOS="286">
          <TextLine ID="tl_31" BASELINE="2464" HEIGHT="73" WIDTH="487" VPOS="2391" HPOS="281">
            <String HEIGHT="73" WIDTH="162" VPOS="2391" HPOS="258" CONTENT="464" ID="tl_31_1" STYLEREFS="FONT0"/>
            <SP HEIGHT="73" WIDTH="23" VPOS="2391" HPOS="420"/>
            <String HEIGHT="73" WIDTH="116" VPOS="2391" HPOS="351" CONTENT="—" ID="tl_31_2" STYLEREFS="FONT0"/>
            <SP HEIGHT="73" WIDTH="23" VPOS="2391" HPOS="467"/>
            <String HEIGHT="73" WIDTH="209" VPOS="2391" HPOS="397" CONTENT="Reine" ID="tl_31_3" STYLEREFS="FONT0"/>
            <SP HEIGHT="73" WIDTH="23" VPOS="2391" HPOS="606"/>
            <String HEIGHT="73" WIDTH="162" VPOS="2391" HPOS="536" CONTENT="des" ID="tl_31_4" STYLEREFS="FONT0"/>
            <SP HEIGHT="73" WIDTH="23" VPOS="2391" HPOS="698"/>
            <String HEIGHT="73" WIDTH="162" VPOS="2391" HPOS="606" CONTENT="prés." ID="tl_31_5" STYLEREFS="FONT0"/>
          </TextLine>
        </TextBlock>
        <GraphicalElement ID="r_3" HEIGHT="12" WIDTH="586" VPOS="33" HPOS="154"/>
        <GraphicalElement ID="r_4" HEIGHT="10" WIDTH="1066" VPOS="33" HPOS="788"/>
        <GraphicalElement ID="r_5" HEIGHT="12" WIDTH="1807" VPOS="54" HPOS="74"/>
        <GraphicalElement ID="r_6" HEIGHT="2" WIDTH="103" VPOS="3098" HPOS="1249"/>
        <GraphicalElement ID="r_7" HEIGHT="2" WIDTH="222" VPOS="3101" HPOS="1511"/>
        <GraphicalElement ID="r_8" HEIGHT="180" WIDTH="6" VPOS="585" HPOS="13"/>
        <GraphicalElement ID="r_9" HEIGHT="276" WIDTH="5" VPOS="700" HPOS="1921"/>
      </PrintSpace>
    </Page>
  </Layout>
</alto>
