2079 3149
990 427 190 90 —
1028 427 152 90 66

655 526 300 85 MORIZET.

746 597 207 78 Paris,
906 597 112 78 14,
969 597 207 78 boulevard
1113 597 303 78 Poissonnière

523 688 159 65 525
614 688 114 65 —
660 688 227 65 Soleil
796 688 250 65 couchant.

523 740 164 69 526
616 740 117 69 —
663 740 257 69 Matinée
850 740 140 69 de
897 740 280 69 printemps.

522 789 166 64 527
617 789 119 64 —
665 789 214 64 Bords
807 789 143 64 de
879 789 143 64 la
926 789 190 64 Marne.

523 836 158 65 528
614 836 113 65 —
659 836 226 65 Vallée
817 836 136 65 de
863 836 271 65 Barentins.

688 943 260 99 MORNARD
877 943 189 99 (Mme
995 943 236 99 Louise
1161 943 189 99 DE),
1279 943 213 99 élève
1421 943 142 99 de
1468 943 236 99 Chaplin,

736 1013 162 60 née
828 1013 116 60 à
852 1013 208 60 Amiens.

747 1069 205 85 Paris,
905 1069 94 85 11
952 1069 126 85 bis,
1031 1069 110 85 rue
1078 1069 220 85 Faraday

521 1156 150 87 529
606 1156 107 87 —
649 1156 214 87 Palais
799 1156 128 87 de
863 1156 235 87 Justice
1034 1156 128 87 de
1077 1156 192 87 Senlis.

520 1210 161 80 530
612 1210 115 80 —
658 1210 184 80 Rome
773 1210 184 80 (les
864 1210 207 80 bains).

683 1329 242 69 MOUREN
852 1329 291 69 (Henry),
1071 1329 218 69 élève
1216 1329 145 69 de
1289 1329 364 69 Harpignies,
1580 1329 145 69 né
1628 1329 73 69 à

715 1386 245 56 Marseille.

742 1437 208 86 Paris,
902 1437 112 86 24,
966 1437 112 86 rue
1015 1437 240 86 Dauphine

517 1526 163 67 531
610 1526 116 67 —
656 1526 209 67 Canal
796 1526 163 67 aux
889 1526 302 67 Martigues
1098 1526 233 67 (Rhône).

518 1587 153 59 532
606 1587 109 59 —
649 1587 153 59 Rue
737 1587 109 59 à
781 1587 241 59 Herblay
955 1587 219 59 (après
1108 1587 131 59 la
1152 1587 197 59 pluie).

517 1630 160 66 533
609 1630 114 66 —
654 1630 251 66 Chaumes
837 1630 114 66 à
883 1630 297 66 Chaponval
1089 1630 411 66 (Seine

518 1686 154 60 534
606 1686 110 60 —
650 1686 263 60 Oliviers
847 1686 132 60 de
913 1686 242 60 Baulieu
1067 1686 439 60 (Alpes

679 1794 224 86 MOYSE
828 1794 348 86 (Edouard),
1102 1794 224 86 élève
1251 1794 149 86 de
1326 1794 323 86 Drolling,
1575 1794 149 86 né
1624 1794 75 86 à

700 1848 201 65 Nancy.

737 1909 215 78 Paris,
903 1909 116 78 12,
969 1909 116 78 rue
1035 1909 99 78 du
1069 1909 281 78 Pont

511 1989 167 73 535
606 1989 119 73 —
654 1989 143 73 En
702 1989 214 73 prière.

678 2094 221 51 MULLER
833 2094 309 51 (Charles),
1076 2094 199 51 élève
1208 2094 133 51 de
1274 2094 243 51 l’Ecole
1451 2094 155 51 des
1517 2094 177 51 Beaux-

729 2145 164 72 Arts
831 2145 123 72 de
892 2145 184 72 Nancy
1015 2145 123 72 et
1076 2145 143 72 des
1158 2145 164 72 Arts
1260 2145 286 72 décoratifs
1485 2145 123 72 de
1526 2145 164 72 Paris,

726 2195 127 67 né
789 2195 106 67 à
810 2195 487 67 Flavigny

732 2255 200 87 Nancy,
885 2255 77 87 3
916 2255 123 87 bis,
993 2255 108 87 rue
1055 2255 92 87 de
1101 2255 92 87 la
1131 2255 185 87 Salle

512 2332 157 78 536
601 2332 112 78 —
646 2332 269 78 Portrait
848 2332 135 78 de
915 2332 135 78 M.
960 2332 135 78 S...

495 2392 251 80 537
639 2392 179 80 —
710 2392 179 80 —
782 2392 251 80 Mme
890 2392 251 80 St...
