2079 3149
972 457 190 68 —
1048 457 228 68 68
1124 457 114 68 —

673 543 263 83 NOLLIEM
864 543 287 83 (Alex.),
1079 543 215 83 élève
1222 543 143 83 de
1294 543 215 83 Luigi
1437 543 215 83 Loir,
1581 543 143 83 né
1628 543 72 83 à

697 598 176 66 Caen.

732 663 209 85 Paris,
893 663 97 85 6,
941 663 113 85 rue
1006 663 209 85 Hippolyte
1151 663 193 85 Lebas

510 747 156 92 55)
599 747 111 92 —
643 747 223 92 Vallée
799 747 134 92 de
866 747 290 92 Cauterets
1067 747 445 92 (Hautes

508 818 165 87 556
603 818 118 87 —
650 818 235 87 Bateau
815 818 141 87 au
862 818 235 87 Tréport.

673 964 273 70 NOUVIANT
878 964 364 70 (Théophile),
1174 964 205 70 élève
1310 964 137 70 de
1379 964 273 70 Migette,
1583 964 137 70 né
1629 964 68 70 à

698 1021 169 72 Metz.

729 1086 209 78 Nancy,
890 1086 97 78 53
938 1086 129 78 bis,
1019 1086 113 78 rue
1083 1086 97 78 de
1115 1086 258 78 l’Hospice

508 1189 163 66 557
601 1189 117 66 —
648 1189 210 66 Ferme
788 1189 140 66 de
834 1189 327 66 Pixerécourt.

508 1237 153 84 558
596 1237 109 84 —
639 1237 240 84 Poligny
814 1237 218 84 (Jura)
967 1237 131 84 la
1032 1237 197 84 route
1164 1237 131 84 de
1207 1237 175 84 Milan.

671 1381 251 83 PARISET
854 1381 206 83 (Mlle
991 1381 274 83 Jeanne),
1197 1381 206 83 élève
1334 1381 137 83 de
1402 1381 274 83 Larcher,
1585 1381 114 83 née

718 1450 118 73 à
742 1450 260 73 Mulhouse.

727 1510 224 69 Nancy,
899 1510 121 69 15,
968 1510 121 69 rue
1037 1510 103 69 du
1071 1510 293 69 Pont

505 1614 170 76 559
602 1614 121 76 —
626 1614 242 76 Réverie.

506 1677 155 59 560
594 1677 110 59 —
638 1677 265 59 Portrait
837 1677 132 59 de
903 1677 155 59 Mme
992 1677 177 59 V...
1102 1677 132 59 et
1168 1677 155 59 son
1234 1677 155 59 chat.

508 1719 146 81 561
592 1719 104 81 —
633 1719 250 81 Portrait
821 1719 125 81 de
884 1719 167 81 Mlle
988 1719 125 81 J.
1030 1719 125 81 E...

671 1862 256 93 PARISET
857 1862 209 93 (Mlle
996 1862 209 93 Amy),
1135 1862 209 93 élève
1275 1862 139 93 de
1345 1862 279 93 Larcher,
1554 1862 163 93 née
1623 1862 70 93 à

692 1925 266 59 Mulhouse.

722 1997 230 86 Nancy,
900 1997 124 86 15,
970 1997 124 86 rue
1041 1997 106 86 du
1077 1997 301 86 Pont

503 2088 152 90 562
590 2088 109 90 —
634 2088 174 90 Dans
743 2088 152 90 les
830 2088 218 90 terres
960 2088 392 90 (Berck

485 2165 294 50 563
653 2165 210 50 —
737 2165 420 50 Brumes
989 2165 210 50 id.

505 2205 157 55 564
594 2205 112 55 —
639 2205 336 55 Chercheuses
907 2205 134 55 de
974 2205 201 55 vers.
1086 2205 112 55 id.

501 2249 181 59 565
604 2249 129 59 —
656 2249 258 59 L’anse
837 2249 155 59 au
914 2249 258 59 beurre
1069 2249 129 59 id.

502 2294 174 64 566
602 2294 124 64 —
651 2294 249 64 Partie
826 2294 149 64 de
900 2294 274 64 crocket
1075 2294 124 64 id.

502 2345 165 61 567
596 2345 235 61 Ruines
760 2345 235 61 (Aller
901 2345 282 61 heiligen).

501 2386 167 79 568
597 2386 120 79 —
645 2386 239 79 Chemin
812 2386 167 79 des
908 2386 191 79 fées
1003 2386 287 79 (Oppenau).
