2081 3157
1002 465 136 75 74

655 536 299 77 QUINTARD
879 536 323 77 (Lucien),
1128 536 224 77 élève
1277 536 149 77 de
1352 536 299 77 Devilly,
1551 536 124 77 Ed.

705 610 279 66 Petitjean
919 610 129 66 et
983 610 150 66 Ed.
1069 610 172 66 Yon,
1177 610 129 66 né
1241 610 107 66 à
1262 610 172 66 Nancy.

711 676 200 86 Nancy,
864 676 92 86 4,
911 676 108 86 rue
957 676 215 86 Gilbert

484 769 162 86 626
576 769 116 86 —
623 769 208 86 Plage
761 769 139 86 de
831 769 254 86 Cabourg
992 769 301 86 (Calvados).

482 825 161 66 627
574 825 115 66 —
620 825 161 66 Sur
712 825 138 66 la
759 825 184 66 plage.

482 863 162 76 628
575 863 116 76 —
621 863 162 76 Une
714 863 232 76 route,
876 863 185 76 près
992 863 139 76 de
1038 863 232 76 Cabourg.

483 910 163 77 629
576 910 117 77 —
623 910 210 77 Bords
763 910 140 77 de
833 910 140 77 la
879 910 187 77 Dives.

482 967 157 77 630
571 967 112 77 —
616 967 201 77 Morte
750 967 112 77 à
795 967 269 77 Ranville
974 967 291 77 (Calvados).

477 1016 188 74 631
585 1016 134 74 —
638 1016 268 74 Eglise
826 1016 161 74 de
907 1016 242 74 Dives
1041 1016 134 74 Id.

479 1064 158 82 632
570 1064 113 82 —
615 1064 203 82 Cadre
727 1064 338 82 d’aquarelles.

644 1192 365 98 RAISSIGNIER
935 1192 292 98 (Emile),
1154 1192 219 98 élève
1300 1192 146 98 de
1373 1192 292 98 Jouffroy
1568 1192 97 98 et

695 1271 217 68 Rapin,
847 1271 130 68 né
912 1271 109 68 à
956 1271 174 68 Oran
1043 1271 260 68 (Algérie).

697 1326 223 74 Paris,
869 1326 103 74 8,
920 1326 120 74 rue
989 1326 103 74 de
1040 1326 103 74 la
1075 1326 395 74 Grande

473 1429 162 85 633
565 1429 116 85 —
612 1429 232 85 Sortie
774 1429 139 85 de
843 1429 139 85 la
890 1429 185 85 Ferme.

637 1555 274 82 RAVANNE
836 1555 349 82 (Gustavé),
1111 1555 224 82 élève
1260 1555 150 82 de
1335 1555 150 82 L.
1410 1555 249 82 Bonnat
1559 1555 100 82 et

688 1633 245 74 Cormon,
866 1633 134 74 né
933 1633 111 74 à
977 1633 223 74 Meulan
1111 1633 401 74 (Seine

693 1691 204 88 Paris,
850 1691 94 88 3,
897 1691 110 88 rue
944 1691 235 88 Cauchois

466 1777 155 73 634
554 1777 111 73 —
599 1777 244 73 Bateaux
776 1777 133 73 de
843 1777 222 73 course
998 1777 111 73 à
1042 1777 266 73 l’ancre,
1241 1777 133 73 en
1286 1777 177 73 Seine.

465 1844 160 80 635
557 1844 114 80 —
602 1844 160 80 Mer
694 1844 229 80 calme,
854 1844 137 80 le
923 1844 206 80 soir,
1060 1844 229 80 pointe
1220 1844 137 80 de
1289 1844 137 80 la
1358 1844 183 80 Hève
1449 1844 206 80 (Seine

663 1895 275 75 Inférieure).

622 2037 343 91 REINHART
880 2037 400 91 (Jacques),
1194 2037 171 91 né
1280 2037 143 91 à
1308 2037 343 91 Algolsheim

653 2097 229 71 (Alsace).

680 2131 274 99 Saint-Dié,
906 2131 113 99 29,
970 2131 113 99 rue
1019 2131 242 99 Concorde

454 2229 173 86 636
553 2229 124 86 —
603 2229 223 86 Effet
751 2229 149 86 de
826 2229 223 86 Neige
974 2229 124 86 à
1024 2229 149 86 la
1098 2229 322 86 Hardalle,
1346 2229 198 86 près
1445 2229 198 86 Anould

648 2304 244 62 (Vosges).

454 2343 155 64 637
543 2343 111 64 —
587 2343 200 64 Bords
720 2343 133 64 de
787 2343 133 64 la
853 2343 266 64 Meurthe,
1053 2343 178 64 près
1142 2343 266 64 Saint

454 2387 152 70 638
541 2387 109 70 —
585 2387 131 70 La
650 2387 240 70 Meurthe
825 2387 109 70 à
868 2387 283 70 Saint-Dié
1086 2387 305 70 (anciennes
1304 2387 283 70 tannéries).
