2023 3173
750 445 192 105 —
826 445 230 105 77
903 445 115 105 —

449 532 261 86 ROUSSET
639 532 214 86 (Mlle
782 532 333 86 Léontine),
1043 532 214 86 élève
1186 532 143 86 de
1257 532 166 86 Mme
1328 532 143 86 Fai-

502 605 149 70 vre
587 605 128 70 et
651 605 128 70 de
715 605 256 70 Devilly,
907 605 149 70 née
992 605 107 70 à
1013 605 299 70 Sarguemines.

506 659 212 68 Nancy,
669 659 114 68 33,
734 659 114 68 rue
799 659 114 68 des
848 659 212 68 Carmes

283 724 161 70 670
375 724 115 70 —
421 724 276 70 Portrait
628 724 138 70 de
697 724 161 70 Mme
766 724 138 70 E...

268 773 268 86 671
421 773 192 86 —
498 773 192 86 —
574 773 230 86 M.
651 773 230 86 G...

454 869 202 64 ROVEL
588 869 270 64 (Henri),
791 869 202 64 élève
926 869 135 64 de
993 869 247 64 Cormon,
1173 869 135 64 né
1240 869 112 64 à
1263 869 202 64 St

499 927 236 73 Saint

287 981 157 85 672
376 981 112 85 —
421 981 313 85 Schlitteur
667 981 179 85 dans
779 981 157 85 les
846 981 201 85 Vosges.

288 1047 168 62 673
384 1047 120 62 —
432 1047 311 62 Chevreuil
647 1047 168 62 mort.

290 1095 147 55 674
374 1095 105 55 —
416 1095 126 55 Le
479 1095 231 55 cloître
647 1095 126 55 de
710 1095 126 55 la
773 1095 294 55 cathédrale
1004 1095 126 55 de
1046 1095 273 55 Saint

287 1144 151 63 675
374 1144 108 63 —
417 1144 130 63 Le
482 1144 237 63 service
633 1144 302 63 obligatoire.

286 1195 164 54 676
379 1195 117 54 —
426 1195 141 54 Un
497 1195 188 54 coin
614 1195 141 54 de
661 1195 281 54 Mirecourt.

286 1239 161 65 677
378 1239 115 65 —
424 1239 161 65 Sur
516 1239 138 65 la
563 1239 184 65 plage.

285 1286 161 74 678
377 1286 115 74 —
423 1286 253 74 Village
607 1286 161 74 des
676 1286 207 74 Vosges.

452 1354 208 87 ROYER
591 1354 278 87 (Henri),
799 1354 208 87 élève
938 1354 139 87 de
1008 1354 278 87 Lefebvre
1216 1354 139 87 et
1286 1354 139 87 F.
1332 1354 139 87 Fla-

505 1430 206 67 meng,
643 1430 138 67 né
712 1430 115 67 à
734 1430 184 67 Nancy.

511 1483 199 76 Nancy,
664 1483 92 76 1,
709 1483 107 76 rue
771 1483 92 76 de
816 1483 92 76 la
847 1483 275 76 Salpétrière

290 1549 157 85 679
379 1549 112 85 —
424 1549 225 85 Scènes
582 1549 135 85 de
649 1549 135 85 la
716 1549 157 85 vie
806 1549 135 85 de
851 1549 225 85 Bacchus.

290 1601 179 60 680
393 1601 128 60 —
444 1601 154 60 Le
495 1601 205 60 Vieux.

289 1645 189 78 681
397 1645 135 78 —
451 1645 189 78 Aux
532 1645 243 78 champs.

285 1696 183 55 682
390 1696 131 55 —
416 1696 209 55 Etude.

289 1737 163 67 683
382 1737 117 67 —
429 1737 210 67 Etude
569 1737 140 67 de
616 1737 163 67 tête.

290 1790 161 61 684
382 1790 115 61 —
428 1790 275 61 Portrait
634 1790 138 61 du
703 1790 252 61 Docteur
863 1790 92 61 C.

288 1836 182 73 685
392 1836 130 73 —
418 1836 208 73 Etude.

462 1941 156 68 ROY
551 1941 267 68 (Emile),
751 1941 200 68 élève
885 1941 134 68 de
951 1941 200 68 Huel,
1085 1941 134 68 né
1152 1941 111 68 à
1174 1941 178 68 Nancy.

513 2001 202 73 Nancy,
669 2001 109 73 13,
731 2001 109 73 rue
793 2001 93 73 de
824 2001 217 73 l’Atrie

294 2063 156 60 686
383 2063 112 60 —
428 2063 268 60 Portrait
629 2063 134 60 de
696 2063 179 60 Mlle
807 2063 134 60 M.
852 2063 134 60 R...

293 2119 152 68 687
380 2119 109 68 —
424 2119 130 68 Un
489 2119 196 68 noble
619 2119 261 68 (d’après
815 2119 152 68 une
902 2119 239 68 gravure
1076 2119 130 68 de
1141 2119 130 68 J.
1185 2119 217 68 Callot).

463 2213 154 74 ROY
551 2213 198 74 (Mlle
683 2213 242 74 Maria),
859 2213 198 74 élève
991 2213 132 74 de
1057 2213 242 74 l’Ecole
1233 2213 154 74 des
1299 2213 176 74 Beaux-

511 2276 199 62 Arts,
644 2276 133 62 né
710 2276 111 62 à
732 2276 177 62 Nancy.

509 2331 165 63 Nancy

292 2374 159 93 688
383 2374 114 93 —
429 2374 205 93 Roses
566 2374 319 93 trémières,
793 2374 228 93 panneau.
