2057 3133
991 429 192 80 —
1067 429 230 80 78
1144 429 115 80 —

697 522 208 57 SACHY
836 522 232 57 (Henri
998 522 185 57 dE),
1114 522 208 57 élève
1253 522 139 57 de
1322 522 139 57 P.
1392 522 232 57 Colin,
1554 522 139 57 A.
1600 522 116 57 Ca-

752 582 208 52 banel,
898 582 125 52 E.
961 582 188 52 Dubof
1086 582 125 52 et
1148 582 313 52 Mazerolles,
1398 582 125 52 né
1461 582 104 52 à
1481 582 167 52 Paris.

750 641 208 75 Paris,
910 641 144 75 Ecole
1006 641 112 75 des
1055 641 272 75 Beaux

626 708 139 83 689
706 708 99 83 —
745 708 119 83 Au
785 708 238 83 printemps.

696 820 171 94 SAGE
802 820 192 94 (Mlle
930 820 277 94 Gabrielle
1144 820 171 94 LE),
1251 820 149 94 née
1336 820 107 94 à
1357 820 171 94 Paris.

753 899 190 72 Paris,
899 899 102 72 57,
958 899 102 72 rue
1002 899 204 72 Pigalle

625 971 138 67 690
704 971 99 67 —
744 971 236 67 Pivoines
921 971 118 67 et
960 971 217 67 Aubépine.

628 1018 127 64 691
700 1018 90 64 —
718 1018 181 64 Pensées.

696 1121 174 107 SAIN
805 1121 240 107 (Paul),
980 1121 196 107 élève
1110 1121 131 107 de
1176 1121 262 107 Guilbert
1372 1121 262 107 d’Anelle
1568 1121 131 107 et
1612 1121 87 107 Gé

740 1195 209 71 rôme,
879 1195 140 71 né
949 1195 116 71 à
972 1195 233 71 Avignon.

748 1252 212 78 Paris,
911 1252 114 78 33,
976 1252 114 78 rue
1042 1252 98 78 du
1075 1252 212 78 Dragon

622 1330 137 82 692
701 1330 98 82 —
740 1330 117 82 Le
798 1330 332 82 châtaigneraie
1072 1330 117 82 du
1131 1330 215 82 château
1287 1330 117 82 de
1326 1330 254 82 Corbeville.

622 1377 143 57 693
703 1377 102 57 —
744 1377 123 57 Le
806 1377 164 57 Pont
908 1377 348 57 Saint-Bénézet
1194 1377 102 57 à
1215 1377 204 57 Avignon.

625 1424 147 66 694
709 1424 105 66 —
751 1424 126 66 Le
814 1424 189 66 Rhône
939 1424 105 66 à
960 1424 210 66 Avignon.

690 1524 260 82 SARAZIN
879 1524 212 82 (Mlle
1021 1524 378 82 Marguerite),
1327 1524 212 82 élève
1469 1524 142 82 de
1516 1524 189 82 Damas,

742 1593 147 74 née
826 1593 105 74 à
847 1593 295 74 Charleville.

748 1635 305 87 Charleville,
1005 1635 96 87 8,
1053 1635 112 87 rue
1101 1635 321 87 Victor

624 1726 137 71 695
703 1726 98 71 —
722 1726 391 71 Reines

624 1775 149 70 696
709 1775 107 70 —
752 1775 213 70 Pommes
901 1775 128 70 et
943 1775 341 70 chrysanthèmes.

621 1827 125 71 697
692 1827 89 71 —
728 1827 232 71 Giroflées
906 1827 107 71 et
942 1827 214 71 narcisses.

630 1875 127 65 698
702 1875 90 65 —
738 1875 181 65 Fleurs
865 1875 109 65 de
901 1875 127 65 Nice.

691 1980 389 76 SCHIFF(J.-M.),
1016 1980 195 76 élève
1146 1980 130 76 de
1211 1980 238 76 l’Ecole
1384 1980 151 76 des
1448 1980 260 76 Beaux

740 2045 126 71 de
803 2045 210 71 Nancy,
950 2045 126 71 né
1012 2045 105 71 à
1054 2045 461 71 Rettel-les-Siercke
1432 2045 272 71 (Lorraine).

746 2102 209 60 Nancy,
907 2102 80 60 3
939 2102 129 60 bis,
1019 2102 113 60 rue
1084 2102 96 60 de
1132 2102 96 60 La
1164 2102 193 60 Salle

627 2157 131 89 699
702 2157 94 89 —
740 2157 225 89 Portrait
908 2157 112 89 de
964 2157 112 89 M.
1002 2157 112 89 A...

610 2222 195 65 700
721 2222 139 65 —
777 2222 195 65 id.
888 2222 167 65 M.
944 2222 167 65 M...

613 2272 193 74 701
724 2272 138 74 —
779 2272 193 74 id.
890 2272 193 74 Mme
972 2272 166 74 H...

615 2315 184 75 702
720 2315 132 75 —
773 2315 184 75 id.
878 2315 211 75 Mlle
983 2315 158 75 D...

623 2372 125 72 703
695 2372 89 72 —
712 2372 143 72 Etude.
