2001 3159
742 459 189 74 —
818 459 227 74 81
894 459 114 74 —

446 531 255 93 THIRIET
631 531 208 93 (Mlle
770 531 255 93 Julie),
955 531 208 93 élève
1094 531 139 93 de
1163 531 278 93 Larcher,
1348 531 116 93 née

492 622 113 74 à
515 622 158 74 Metz.

500 684 207 69 Nancy,
659 684 95 69 2,
707 684 111 69 rue
754 684 223 69 Clodion

277 764 168 72 730
373 764 120 72 —
421 764 360 72 Marguerites
685 764 288 72 d’Automne.

278 821 154 61 731
366 821 110 61 —
410 821 286 61 Corbeille
630 821 132 61 de
674 821 176 61 roses.

273 868 180 67 732
376 868 128 67 —
402 868 205 67 Roses.

447 997 243 84 THIRIOT
623 997 265 84 (Louis),
822 997 199 84 élève
954 997 132 84 de
1021 997 265 84 Jacolot,
1219 997 243 84 Leborne
1374 997 88 84 et

494 1057 297 61 Petitjean,
727 1057 127 61 né
790 1057 106 61 à
812 1057 169 61 Nancy.

492 1108 243 77 Malzéville

277 1200 158 71 733
368 1200 135 71 La
435 1200 271 71 chapelle
638 1200 158 71 des
729 1200 271 71 Oliviers
932 1200 203 71 (près
1067 1200 135 71 de
1112 1200 226 71 Menton).

276 1253 151 58 734
363 1253 108 58 —
406 1253 237 58 Plateau
578 1253 129 58 de
643 1253 172 58 Sion
751 1253 194 58 (près
880 1253 129 58 de
923 1253 259 58 Vézelise).

277 1285 148 85 735
361 1285 106 85 —
404 1285 169 85 Port
509 1285 127 85 de
572 1285 190 85 l’île
699 1285 127 85 de
762 1285 190 85 Sarck
889 1285 190 85 (îles
995 1285 274 85 normandes).

276 1348 151 71 736
363 1348 108 71 —
406 1348 151 71 Rue
492 1348 129 71 et
557 1348 216 71 église
708 1348 129 71 de
751 1348 280 71 Malzéville.

441 1441 235 108 THIRY
598 1441 235 108 (Mlle
755 1441 419 108 Antoinette),
1095 1441 183 108 née
1199 1441 131 108 à
1226 1441 235 108 Champi

474 1514 239 68 gneulles).

494 1576 243 66 Tomblaine

273 1658 176 70 737
373 1658 126 70 —
398 1658 402 70 Chrysanthèmes.

276 1714 155 80 738
365 1714 111 80 —
409 1714 200 80 Roses
542 1714 133 80 et
587 1714 289 80 clématites.

440 1820 275 89 THOREN
605 1820 193 89 (DE).

500 1888 204 89 Paris,
657 1888 94 89 5,
704 1888 110 89 rue
767 1888 94 89 de
814 1888 94 89 la
845 1888 173 89 Paix

277 1975 162 84 739
369 1975 116 84 —
416 1975 231 84 Vallée
577 1975 139 84 de
647 1975 139 84 la
693 1975 254 84 Toucques.

443 2084 348 78 TIMMERMANS
717 2084 298 78 (Louis),
940 2084 224 78 élève
1089 2084 149 78 de
1164 2084 273 78 l’Ecole
1338 2084 124 78 des

498 2155 283 52 beaux-arts
720 2155 121 52 et
781 2155 121 52 de
842 2155 263 52 Portaels,
1044 2155 121 52 né
1105 2155 101 52 à
1125 2155 223 52 Bruxelles

500 2206 216 83 Paris,
666 2206 100 83 2,
716 2206 116 83 rue
766 2206 382 83 Aumont

280 2305 150 59 740
365 2305 107 59 —
408 2305 343 59 L’avant-port
686 2305 128 59 du
751 2305 193 59 Havre
879 2305 214 59 (clair
1029 2305 128 59 de
1072 2305 171 59 lune).

278 2350 170 64 741
375 2350 121 64 —
423 2350 146 64 La
496 2350 218 64 Seine
642 2350 121 64 à
666 2350 194 64 Rouen.

278 2393 161 80 742
370 2393 115 80 —
416 2393 138 80 Le
485 2393 231 80 marché
647 2393 115 80 à
693 2393 323 80 Concarneau
923 2393 300 80 (Finistère.
