1989 3151
720 453 195 71 —
798 453 234 71 85
876 453 117 71 —

260 534 171 76 785
357 534 122 76 —
406 534 171 76 Aux
504 534 245 76 pommes
675 534 147 76 de
724 534 196 76 terre.

261 594 169 60 786
357 594 120 60 —
381 594 193 60 L’été.

263 645 157 57 787
352 645 112 57 —
397 645 135 57 Le
465 645 225 57 retour
622 645 135 57 au
667 645 180 57 foyer.

262 689 155 67 788
350 689 111 67 —
395 689 266 67 Portrait
594 689 133 67 de
661 689 177 67 Mlle
749 689 133 67 G...

425 808 269 75 VILLAIN
620 808 343 75 (Charles),
890 808 220 75 élève
1037 808 147 75 de
1110 808 294 75 Larcher,
1331 808 147 75 né
1380 808 73 75 à

444 876 208 71 Nancy.

481 942 215 85 Nancy,
647 942 132 85 144,
729 942 116 85 rue
795 942 99 85 de
828 942 281 85 Strasbourg

260 1020 164 71 789
353 1020 117 71 —
400 1020 141 71 Un
471 1020 188 71 coin
588 1020 141 71 de
658 1020 141 71 ma
705 1020 235 71 fenêtre.

262 1076 153 64 790
350 1076 109 64 —
393 1076 263 64 L’église
569 1076 328 64 Saint

262 1119 153 72 791
350 1119 109 72 —
393 1119 131 72 Un
459 1119 218 72 étang,
612 1119 175 72 près
699 1119 240 72 Jarville.

261 1173 159 69 792
352 1173 114 69 —
398 1173 250 69 Coucher
579 1173 136 69 de
625 1173 204 69 soleil.

387 1296 230 73 VINÉA

433 1365 196 83 TParis,
587 1365 84 83 7,
629 1365 98 83 rue
672 1365 210 83 Laffitte

260 1445 165 78 793
355 1445 118 78 —
402 1445 212 78 Scène
543 1445 141 78 de
590 1445 188 78 genre.

426 1603 226 71 VOIRIN
585 1603 271 71 (Jules),
788 1603 136 71 né
856 1603 113 71 à
878 1603 181 71 Nancy.

482 1665 208 92 Nancy,
642 1665 96 92 7,
690 1665 112 92 rue
754 1665 112 92 des
801 1665 256 92 Miciottes

262 1759 149 69 794
347 1759 107 69 —
390 1759 299 69 Artillerie
625 1759 107 69 à
646 1759 192 69 cheval.

261 1804 153 74 795
348 1804 109 74 —
392 1804 262 74 Chasseur
589 1804 131 74 et
654 1804 131 74 sa
720 1804 197 74 meute
851 1804 284 74 (portrait
1069 1804 131 74 de
1135 1804 131 74 M.
1178 1804 153 74 C...)

261 1858 160 62 796
353 1858 114 62 —
398 1858 206 62 Revue
535 1858 137 62 de
581 1858 274 62 cavalerie.

262 1917 160 55 797
353 1917 114 55 —
399 1917 274 55 Clairons
604 1917 137 55 et
650 1917 251 55 tambours.

262 1961 161 63 798
354 1961 115 63 —
400 1961 322 63 Cuirassier
653 1961 138 63 au
698 1961 345 63 cantonnement.

262 2003 158 63 799
353 2003 113 63 —
398 2003 249 63 Hussard
579 2003 136 63 en
624 2003 271 63 éclaireur.

262 2061 168 54 800
358 2061 120 54 —
406 2061 313 54 Promenade
647 2061 120 54 à
671 2061 216 54 cheval.

265 2088 154 74 801
353 2088 110 74 —
397 2088 353 74 Porte-fanion
662 2088 265 74 (dragons).

261 2146 183 63 802
365 2146 131 63 —
392 2146 235 63 Maçons.

262 2198 177 52 803
363 2198 126 52 —
413 2198 177 52 Aux
514 2198 278 52 grandes
691 2198 278 52 manœuvres

265 2240 160 57 804
356 2240 114 57 —
402 2240 205 57 Ecole
539 2240 137 57 de
607 2240 251 57 tambour
790 2240 137 57 en
836 2240 183 57 hiver.

266 2289 159 61 805
357 2289 114 61 —
403 2289 318 61 Infanterie
653 2289 136 61 en
698 2289 205 61 marche.

267 2334 151 59 806
354 2334 108 59 —
397 2334 238 59 Voiture
570 2334 130 59 de
635 2334 238 59 tireurs
808 2334 130 59 de
851 2334 173 59 sable.

268 2386 150 62 807
353 2386 107 62 —
396 2386 193 62 Revue
524 2386 128 62 de
589 2386 321 62 cuirassiers
846 2386 128 62 et
910 2386 128 62 de
953 2386 235 62 hussards.
