1151 2182
565 8 94 51 —
603 8 94 51 5
622 8 56 51 —

148 43 114 87 cain,
224 43 127 87 auteur
313 43 76 87 de
351 43 139 87 savants
453 43 152 87 ouvrages
567 43 89 87 sur
617 43 89 87 son
668 43 114 87 pays.
744 43 114 87 L.
820 43 76 87 a.
858 43 139 87 s.
960 43 76 87 22
998 43 101 87 déc.
1048 43 89 87 1838,

151 100 54 47 2
173 100 65 47 p.
206 100 87 47 pet.
260 100 98 47 in-4.
325 100 98 47 Jolie
391 100 120 47 lettre.
478 100 54 47 3
488 100 44 47 50

146 128 129 72 24185
232 128 201 72 BUSTAMANTE
390 128 216 72 (Anastase),
562 128 158 72 célèbre
677 128 158 72 général
792 128 172 72 mexicain
921 128 101 72 qui
979 128 86 72 se
1008 128 129 72 signala

153 175 110 52 dans
222 175 83 52 la
263 175 138 52 guerre
360 175 83 52 de
401 175 248 52 l’Indépendance
607 175 83 52 et
649 175 138 52 devint
745 175 179 52 président
882 175 83 52 de
924 175 83 52 la
951 175 179 52 République.

150 204 102 50 L.
218 204 124 50 s.
308 204 68 50 17
342 204 90 50 déc.
398 204 102 50 1838,
466 204 57 50 1
489 204 68 50 p.
523 204 102 50 in-4,
591 204 124 50 en-tête
681 204 68 50 de
715 204 68 50 la
749 204 170 50 présidence.
884 204 57 50 3
896 204 45 50 50

156 241 96 74 24186
221 241 96 74 CABEL
285 241 129 74 (Marie),
381 241 118 74 célèbre
467 241 139 74 chanteuse
574 241 64 74 de
606 241 129 74 l’Opéra.
703 241 96 74 L.
767 241 64 74 a.
799 241 118 74 s.
885 241 54 74 8
906 241 129 74 février,
1002 241 54 74 1
1013 241 43 74 p.

162 278 71 49 1/2
203 278 92 49 in-8.
264 278 92 49 Jolie
325 278 112 49 lettre.
406 278 51 49 2
416 278 41 49 50

155 311 125 65 24187
239 311 195 65 CAFFARELLI
392 311 84 65 DU
434 311 125 65 FALGA
517 311 237 65 (Maximilien),
712 311 153 65 célèbre
824 311 153 65 général
935 311 84 65 du
977 311 139 65 génie,
1060 311 70 65 tué

146 357 80 59 au
186 357 119 59 siège
265 357 80 59 de
305 357 292 59 Saint-Jean-d’Acre.
557 357 119 59 L.
636 357 80 59 a.
676 357 146 59 s.
782 357 80 59 Le
822 357 133 59 Falga,
915 357 66 59 6
941 357 146 59 ventôse
1047 357 80 59 an
1074 357 53 59 V,

179 385 47 50 1
197 385 57 50 p.
226 385 104 50 in-fol.
301 385 94 50 Peu
367 385 141 50 commun
480 385 47 50 6
490 385 28 50 »

177 401 88 82 Il
221 401 161 82 demande
339 401 103 82 une
397 401 235 82 prolongation
588 401 88 82 de
632 401 132 82 congé
720 401 117 82 pour
794 401 161 82 achever
911 401 88 82 le
940 401 191 82 rétablisse-

142 452 119 43 ment
217 452 89 43 de
261 452 89 43 sa
291 452 119 43 santé.

152 481 119 61 24188
231 481 185 61 CAMBACÉRÈS
376 481 264 61 (Étienne-Hubert,
601 481 185 61 cardinal),
746 481 119 61 frère
825 481 79 61 de
852 481 277 61 l’archi

149 523 186 67 archevêque
295 523 80 67 de
335 523 133 67 Rouen,
427 523 80 67 né
467 523 66 67 à
494 523 212 67 Montpellier.
666 523 119 67 L.
746 523 80 67 a.
786 523 146 67 s.
892 523 133 67 Rouen,
985 523 80 67 28
1012 523 119 67 floréal

145 557 101 53 1804
208 557 88 53 3/4
259 557 76 53 de
297 557 76 53 p.
335 557 114 53 in-4.
410 557 114 53 Belle
486 557 126 53 pièce.
575 557 63 53 3
587 557 38 53 »

150 576 96 80 24189
214 576 107 80 CANOVA
289 576 150 80 (Antoine),
407 576 118 80 célèbre
492 576 139 80 statuaire
599 576 128 80 italien.
695 576 96 80 L.
759 576 64 80 a.
791 576 107 80 s.
866 576 53 80 à
877 576 160 80 Ennius-

147 635 92 50 nus
199 635 170 50 Visconti;
330 635 118 50 Rome,
408 635 78 50 16
448 635 105 50 juin
513 635 118 50 1813,
591 635 65 50 1
618 635 78 50 p.
657 635 92 50 1/2
709 635 118 50 in-4.
788 635 78 50 22
814 635 39 50 »

171 662 197 60 Très-belle
326 662 141 60 lettre
424 662 84 60 de
466 662 253 60 recommandation
678 662 84 60 en
720 662 141 60 faveur
818 662 84 60 de
861 662 155 60 Léopold
959 662 169 60 Cicognara,

144 705 97 49 qui
200 705 166 49 s’occupe
324 705 125 49 d’une
407 705 166 49 histoire
532 705 83 49 de
573 705 83 49 la
601 705 152 49 sculpture

137 743 113 47 24190
213 743 177 47 CASTELLANE
352 743 88 47 (le
402 743 113 47 comte
478 743 101 47 Boni
541 743 101 47 de),
604 743 151 47 maréchal
717 743 76 47 de
755 743 139 47 France.
856 743 113 47 L.
932 743 76 47 a.
970 743 126 47 s.
1058 743 63 47 à
1071 743 50 47 la

143 774 172 50 duchesse
272 774 86 50 de
315 774 144 50 Rohan;
415 774 144 50 Puerto
516 774 230 50 Santa-Maria,
703 774 86 50 23
746 774 115 50 déc.
817 774 129 50 1825,
904 774 72 50 2
932 774 86 50 p.
975 774 129 50 in-4,
1047 774 72 50 ca-

145 803 69 53 chet.
191 803 38 53 3
199 803 23 53 »

168 816 184 84 Charmante
309 816 142 84 épître
408 816 99 84 sur
465 816 85 84 la
507 816 184 84 situation
649 816 85 84 de
691 816 156 84 l’armée
805 816 184 84 française
946 816 85 84 en
974 816 142 84 Espagne.

333 877 99 62 24191
399 877 142 62 CAVAIGNAC
508 877 142 62 (Eugène),
618 877 131 62 illustre
717 877 131 62 général,
815 877 88 62 chef
870 877 66 62 du
903 877 121 62 pouvoir
991 877 131 62 exécutif
1078 877 44 62 en

335 914 88 43 1848.
394 914 88 43 L.
452 914 58 43 a.
481 914 107 43 s.
559 914 127 43 Bellevue,
657 914 58 43 29
686 914 78 43 juin
735 914 88 43 1855,
793 914 49 43 1
813 914 58 43 p.
842 914 68 43 1/2
881 914 88 43 in-8.
940 914 88 43 Jolie
998 914 97 43 pièce.
1066 914 49 43 5
1076 914 39 43 50

336 951 90 60 24192
396 951 131 60 CAVAIGNAC
497 951 151 60 (Godefroy),
617 951 111 60 célèbre
698 951 141 60 publiciste
808 951 161 60 républicain.
939 951 90 60 L.
999 951 60 60 a.
1030 951 101 60 s.
1090 951 30 60 à

144 981 77 47 Mlle...,
202 981 32 47 1
214 981 39 47 p.
234 981 45 47 1/4
260 981 58 47 in-8.
298 981 32 47 6
305 981 19 47 »

331 1003 140 68 Charmante
439 1003 107 68 épître
514 1003 118 68 d’envoi
600 1003 64 68 de
632 1003 75 68 son
664 1003 140 68 autographe.

347 1044 95 69 24193
411 1044 116 69 CERUTTI
495 1044 95 69 (Jos.
558 1044 84 69 Ant.
610 1044 137 69 Joachim),
715 1044 126 69 écrivain
810 1044 147 69 distingué,
925 1044 74 69 qui
967 1044 74 69 fit
999 1044 126 69 l’apologie

330 1089 83 58 des
378 1089 155 58 Jésuites,
497 1089 119 58 membre
580 1089 72 58 de
616 1089 179 58 l’Assemblée
759 1089 191 58 législative,
914 1089 83 58 ami
962 1089 72 58 de
986 1089 131 58 Mirabeau,

141 1122 97 45 lont
202 1122 73 45 il
238 1122 146 45 prononça
348 1122 158 45 l’oraison
470 1122 146 45 funèbre.
579 1122 110 45 P.
652 1122 134 45 a.
750 1122 73 45 26
786 1122 97 45 déc.
847 1122 110 45 1790,
920 1122 61 45 3
945 1122 73 45 p.
981 1122 110 45 in-4.
1054 1122 73 45 10
1078 1122 37 45 »

168 1167 115 42 Uest
239 1167 201 42 l’original
398 1167 86 42 du
441 1167 172 42 discours
570 1167 101 42 que
627 1167 158 42 Cerutti
742 1167 172 42 prononça
872 1167 115 42 dans
929 1167 187 42 l’Assemblée

138 1186 195 65 électorale
291 1186 112 65 pour
361 1186 181 65 remercier
501 1186 98 65 les
556 1186 167 65 citoyens
682 1186 84 65 de
724 1186 153 65 l’avoir
835 1186 153 65 choisi.
933 1186 181 65 «Considérez

133 1228 94 39 les
186 1228 162 39 peuples;
308 1228 108 39 tous
375 1228 135 39 aiment
469 1228 81 39 la
509 1228 162 39 liberté;
631 1228 148 39 presque
738 1228 108 39 tous
805 1228 108 39 sont
873 1228 202 39 esclaves...
1021 1228 94 39 Pour-

132 1266 127 52 quoi?
216 1266 127 52 parce
301 1266 98 52 que
357 1266 98 52 les
413 1266 112 52 amis
483 1266 84 52 de
526 1266 84 52 la
568 1266 155 52 liberté
680 1266 112 52 sont
750 1266 127 52 moins
835 1266 112 52 unis
905 1266 98 52 que
961 1266 112 52 ceux
1032 1266 84 52 de
1060 1266 56 52 la

117 1292 200 42 tyrannie...»

141 1321 104 63 24194
211 1321 127 63 CHARLES
303 1321 81 63 IX,
349 1321 81 63 roi
395 1321 69 63 de
429 1321 127 63 France.
521 1321 104 63 L.
590 1321 127 63 s.
682 1321 92 63 avec
740 1321 69 63 la
774 1321 161 63 souscript.
901 1321 104 63 aut.,
970 1321 58 63 à
993 1321 81 63 son
1027 1321 81 63 frère

138 1364 84 49 le
180 1364 98 49 roi
236 1364 84 49 de
277 1364 153 49 Pologne
389 1364 139 49 (Henri
487 1364 125 49 III);
570 1364 153 49 château
682 1364 84 49 de
724 1364 181 49 Boulogne,
863 1364 84 49 30
905 1364 112 49 juin
975 1364 125 49 1573,
1044 1364 70 49 3/4

137 1398 51 44 de
163 1398 51 44 p.
189 1398 94 44 in-fol.
257 1398 137 44 Rare
368 1398 51 44 36
385 1398 26 44 »

167 1432 119 60 Pièce
246 1432 291 60 très-intéressante,
497 1432 159 60 relative
616 1432 66 60 à
642 1432 185 60 l’élection
788 1432 79 60 de
827 1432 119 60 Henri
907 1432 92 60 III
959 1432 79 60 au
999 1432 119 60 trône
1065 1432 53 60 de

130 1468 174 50 Pologne.
260 1468 130 50 «J’ay
347 1468 116 50 veu,
419 1468 159 50 dit-il,
535 1468 87 50 ce
579 1468 101 50 que
637 1468 145 50 m’avez
738 1468 145 50 envoyé
840 1468 87 50 de
883 1468 87 50 la
927 1468 174 50 harangue
1043 1468 72 50 que

132 1501 109 57 vous
201 1501 68 57 a
228 1501 136 57 faicte
323 1501 82 57 le
364 1501 205 57 gentilhomme
528 1501 177 57 polonnois
665 1501 96 57 qui
719 1501 68 57 a
747 1501 150 57 apporté
856 1501 150 57 lettres
965 1501 82 57 de
1006 1501 82 57 la
1033 1501 82 57 part

125 1534 102 54 des
184 1534 203 54 principaux
343 1534 189 54 officiers
489 1534 87 54 de
532 1534 189 54 Poloigne,
677 1534 174 54 ensemble
808 1534 87 54 la
852 1534 174 54 responce
982 1534 102 54 que
1026 1534 87 54 vous

133 1574 97 53 luy
189 1574 111 53 avez
258 1574 125 53 faict
341 1574 125 53 faire
424 1574 111 53 par.
493 1574 83 53 le
535 1574 152 53 médecin
645 1574 125 53 Miron
728 1574 97 53 qui
784 1574 69 53 a
811 1574 111 53 esté
881 1574 111 53 fort
950 1574 69 53 à
978 1574 138 53 propoz
1061 1574 55 53 et

128 1601 197 52 convenante
283 1601 70 52 à
311 1601 127 52 celle
396 1601 99 52 que
452 1601 85 52 je
494 1601 99 52 luy
551 1601 113 52 feis
621 1601 127 52 faire
705 1601 99 52 par
762 1601 85 52 le
804 1601 127 52 sieur
889 1601 85 52 de
931 1601 169 52 Foix...»
1044 1601 70 52 (Ce

130 1635 212 60 gentilhomme
299 1635 127 60 était
384 1635 85 60 le
426 1635 169 60 courrier
553 1635 155 60 dépêché
666 1635 113 60 pour
737 1635 169 60 annoncer
849 1635 198 60 l’élection.)

134 1672 108 46 24195
206 1672 132 46 CHARLES
302 1672 84 46 XI,
350 1672 84 46 roi
397 1672 72 46 de
433 1672 120 46 Suède,
517 1672 96 46 père
577 1672 72 46 de
613 1672 132 46 Charles
709 1672 96 46 XII.
769 1672 108 46 L.
841 1672 132 46 s.
936 1672 96 46 avec
996 1672 72 46 la
1020 1672 84 46 sous-

124 1713 138 51 cript.
221 1713 124 51 aut.;
304 1713 193 51 Stockholm,
456 1713 83 51 22
497 1713 111 51 déc.
566 1713 124 51 1672,
649 1713 69 51 2
677 1713 83 51 p.
718 1713 166 51 in-fol.,
843 1713 152 51 cachet.
953 1713 138 51 Légère
1036 1713 69 51 dé-

126 1738 133 50 chirure
223 1738 194 50 n’atteignant
381 1738 85 50 pas
429 1738 73 50 le
466 1738 121 50 texte.
550 1738 61 50 4
563 1738 36 50 »

138 1777 101 46 24196
205 1777 134 46 CHARNER,
306 1777 112 46 amiral
384 1777 67 46 de
417 1777 123 46 France.
507 1777 101 46 L.
574 1777 67 46 a.
608 1777 123 46 s.
697 1777 101 46 1866,
764 1777 56 46 1
787 1777 67 46 p.
820 1777 101 46 in-8.
887 1777 56 46 2
898 1777 34 46 »

134 1807 113 61 24197
210 1807 164 61 CHAUMETTE
336 1807 176 61 (Gaspard),
474 1807 164 61 procureur
600 1807 76 61 de
638 1807 76 61 la
676 1807 139 61 Commune
777 1807 76 61 de
814 1807 126 61 Paris.
890 1807 214 61 Mémoires

124 1850 122 43 de
206 1850 108 43 C...
273 1850 81 43 ou
314 1850 163 43 Histoire
436 1850 81 43 de
477 1850 81 43 la
517 1850 190 43 Révolution
666 1850 81 43 du
707 1850 81 43 10
748 1850 108 43 août
815 1850 135 43 1792
910 1850 176 43 manuscrit
1032 1850 68 43 au-

130 1888 165 44 tographe,
257 1888 102 44 avec
321 1888 140 44 ratures
423 1888 76 44 et
461 1888 203 44 corrections,
626 1888 76 44 14
664 1888 76 44 p.
702 1888 114 44 in-4.
778 1888 76 44 75
804 1888 38 44 »

150 1923 156 42 Document
267 1923 260 42 très-intéressant
488 1923 104 42 pour
553 1923 182 42 l’histoire
695 1923 78 42 de
734 1923 78 42 la
773 1923 195 42 Révolution.
916 1923 91 42 Chau-

120 1960 116 44 mette
198 1960 116 44 avait
275 1960 194 44 l’intention
430 1960 155 44 d’écrire
547 1960 91 44 ses
599 1960 246 44 Mémoires
806 1960 103 44 mais
870 1960 91 44 les
922 1960 181 44 événements
1051 1960 52 44 ne

124 1994 91 39 lui
176 1994 78 39 en
215 1994 182 39 laissèrent
358 1994 91 39 pas
410 1994 78 39 le
449 1994 143 39 loisir.
553 1994 104 39 Tout
619 1994 78 39 ce
658 1994 117 39 qu’il
736 1994 65 39 a
762 1994 117 39 réuni
840 1994 78 39 de
879 1994 117 39 notes
957 1994 91 39 est
1009 1994 91 39 là;
1048 1994 52 39 le

128 2019 114 51 écit
199 2019 100 51 est
256 2019 200 51 incomplet,
414 2019 186 51 Chaumette
557 2019 157 51 n’ayant
671 2019 100 51 pas
728 2019 86 51 pu
771 2019 86 51 le
800 2019 157 51 terminer.

129 2054 138 50 24198
220 2054 245 50 CHESTERFIELD
419 2054 122 50 (Ph.
496 2054 306 50 Dormer-Stanhope,
755 2054 138 50 comte
847 2054 122 50 de),
924 2054 138 50 grand
1000 2054 107 50 homme

127 2089 126 50 d’Etat
215 2089 151 50 anglais,
328 2089 151 50 écrivain
441 2089 163 50 spirituel
567 2089 75 50 et
605 2089 151 50 élégant,
718 2089 138 50 célèbre
818 2089 88 50 par
868 2089 88 50 ses
906 2089 201 50 Lettres
