1208 2173
495 -1 123 70 —
545 -1 148 70 11
594 -1 74 70 —

140 59 109 66 24291
212 59 145 66 LECLERC,
321 59 121 66 député
406 59 73 66 de
442 59 193 66 Loir-et-Cher
599 59 60 66 à
623 59 73 66 la
660 59 181 66 Convention.
805 59 109 66 L.
877 59 73 66 a.
913 59 121 66 s.
998 59 60 66 à
1010 59 121 66 Schérer;

149 116 118 44 Paris,
232 116 59 44 4
255 116 129 44 floréal
349 116 71 44 an
384 116 71 44 V,
420 116 59 44 1
443 116 71 44 p.
478 116 106 44 in-4.
549 116 59 44 3
561 116 35 44 »

143 146 101 59 24292
210 146 124 59 LECLERC
300 146 146 59 (Victor),
412 146 124 59 célèbre
502 146 157 59 humaniste,
626 146 112 59 membre
705 146 67 59 de
738 146 169 59 l’Institut.
873 146 101 59 L.
941 146 67 59 a.
963 146 90 59 s.

141 191 65 38 à
167 191 155 38 Burnouf;
283 191 78 38 13
322 191 103 38 juin
387 191 116 38 1842,
464 191 65 38 1
490 191 78 38 p.
529 191 116 38 in-8.
606 191 65 38 2
619 191 39 38 »

141 224 112 43 24293
215 224 137 43 LÉOPOLD
315 224 100 43 Ier,
378 224 150 43 empereur
490 224 200 43 d’Allemagne.
652 224 112 43 L.
727 224 125 43 s.
814 224 100 43 avec
877 224 75 43 la
914 224 175 43 souscript.
1039 224 87 43 aut.,

142 244 87 57 en
185 244 145 57 latin,
286 244 72 57 à
315 244 159 57 Charles
431 244 101 57 II,
489 244 101 57 roi
547 244 203 57 d’Espagne;
706 244 87 57 10
750 244 130 57 sept.
836 244 130 57 1681,
923 244 72 57 4
952 244 87 57 p.
981 244 145 57 in

148 294 97 41 cachet.
219 294 44 41 8
228 294 26 41 »

172 311 155 59 Superbe
284 311 155 59 lettre,
397 311 84 59 où
439 311 84 59 il
481 311 98 59 lui
537 311 197 59 recommande
692 311 84 59 un
734 311 141 59 membre
833 311 84 59 de
875 311 84 59 la
917 311 155 59 famille
1016 311 112 59 Ester-

149 363 126 40 hazy,
233 363 84 40 en
275 363 98 40 lui
330 363 181 40 rappelant
470 363 112 40 tous
540 363 98 40 les
596 363 167 40 services
721 363 98 40 que
777 363 126 40 cette
861 363 167 40 illustre
986 363 154 40 famille
1084 363 42 40 a

141 397 140 47 rendus
239 397 70 47 à
267 397 84 47 la
295 397 183 47 chrétienté.

148 435 67 44 24294
192 435 82 44 LÉOPOLD
252 435 52 44 II,
282 435 90 44 empereur
349 435 119 44 d’Allemagne,
446 435 67 44 frère
491 435 45 44 de
513 435 157 44 Marie-Antoinette.
648 435 67 44 L.
685 435 67 44 s.

144 475 53 34 en
171 475 107 34 italien,
251 475 71 34 avec
295 475 53 34 la
322 475 124 34 souscript.
419 475 80 34 aut.,
473 475 80 34 comme
526 475 115 34 grand-duc
615 475 53 34 de
641 475 107 34 Toscane,
712 475 36 34 au

138 507 167 44 cardinal
264 507 84 44 de
306 507 154 44 Bernis;
417 507 126 44 Pise,
501 507 84 44 20
543 507 126 44 janv.
627 507 126 44 1769,
710 507 98 44 1/2
766 507 84 44 p.
808 507 167 44 in-fol.,
934 507 154 44 cachet.
1031 507 98 44 Jolie

149 539 91 40 lettre.
215 539 41 40 5
223 539 25 40 »

146 568 107 46 24295
218 568 119 46 LEPAPE
301 568 72 46 DE
337 568 131 46 TREVERN
432 568 84 46 (J.
480 568 72 46 B.
516 568 95 46 M.),
576 568 119 46 évêque
659 568 72 46 de
695 568 179 46 Strasbourg.
838 568 107 46 L.
910 568 72 46 a.
934 568 107 46 s.

150 604 165 42 Molsheim,
277 604 76 42 29
315 604 101 42 juin
378 604 114 42 1831,
454 604 63 42 1
480 604 76 42 p.
518 604 114 42 in-4.
594 604 63 42 2
606 604 51 42 50

147 633 123 50 24296
229 633 82 50 LE
270 633 150 50 TELLIER
379 633 177 50 (Michel),
515 633 150 50 célèbre
624 633 191 50 chancelier
774 633 82 50 de
814 633 136 50 France
910 633 82 50 de
950 633 123 50 Louis
1032 633 109 50 XIV,
1087 633 54 50 le

152 684 177 32 principal
288 684 136 32 auteur
384 684 82 32 de
425 684 82 32 la
465 684 190 32 révocation
615 684 82 32 de
656 684 136 32 l’Edit
751 684 82 32 de
792 684 150 32 Nantes,
901 684 109 32 père
969 684 82 32 de
996 684 136 32 Louvois.

150 707 114 53 L.
226 707 127 53 s.
315 707 76 53 au
353 707 89 53 duc
404 707 76 53 de
442 707 165 53 Chaulnes;
569 707 178 53 Vincennes,
708 707 76 53 27
746 707 101 53 août
810 707 114 53 1666,
886 707 63 53 1
911 707 76 53 p.
949 707 140 53 in-fol.
1038 707 89 53 Belle

156 750 82 39 lettre.
215 750 37 39 2
222 750 30 39 25

148 771 102 50 24297
216 771 158 50 LEVAILLANT
340 771 170 50 (François),
475 771 68 50 le
509 771 124 50 célèbre
600 771 147 50 voyageur.
713 771 102 50 L.
781 771 124 50 a.
871 771 90 50 sig.
927 771 181 50 Lut.
1063 771 34 50 à

146 815 77 42 M.
185 815 140 42 Prêtre,
287 815 153 42 peintre;
401 815 64 42 6
427 815 102 42 déc.
491 815 115 42 1819,
567 815 64 42 1
593 815 77 42 p.
631 815 89 42 pl.
682 815 115 42 in-8.
758 815 115 42 Jolie
835 815 140 42 lettre.
937 815 64 42 4
950 815 38 42 »

149 836 106 59 24298
220 836 71 59 LE
255 836 130 59 VERRIER
350 836 83 59 (N.
397 836 94 59 J.),
456 836 130 59 célèbre
550 836 165 59 astronome,
680 836 118 59 membre
763 836 71 59 de
798 836 177 59 l’Institut.
939 836 106 59 L.
1010 836 71 59 a.
1034 836 106 59 s.

153 890 77 47 3/4
197 890 66 47 de
230 890 66 47 p.
263 890 99 47 in-8.
330 890 55 47 2
341 890 33 47 »

148 909 107 58 24299
219 909 107 58 LIBRI
290 909 107 58 (G.),
361 909 118 58 savant
444 909 213 58 mathématicien,
622 909 118 58 membre
705 909 71 58 de
740 909 178 58 l’Institut.
882 909 107 58 L.
954 909 71 58 a.
989 909 130 58 s.
1084 909 59 58 1
1096 909 47 58 p.

155 965 60 43 in-8.
196 965 34 43 1
202 965 27 43 75

156 986 94 64 24300
218 986 94 64 LOUIS
281 986 73 64 XI,
323 986 73 64 roi
364 986 63 64 de
396 986 115 64 France.
479 986 94 64 L.
542 986 115 64 s.
625 986 73 64 sur
667 986 104 64 vélin;
740 986 125 64 Bourges,
834 986 63 64 21
855 986 104 64 janvier,

153 1035 106 48 in-fol.
231 1035 106 48 oblong.
308 1035 58 48 14
327 1035 29 48 »

182 1059 169 55 Relative
308 1059 70 55 à
336 1059 140 55 Robert
435 1059 154 55 Dauvet,
547 1059 112 55 fils
617 1059 84 55 de
659 1059 112 55 Jean
730 1059 154 55 Dauvet,
842 1059 154 55 premier
954 1059 183 55 président
1081 1059 56 55 du

153 1104 189 47 Parlement
299 1104 87 47 de
328 1104 116 47 Paris.

161 1131 65 51 24301
204 1131 65 51 LOUIS
247 1131 57 51 XII,
283 1131 50 51 roi
311 1131 43 51 de
333 1131 79 51 France.
390 1131 65 51 Pièce
433 1131 65 51 sig.,
476 1131 50 51 sur
505 1131 72 51 vélin,
555 1131 65 51 comme
598 1131 100 51 duc
670 1131 100 51 d’Or

155 1177 189 44 léans;
311 1177 67 44 16
344 1177 89 44 nov.
400 1177 100 44 1495,
467 1177 78 44 1/2
511 1177 67 44 p.
544 1177 122 44 in-fol.
633 1177 122 44 oblong.
722 1177 56 44 6
734 1177 33 44 »

157 1210 67 51 24302
201 1210 67 51 LOUIS
246 1210 59 51 XVI,
283 1210 52 51 roi
313 1210 52 51 des
342 1210 89 51 Français
409 1210 89 51 décapité
476 1210 45 51 en
498 1210 67 51 1793.
543 1210 67 51 P.
587 1210 82 51 s.
639 1210 97 51 Versailles,

162 1248 71 54 12
198 1248 83 54 mai
245 1248 107 54 1782,
316 1248 59 54 1
340 1248 71 54 p.
376 1248 130 54 in-fol.
471 1248 59 54 6
482 1248 36 54 »

186 1265 175 67 Curieuse
318 1265 132 67 pièce
406 1265 175 67 relative
537 1265 88 67 au
581 1265 175 67 paiement
713 1265 102 67 des
771 1265 161 67 maîtres
888 1265 88 67 de
932 1265 146 67 postes
1034 1265 102 67 qui
1078 1265 73 67 ont

555 1323 67 37 fait
597 1323 50 37 le
622 1323 92 37 service
689 1323 59 37 sur
722 1323 59 37 les
756 1323 84 37 routes
815 1323 50 37 de
840 1323 109 37 Compiègne
924 1323 50 37 et
949 1323 50 37 de
974 1323 143 37 Fontainebleau
1083 1323 59 37 «pour

553 1352 62 51 les
589 1352 97 51 voyages
659 1352 53 51 de
686 1352 53 51 Sa
712 1352 106 51 Majesté,
792 1352 53 51 en
818 1352 80 51 1791,
871 1352 53 51 et
898 1352 71 51 pour
942 1352 62 51 les
977 1352 115 51 courriers
1057 1352 88 51 dépêchés

154 1395 114 37 lors
225 1395 85 37 de
268 1395 256 37 l’accouchement
481 1395 85 37 de
523 1395 85 37 la
566 1395 128 37 Reine
637 1395 313 37 (Marie

157 1408 104 57 24303
227 1408 104 57 LOUIS
296 1408 115 57 XVIII,
377 1408 81 57 roi
423 1408 69 57 de
458 1408 127 57 France.
550 1408 104 57 L.
619 1408 69 57 a.
654 1408 115 57 s.
735 1408 69 57 au
769 1408 139 57 cardinal
873 1408 69 57 de
908 1408 127 57 Bernis;
989 1408 150 57 Versailles,

160 1465 82 43 20
201 1465 137 43 juill.
297 1465 123 43 1782,
379 1465 96 43 1/2
434 1465 82 43 p.
475 1465 123 43 in-4,
557 1465 150 43 cachet.
666 1465 191 43 Très-belle
816 1465 123 43 pièce
898 1465 150 43 portant
1007 1465 82 43 le
1035 1465 109 43 timbre

159 1495 89 45 d’un
214 1495 211 45 collectionneur.
392 1495 67 45 20
415 1495 33 45 «

191 1522 85 47 Il
233 1522 99 47 lui
290 1522 155 47 annonce
402 1522 127 47 qu’il
487 1522 127 47 vient
571 1522 85 47 de
614 1522 141 47 nommer
712 1522 169 47 l’évêque
839 1522 85 47 de
881 1522 113 47 Seez
952 1522 70 47 à
980 1522 169 47 l’abbaye
1093 1522 56 47 de

161 1561 240 53 Saint-Aubin,
356 1561 165 53 vacante
476 1561 105 53 par
536 1561 90 53 la
581 1561 120 53 mort
656 1561 90 53 de
700 1561 180 53 l’évêque
835 1561 195 53 d’Angers.
985 1561 135 53 «Vous
1060 1561 90 53 con-

160 1594 163 44 naissez,
283 1594 95 44 lui
337 1594 150 44 dit-il,
446 1594 109 44 tout
514 1594 177 44 l’intérêt
650 1594 95 44 que
704 1594 82 44 je
745 1594 136 44 prends
840 1594 68 44 à
867 1594 82 44 M.
908 1594 82 44 de
949 1594 122 44 Secz,
1030 1594 82 44 et
1058 1594 54 44 je

163 1625 114 44 vous
234 1625 114 44 prie
306 1625 200 44 d’employer
463 1625 100 44 vos
520 1625 114 44 bons
592 1625 157 44 offices
706 1625 143 44 auprès
806 1625 86 44 de
849 1625 86 44 Sa
892 1625 172 44 Sainteté
1020 1625 114 44 pour
1078 1625 71 44 lui

163 1667 121 40 faire
243 1667 148 40 obtenir
350 1667 80 40 le
391 1667 134 40 gratis
485 1667 80 40 de
525 1667 94 40 ses
565 1667 161 40 bulles...»

170 1688 109 51 24304
242 1688 218 51 LOUIS-PHILIPPE
424 1688 97 51 Ier,
485 1688 85 51 roi
533 1688 85 51 des
581 1688 157 51 Français.
702 1688 109 51 L.
775 1688 73 51 a.
811 1688 121 51 s.
896 1688 61 51 à
920 1688 169 51 l’abbé...;
1053 1688 73 51 19
1077 1688 73 51 juin

170 1733 101 49 1820,
237 1733 56 49 1
259 1733 67 49 p.
293 1733 78 49 pl.
338 1733 101 49 in-8.
405 1733 101 49 Jolie
472 1733 123 49 lettre.
561 1733 112 49 Peu
640 1733 168 49 commun
774 1733 67 49 12
796 1733 34 49 »

169 1776 120 42 24305
249 1776 107 42 LOWE
315 1776 173 42 (Hudson),
449 1776 147 42 général
556 1776 160 42 anglais,
676 1776 80 42 le
716 1776 147 42 geôlier
822 1776 80 42 de
862 1776 160 42 Napoléon
983 1776 67 42 à
996 1776 160 42 Sainte-

170 1798 120 48 lène.
250 1798 120 48 L.
329 1798 80 48 a.
369 1798 133 48 s.
463 1798 80 48 au
503 1798 120 48 comte
582 1798 93 48 (de
636 1798 160 48 Balmain,
756 1798 213 48 aide-de-camp
929 1798 80 48 de
969 1798 186 48 l’empereur
1102 1798 53 48 de

170 1834 147 45 Russie);
280 1834 73 45 24
317 1834 98 45 déc.
378 1834 110 45 1824,
451 1834 61 45 4
476 1834 73 45 p.
512 1834 110 45 in-4.
586 1834 171 45 Très-belle
721 1834 73 45 et
757 1834 196 45 intéressante
916 1834 135 45 lettre.
1002 1834 147 45 Peu

173 1879 125 49 commun
277 1879 42 49 16
291 1879 21 49 »

174 1910 116 56 24306
252 1910 129 56 LOZEAU
342 1910 207 56 (Paul-Aug.),
510 1910 129 56 député
600 1910 77 56 de
639 1910 77 56 la
677 1910 297 56 Charente-Inférieure
936 1910 65 56 à
961 1910 77 56 la
987 1910 168 56 Convention,

170 1950 86 42 un
213 1950 86 42 de
256 1950 115 42 ceux
328 1950 101 42 qui
385 1950 201 42 appuyèrent
544 1950 86 42 le
587 1950 115 42 plus
659 1950 173 42 vivement
788 1950 86 42 la
831 1950 115 42 mise
903 1950 86 42 en
947 1950 201 42 accusation
1090 1950 58 42 de

168 1984 213 52 Robespierre.
340 1984 120 52 L.
420 1984 80 52 a.
460 1984 146 52 s.
566 1984 186 52 Beaubourg,
713 1984 80 52 an
752 1984 93 52 IV,
806 1984 66 52 1
832 1984 80 52 p.
872 1984 93 52 1/2
925 1984 120 52 in-8.
1005 1984 66 52 3
1018 1984 40 52 »

170 2013 108 59 24307
242 2013 120 59 LUDOT,
326 2013 120 59 député
410 2013 72 59 de
446 2013 120 59 l’Aube
530 2013 60 59 à
554 2013 72 59 la
590 2013 180 59 Convention.
734 2013 108 59 L.
806 2013 72 59 a.
842 2013 132 59 s.
938 2013 120 59 Paris,
1022 2013 72 59 29
1046 2013 108 59 thermi-

161 2066 118 47 dor
228 2066 101 47 an
279 2066 118 47 VI,
346 2066 84 47 1
380 2066 101 47 p.
430 2066 118 47 pl.
498 2066 151 47 in-4.
599 2066 84 47 3
616 2066 50 47 »

196 2090 168 57 Relative
322 2090 98 57 aux
378 2090 168 57 affaires
505 2090 84 57 dé
547 2090 98 57 son
589 2090 196 57 département.
