1159 2180
528 -1 37 54 —
542 -1 44 54 16
557 -1 22 54 —

113 53 102 60 24383
181 53 102 60 EGRIS
249 53 102 60 (E.),
317 53 125 60 député,
408 53 137 60 ministre
511 53 68 60 de
545 53 193 60 l’instruction
704 53 137 60 publique
807 53 125 60 (1870).
898 53 102 60 L.
966 53 68 60 a.
989 53 102 60 s.

110 109 42 41 1
126 109 51 41 p.
152 109 76 41 in-8.
211 109 42 41 1
219 109 34 41 50

107 138 128 48 24384
192 138 128 48 SÉGUR
277 138 99 48 (L.
334 138 113 48 Ph.,
405 138 128 48 comte
490 138 113 48 de),
560 138 227 48 grand-maître
745 138 99 48 des
801 138 198 48 cérémonies
957 138 85 48 de
986 138 99 48 Napo-

108 171 94 52 léon
167 171 94 52 Ier,
226 171 71 52 de
262 171 130 52 l’Acad.
356 171 83 52 fr.
403 171 142 52 C’est
510 171 71 52 le
545 171 177 52 diable
687 171 130 52 chanson
781 171 94 52 aut.
840 171 106 52 sig.,
911 171 59 52 2
935 171 71 52 p.
970 171 83 52 1/2
1005 171 83 52 in

103 213 94 44 Jolie
165 213 104 44 pièce.
238 213 52 44 4
249 213 31 44 »

109 235 119 54 24385
188 235 132 54 SOANEN
281 235 145 54 (Jean),
386 235 132 54 évêque
479 235 79 54 de
519 235 132 54 Senez,
611 235 145 54 célèbre
717 235 93 54 par
770 235 79 54 le
809 235 106 54 rôle
875 235 119 54 qu’il
955 235 106 54 joua
1008 235 79 54 dans

112 283 151 41 ’affaire
225 283 75 41 de
263 283 75 41 la
301 283 201 41 Constitution
464 283 289 41 Unigenitus,
715 283 113 41 exilé
791 283 63 41 à
816 283 75 41 la
853 283 188 41 Chaise-Dieu
1004 283 75 41 et
1029 283 63 41 vé-

104 307 95 54 néré
163 307 83 54 par
211 307 83 54 les
258 307 178 54 Jansénistes
400 307 107 54 comme
472 307 71 54 un
507 307 119 54 saint.
590 307 107 54 L.
661 307 130 54 a.
756 307 95 54 sig.
815 307 142 54 Jean,
922 307 119 54 évêque
993 307 95 54 de

104 344 169 50 Senez,
234 344 182 50 prisonnier
377 344 78 50 de
416 344 260 50 Jésus-Christ
637 344 78 50 (à
676 344 78 50 la
715 344 182 50 supérieure
858 344 104 50 d’un
923 344 169 50 couvent);
1040 344 52 50 19

107 383 123 51 févr.
189 383 123 51 1739,
272 383 68 51 1
299 383 82 51 p.
340 383 96 51 1/2
381 383 96 51 in

136 422 171 39 Curieuse
264 422 143 39 épître
364 422 100 39 sur
421 422 100 39 les
478 422 228 39 persécutions
663 422 114 39 dont
735 422 86 39 il
777 422 100 39 est
834 422 171 39 l’objet.
963 422 114 39 «Les
1020 422 71 39 me-

106 450 127 49 naces
191 450 85 49 se
233 450 240 49 renouvellent,
431 450 156 49 dit-il,
544 450 85 49 et
587 450 198 49 j’apprends
742 450 99 49 que
799 450 156 49 l’orage
912 450 156 49 devient
1011 450 85 49 plus

103 482 163 46 sérieux.
226 482 82 46 Je
267 482 109 46 lève
335 482 122 46 aussi
416 482 109 46 plus
484 482 177 46 fortement
620 482 95 46 mes
674 482 122 46 mains
756 482 109 46 vers
824 482 82 46 le
865 482 122 46 ciel,
946 482 95 46 car
1001 482 82 46 il
1028 482 68 46 n’y

102 513 74 53 a
132 513 118 53 plus
206 513 118 53 rien
279 513 74 53 à
309 513 177 53 attendre
442 513 103 53 des
501 513 162 53 hommes,
619 513 118 53 mais
693 513 89 53 la
737 513 103 53 foi
796 513 103 53 est
855 513 89 53 le
899 513 192 53 bouclier,
1032 513 59 53 le

110 549 141 46 casque
208 549 84 46 et
251 549 84 46 la
293 549 169 46 cuirasse
419 549 84 46 de
461 549 112 46 tous
532 549 112 46 ceux
602 549 98 46 qui
658 549 197 46 combattent
813 549 112 46 pour
883 549 84 46 la
911 549 183 46 justice...»

109 586 125 53 24386
192 586 166 53 SOUBRANY
317 586 97 53 (P.
373 586 83 53 A.
414 586 111 53 de),
484 586 139 53 député
581 586 83 53 du
622 586 208 53 Puy-de-Dôme
789 586 69 53 à
817 586 83 53 la
858 586 208 53 Convention,
1011 586 83 53 com-

115 620 137 46 oromis
211 620 110 46 dans
280 620 96 46 les
334 620 164 46 journées
458 620 82 46 de
499 620 164 46 prairial
622 620 82 46 et
663 620 164 46 décapité
786 620 110 46 avec
855 620 192 46 Bourbotte.
1005 620 82 46 L.
1033 620 68 46 s.,

111 659 99 48 sig.
173 659 112 48 aussi
247 659 87 48 par
297 659 224 48 Maignet
484 659 75 48 et
521 659 336 48 Maribon-Montaut
819 659 75 48 au
844 659 249 48 commissaire-

109 699 140 40 nateur;
211 699 114 40 Metz,
287 699 89 40 1er
338 699 102 40 juin
401 699 114 40 1793,
477 699 63 40 1
503 699 76 40 p.
541 699 140 40 in-fol.
642 699 114 40 Belle
718 699 127 40 pièce.
807 699 63 40 5
820 699 38 40 »

116 724 96 48 24387
180 724 159 48 SPALLANZANI
308 724 138 48 (Lazare),
414 724 127 48 illustre
509 724 149 48 anatomiste
626 724 127 48 italien.
722 724 96 48 L.
786 724 64 48 a.
817 724 106 48 s.
892 724 53 48 à
902 724 96 48 Vallis-

112 765 107 43 neri;
183 765 71 43 29
219 765 107 43 avril
291 765 107 43 1757,
362 765 59 43 2
386 765 71 43 p.
421 765 107 43 in-4.
493 765 107 43 Belle
564 765 131 43 lettre.
659 765 59 43 6
671 765 36 43 »

117 790 107 57 24388
188 790 131 57 STEWART
283 790 154 57 (Dugald),
402 790 71 57 le
438 790 131 57 célèbre
532 790 166 57 philosophe
663 790 154 57 écossais.
782 790 107 57 L.
853 790 71 57 a.
888 790 119 57 s.
971 790 59 57 à
995 790 71 57 M.
1019 790 83 57 Fran-

122 830 91 52 cis
174 830 142 52 Horner;
277 830 246 52 Kenneillhausse,
485 830 65 52 4
510 830 117 52 janv.
588 830 117 52 1813,
666 830 65 52 4
692 830 78 52 p.
731 830 91 52 1/2
782 830 117 52 in-4.
847 830 246 52 Très

992 862 75 42 30
1017 862 38 42 »

150 904 157 46 Superbe
264 904 86 46 et
307 904 228 46 intéressante
492 904 157 46 lettre,
606 904 86 46 où
649 904 86 46 il
692 904 157 46 annonce
806 904 128 46 qu’il
891 904 157 46 prépare
1005 904 86 46 le
1034 904 71 46 se-

120 944 106 41 cond
186 944 132 41 volume
278 944 79 41 de
318 944 93 41 ses
371 944 198 41 Eléments
530 944 79 41 de
569 944 264 41 philosophie
794 944 79 41 et
834 944 119 41 parle
913 944 79 41 de
953 944 79 41 la
979 944 119 41 corres-

112 966 180 57 pondance
247 966 135 57 entre
337 966 210 57 Montalivet
502 966 90 57 et
547 966 90 57 la
593 966 165 57 Chambre
713 966 90 57 de
758 966 180 57 commerce
893 966 90 57 de
923 966 135 57 Genève.

121 1000 130 54 24389
207 1000 188 54 STRAFFORD
352 1000 159 54 (Thomas
467 1000 202 54 WENTWORTH,
626 1000 130 54 comte
713 1000 116 54 de),
785 1000 173 54 illustre
915 1000 130 54 homme
987 1000 116 54 d’État

122 1046 153 44 anglais,
237 1046 127 44 favori
326 1046 76 44 de
364 1046 140 44 Charles
466 1046 102 44 Ier,
530 1046 153 44 décapité
644 1046 64 44 à
670 1046 140 44 Londres
772 1046 76 44 le
810 1046 76 44 12
848 1046 89 44 mai
899 1046 115 44 1641.
963 1046 140 44 P.

113 1074 107 52 s.
184 1074 213 52 Wentworth;
362 1074 189 52 Westminster,
516 1074 71 52 15
551 1074 95 52 déc.
610 1074 107 52 1629,
682 1074 59 52 6
705 1074 71 52 p.
741 1074 83 52 gr.
788 1074 130 52 in-fol.
871 1074 225 52 Très

993 1106 134 39 50
1037 1106 67 39 »

152 1136 158 55 Pièce
271 1136 185 55 magnifique
416 1136 79 55 et
455 1136 158 55 document
574 1136 185 55 historique
719 1136 304 55 très-important
983 1136 119 55 C’est
1049 1136 53 55 la

124 1180 112 49 copie
198 1180 100 49 d’un
261 1180 224 49 varrant
447 1180 75 49 de
485 1180 137 49 Charles
584 1180 100 49 Ier,
647 1180 162 49 certifiée
771 1180 149 49 conforme
883 1180 87 49 par
921 1180 149 49 Strafford.

124 1221 122 44 24390
206 1221 149 44 TALLIEN
315 1221 95 44 (J.
369 1221 109 44 L.),
437 1221 244 44 conventionnel,
640 1221 136 44 fameux
735 1221 95 44 par
790 1221 81 44 sa
830 1221 149 44 mission
939 1221 68 44 à
953 1221 149 44 Bordeaux.

121 1258 112 40 Reçu
191 1258 84 40 de
233 1258 70 40 3
261 1258 140 40 lignes
359 1258 112 40 aut.
429 1258 112 40 sig.
499 1258 84 40 au
541 1258 98 40 bas
597 1258 126 40 d’une
680 1258 140 40 pièce,
778 1258 126 40 datée
862 1258 84 40 du
904 1258 140 40 Caire;
988 1258 112 40 Paris,

125 1296 82 43 1er
172 1296 141 43 prairial
278 1296 71 43 an
314 1296 82 43 IX,
361 1296 59 43 1
384 1296 71 43 p.
420 1296 130 43 in-fol.
514 1296 59 43 4
526 1296 35 43 »

126 1312 107 59 24391
198 1312 143 59 THABAUD,
305 1312 119 59 député
388 1312 71 59 de
424 1312 131 59 l’Indre
519 1312 60 59 à
543 1312 71 59 la
578 1312 179 59 Convention.
721 1312 107 59 L.
793 1312 71 59 a.
828 1312 131 59 s.
923 1312 119 59 Paris,
1007 1312 60 59 5
1019 1312 83 59 prai-

127 1365 88 49 rial
182 1365 66 49 an
215 1365 77 49 II,
259 1365 55 49 1
281 1365 66 49 p.
315 1365 77 49 pl.
359 1365 99 49 in-4.
425 1365 55 49 3
436 1365 33 49 »

152 1393 165 50 Relative
276 1393 96 50 aux
331 1393 261 50 administrateurs
550 1393 82 50 de
591 1393 178 50 l’hôpital
715 1393 219 50 d’Indre

121 1427 95 66 24392
185 1427 116 66 TEXIER,
269 1427 105 66 député
343 1427 63 66 de
374 1427 63 66 la
406 1427 105 66 Creuze
480 1427 53 66 à
501 1427 63 66 la
533 1427 148 66 Convention
649 1427 95 66 P.
712 1427 63 66 a.
744 1427 116 66 s.;
828 1427 105 66 Paris,
902 1427 63 66 23
923 1427 63 66 ven-

119 1475 154 45 démiaire,
238 1475 83 45 1/2
285 1475 71 45 p.
321 1475 107 45 in-8.
392 1475 59 45 2
404 1475 47 45 50

128 1491 120 63 24393
208 1491 133 63 VALORI
301 1491 187 63 (Nicolas),
448 1491 160 63 illustre
568 1491 147 63 citoyen
674 1491 80 63 de
714 1491 173 63 Florence,
848 1491 200 63 ambassadeur
994 1491 107 63 auprès

125 1537 83 51 de
167 1537 124 51 Louis
249 1537 96 51 XII
304 1537 83 51 en
346 1537 124 51 1503,
428 1537 165 51 impliqué
552 1537 110 51 dans
621 1537 83 51 la
662 1537 220 51 conspiration
841 1537 96 51 des
896 1537 151 51 Capponi
993 1537 110 51 contre

120 1571 91 52 les
172 1571 156 52 Médicis,
289 1571 104 52 mort
354 1571 78 52 au
393 1571 91 52 sac
445 1571 78 52 de
484 1571 104 52 Rome
549 1571 78 52 en
588 1571 117 52 1527.
665 1571 117 52 L.
743 1571 78 52 a.
782 1571 130 52 s.
873 1571 65 52 à
899 1571 117 52 Guil.
977 1571 143 52 Caponi,
1068 1571 39 52 à

120 1606 111 53 Rome;
194 1606 161 53 Florence,
318 1606 74 53 14
355 1606 99 53 août
417 1606 111 53 1507,
491 1606 62 53 1
516 1606 74 53 p.
553 1606 87 53 pl.
602 1606 111 53 in-4,
676 1606 136 53 cachet.
775 1606 198 53 Rare
936 1606 74 53 18
961 1606 37 53 »

137 1632 116 66 24394
214 1632 128 66 VERJUS
304 1632 90 66 (le
355 1632 103 66 Père
420 1632 167 66 Antoine),
548 1632 154 66 jésuite,
664 1632 167 66 directeur
792 1632 90 66 des
843 1632 154 66 missions
959 1632 77 66 du
984 1632 116 66 Levant,

138 1677 180 51 rédicateur
279 1677 180 51 distingué,
420 1677 128 51 auteur
510 1677 103 51 d’un
574 1677 115 51 grand
651 1677 128 51 nombre
741 1677 192 51 d’ouvrages.
895 1677 115 51 L.
972 1677 77 51 a.
997 1677 103 51 s.

125 1718 76 50 (à
163 1718 102 50 Mlle
227 1718 76 50 de
265 1718 165 50 Scudéry);
392 1718 191 50 Versailles,
545 1718 76 50 25
583 1718 165 50 novembre,
711 1718 64 50 1
736 1718 76 50 p.
774 1718 89 50 pl.
825 1718 115 50 in-8.
901 1718 127 50 Peu
978 1718 127 50 com

138 1760 75 42 mun
196 1760 29 42 5
202 1760 17 42 »

160 1774 88 62 Il
204 1774 103 62 lui
263 1774 161 62 annonce
380 1774 103 62 que
439 1774 88 62 le
483 1774 117 62 Père
556 1774 88 62 de
600 1774 88 62 La
644 1774 147 62 Chaize
747 1774 73 62 a
776 1774 88 62 lu
820 1774 73 62 à
849 1774 88 62 Sa
893 1774 161 62 Majesté
1010 1774 88 62 ce
1040 1774 73 62 que

124 1818 111 56 Mlle
194 1818 84 56 de
235 1818 153 56 Scudéry
347 1818 70 56 a
375 1818 125 56 écrit
458 1818 97 56 sur
514 1818 84 56 sa
542 1818 139 56 maladie.

82 1954 363 49 L’authenticité
390 1954 127 49 des
463 1954 272 49 Autographes
681 1954 127 49 est
735 1954 254 49 garantie

64 1992 87 54 Le
107 1992 188 54 Catalogue
251 1992 116 54 sera
324 1992 145 54 envoyé
425 1992 72 54 à
454 1992 145 54 toutes
555 1992 101 54 les
613 1992 188 54 personnes
758 1992 101 54 qui
815 1992 87 54 en
859 1992 145 54 feront
960 1992 87 54 la
989 1992 130 54 demande

38 2035 192 57 affranchir)

265 2110 220 50 Strasbourg,
441 2110 220 50 typographie
617 2110 88 50 de
661 2110 88 50 G.
690 2110 191 50 Silbermann.
