1229 2158
497 -18 119 67 —
545 -18 119 67 7
569 -18 71 67 —

131 48 129 54 «Cela
217 48 186 54 ressemble
360 48 86 54 si
403 48 115 54 peu,
474 48 158 54 dit-il,
589 48 86 54 au
632 48 129 54 reste
718 48 86 54 de
761 48 86 54 ma
804 48 129 54 vie.»
890 48 186 54 Nouvelles
1019 48 100 54 poli-

126 77 154 56 tiques.
238 77 84 56 On
280 77 84 56 ne
322 77 112 56 sait
392 77 98 56 pas
448 77 84 56 au
490 77 126 56 juste
574 77 84 56 ce
616 77 98 56 qui
672 77 126 56 s’est
756 77 126 56 passé
840 77 126 56 entre
924 77 196 56 Buonaparte
1064 77 56 56 et

137 111 149 67 Nelson.
246 111 190 67 Réflexions
395 111 95 67 sur
449 111 81 67 la
490 111 122 67 prise
571 111 81 67 de
612 111 122 67 Malte
693 111 81 67 et
734 111 176 67 l’incurie
869 111 95 67 des
923 111 163 67 derniers
1032 111 81 67 che-

134 149 161 59 valiers,
254 149 80 59 ce
294 149 94 59 qui
348 149 161 59 l’oblige
468 149 67 59 à
495 149 147 59 changer
602 149 80 59 un
642 149 107 59 vers
709 149 120 59 qu’il
789 149 120 59 avait
870 149 107 59 fait
937 149 120 59 jadis
1017 149 94 59 sur
1057 149 67 59 les

131 198 141 46 arbres
230 198 99 46 qui
286 198 184 46 croissent
428 198 71 46 à
442 198 113 46 Malte:

224 226 80 54 Et
264 226 94 54 les
317 226 161 54 lauriers
438 226 121 54 enfin
518 226 67 54 y
545 226 174 54 croissent
679 226 107 54 sans
733 226 134 54 culture,

138 272 87 49 en
166 272 159 49 celui

140 297 90 56 Et
185 297 105 56 les
245 297 180 56 lauriers
380 297 135 56 jadis
470 297 75 56 y
500 297 225 56 croissaient
680 297 120 56 sans
740 297 150 56 culture.

137 330 120 62 24215
217 330 80 62 DE
257 330 133 62 L’ISLE
350 330 120 62 (Jos.
430 330 133 62 Nic.),
523 330 80 62 un
563 330 93 62 des
617 330 107 62 plus
683 330 147 62 savants
790 330 187 62 astronomes
936 330 80 62 et
963 330 160 62 géographes

135 367 76 60 de
173 367 89 60 son
224 367 127 60 temps.
313 367 114 60 L.
389 367 76 60 a.
427 367 127 60 s.
516 367 127 60 Paris,
605 367 63 60 7
630 367 102 60 juin
694 367 114 60 1748,
770 367 63 60 1
795 367 76 60 p.
833 367 89 60 pl.
884 367 114 60 in-4.
947 367 178 60 Intéressante

146 421 105 44 lettre
219 421 179 44 scientifique.
366 421 53 44 7
377 421 32 44 »

139 430 89 73 24216
198 430 99 73 DELVAU
267 430 128 73 (Alfred),
366 430 148 73 littérateur
484 430 128 73 original.
583 430 128 73 Voyage
681 430 79 73 d’un
730 430 177 73 tapissie/r
868 430 148 73 autour

137 480 103 49 de
205 480 137 49 quarante
308 480 206 49 fauteuils
479 480 126 49 article
570 480 91 49 aut.
628 480 103 49 sig.,
696 480 57 49 2
719 480 69 49 p.
753 480 80 49 1/2
799 480 103 49 in-8.
867 480 57 49 3
879 480 34 49 »

142 508 102 61 24217
210 508 148 61 DESCHAMPS
323 508 136 61 (Émile),
425 508 125 61 célèbre
516 508 114 61 poëte.
596 508 102 61 L.
664 508 68 61 a.
698 508 114 61 s.
777 508 57 61 à
800 508 114 61 Victor
879 508 102 61 Hugo;
936 508 91 61 Paris,

145 553 91 48 28
190 553 137 48 avril
282 553 137 48 1840,
373 553 76 48 1
404 553 91 48 p.
449 553 107 48 pl.
510 553 137 48 in-8.
602 553 198 48 Curieuse.
754 553 76 48 2
769 553 46 48 »

140 583 68 75 24218
186 583 98 75 DESJOBERT
261 583 98 75 (Eugène),
336 583 83 75 peintre
396 583 113 75 d’histoire.
486 583 68 75 L.
531 583 45 75 a.
553 583 83 75 s.
613 583 68 75 1856,
658 583 38 75 1
673 583 45 75 p.
688 583 53 75 in

1030 611 95 41 1
1049 611 76 41 75

45 656 86 65 24219
103 656 124 65 DESNOYERS
198 656 67 65 (le
236 656 86 65 baron
293 656 124 65 Boucher),
388 656 105 65 célèbre
464 656 114 65 graveur,
549 656 95 65 membre
616 656 57 65 de
635 656 95 65 l’Insti-

149 701 77 47 tut.
197 701 86 47 L.
255 701 57 47 a.
283 701 105 47 s.
360 701 86 47 1845,
417 701 48 47 1
437 701 57 47 p.
465 701 86 47 in-8.
523 701 48 47 2
532 701 29 47 »

156 728 80 55 24220
209 728 71 55 DODE
254 728 53 55 DE
280 728 53 55 LA
307 728 106 55 BRUNERIE
386 728 62 55 (le
422 728 115 55 vicomte),
510 728 106 55 maréchal
590 728 53 55 de
617 728 97 55 France.
687 728 80 55 L.
741 728 53 55 a.
758 728 80 55 s.

145 753 281 69 quartier-général
384 753 70 69 à
412 753 169 69 Oyarzun,
538 753 70 69 9
566 753 126 69 avril
651 753 126 69 1823,
735 753 70 69 1
763 753 84 69 p.
805 753 126 69 in-4.
889 753 126 69 Pièce
959 753 169 69 militaire.

1038 789 88 48 2
1055 789 70 48 50

158 840 74 56 24221
207 840 82 56 DOPPET
264 840 180 56 (François-Amédée),
419 840 98 56 médecin,
493 840 90 56 général
558 840 49 56 en
583 840 74 56 chef,
632 840 82 56 chargé
681 840 41 56 des

152 864 124 67 sièges
238 864 74 67 de
275 864 99 67 Lyon
337 864 74 67 et
374 864 74 67 de
411 864 136 67 Toulon,
510 864 124 67 auteur
597 864 74 67 de
634 864 198 67 Mémoires.
795 864 74 67 L.
832 864 74 67 a.
869 864 136 67 s.
968 864 124 67 Nancy,
1043 864 49 67 10

158 903 124 56 ventôse
248 903 68 56 an
282 903 68 56 IV
316 903 56 56 4
338 903 68 56 p.
372 903 135 56 in-fol.,
473 903 90 56 tête
530 903 101 56 impr.
597 903 68 56 et
631 903 90 56 vig.
687 903 180 56 Rare
834 903 56 56 7
845 903 34 56 »

154 931 84 67 24222
210 931 84 67 DORAT
266 931 75 67 (Cl.
313 931 94 67 Jos.),
379 931 94 67 poëte,
444 931 75 67 dont
491 931 141 67 l’afféterie
604 931 66 67 est
641 931 103 67 devenue
716 931 150 67 proverbiale.
829 931 56 67 Reçu

154 975 61 60 de
184 975 51 60 9
205 975 113 60 grandes
287 975 102 60 lignes
359 975 82 60 aut.
410 975 92 60 sig.;
471 975 102 60 Paris,
543 975 61 60 20
574 975 102 60 juill.
645 975 92 60 1774.
707 975 51 60 1
727 975 61 60 p.
758 975 82 60 in-4
799 975 82 60 oblong

159 1023 93 47 Jolie
220 1023 103 47 pièce.
292 1023 103 47 Peu
364 1023 154 47 commun
488 1023 51 47 6
498 1023 31 47 »

154 1031 100 72 24223
221 1031 111 72 DORVAL
298 1031 133 72 (Marie),
398 1031 67 72 la
432 1031 122 72 célèbre
521 1031 178 72 tragédienne.
665 1031 100 72 L.
732 1031 67 72 a.
765 1031 111 72 s.
843 1031 56 72 à
865 1031 67 72 M.
898 1031 144 72 Lefebvre,
1009 1031 56 72 1
1021 1031 44 72 p.

159 1102 64 38 in-8.
202 1102 36 38 3
209 1102 28 38 50

153 1108 131 69 24224
241 1108 190 69 DUBARRAN,
387 1108 263 69 conventionnel,
606 1108 146 69 membre
708 1108 88 69 du
752 1108 146 69 Comité
854 1108 88 69 de
898 1108 146 69 sûreté
986 1108 146 69 générale

195 1150 103 53 P.
263 1150 69 53 a.
298 1150 126 53 s.
389 1150 92 53 sig.
446 1150 103 53 aussi
515 1150 80 53 par
561 1150 103 53 M.
629 1150 114 53 Bayle,
709 1150 92 53 Elie
767 1150 137 53 Lacoste,
869 1150 194 53 Lavicomterie,
1018 1150 126 53 Louis

160 1174 80 70 (du
205 1174 160 70 Bas-Rhin),
331 1174 217 70 Voulland
514 1174 69 70 et
549 1174 206 70 Vadier;
720 1174 57 70 7
743 1174 137 70 germinal
846 1174 69 70 an
881 1174 80 70 II,
927 1174 80 70 3/4
972 1174 69 70 de
1007 1174 69 70 p.
1030 1174 114 70 in

156 1232 93 55 tête
214 1232 104 55 impr.
284 1232 69 55 et
319 1232 127 55 cachet.
411 1232 58 55 5
423 1232 46 55 50

185 1246 149 65 Arrêté
290 1246 90 65 du
334 1246 149 65 Comité
439 1246 90 65 de
484 1246 149 65 sûreté
588 1246 194 65 générale,
738 1246 164 65 portant
857 1246 105 65 que
917 1246 90 65 le
962 1246 134 65 nommé
1036 1246 105 65 Louis

163 1298 153 52 Gaspard
274 1298 111 52 sera
344 1298 97 52 mis
400 1298 84 52 en
442 1298 111 52 état
497 1298 223 52 d’arrestation.

158 1319 116 67 24225
235 1319 77 67 DU
274 1319 141 67 BOCCAGE
377 1319 193 67 (Marie-Anne
531 1319 77 67 LE
569 1319 129 67 PAGE),
659 1319 141 67 célèbre
762 1319 116 67 femme
839 1319 129 67 poëte,
929 1319 90 67 qui
968 1319 64 67 fut

165 1356 122 61 l’amie
250 1356 73 61 de
287 1356 98 61 tous
348 1356 86 61 les
397 1356 122 61 grands
483 1356 159 61 écrivains
605 1356 73 61 de
642 1356 86 61 son
691 1356 122 61 temps,
776 1356 86 61 née
825 1356 61 61 à
850 1356 122 61 Rouen.
935 1356 110 61 L.
1008 1356 73 61 a.
1033 1356 110 61 s.

158 1391 59 70 à
182 1391 129 70 Haller;
275 1391 117 70 Paris,
357 1391 70 70 15
393 1391 94 70 nov.
451 1391 105 70 1760,
522 1391 59 70 2
545 1391 70 70 p.
580 1391 82 70 1/2
627 1391 105 70 in-4,
697 1391 129 70 cachet.
791 1391 187 70 Rare
943 1391 70 70 30
967 1391 35 70 »

193 1419 177 74 Charmante
330 1419 150 74 épître,
439 1419 82 74 où
480 1419 109 74 elle
548 1419 150 74 raconte
657 1419 68 74 à
684 1419 136 74 Haller
780 1419 177 74 l’accueil
916 1419 164 74 flatteur
1025 1419 123 74 qu’elle

164 1455 66 75 a
190 1455 105 75 fait
256 1455 66 75 à
282 1455 92 75 son
335 1455 118 75 fils.
413 1455 105 75 Elle
479 1455 158 75 regrette
597 1455 118 75 qu’il
676 1455 92 75 ait
729 1455 144 75 renoncé
834 1455 66 75 à
860 1455 79 75 la
899 1455 131 75 poésie
991 1455 79 75 et
1018 1455 131 75 l’assure

163 1506 158 57 qu’elle
278 1506 72 57 a
307 1506 86 57 bu
350 1506 86 57 de
393 1506 130 57 grand
479 1506 115 57 cœur
551 1506 72 57 à
580 1506 86 57 sa
609 1506 115 57 santé.

172 1505 108 95 24226
244 1505 133 95 DUCANGE
341 1505 133 95 (Vtor),
437 1505 133 95 célèbre
533 1505 121 95 auteur
618 1505 181 95 dramatique.
762 1505 108 95 L.
835 1505 72 95 a.
871 1505 121 95 s.
955 1505 60 95 à
979 1505 84 95 Mme
1028 1505 108 95 Allan
1088 1505 60 95 Do-

174 1586 97 42 wal;
234 1586 109 42 1847,
307 1586 60 42 1
331 1586 73 42 p.
367 1586 85 42 1/2
416 1586 109 42 in-8.
488 1586 109 42 Jolie
561 1586 133 42 épître.
658 1586 60 42 2
670 1586 36 42 »

177 1577 100 96 24227
244 1577 134 96 DUCORNET
344 1577 100 96 (C.),
411 1577 134 96 peintre,
511 1577 67 96 né
544 1577 89 96 sans
600 1577 100 96 bras.
667 1577 100 96 L.
734 1577 67 96 a.
767 1577 111 96 s.
845 1577 56 96 à
867 1577 67 96 M.
901 1577 145 96 Delestre,
1012 1577 56 96 1
1023 1577 45 96 p.

177 1667 65 41 in-8.
220 1667 36 41 2
227 1667 29 41 25

538 1649 68 96 24228
584 1649 68 96 DUMAS
629 1649 60 96 père
666 1649 120 96 (Alexandre),
764 1649 83 96 célèbre
824 1649 105 96 romancier.
906 1649 68 96 L.
951 1649 45 96 a.
974 1649 83 96 s.
1034 1649 53 96 3/4
1064 1649 45 96 de
1086 1649 45 96 p.
1101 1649 53 96 in

1065 1702 89 52 1
1083 1702 71 52 50

176 1720 111 90 24229
250 1720 111 90 DUMAS
324 1720 99 90 fils
385 1720 197 90 (Alexandre),
546 1720 136 90 célèbre
644 1720 173 90 romancier,
780 1720 148 90 l’auteur
891 1720 74 90 de
928 1720 111 90 La
1002 1720 99 90 Dame
1051 1720 111 90 aux

176 1797 164 55 Camélias.
309 1797 62 55 L.
340 1797 62 55 a.
371 1797 113 55 s.
453 1797 72 55 1/2
494 1797 62 55 p.
525 1797 92 55 in-8.
587 1797 51 55 1
597 1797 41 55 50

161 1807 111 81 24230
235 1807 136 81 DUPUCH,
334 1807 124 81 député
421 1807 74 81 de
458 1807 74 81 la
495 1807 173 81 Guadeloupe
631 1807 62 81 à
656 1807 74 81 la
693 1807 186 81 Convention.
842 1807 111 81 L.
916 1807 74 81 a.
953 1807 124 81 s.
1040 1807 62 81 à
1053 1807 111 81 Palloy;

172 1863 125 74 Paris,
259 1863 75 74 15
297 1863 163 74 fructidor
422 1863 75 74 an
459 1863 100 74 III,
522 1863 63 74 1
547 1863 75 74 p.
584 1863 113 74 in-4.
659 1863 63 74 3
672 1863 38 74 »

200 1868 120 92 Belle
280 1868 147 92 lettre,
387 1868 80 92 où
427 1868 80 92 il
467 1868 80 92 le
507 1868 161 92 remercie
628 1868 80 92 de
668 1868 80 92 sa
708 1868 134 92 pierre
802 1868 80 92 de
842 1868 80 92 la
869 1868 147 92 Bastille.

74 1915 110 84 24231
147 1915 171 84 DUSEIGNEUR
281 1915 134 84 (Jean),
379 1915 122 84 habile
465 1915 171 84 sculpteur.
599 1915 110 84 L.
672 1915 73 84 a.
709 1915 134 84 s.
806 1915 110 84 1835,
880 1915 61 84 1
904 1915 73 84 p.
941 1915 110 84 in-8.
1014 1915 61 84 1
1026 1915 49 84 50

83 1960 108 84 24232
155 1960 143 84 ECKSTEIN
262 1960 84 84 (le
310 1960 108 84 baron
382 1960 108 84 Ferd.
454 1960 96 84 d’),
513 1960 131 84 célèbre
609 1960 143 84 écrivain
716 1960 179 84 catholique.
860 1960 108 84 L.
932 1960 120 84 a
1015 1960 72 84 s.
1039 1960 48 84 (à

182 2007 195 62 Lamennais),
338 2007 65 62 1
364 2007 78 62 p.
403 2007 91 62 pl.
455 2007 117 62 in-8.
533 2007 169 62 Charmante
663 2007 78 62 et
702 2007 156 62 curieuse
819 2007 143 62 épître.
923 2007 65 62 3
936 2007 52 62 50

79 2035 118 82 24233
157 2035 131 82 ESPERT
249 2035 118 82 (J.),
328 2035 131 82 député
419 2035 79 82 de
459 2035 157 82 l’Ariège
577 2035 65 82 à
603 2035 79 82 la
642 2035 196 82 Convention.
799 2035 118 82 L.
878 2035 79 82 a.
917 2035 144 82 s.
1022 2035 65 82 1
1048 2035 79 82 p.
1074 2035 92 82 in

1078 2061 93 44 2
1096 2061 74 44 50
