1222 2207
529 48 26 35 —
539 48 31 35 15
550 48 16 35 —

138 106 130 55 Comité
229 106 78 55 de
268 106 117 55 salut
346 106 143 55 public,
449 106 156 55 décapité
566 106 78 55 le
605 106 78 55 10
644 106 169 55 thermidor
774 106 78 55 an
813 106 91 55 II.
865 106 117 55 L.
942 106 130 55 s.
1033 106 78 55 au
1059 106 65 55 Co-

138 146 102 44 mité
202 146 76 44 de
240 146 127 44 sûreté
329 146 165 44 générale;
456 146 76 44 26
494 146 140 44 floréal
595 146 76 44 an
633 146 89 44 II,
684 146 63 44 1
709 146 76 44 p.
747 146 114 44 in-4.
824 146 76 44 30
849 146 38 44 »

165 171 195 59 Curieuse
321 171 182 59 pièce
465 171 65 59 —
491 171 117 59 Envoi
569 171 117 59 d’une
647 171 208 59 dénonciation
816 171 130 59 contre
895 171 234 59 l’administration

135 212 158 45 entière
249 212 86 45 du
292 212 215 45 département
464 212 86 45 de
507 212 86 45 la
550 212 158 45 Sarthe,
665 212 201 45 soupçonnée
823 212 86 45 de
866 212 215 45 fédéralisme
1038 212 86 45 et
1067 212 57 45 de

137 258 182 41 faiblesse
277 258 112 41 dans
347 258 98 41 les
403 258 154 41 mesures
502 258 266 41 révolutionnaires.

144 273 119 59 24369
223 273 119 59 ROBIN
302 273 132 59 (Ch.),
395 273 132 59 savant
487 273 145 59 médecin
593 273 79 59 et
633 273 238 59 physiologiste,
831 273 132 59 membre
924 273 79 59 de
950 273 172 59 l’Institut.

144 324 100 44 L.
211 324 67 44 a.
244 324 111 44 s.
322 324 56 44 à
344 324 244 44 Guérin-Menneville,
555 324 56 44 1
577 324 67 44 p.
610 324 78 44 1/2
655 324 100 44 in-8.
722 324 56 44 2
733 324 33 44 »

141 351 125 54 24370
224 351 125 54 ROHAN
308 351 139 54 (Henri
405 351 111 54 Ier,
474 351 97 54 duc
530 351 111 54 de),
599 351 236 54 généralissime
793 351 97 54 des
849 351 222 54 protestants,
1029 351 83 54 un
1057 351 69 54 des

146 389 105 52 plus
211 389 131 52 grands
303 389 183 52 capitaines
446 389 78 52 de
486 389 91 52 son
538 389 131 52 temps.
629 389 118 52 L.
708 389 144 52 a.
812 389 105 52 sig.
878 389 78 52 de
917 389 91 52 son
956 389 170 52 monogramme,

139 421 69 51 à
167 421 83 51 sa
208 421 125 51 mère;
292 421 152 51 Padoue,
402 421 97 51 1er
458 421 125 51 janv.
541 421 125 51 1631,
624 421 69 51 1
652 421 83 51 p.
693 421 166 51 in-fol.,
818 421 139 51 cachet
915 421 111 51 bien
971 421 152 51 conservé.

146 468 148 45 Très-belle
263 468 106 45 pièce.
337 468 64 45 35
358 468 32 45 »

166 489 86 53 Le
209 489 115 53 mois
281 489 86 53 de
324 489 173 53 décembre
453 489 72 53 a
482 489 101 53 été
540 489 216 53 très-froid:
713 489 101 53 les
770 489 158 53 lagunes
885 489 86 53 et
928 489 101 53 les
986 489 144 53 canaux
1072 489 58 53 de

99 534 145 35 Venise
200 534 101 35 ont
258 534 130 35 gelé,
345 534 87 35 ce
388 534 101 35 qui
446 534 116 35 fait
518 534 174 35 diminuer
648 534 87 35 la
692 534 145 35 peste.
793 534 130 35 «Nous
880 534 203 35 continuons
1025 534 101 35 tous-

149 556 123 55 jours
231 556 68 55 à
258 556 123 55 estre
340 556 95 55 icy
395 556 82 55 en
435 556 191 55 très-bonne
585 556 163 55 santé...
708 556 109 55 L’on
776 556 123 55 croid
858 556 95 55 icy
912 556 82 55 la
953 556 123 55 paix,
1035 556 82 55 ce
1062 556 68 55 qui

143 599 155 48 retarde
255 599 211 48 tout-à-fait
424 599 98 48 mes
466 599 141 48 levées.»

153 627 104 52 24371
223 627 104 52 RONGE
292 627 127 52 (Jean),
384 627 104 52 curé,
453 627 127 52 célèbre
545 627 219 52 révolutionnaire
729 627 150 52 allemand.
844 627 104 52 L.
913 627 69 52 a.
948 627 127 52 s.
1040 627 69 52 25
1063 627 69 52 déc.

156 669 100 49 1855,
222 669 55 49 2
244 669 66 49 p.
278 669 78 49 1/2
322 669 100 49 in-8.
388 669 155 49 Très-belle
510 669 122 49 lettre.
599 669 177 49 Rare
743 669 55 49 6
754 669 33 49 »

150 701 94 52 24372
212 701 135 52 ROSSIGNOL
316 701 73 52 (J.
357 701 104 52 Ant.),
430 701 114 52 célèbre
513 701 114 52 général
596 701 208 52 révolutionnaire,
773 701 73 52 qui
804 701 104 52 commanda

149 750 121 36 l’armée
237 750 77 36 des
281 750 99 36 côtes
347 750 66 36 de
380 750 66 36 La
413 750 132 36 Rochelle
512 750 66 36 et
544 750 110 36 battit
621 750 77 36 les
665 750 143 36 Vendéens,
775 750 88 36 mort
830 750 66 36 en
852 750 66 36 1802

142 763 69 58 à
170 763 152 58 Anjouan
280 763 124 58 (côte
363 763 83 58 de
404 763 220 58 Madagascar),
583 763 83 58 où
624 763 83 58 il
666 763 124 58 avait
748 763 96 58 été
803 763 152 58 déporté
914 763 124 58 après
982 763 152 58 l’affaire

147 801 71 48 de
183 801 71 48 la
218 801 130 48 machine
312 801 165 48 infernale.
442 801 106 48 P.
512 801 71 48 a.
548 801 130 48 s.
642 801 59 48 7
666 801 141 48 brumaire
772 801 71 48 an
807 801 82 48 IV,
854 801 59 48 1
878 801 71 48 p.
913 801 106 48 in-4.
972 801 165 48 Rare

1029 832 128 50 15
1071 832 64 50 »

149 869 108 59 24373
221 869 144 59 ROUSSEAU
330 869 84 59 (J.
378 869 96 59 B.),
438 869 72 59 un
474 869 72 59 de
510 869 84 59 nos
558 869 96 59 plus
618 869 144 59 célèbres
727 869 120 59 poëtes
811 869 156 59 lyriques.
931 869 108 59 L.
1004 869 72 59 a.
1040 869 120 59 s.
1112 869 36 59 à

147 902 102 59 Mme
206 902 88 59 de
250 902 161 59 Fériol;
366 902 161 59 Vienne,
483 902 88 59 14
527 902 146 59 juill.
629 902 131 59 1717,
717 902 73 59 3
746 902 88 59 p.
790 902 102 59 pl.
848 902 131 59 in-4,
921 902 219 59 cachet

1022 935 146 44 60
1070 935 73 44 »

189 970 250 69 TRÈS-CURIEUSE
396 970 162 69 LETTRE.
513 970 74 69 —
543 970 250 69 Protestations
749 970 192 69 d’amitié.
897 970 192 69 Prochaine
1029 970 118 69 ouver-

156 1006 113 59 ture
227 1006 85 59 du
269 1006 127 59 siège
354 1006 141 59 devant
453 1006 184 59 Belgrade.
594 1006 255 59 Emprisonnement
807 1006 85 59 de
849 1006 184 59 Voltaire.
990 1006 127 59 «J’ai
1061 1006 85 59 esté

152 1042 112 66 plus
222 1042 140 66 fasché
320 1042 98 66 que
376 1042 154 66 surpris
488 1042 84 66 de
530 1042 84 66 la
572 1042 168 66 disgrace
698 1042 84 66 du
740 1042 140 66 pauvre
838 1042 154 66 Arouet.
950 1042 84 66 Il
992 1042 98 66 n’y
1048 1042 70 66 a
1062 1042 84 66 rien

160 1081 88 55 de
204 1081 88 55 si
248 1081 191 55 dangereux
395 1081 103 55 que
454 1081 88 55 de
498 1081 88 55 se
542 1081 176 55 répandre
674 1081 117 55 dans
748 1081 88 55 le
792 1081 132 55 monde
880 1081 132 55 avant
968 1081 162 55 d’avoir
1071 1081 73 55 ap-

154 1108 114 61 pris
225 1108 71 61 à
253 1108 85 61 le
296 1108 213 61 connoistre.
466 1108 85 61 Je
509 1108 170 61 souhaite
637 1108 114 61 pour
708 1108 156 61 l’amour
821 1108 85 61 de
864 1108 99 61 lui
921 1108 99 61 que
978 1108 85 61 sa
1020 1108 114 61 muse
1077 1108 71 61 ait

154 1143 81 55 le
195 1143 108 55 tems
263 1143 122 55 qu’il
344 1143 95 55 lui
398 1143 108 55 faut
465 1143 108 55 pour
533 1143 81 55 se
573 1143 135 55 meurir
668 1143 68 55 à
695 1143 81 55 la
736 1143 176 55 Bastille.
871 1143 108 55 Elle
938 1143 68 55 y
965 1143 108 55 sera
1033 1143 108 55 plus
1087 1143 54 55 en

154 1180 165 55 seureté
274 1180 105 55 que
334 1180 120 55 dans
409 1180 195 55 certaines
545 1180 210 55 compagnies.»

53 1206 372 64 24374-ROYER-COLLARD
376 1206 113 64 (P.
441 1206 129 64 P.),
522 1206 178 64 célèbre
651 1206 227 64 philosophe
829 1206 97 64 et
878 1206 146 64 homme
975 1206 178 64 d’État,
1088 1206 65 64 de

161 1250 140 51 l’Acad.
263 1250 89 51 fr.
314 1250 115 51 L.
391 1250 76 51 a.
429 1250 127 51 s.
518 1250 64 51 à
543 1250 76 51 M.
582 1250 153 51 Paravey;
696 1250 76 51 28
735 1250 102 51 mars
798 1250 115 51 1828,
875 1250 89 51 3/4
926 1250 76 51 de
964 1250 76 51 p.
1002 1250 115 51 in-4.
1066 1250 89 51 Très-

169 1296 93 45 belle
231 1296 103 45 pièce.
303 1296 52 45 8
313 1296 31 45 »

163 1307 109 68 24375
236 1307 97 68 SADE
296 1307 109 68 (Don.
369 1307 109 68 Alph.
442 1307 97 68 Fr.,
503 1307 134 68 marquis
600 1307 97 68 de),
661 1307 73 68 le
697 1307 97 68 trop
758 1307 121 68 fameux
843 1307 121 68 auteur
928 1307 73 68 de
952 1307 194 68 Justine

162 1362 105 54 P.
232 1362 70 54 a.
267 1362 128 54 s.
361 1362 187 54 (Charenton),
512 1362 58 54 6
536 1362 152 54 fructidor
652 1362 70 54 an
687 1362 105 54 XIII,
757 1362 58 54 4
780 1362 70 54 p.
815 1362 82 54 pl.
862 1362 105 54 in-4.
932 1362 187 54 Rare
1084 1362 70 54 40
1107 1362 35 54 »

199 1388 194 63 Curieuse
354 1388 181 63 pièce
496 1388 77 63 Ce
535 1388 103 63 sont
599 1388 90 63 les
651 1388 168 63 dernières
780 1388 206 63 propositions
948 1388 116 63 qu’il
1025 1388 103 63 fait
1089 1388 65 63 à
1102 1388 52 63 sa

159 1421 163 65 famille,
282 1421 163 65 «d’après
404 1421 231 65 l’acceptation
595 1421 204 65 desquelles,
758 1421 150 65 dit-il,
866 1421 82 65 je
907 1421 150 65 promets
1016 1421 82 65 de
1043 1421 109 65 signer

165 1467 228 51 sur-le-champ
350 1467 86 51 la
393 1467 214 51 transaction
564 1467 114 51 dont
635 1467 86 51 on
678 1467 100 51 m’a
735 1467 143 51 envoyé
835 1467 86 51 le
878 1467 143 51 plan.»
978 1467 86 51 Il
1006 1467 143 51 accepte,

170 1488 112 64 pour
240 1488 84 64 la
282 1488 153 64 cession
393 1488 139 64 totale
491 1488 84 64 de
533 1488 98 64 son
588 1488 126 64 bien,
672 1488 98 64 une
728 1488 126 64 rente
812 1488 84 64 de
853 1488 112 64 5000
909 1488 70 64 fr.

167 1510 123 75 24376
249 1510 191 75 SAINT-ANGE
399 1510 150 75 (Fariau
508 1510 109 75 de),
576 1510 136 75 poëte,
672 1510 191 75 traducteur
822 1510 164 75 d’Ovide,
944 1510 82 75 de
985 1510 150 75 l’Acad.
1081 1510 68 75 fr.

175 1562 103 61 L.
243 1562 69 61 a.
278 1562 126 61 s.
369 1562 114 61 Paris,
449 1562 69 61 19
483 1562 80 61 mai
529 1562 103 61 1791,
598 1562 57 61 1
621 1562 69 61 p.
655 1562 80 61 1/2
701 1562 103 61 in-4.
769 1562 149 61 Curieuse.
884 1562 57 61 2
895 1562 46 61 50

166 1581 134 78 24377
255 1581 238 78 SAINT-ARNAUD
448 1581 104 78 (A.
508 1581 134 78 LEROY
597 1581 119 78 de),
671 1581 178 78 maréchal
805 1581 89 78 de
849 1581 163 78 France,
968 1581 104 78 qui
1013 1581 148 78 commença

175 1637 162 58 l’expédition
306 1637 61 58 de
337 1637 111 58 Crimée.
418 1637 91 58 L.
479 1637 61 58 a.
509 1637 111 58 s.
590 1637 142 58 Mostaganem
701 1637 91 58 1848,
762 1637 71 58 1/2
802 1637 61 58 p.
833 1637 91 58 in-8.
883 1637 51 58 Lé-

169 1688 93 46 gère
228 1688 163 46 déchirure.
355 1688 58 46 3
367 1688 35 46 »

173 1684 121 82 24378
253 1684 228 82 SAINT-HILAIRE
440 1684 161 82 (Auguste
561 1684 107 82 de),
628 1684 134 82 savant
722 1684 187 82 botaniste,
869 1684 134 82 membre
963 1684 80 82 de
989 1684 161 82 l’Institut

171 1753 90 48 L.
231 1753 60 48 a.
261 1753 110 48 s.
340 1753 60 48 22
370 1753 80 48 déc.
420 1753 90 48 1848,
480 1753 50 48 1
500 1753 60 48 p.
529 1753 90 48 in-4.
589 1753 50 48 2
599 1753 40 48 25

178 1776 84 61 24379
234 1776 122 61 SAINT-LUC
327 1776 122 61 (François
421 1776 131 61 d’ESPINAY,
524 1776 112 61 seigneur
608 1776 75 61 de),
655 1776 112 61 illustre
739 1776 122 61 capitaine
824 1776 37 61 du

171 1810 154 63 seizième
286 1810 141 63 siècle,
389 1810 154 63 surnommé
504 1810 115 63 le
581 1810 179 63 brave
722 1810 205 63 grand-maître
888 1810 77 63 de
927 1810 218 63 l’artillerie,
1093 1810 64 63 tué

172 1842 76 71 au
210 1842 114 71 siège
286 1842 152 71 d’Amiens
400 1842 76 71 en
438 1842 114 71 1597.
514 1842 89 71 P.
565 1842 139 71 s.
666 1842 63 71 3
691 1842 101 71 oct.
755 1842 114 71 1594,
831 1842 63 71 2
856 1842 76 71 p.
894 1842 139 71 in-fol.
995 1842 114 71 Belle
1059 1842 101 71 pièce.

1067 1875 56 39 10
1085 1875 28 39 »

172 1926 110 46 24380
245 1926 195 46 SAINT-PIERRE
404 1926 85 46 (H.
453 1926 159 46 Bernardin
575 1926 98 46 de),
636 1926 146 46 l’auteur
746 1926 73 46 de
782 1926 134 46 Paul
880 1926 73 46 et
916 1926 208 46 Virginie
1075 1926 49 46 de

178 1956 121 59 l’Acad.
266 1956 77 59 fr.
310 1956 99 59 L.
375 1956 66 59 a.
408 1956 110 59 s.
485 1956 55 59 à
507 1956 66 59 sa
540 1956 110 59 femme,
617 1956 55 59 2
639 1956 66 59 p.
672 1956 77 59 pl.
715 1956 99 59 in-4.
781 1956 66 59 15
803 1956 33 59 »

210 1979 135 71 Épître
304 1979 148 71 intime,
412 1979 135 71 signée
506 1979 216 71 Bernardin
681 1979 81 71 de
721 1979 283 71 Saint-Pierre,
964 1979 81 71 ce
1004 1979 94 71 qui
1058 1979 81 71 se
1085 1979 81 71 ren-

175 2036 161 48 contre
288 2036 113 48 peu
336 2036 225 48 communément.

79 2062 109 62 24381
151 2062 133 62 SANDEAU
248 2062 145 62 (Jules),
356 2062 169 62 romancier,
489 2062 72 62 de
525 2062 133 62 l’Acad.
622 2062 84 62 fr.
670 2062 109 62 L.
742 2062 72 62 a.
779 2062 133 62 s.
875 2062 60 62 1
899 2062 72 62 p.
935 2062 109 62 in-8.
1008 2062 60 62 2
1020 2062 48 62 25

85 2094 128 75 24382
170 2094 142 75 SARDOU
270 2094 128 75 (V.),
355 2094 156 75 célèbre
469 2094 142 75 auteur
568 2094 213 75 dramatique.
739 2094 142 75 Billet
839 2094 114 75 aut.
910 2094 128 75 sig.,
995 2094 71 75 1
1024 2094 85 75 p.
1052 2094 114 75 in

1077 2126 93 45 1
1095 2126 74 45 50
