1179 2209
527 -2 124 50 —
577 -2 124 50 4
602 -2 74 50 —

166 56 109 55 24167
238 56 193 55 BONAVENTURE,
395 56 121 55 député
480 56 72 55 de
516 56 72 55 la
552 56 97 55 Dyle
613 56 60 55 à
637 56 72 55 la
673 56 181 55 Convention.
818 56 109 55 L.
890 56 72 55 a.
927 56 121 55 s.
1011 56 72 55 au
1035 56 109 55 citoyen

154 94 126 48 Dupré;
243 94 126 48 Paris,
331 94 63 48 9
356 94 152 48 frimaire
470 94 76 48 an
508 94 114 48 VIII,
584 94 63 48 2
609 94 76 48 p.
647 94 114 48 in-4.
723 94 114 48 Belle
798 94 139 48 lettre.
899 94 63 48 3
912 94 38 48 »

156 134 113 50 24168
232 134 138 50 BOUDIN,
332 134 225 50 conventionnel,
519 134 125 50 membre
607 134 75 50 du
644 134 125 50 Comité
732 134 75 50 de
770 134 125 50 sûreté
857 134 163 50 générale.
982 134 113 50 P.
1045 134 100 50 a.

154 171 155 38 s.
276 171 89 38 sig.
331 171 100 38 aussi
398 171 78 38 par
442 171 177 38 Pemartin,
586 171 133 38 Mathieu,
686 171 155 38 Rovère
808 171 66 38 et
841 171 222 38 Delecloy;
1029 171 66 38 14
1051 171 89 38 germi-

157 206 86 46 nal
206 206 74 46 an
243 206 98 46 III,
304 206 86 46 3/4
354 206 74 46 de
391 206 74 46 p.
427 206 148 46 in-fol.,
538 206 98 46 tête
600 206 111 46 impr.
674 206 74 46 et
711 206 111 46 vign.
784 206 62 46 3
797 206 49 46 50

185 235 136 48 Ordre
275 235 256 48 d’arrestation
486 235 90 48 du
531 235 136 48 nommé
607 235 136 48 Cornic.

151 267 123 66 24169
234 267 151 66 BOURET,
343 267 247 66 conventionnel,
549 267 137 66 envoyé
645 267 82 66 en
686 267 151 66 mission
795 267 110 66 dans
864 267 96 66 les
919 267 219 66 départements
1083 267 55 66 de

151 315 77 46 la
190 315 128 46 Manche
279 315 77 46 et
318 315 77 46 du
356 315 167 46 Calvados.
485 315 115 46 L.
562 315 77 46 a.
600 315 128 46 s.
690 315 64 46 à
716 315 103 46 Jean
780 315 90 46 Bon
831 315 205 46 Saint-Andre;
985 315 154 46 Cherbourg,

152 344 74 53 28
189 344 148 53 germinal
299 344 74 53 an
336 344 86 53 II,
386 344 62 53 1
410 344 74 53 p.
447 344 86 53 1/2
497 344 111 53 in-4.
570 344 62 53 3
583 344 49 53 50

182 370 222 72 Intéressante
362 370 139 72 épître
459 370 97 72 sur
515 370 83 72 un
557 370 125 72 envoi
640 370 83 72 de
681 370 83 72 30
723 370 139 72 pièces
820 370 83 72 de
862 370 125 72 canon
945 370 69 72 à
973 370 125 72 Brest
1056 370 83 72 et
1084 370 55 72 le

154 404 161 65 lancement
278 404 74 65 de
315 404 74 65 la
352 404 136 65 frégate
451 404 112 65 la
513 404 211 65 Carmagnole

152 448 116 66 24170
229 448 142 66 BOSSUET
333 448 90 66 (J.
384 448 103 66 B.),
449 448 181 66 l’illustre
590 448 129 66 évêque
681 448 77 66 de
719 448 129 66 Meaux,
810 448 77 66 de
848 448 142 66 l’Acad.
951 448 90 66 fr.
990 448 142 66 Manuscrit

147 488 214 53 autographe,
318 488 85 53 38
360 488 85 53 p.
403 488 128 53 in-4.
489 488 100 53 110
531 488 43 53 »

179 528 163 50 PRÉCIEUX
302 528 191 50 MANUSCRIT.
452 528 82 50 Ce
493 528 109 50 sont
561 528 95 50 des
615 528 123 50 notes
697 528 82 50 et
738 528 95 50 des
792 528 163 50 extraits
915 528 109 50 pour
970 528 163 50 l’histoire

149 562 89 57 de
194 562 149 57 France
298 562 119 57 sous
372 562 89 57 le
417 562 134 57 règne
507 562 89 57 de
551 562 164 57 Charles
670 562 104 57 IX,
730 562 104 57 qui
789 562 119 57 sans
864 562 134 57 doute
953 562 104 57 ont
1013 562 134 57 servi
1087 562 45 57 à

142 595 162 44 Bossuet
260 595 118 44 pour
333 595 220 44 l’éducation
510 595 88 44 du
554 595 132 44 grand
627 595 147 44 Dauphin.

154 636 105 54 24171
224 636 151 54 BOULANGER
341 636 140 54 (Louis),
445 636 128 54 célèbre
538 636 128 54 peintre
632 636 175 54 d’histoire.
771 636 105 54 L.
841 636 70 54 a.
876 636 128 54 s.
969 636 58 54 7
992 636 105 54 févr.
1051 636 81 54 1857,

175 665 38 44 1
191 665 46 44 p.
213 665 68 44 in-8.
267 665 38 44 2
274 665 23 44 »

140 704 120 60 24172
220 704 120 60 BRAVO
300 704 187 60 (Nicolas),
446 704 147 60 célèbre
553 704 147 60 général
659 704 173 60 mexiçain,
793 704 240 60 vice-président
993 704 80 60 de
1033 704 80 60 la
1059 704 67 60 Ré-

153 746 162 44 publique,
277 746 87 44 qui
327 746 162 44 contribua
452 746 75 44 le
489 746 100 44 plus
552 746 75 44 au
589 746 200 44 renversement
752 746 187 44 d’Iturbide.
901 746 112 44 L.
976 746 75 44 a.
1014 746 125 44 s.
1089 746 37 44 à

144 772 92 60 bon
196 772 105 60 Jose
262 772 144 60 Fornel;
367 772 210 60 Sacocolluca,
538 772 79 60 31
577 772 105 60 déc.
643 772 118 60 1838,
721 772 66 60 1
748 772 79 60 p.
787 772 92 60 1/2
840 772 118 60 in-4.
918 772 66 60 4
931 772 53 60 50

172 811 123 46 Belle
254 811 137 46 lettre
350 811 96 46 sur
405 811 96 46 les
460 811 192 46 événements
597 811 178 46 politiques.

138 848 117 59 24173
216 848 104 59 BRÉA
280 848 91 59 (B.
332 848 104 59 de),
397 848 142 59 célèbre
501 848 155 59 général,
617 848 168 59 assassiné
747 848 142 59 pendant
850 848 91 59 les
902 848 155 59 journées
1018 848 78 59 de
1044 848 78 59 juin

152 881 92 55 1848.
213 881 92 55 L.
275 881 62 55 a.
306 881 113 55 s.
388 881 92 55 1847,
449 881 51 55 1
470 881 62 55 p.
501 881 72 55 pl.
542 881 92 55 in-8.
603 881 92 55 Jolie
665 881 113 55 lettre.
747 881 51 55 3
757 881 41 55 50

136 920 125 65 24174
220 920 195 65 BREITINGER
373 920 97 65 (J.
428 920 111 65 J.),
498 920 139 65 savant
595 920 195 65 théologien
748 920 195 65 protestant
901 920 83 65 du
929 920 195 65 dix

147 954 139 59 siècle,
248 954 101 59 chef
312 954 76 59 du
349 954 126 59 clergé
438 954 76 59 du
476 954 126 59 canton
564 954 76 59 de
602 954 139 59 Zurich.
703 954 114 59 L.
779 954 76 59 a.
817 954 139 59 s.,
918 954 76 59 en
956 954 126 59 latin,
1044 954 63 59 à
1057 954 63 59 Da-

137 990 114 61 niel
208 990 157 61 Tossan,
322 990 71 61 à
351 990 128 61 Bâle;
436 990 157 61 Zurich,
550 990 71 61 6
579 990 128 61 sept.
665 990 128 61 1640,
750 990 71 61 1
779 990 86 61 p.
821 990 157 61 in-fol.
921 990 200 61 Intéressante

145 1022 128 45 épître,
239 1022 70 45 un
274 1022 82 45 peu
320 1022 128 45 jaunie.
414 1022 70 45 10
437 1022 35 45 »

146 1063 111 56 24175
219 1063 135 56 BRILLAT
318 1063 74 56 DE
355 1063 135 56 SAVARIN
453 1063 86 56 (le
502 1063 184 56 chevalier),
649 1063 74 56 le
686 1063 160 56 spirituel
809 1063 123 56 auteur
895 1063 74 56 de
932 1063 74 56 la
956 1063 160 56 Phy

137 1101 167 54 siologie
271 1101 67 54 du
304 1101 100 54 goût.
371 1101 67 54 L.
405 1101 67 54 a.
438 1101 112 54 s.
516 1101 56 54 à
539 1101 123 54 Mgr...,
628 1101 56 54 1
650 1101 67 54 p.
684 1101 78 54 pl.
728 1101 123 54 in-fol.
818 1101 123 54 Superbe
907 1101 123 54 lettre.
985 1101 134 54 Peu

136 1127 137 51 commun
251 1127 38 51 6
258 1127 23 51 »

161 1167 180 63 Relative
296 1167 90 63 au
341 1167 225 63 département
520 1167 90 63 de
565 1167 135 63 l’Ain
655 1167 90 63 et
700 1167 195 63 notamment
850 1167 75 63 à
880 1167 165 63 commune
999 1167 90 63 de
1029 1167 90 63 Cei

120 1199 126 46 serieu.

138 1240 121 65 24176
218 1240 148 65 BROGLIE
326 1240 162 65 (Victor,
447 1240 94 65 duc
501 1240 108 65 de),
568 1240 162 65 ministre
689 1240 81 65 et
730 1240 121 65 homme
810 1240 148 65 d’État,
918 1240 81 65 de
959 1240 148 65 l’Acad.
1053 1240 67 65 fr.

135 1275 79 50 L.
188 1275 53 50 a.
214 1275 97 50 s.
285 1275 44 50 1
302 1275 53 50 p.
328 1275 79 50 in-8.
381 1275 44 50 2
390 1275 35 50 50

283 1300 84 71 24177
339 1300 94 71 BROHAN
405 1300 150 71 (Augustine),
526 1300 103 71 célèbre
602 1300 103 71 actrice
677 1300 56 71 du
705 1300 197 71 Théâtre-Français.
874 1300 84 71 L.
930 1300 56 71 a.
949 1300 84 71 s.

155 1345 43 48 1
173 1345 51 48 p.
198 1345 77 48 in-8.
250 1345 43 48 2
258 1345 26 48 »

133 1383 107 69 24178
205 1383 119 69 BROHAN
288 1383 191 69 (Madeleine),
443 1383 155 69 charmante
563 1383 131 69 actrice
658 1383 72 69 du
694 1383 251 69 Théâtre-Français.
909 1383 107 69 L.
981 1383 72 69 a.
1005 1383 107 69 s.

139 1418 57 47 1
161 1418 69 47 p.
196 1418 80 47 1/2
242 1418 103 47 in-8.
311 1418 149 47 Curieuse.
426 1418 57 47 2
437 1418 46 47 50

128 1456 122 61 24179
210 1456 135 61 BRUNET
304 1456 95 61 (P.
358 1456 81 61 J.
399 1456 108 61 B.),
467 1456 149 61 général
575 1456 81 61 en
615 1456 108 61 chef
683 1456 81 61 de
724 1456 149 61 l’armée
832 1456 176 61 d’Italie,
967 1456 81 61 né
1008 1456 81 61 en
1035 1456 81 61 Dau-

126 1496 144 59 phiné,
226 1496 144 59 accusé
327 1496 158 59 d’avoir
442 1496 130 59 voulu
529 1496 144 59 livrer
630 1496 144 59 Toulon
730 1496 101 59 aux
788 1496 158 59 Anglais
903 1496 86 59 et
946 1496 173 59 décapité
1061 1496 58 59 en

136 1523 112 68 1793.
210 1523 112 68 L.
285 1523 75 68 a.
322 1523 125 68 s.
410 1523 75 68 au
447 1523 162 68 président
572 1523 75 68 de
609 1523 75 68 la
646 1523 137 68 Société
746 1523 87 68 des
796 1523 100 68 Amis
858 1523 75 68 de
896 1523 75 68 la
933 1523 137 68 liberté
1033 1523 75 68 et
1070 1523 75 68 de

130 1553 148 64 l’égalité
243 1553 68 64 de
277 1553 114 64 Digne;
357 1553 102 64 Nice,
425 1553 57 64 8
448 1553 102 64 févr.
516 1553 68 64 an
550 1553 80 64 II,
596 1553 57 64 1
618 1553 68 64 p.
652 1553 125 64 in-fol.
743 1553 182 64 Rare
891 1553 68 64 10
914 1553 34 64 »

152 1596 174 64 Curieuse
282 1596 159 64 épître,
397 1596 101 64 par
455 1596 174 64 laquelle
585 1596 87 64 il
629 1596 101 64 lui
687 1596 159 64 annonce
802 1596 130 64 qu’il
889 1596 72 64 a
918 1596 116 64 pris
990 1596 101 64 des
1034 1596 72 64 me-

119 1630 129 68 sures
205 1630 115 68 pour
277 1630 172 68 empêcher
406 1630 101 68 les
463 1630 201 68 incursions
622 1630 101 68 des
679 1630 201 68 Piémontais
837 1630 101 68 sur
894 1630 86 68 la
938 1630 115 68 rive
995 1630 115 68 droite

129 1661 85 69 du
171 1661 114 69 Var.
243 1661 85 69 Il
285 1661 71 69 a
314 1661 114 69 lieu
385 1661 85 69 de
428 1661 142 69 croire
527 1661 100 69 que
584 1661 185 69 désormais
727 1661 100 69 «le
784 1661 199 69 territoire
940 1661 85 69 de
983 1661 85 69 la
1011 1661 100 69 Répu-

130 1699 135 74 blique
224 1699 108 74 sera
292 1699 68 74 à
319 1699 135 74 l’abri
413 1699 81 74 de
454 1699 189 74 l’invasion
602 1699 81 74 de
643 1699 95 74 ces
697 1699 108 74 vils
764 1699 162 74 esclaves
886 1699 108 74 d’un
953 1699 149 74 despote
1048 1699 68 74 qui

123 1728 166 54 bientôt,
247 1728 179 54 j’espère,
385 1728 138 54 subira
482 1728 83 54 le
523 1728 110 54 sort
592 1728 152 54 réservé
703 1728 97 54 aux
744 1728 138 54 tyrans.»

127 1763 102 69 24180
195 1763 114 69 BUFFET
275 1763 102 69 (L.),
343 1763 137 69 ministre
445 1763 80 69 des
491 1763 137 69 finances
594 1763 68 69 de
628 1763 137 69 Napoléon
730 1763 91 69 III.
787 1763 102 69 L.
855 1763 68 69 a.
890 1763 125 69 s.
981 1763 57 69 1
1004 1763 68 69 p.
1026 1763 80 69 in

1005 1822 118 39 2
1029 1822 71 39 »

121 1812 118 93 24181
199 1812 131 93 BUFFON
291 1812 144 93 (George
395 1812 157 93 LECLERC,
513 1812 118 93 comte
591 1812 105 93 de),
657 1812 157 93 illustre
774 1812 196 93 naturaliste
931 1812 78 93 et
957 1812 144 93 écrivain,

116 1874 81 72 de
156 1874 148 72 l’Acad.
264 1874 94 72 fr.
317 1874 108 72 L.
385 1874 135 72 s.
479 1874 175 72 Monthard,
613 1874 81 72 10
654 1874 121 72 févr.
734 1874 121 72 1779,
815 1874 67 72 1
842 1874 81 72 p.
882 1874 121 72 in-4.
950 1874 161 72 Très

122 1900 86 48 lettre.
185 1900 47 48 10
201 1900 24 48 »

122 1929 111 89 24182
196 1929 136 89 BUGEAUD
294 1929 99 89 (Th.
356 1929 99 89 R.),
418 1929 86 89 duc
467 1929 136 89 d’Isly,
566 1929 148 89 maréchal
677 1929 74 89 de
714 1929 136 89 France.
813 1929 111 89 L.
887 1929 74 89 a.
924 1929 136 89 s.
1010 1929 99 89 Alger,

123 1976 68 56 15
157 1976 103 56 juin,
225 1976 80 56 3/4
271 1976 68 56 de
305 1976 68 56 p.
339 1976 103 56 in-8.
408 1976 57 56 2
419 1976 46 56 50

130 2013 111 77 24183
204 2013 111 77 BUREN
278 2013 136 77 (Martin
377 2013 111 77 Van),
451 2013 161 77 président
575 2013 87 77 des
624 2013 185 77 États-Unis.
772 2013 111 77 L.
846 2013 74 77 a.
884 2013 124 77 s.
970 2013 74 77 au
995 2013 111 77 général

130 2049 88 62 Van
181 2049 176 62 Renpelaer;
319 2049 139 62 (1822),
420 2049 63 62 1
446 2049 76 62 p.
483 2049 113 62 in-8.
559 2049 63 62 5
572 2049 50 62 50

1 2073 132 94 24184
89 2073 206 94 BUSTAMANTE
251 2073 250 94 (Carlos-Maria
457 2073 118 94 de),
530 2073 162 94 célèbre
648 2073 220 94 archéologue
824 2073 88 94 et
868 2073 191 94 historien
1000 2073 103 94 mexi
