1149 2203
565 30 85 49 —
599 30 85 49 9
616 30 51 49 —

143 82 106 62 24254
214 82 141 62 GOMAIRE,
320 82 118 62 député
402 82 71 62 du
438 82 153 62 Finistère
555 82 59 62 à
579 82 71 62 la
614 82 177 62 Convention.
755 82 106 62 L.
826 82 71 62 a.
861 82 129 62 s.
955 82 118 62 Paris,
1038 82 71 62 30
1061 82 71 62 flo-

145 115 94 49 réal
204 115 70 49 an
239 115 94 49 III,
297 115 82 49 1/2
344 115 70 49 p.
379 115 105 49 in-4.
449 115 58 49 3
461 115 35 49 »

151 142 106 72 24255
222 142 82 72 GOT
269 142 153 72 (Edmond),
386 142 129 72 célèbre
480 142 117 72 acteur
562 142 70 72 du
598 142 247 72 Théâtre-Français.
809 142 106 72 L.
880 142 70 72 a.
915 142 129 72 s.
1009 142 59 72 1
1032 142 70 72 p.
1056 142 82 72 in

1042 202 86 42 1
1059 202 69 42 50

147 207 114 79 24256
223 207 266 79 GOUVION-SAINT-CYR
451 207 177 79 (Laurent),
590 207 152 79 maréchal
704 207 76 79 de
742 207 139 79 France.
843 207 114 79 L.
919 207 76 79 a.
957 207 126 79 s.
1045 207 76 79 au
1071 207 63 79 ci-

144 257 126 48 toyen
228 257 196 48 Vigouroux;
382 257 281 48 quartier-général
621 257 70 48 à
649 257 168 48 Tarente,
775 257 84 48 15
817 257 168 48 germinal
944 257 84 48 an
986 257 112 48 XII,
1056 257 70 48 1
1070 257 56 48 p.

148 291 79 58 pl.
193 291 102 58 in-4,
261 291 90 58 vig.
317 291 68 58 et
351 291 90 58 tête
408 291 102 58 impr.
475 291 102 58 Belle
543 291 68 58 et
577 291 181 58 intéressante
724 291 124 58 lettre.
815 291 181 58 Rare
961 291 57 58 7
973 291 45 58 50

140 324 111 56 24257
214 324 111 56 GOUZY
288 324 234 56 (Pierre-Louis),
485 324 123 56 député
572 324 74 56 du
609 324 99 56 Tarn
670 324 62 56 à
695 324 74 56 la
732 324 185 56 Convention.
880 324 111 56 L.
954 324 74 56 a.
991 324 136 56 s.
1078 324 49 56 22

145 356 147 64 frimaire
255 356 73 64 an
292 356 110 64 VIII,
365 356 61 64 1
390 356 73 64 p.
426 356 86 64 1/2
475 356 110 64 in-4.
549 356 110 64 Belle
622 356 135 64 lettre.
720 356 61 64 3
732 356 37 64 »

140 391 120 59 24258
220 391 133 59 GRATRY
313 391 93 59 (le
366 391 106 59 Père
432 391 106 59 A.),
499 391 186 59 théologien
645 391 80 59 et
685 391 186 59 moraliste,
831 391 80 59 de
871 391 146 59 l’Acad.
978 391 93 59 fr.
1018 391 106 59 Billet

149 427 86 56 tut.
203 427 96 56 sig.,
267 427 54 56 1
288 427 64 56 p.
321 427 107 56 in-12.
395 427 54 56 1
406 427 43 56 50

142 453 108 75 24259
214 453 108 75 GRISI
286 453 156 75 (Giulia),
406 453 132 75 célèbre
502 453 156 75 chanteuse
622 453 72 75 du
657 453 240 75 Théâtre-Italien.
861 453 108 75 L.
933 453 72 75 a.
969 453 120 75 s.
1053 453 72 75 (à
1077 453 48 75 la

143 508 152 51 rincesse
257 508 203 51 Belgiojoso),
422 508 63 51 3
448 508 76 51 p.
486 508 127 51 in-18.
574 508 63 51 5
587 508 38 51 »

165 541 189 66 Charmante
311 541 160 66 épître,
427 541 87 66 où
470 541 116 66 elle
543 541 174 66 s’excuse
674 541 87 66 de
717 541 87 66 ne
761 541 102 66 pas
819 541 174 66 accepter
950 541 102 66 son
993 541 131 66 invita-

128 573 128 61 tion,
213 573 86 61 vu
256 573 157 61 qu’elle
370 573 114 61 doit
442 573 157 61 chanter
556 573 86 61 le
599 573 114 61 même
670 573 114 61 soir
742 573 114 61 dans
813 573 100 61 une
870 573 257 61 représentation
1070 573 57 61 au

128 606 177 53 bénéfice
261 606 88 53 de
290 606 162 53 Lablache.

132 646 110 67 24256
205 646 110 67 GUDIN
279 646 184 67 (Théodore),
425 646 135 67 célèbre
523 646 135 67 peintre
621 646 73 67 de
658 646 147 67 marines.
768 646 110 67 L.
842 646 73 67 a.
878 646 122 67 s.
964 646 61 67 à
988 646 73 67 M.
1013 646 110 67 Gréhan,

138 677 52 46 1
158 677 63 46 p.
190 677 73 46 1/2
232 677 94 46 in-8.
295 677 52 46 1
305 677 42 46 50

543 726 69 55 24261
589 726 85 55 GUERIKE
651 726 69 55 (Otto
697 726 62 55 de),
736 726 92 55 illustre
805 726 100 55 physicien
882 726 100 55 allemand,
959 726 100 55 inventeur
1036 726 46 55 de
1059 726 46 55 la
1075 726 38 55 ma-

564 764 64 53 chine
607 764 115 53 pneumatique.
700 764 64 53 L.
743 764 43 53 a.
764 764 79 53 s.
822 764 43 53 27
843 764 57 53 août
879 764 64 53 1648,
922 764 36 53 1
936 764 43 53 p.
958 764 86 53 in-fol.,
1022 764 79 53 cachet.
1072 764 36 53 Lé-

136 787 83 50 gers
188 787 188 50 raccommodages.
344 787 167 50 Rare
480 787 63 50 28
501 787 31 50 »

140 807 103 86 24262
208 807 137 86 GUEYMARD
311 807 160 86 (Pauline),
436 807 125 86 célèbre
527 807 160 86 cantatrice
653 807 68 86 de
687 807 137 86 l’Opéra.
790 807 103 86 L.
858 807 68 86 a.
892 807 125 86 s.
984 807 57 86 1
1006 807 68 86 p.
1029 807 80 86 in

1020 871 93 42 1
1038 871 74 42 50

138 864 110 93 24263
211 864 134 93 GUSTAVE
309 864 98 93 III,
370 864 86 93 roi
419 864 73 93 de
455 864 122 93 Suède,
541 864 159 93 assassiné
663 864 86 93 par
712 864 183 93 Ankarstrôm.
858 864 110 93 L.
932 864 122 93 s.
1017 864 98 93 avec
1066 864 49 93 la

121 919 205 65 souscript.
283 919 132 65 aut.,
371 919 88 65 en
414 919 191 65 français,
561 919 88 65 au
605 919 132 65 baron
693 919 161 65 Nolken,
810 919 103 65 son
869 919 220 65 ambassadeur
1030 919 44 65 à

1045 941 69 45 à

128 953 161 51 Londres;
248 953 187 51 Stockholm,
395 953 80 51 12
435 953 107 51 juin
502 953 120 51 1772,
582 953 67 51 1
609 953 80 51 p.
649 953 120 51 in-4.
730 953 120 51 Belle
810 953 134 51 pièce.
903 953 67 51 8
917 953 40 51 »

158 988 154 58 Curieuse
274 988 141 58 lettre,
377 988 103 58 dans
441 988 154 58 laquelle
556 988 77 58 il
595 988 77 58 se
634 988 128 58 plaint
723 988 90 58 que
775 988 90 58 son
826 988 154 58 discours
929 988 90 58 d’ou-

124 1004 148 74 verture
231 1004 81 74 de
272 1004 81 74 la
312 1004 121 74 Diète
393 1004 67 74 a
420 1004 94 74 été
474 1004 94 74 mal
528 1004 148 74 traduit
636 1004 94 74 par
690 1004 94 74 les
743 1004 175 74 gazetiers
865 1004 148 74 français.

123 1057 127 65 24264
207 1057 141 65 HABERT
306 1057 84 65 DE
348 1057 169 65 MONTMORT
475 1057 99 65 (H.
531 1057 113 65 L.),
601 1057 197 65 conseiller
756 1057 84 65 du
798 1057 113 65 roi,
869 1057 99 65 ami
925 1057 84 65 de
953 1057 155 65 Gassendi,

127 1095 109 66 dont
196 1095 82 66 il
237 1095 136 66 publia
332 1095 96 66 les
387 1095 232 66 Œuvres
578 1095 82 66 un
619 1095 96 66 des
673 1095 164 66 premiers
796 1095 150 66 membres
905 1095 82 66 de
946 1095 150 66 l’Acad.
1042 1095 68 66 fr.

124 1132 121 58 P.
204 1132 148 58 s.
311 1132 94 58 sur
365 1132 134 58 vélin,
459 1132 107 58 avec
526 1132 67 58 1
553 1132 121 58 ligne
633 1132 161 58 autogr.;
754 1132 134 58 Paris,
848 1132 94 58 1er
902 1132 107 58 août
969 1132 107 58 1650
1023 1132 81 58 in

130 1157 97 49 oblong.
201 1157 44 49 4
210 1157 26 49 »

129 1201 105 56 24265
200 1201 105 56 HENRI
270 1201 82 56 II,
317 1201 82 56 roi
364 1201 70 56 de
399 1201 129 56 France.
493 1201 105 56 L.
563 1201 129 56 s.
657 1201 94 56 avec
715 1201 70 56 la
750 1201 164 56 souscript.
879 1201 141 56 autogr.,
985 1201 70 56 au
1020 1201 82 56 duc
1055 1201 47 56 de

118 1236 177 54 Mantoue;
251 1236 148 54 Paris,
355 1236 89 54 24
399 1236 177 54 janvier,
532 1236 74 54 1
562 1236 89 54 p.
606 1236 133 54 in-4,
695 1236 148 54 cachet
798 1236 118 54 bien
872 1236 192 54 conservé.
1005 1236 104 54 Très-

122 1272 103 58 belle
190 1272 103 58 pièce
258 1272 91 58 avec
315 1272 68 58 le
350 1272 114 58 timbre
429 1272 91 58 d’un
486 1272 137 58 amateur.
589 1272 182 58 Rare
737 1272 68 58 28
760 1272 34 58 »

156 1298 121 71 Cette
236 1298 134 71 lettre
330 1298 67 71 a
357 1298 94 71 été
411 1298 134 71 signée
505 1298 94 71 par
559 1298 121 71 Henri
639 1298 94 71 II,
693 1298 121 71 alors
774 1298 121 71 qu’il
855 1298 148 71 n’était
962 1298 134 71 encore
1043 1298 67 71 que

123 1339 244 63 Dauphin
329 1339 64 63 —
355 1339 77 63 Il
393 1339 154 63 remercie
509 1339 77 63 le
548 1339 90 63 duc
599 1339 77 63 de
638 1339 90 63 ses
689 1339 193 63 témoignages
844 1339 193 63 d’affection
998 1339 77 63 et
1024 1339 77 63 pro-

120 1377 132 46 teste
208 1377 88 46 de
252 1377 103 46 son
311 1377 147 46 amitié
414 1377 117 46 pour
487 1377 117 46 lui.
560 1377 161 46 «Pource
678 1377 103 46 que
736 1377 88 46 je
780 1377 132 46 pense
868 1377 161 46 dit-il,
986 1377 103 46 que
1030 1377 73 46 par

127 1411 115 53 lela
198 1411 86 53 ne
241 1411 86 53 se
284 1411 172 53 recouvre
413 1411 100 53 pas
470 1411 243 53 ordinairement
671 1411 86 53 de
714 1411 143 53 bonnes
814 1411 215 53 hacquenées,
985 1411 86 53 je
1014 1411 86 53 vous

119 1443 88 58 en
163 1443 147 58 envoye
266 1443 103 58 une
325 1443 250 58 d’Angleterre,
530 1443 176 58 laquelle
663 1443 132 58 comme
751 1443 88 58 je
795 1443 117 58 croy
868 1443 191 58 trouverez
1000 1443 103 58 bonne

118 1475 86 49 et
161 1475 129 49 aisée
247 1475 115 49 pour
319 1475 172 49 vous...»
448 1475 86 49 Le
491 1475 158 49 porteur
606 1475 86 49 de
649 1475 86 49 la
692 1475 144 49 lettre
792 1475 101 49 lui
850 1475 158 49 donnera
965 1475 101 49 des
1008 1475 86 49 nou-

119 1510 134 51 velles
213 1510 81 51 du
253 1510 94 51 roi
307 1510 94 51 son
361 1510 108 51 père
428 1510 81 51 et
468 1510 94 51 des
509 1510 134 51 siennes.

118 1542 109 56 24266
190 1542 109 56 HENRI
263 1542 97 56 III,
323 1542 85 56 roi
372 1542 73 56 de
408 1542 133 56 France,
505 1542 157 56 assassiné
626 1542 73 56 en
662 1542 109 56 1589.
734 1542 109 56 L.
807 1542 133 56 s.
904 1542 109 56 comme
976 1542 85 56 duc
1012 1542 85 56 d’An-

114 1582 117 55 jou,
187 1582 73 55 à
217 1582 88 55 M.
261 1582 88 55 de
304 1582 190 55 Matignon;
451 1582 117 55 camp
524 1582 88 55 de
568 1582 175 55 Chalons,
699 1582 88 55 21
743 1582 117 55 déc.
816 1582 132 55 1567,
904 1582 102 55 1/2
962 1582 88 55 p.
992 1582 102 55 in

1009 1623 94 45 7
1028 1623 75 45 50

143 1640 83 64 Il
185 1640 97 64 lui
240 1640 152 64 ordonne
350 1640 83 64 de
392 1640 124 64 payer
475 1640 83 64 le
516 1640 124 64 baron
599 1640 83 64 de
640 1640 166 64 Larchant
765 1640 83 64 et
806 1640 83 64 de
847 1640 180 64 licencier
972 1640 124 64 ensuite

107 1677 91 61 la
152 1677 198 61 compagnie
305 1677 274 61 d’arquebusiers
534 1677 76 61 à
564 1677 152 61 cheval
671 1677 107 61 que
732 1677 183 61 celui-ci
854 1677 198 61 commandait.

108 1713 124 50 Cette
191 1713 124 50 pièce
274 1713 97 50 est
329 1713 166 50 curieuse
454 1713 83 50 en
495 1713 83 50 ce
536 1713 97 50 que
592 1713 83 50 le
633 1713 97 50 roi
688 1713 69 50 a
716 1713 138 50 ajouté
813 1713 83 50 de
854 1713 83 50 sa
896 1713 111 50 main
965 1713 124 50 avant
1034 1713 55 50 sa

111 1744 181 71 signature
250 1744 125 71 cette
334 1744 167 71 épithète
460 1744 181 71 familière
599 1744 112 71 pour
669 1744 181 71 Matignon,
808 1744 98 71 qui
864 1744 125 71 était
948 1744 84 71 un
989 1744 84 71 de
1017 1744 70 71 ses

108 1775 140 51 favoris:
213 1775 140 51 «gros
306 1775 140 51 ladre»

118 1813 105 71 24267
189 1813 129 71 HERSENT
282 1813 141 71 (Louis),
388 1813 129 71 célèbre
482 1813 129 71 peintre
575 1813 176 71 d’histoire,
716 1813 117 71 membre
798 1813 70 71 de
833 1813 176 71 l’Institut.
962 1813 129 71 L.

118 1850 87 50 a.
176 1850 106 50 s.
253 1850 87 50 Paris
311 1850 77 50 1860
360 1850 48 50 1
379 1850 58 50 p.
408 1850 87 50 in-8.
466 1850 48 50 1
475 1850 39 50 50

118 1879 120 68 24268
198 1879 174 68 HOHENLOHE
332 1879 147 68 (Louis,
439 1879 134 68 prince
532 1879 107 68 de),
599 1879 161 68 maréchal
720 1879 80 68 de
760 1879 134 68 France
853 1879 107 68 sous
920 1879 120 68 Louis
987 1879 107 68 XVIII.

110 1921 100 56 L.
177 1921 123 56 s.
266 1921 156 56 Lunéville,
388 1921 56 56 9
411 1921 78 56 mai
455 1921 100 56 1824,
522 1921 56 56 1
545 1921 67 56 p.
578 1921 78 56 1/2
623 1921 100 56 in-4.
689 1921 56 56 3
701 1921 33 56 »

112 1958 113 57 24269
188 1958 150 57 HOUCHARD
300 1958 88 57 (J.
350 1958 100 57 N.),
413 1958 138 57 célèbre
513 1958 138 57 général
613 1958 75 57 en
650 1958 100 57 chef
713 1958 75 57 de
750 1958 138 57 l’armée
850 1958 75 57 du
888 1958 113 57 Rhin,
950 1958 63 57 dé-

109 2001 117 59 capité
191 2001 70 59 en
227 2001 106 59 1793.
297 2001 106 59 L.
367 2001 117 59 s.
449 2001 70 59 au
484 2001 129 59 citoyen
578 2001 117 59 Nestor
660 2001 141 59 Merriau;
766 2001 164 59 Gaverelle,
895 2001 82 59 1er
930 2001 82 59 sept.

112 2026 96 47 1793,
176 2026 75 47 3/4
219 2026 64 47 de
251 2026 64 47 p.
283 2026 96 47 in-4.
347 2026 96 47 Belle
411 2026 117 47 lettre.
496 2026 170 47 Rare
634 2026 53 47 6
645 2026 32 47 »

108 2065 103 53 24270
176 2065 194 53 HOURIER-ELOI,
336 2065 114 53 député
416 2065 69 53 de
450 2065 69 53 la
485 2065 103 53 Somme
553 2065 57 53 à
576 2065 69 53 la
610 2065 171 53 Convention.
748 2065 103 53 L.
816 2065 69 53 a.
850 2065 114 53 s.
930 2065 57 53 à
942 2065 57 53 son

102 2101 163 61 collègue;
228 2101 125 61 Paris,
316 2101 75 61 15
353 2101 151 61 frimaire
466 2101 75 61 an
504 2101 88 61 II,
554 2101 63 61 3
579 2101 75 61 p.
617 2101 88 61 1/4
667 2101 113 61 in-4.
742 2101 63 61 4
755 2101 50 61 50
