1206 2214
54 38 654 124 LIBRAIRIE
545 38 572 124 ANCIENNE

364 155 179 47 ET
424 155 388 47 AUTOGRAPHES

541 227 86 39 DE

278 250 365 102 JACQUES
539 250 365 102 CHARAVAY

199 334 182 80 Rue
320 334 141 80 des
401 334 424 80 Grands-Augustins,
744 334 162 80 26

367 442 263 76 ÉTIENNE
555 442 263 76 CHARAVAY

266 509 401 61 ARCHIVISTE-PALÉOGRAPHE,
623 509 119 61 FILS
697 509 89 61 ET
727 509 193 61 SUCCESSEUR.

58 577 138 58 LIVRES
155 577 165 58 ANCIENS,
279 577 138 58 ACHATS
375 577 83 58 DE
416 577 234 58 BIBLIOTHÈQUES
609 577 83 58 ET
650 577 83 58 DE
678 577 179 58 COLLECTIONS

98 631 249 52 D’AUTOGRAPHES;
306 631 180 52 ÉCHANGES,
444 631 221 52 COMMISSIONS;
624 631 138 52 VENTES
720 631 97 52 AUX
762 631 69 52 EN-

95 671 118 64 CHÈRES
178 671 153 64 PUBLIQUES
296 671 71 64 DE
331 671 130 64 LETTRES
425 671 177 64 AUTOGRAPHES
567 671 153 64 MOYENNANT
673 671 165 64 vingt

96 714 109 50 pour
175 714 128 50 cent
274 714 59 50 ET
303 714 59 50 DE
333 714 109 50 LIVRES,
412 714 128 50 quinze
510 714 79 50 pour
560 714 79 50 cent
609 714 69 50 sur
649 714 59 50 la
678 714 118 50 totalité
757 714 79 50 de

91 756 119 56 la
170 756 185 56 vente
316 756 66 56 A
342 756 79 56 LA
382 756 132 56 CHARGE
475 756 93 56 DES
527 756 172 56 VENDEURS,
660 756 106 56 TOUT
713 756 132 56 COMPRIS.

192 868 156 68 N°
296 868 139 68 164.
382 868 87 68 —
417 868 330 68 JANVIER-FÉVRIER
677 868 191 68 1870.

410 1041 350 79 AUTOGRAPHES.

151 1117 101 57 24122
218 1117 112 57 ACERBI
296 1117 145 57 (Joseph),
408 1117 123 57 célèbre
498 1117 134 57 voyageur
598 1117 134 57 italien,
699 1117 67 57 le
733 1117 123 57 premier
822 1117 78 57 qui
867 1117 123 57 pénétra
945 1117 45 57 en

458 1157 75 36 Laponie
513 1157 82 36 jusqu’au
575 1157 48 36 cap
602 1157 62 36 Nord.
643 1157 62 36 L.
684 1157 41 36 a.
705 1157 68 36 s.
752 1157 34 36 à
766 1157 48 36 Fr.
794 1157 68 36 Reina,
841 1157 34 36 1
855 1157 41 36 p.
876 1157 62 36 in-4.
910 1157 82 36 Très

154 1189 106 38 lettre.
231 1189 96 38 Peu
299 1189 145 38 commun
414 1189 48 38 8
424 1189 29 38 »

437 1224 69 50 24123
483 1224 84 50 ALMONTE
545 1224 54 50 (J.
575 1224 61 50 N.),
614 1224 84 50 général
675 1224 46 50 et
698 1224 69 50 homme
744 1224 77 50 d’État
797 1224 100 50 mexicain,
874 1224 92 50 ministre
935 1224 31 50 de

157 1258 185 42 l’empereur
302 1258 198 42 Maximilien.
461 1258 119 42 L.
540 1258 145 42 s.
646 1258 66 42 6
672 1258 106 42 nov.
738 1258 119 42 1840,
818 1258 93 42 1/2
871 1258 79 42 p.
910 1258 119 42 in-4,
990 1258 106 42 tête
1042 1258 93 42 impr.

1051 1299 91 39 2
1069 1299 73 39 50

444 1334 91 50 24124
505 1334 121 50 ALTAEMPS
595 1334 111 50 (Marc),
676 1334 131 50 cardinal,
777 1334 101 50 évêque
848 1334 61 50 de
878 1334 141 50 Constance,
989 1334 71 50 qui
1030 1334 111 50 présida
1101 1334 40 50 le

155 1365 136 36 Concile
253 1365 74 36 de
290 1365 136 36 Trente.
389 1365 111 36 L.
463 1365 136 36 s.
562 1365 74 36 en
599 1365 148 36 italien,
710 1365 99 36 avec
772 1365 74 36 la
809 1365 173 36 souscript.
945 1365 111 36 aut.,
1019 1365 74 36 au
1043 1365 99 36 cardi-

148 1395 100 54 nal
205 1395 200 54 Commendon;
362 1395 200 54 Tosignano,
520 1395 72 54 7
548 1395 129 54 sept.
634 1395 129 54 1566,
720 1395 100 54 1/2
777 1395 86 54 p.
820 1395 157 54 in-fol.
935 1395 129 54 Belle
1006 1395 129 54 lettre.

1036 1438 135 39 4
1063 1438 81 39 »

158 1458 123 56 24125
240 1458 150 56 ALVAREZ
350 1458 150 56 (Juan),
459 1458 150 56 célèbre
569 1458 150 56 général
678 1458 178 56 mexicain,
815 1458 96 56 qui
869 1458 164 56 renversa
979 1458 164 56 Santa

150 1508 74 43 et
187 1508 87 43 fut
236 1508 161 43 président
360 1508 112 43 après
435 1508 99 43 lui,
497 1508 149 43 surnommé
608 1508 74 43 la
645 1508 186 43 Panthère
794 1508 74 43 du
831 1508 149 43 Sud
943 1508 112 43 L.
1017 1508 124 43 s.
1091 1508 50 43 au

148 1540 160 38 général
265 1540 160 38 Forneb;
381 1540 87 38 La
425 1540 218 38 Providence,
599 1540 87 38 22
643 1540 116 38 juin
715 1540 131 38 1839,
803 1540 73 38 1
832 1540 87 38 p.
875 1540 102 38 1/2
933 1540 131 38 in-4,
1006 1540 131 38 cachet.

155 1565 183 46 Intéressante.
306 1565 54 46 4
317 1565 32 46 »

155 1605 103 57 24126
223 1605 115 57 AMPÈRE
304 1605 80 57 (J.
349 1605 92 57 J.),
407 1605 172 57 littérateur
544 1605 69 57 et
579 1605 160 57 historien,
705 1605 69 57 de
739 1605 126 57 l’Acad.
831 1605 80 57 fr.
876 1605 103 57 L.
945 1605 69 57 a.
980 1605 126 57 s.
1071 1605 69 57 1.
1094 1605 46 57 p.

160 1641 65 42 in-8.
203 1641 36 42 1
210 1641 29 42 50

156 1678 114 41 24127
232 1678 101 41 ANNE
296 1678 190 41 D’AUTRICHE,
448 1678 114 41 reine
524 1678 76 41 et
562 1678 140 41 régente
664 1678 76 41 de
702 1678 140 41 France.
803 1678 114 41 L.
879 1678 76 41 s.
917 1678 152 41 Ana
1032 1678 101 41 avec
1082 1678 51 41 la

149 1715 203 44 souscript.
308 1715 130 44 aut.,
395 1715 87 44 en
438 1715 188 44 espagnol,
583 1715 87 44 au
626 1715 101 44 roi
684 1715 203 44 d’Espagne,
843 1715 101 44 son
901 1715 130 44 père;
988 1715 145 44 Paris,
1075 1715 58 44 27

152 1743 105 50 févr.
222 1743 105 50 1620,
292 1743 58 50 1
315 1743 70 50 p.
350 1743 128 50 in-fol.
443 1743 70 50 20
466 1743 35 50 »

149 1782 135 46 C’est
239 1782 105 46 une
299 1782 150 46 lettre
404 1782 90 46 de
449 1782 90 46 sa
494 1782 180 46 jeunesse
629 1782 90 46 et
674 1782 90 46 où
719 1782 120 46 elle
794 1782 210 46 recommande
959 1782 90 46 le
1004 1782 135 46 sieur
1079 1782 60 46 de

144 1816 155 48 Fargi,
252 1816 232 48 ambassadeur
438 1816 93 48 de
484 1816 155 48 France
592 1816 93 48 en
623 1816 155 48 Espagne.

152 1841 111 59 24128
226 1841 160 59 ANTONELLI
349 1841 86 59 (le
398 1841 148 59 cardinal
510 1841 148 59 Joseph),
621 1841 136 59 premier
719 1841 148 59 ministre
830 1841 74 59 de
867 1841 86 59 Pie
917 1841 86 59 IX.
966 1841 111 59 L.
1028 1841 111 59 s.

150 1894 82 40 avec
201 1894 62 40 la
232 1894 144 40 souscript.
345 1894 92 40 aut.,
406 1894 62 40 au
437 1894 92 40 comte
498 1894 123 40 Pergoli;
591 1894 92 40 Rome,
652 1894 62 40 18
683 1894 92 40 sept.
744 1894 92 40 1841,
806 1894 51 40 1
816 1894 41 40 p.

158 1919 77 47 1/2
202 1919 121 47 in-fol.
290 1919 99 47 Belle
355 1919 121 47 lettre.
443 1919 55 47 3
454 1919 33 47 »

157 1951 98 53 24129
222 1951 98 53 ARAGO
287 1951 163 53 (François),
417 1951 130 53 illustre
515 1951 152 53 astronome,
634 1951 108 53 membre
710 1951 65 53 de
743 1951 163 53 l’Institut.
873 1951 98 53 L.
938 1951 65 53 a.
959 1951 98 53 s.

160 1990 85 38 1er
209 1990 110 38 sept.
282 1990 110 38 1847,
355 1990 61 38 1
379 1990 73 38 p.
415 1990 110 38 in-4.
488 1990 170 38 Très-belle
622 1990 122 38 pièce.
707 1990 61 38 4
720 1990 37 38 »

159 2021 90 69 24130
219 2021 90 69 ARAGO
279 2021 140 69 (Jacques),
389 2021 150 69 littérateur
509 2021 60 69 et
539 2021 130 69 voyageur,
639 2021 80 69 mort
689 2021 120 69 aveugle.
779 2021 90 69 L.
839 2021 60 69 a.
869 2021 110 69 s.
949 2021 50 69 1
959 2021 40 69 p.

158 2063 65 38 in-8.
201 2063 36 38 2
208 2063 22 38 »

154 2097 97 66 24131
219 2097 150 66 ARLINCOURT
337 2097 75 66 (le
380 2097 118 66 vicomte
465 2097 86 66 d’),
519 2097 140 66 romancier
626 2097 118 66 fécond.
712 2097 97 66 L.
777 2097 64 66 a.
809 2097 118 66 s.
895 2097 64 66 18
927 2097 86 66 juin
970 2097 75 66 1822,

149 2133 48 47 2
169 2133 58 47 p.
198 2133 87 47 in-8.
256 2133 48 47 1
265 2133 39 47 50
