1142 2244
557 32 76 56 —
587 32 76 56 6
602 32 46 56 —

148 89 117 47 20060
226 89 117 47 DEBRY
304 89 143 47 (Jean),
408 89 234 47 conventionnel,
603 89 104 47 l’un
669 89 91 47 des
721 89 273 47 plénipotentiaires
955 89 182 47 assassinés
1085 89 39 47 à

151 126 149 44 Rastatt.
263 126 174 44 Opinion
399 126 75 44 de
437 126 100 44 Jean
499 126 124 44 Debry,
586 126 124 44 député
673 126 75 44 de
710 126 149 44 l’Aisne,
822 126 87 44 sur
872 126 75 44 la
909 126 162 44 nécessité
1021 126 100 44 de

158 164 136 40 leux
256 164 99 40 lois
318 164 173 40 organiques
453 164 74 40 de
490 164 74 40 la
527 164 197 40 Constitution
688 164 74 40 de
725 164 99 40 1793
786 164 148 40 acceptée
897 164 86 40 par
946 164 74 40 le
971 164 148 40 peuple

149 200 249 50 souverain
358 200 118 50 pièce
437 200 105 50 aut.
502 200 118 50 sig.;
581 200 78 50 17
620 200 157 50 germinal
738 200 78 50 an
777 200 105 50 III,
842 200 65 50 3
868 200 78 50 p.
908 200 78 50 in
947 200 105 50 fol.
999 200 131 50 Document

150 225 79 55 fort
200 225 119 55 curieux.
289 225 49 55 4
298 225 40 55 50

148 246 109 65 20061
221 246 73 65 DE
257 246 146 65 CANDOLLE
366 246 85 65 (A.
415 246 97 65 P.),
475 246 133 65 célèbre
572 246 170 65 botaniste.
706 246 109 65 L.
778 246 73 65 a.
815 246 121 65 s
900 246 61 65 à
924 246 73 65 M.
960 246 146 65 Duméril;
1057 246 61 65 Ge-

144 304 96 41 nève
204 304 108 41 1834,
276 304 60 41 1
301 304 72 41 p.
337 304 108 41 in-4.
409 304 169 41 Très-jolie
541 304 132 41 lettre.
638 304 60 41 3
650 304 48 41 50

146 342 127 45 20062
230 342 183 45 DELACROIX
371 342 99 45 (J.
428 342 113 45 F.),
498 342 282 45 d’Eure-et-Loire,
738 342 254 45 conventionnel,
949 342 99 45 ami
1005 342 85 45 de
1033 342 85 45 Dan-

147 381 92 39 ton,
204 381 137 39 décapité
307 381 92 39 avec
364 381 92 39 lui.
421 381 103 39 L.
490 381 69 39 a.
524 381 126 39 s.
616 381 69 39 10
650 381 80 39 mai
696 381 103 39 1793,
765 381 57 39 1
788 381 69 39 p.
822 381 103 39 in-8.
891 381 57 39 3
902 381 46 39 50

152 413 122 56 20063
234 413 176 56 DELAVIGNE
369 413 189 56 (Casimir),
518 413 149 56 célèbre
626 413 122 56 poëte
707 413 203 56 dramatique,
869 413 135 56 membre
964 413 81 56 de
991 413 122 56 l’Acad.

147 459 80 54 fr.
192 459 103 54 L.
261 459 115 54 a
341 459 69 54 s.
376 459 57 54 à
399 459 92 54 Mlle
456 459 103 54 Élisa
525 459 137 54 Mercier;
628 459 57 54 9
651 459 103 54 sept.
719 459 103 54 1832,
788 459 57 54 2
811 459 69 54 p.
845 459 103 54 in-4.
914 459 57 54 6
926 459 34 54 »

177 485 173 61 Charmante
310 485 133 61 épître
403 485 80 61 de
443 485 227 61 félicitations
630 485 93 61 sur
683 485 80 61 le
723 485 147 61 recueil
830 485 147 61 qu’elle
936 485 93 61 lui
990 485 67 61 a
1003 485 120 61 envoyé.

147 539 121 42 20064
227 539 148 42 DELBREL
335 539 175 42 (Pierre),
470 539 243 42 conventionnel,
672 539 148 42 célèbre
780 539 94 42 par
834 539 94 42 ses
888 539 162 42 missions
1009 539 94 42 aux
1050 539 67 42 ar-

149 577 118 43 mées.
228 577 131 43 Aux
319 577 144 43 auteurs
424 577 79 43 de
464 577 79 43 la
503 577 157 43 nouvelle
621 577 184 43 Biographie
766 577 92 43 des
818 577 289 43 Contemporains
1054 577 66 43 No-

141 611 136 45 tice
240 611 87 45 sur
289 611 136 45 Delbrel
389 611 161 45 (Pierre),
513 611 174 45 ex-député,
649 611 136 45 rédigée
748 611 87 45 par
798 611 211 45 lui-même,
972 611 112 45 pièce
1034 611 74 45 aut.

138 646 115 39 sig.,
215 646 77 39 19
254 646 77 39 p.
292 646 90 39 gr.
343 646 141 39 in-fol.
446 646 154 39 Document
562 646 180 39 historique
703 646 244 39 très-important.
908 646 77 39 12
934 646 38 39 »

146 681 125 51 20065
229 681 125 51 DENON
313 681 97 51 (le
368 681 125 51 baron
452 681 167 51 VIVANT),
577 681 167 51 peintre,
702 681 181 51 directeur
841 681 153 51 général
952 681 97 51 des
994 681 125 51 musées,

143 720 116 47 membre
224 720 69 47 de
259 720 174 47 l’Institut.
398 720 104 47 L.
467 720 93 47 a.
525 720 116 47 s;
606 720 139 47 Chambéry
710 720 104 47 1775,
780 720 58 47 2
803 720 69 47 p.
838 720 104 47 in-4.
907 720 58 47 3
919 720 46 47 50

142 751 124 59 20066
225 751 221 59 DESCLOUZEAUX
404 751 152 59 (Hubert
515 751 83 59 de
556 751 152 59 CHAMPY,
666 751 331 59 chevalier-seigneur),
942 751 166 59 conseiller

146 799 83 40 lu
188 799 110 40 roi,
256 799 179 40 intendant
394 799 96 40 des
449 799 138 40 armées
546 799 165 40 navales,
669 799 96 40 des
724 799 248 40 fortifications
931 799 83 40 et
972 799 96 40 des
1014 799 96 40 haras

140 834 86 38 en
183 834 186 38 Bretagne,
326 834 100 38 qui
383 834 158 38 seconda
498 834 158 38 Colbert
613 834 115 38 dans
685 834 86 38 la
728 834 172 38 création
857 834 86 38 du
900 834 115 38 port
972 834 86 38 de
1000 834 115 38 Brest.

140 860 113 44 L.
216 860 163 44 as<.
341 860 63 44 à
366 860 138 44 MM....;
466 860 125 44 Paris,
554 860 63 44 3
579 860 100 44 fév.
642 860 113 44 1695,
717 860 63 44 8
742 860 75 44 p.
780 860 75 44 pl
817 860 113 44 in-4.
892 860 113 44 Belle
968 860 138 44 lettre.
1068 860 63 44 6
1080 860 38 44 »

142 888 109 70 20067
214 888 157 70 DESFOSSÉS
335 888 193 70 (Romain-Jh),
492 888 181 70 vice-amiral
637 888 72 70 et
673 888 157 70 sénateur.
794 888 109 70 L.
866 888 121 70 a
951 888 72 70 s.
987 888 60 70 à
1011 888 72 70 un
1036 888 72 70 ami;

143 950 160 36 vaisseau
263 950 120 36 la
343 950 227 36 Bretagne
530 950 80 36 14
570 950 120 36 juil.
651 950 120 36 1858,
731 950 80 36 en
771 950 94 36 mer
824 950 67 36 à
851 950 80 36 la
891 950 147 36 hauteur
998 950 80 36 de
1025 950 80 36 Lis-

148 980 119 53 onne,
227 980 66 53 3
254 980 79 53 p.
293 980 93 53 1/2
346 980 119 53 in-8.
425 980 185 53 Très-jolie
571 980 145 53 lettre,
677 980 106 53 dans
743 980 159 53 laquelle
862 980 79 53 il
901 980 106 53 fait
968 980 145 53 l’éloge
1060 980 53 53 de

144 1008 154 47 l’escadre
263 1008 107 47 qu’il
334 1008 154 47 commande.
453 1008 59 47 2
465 1008 47 47 50

142 1041 124 64 20068
225 1041 193 64 DESTOUCHES
376 1041 110 64 (Ph.
445 1041 206 64 Néricault),
610 1041 151 64 célèbre
720 1041 124 64 poëte
802 1041 206 64 dramatique,
967 1041 138 64 membre
1050 1041 55 64 de

149 1088 112 52 ’Acad
223 1088 87 52 fr.
273 1088 112 52 L.
348 1088 87 52 ai.
398 1088 112 52 s
472 1088 62 52 à
497 1088 87 52 son
547 1088 112 52 père;
622 1088 149 52 Londres,
734 1088 75 52 26
771 1088 112 52 avril
846 1088 112 52 1723,
920 1088 62 52 4
945 1088 75 52 p.
983 1088 87 52 pl.
1020 1088 87 52 in

146 1108 79 60 Belle
199 1108 97 60 lettre.
269 1108 53 60 40
287 1108 26 60 »

147 1145 116 69 20069
225 1145 77 69 LE
263 1145 116 69 MÊME.
341 1145 116 69 L.
418 1145 65 69 a
444 1145 116 69 s
521 1145 65 69 à
547 1145 77 69 La
586 1145 168 69 Chaussée;
715 1145 206 69 Foirtoiseau,
883 1145 77 69 20
921 1145 90 69 mai
973 1145 116 69 1736,
1050 1145 65 69 3
1063 1145 52 69 p.

141 1203 111 37 in-4,
215 1203 210 37 cachet-camée.
388 1203 136 37 Superbe
486 1203 136 37 épître.
585 1203 74 37 50
610 1203 37 37 »

171 1235 98 42 «Si
227 1235 84 42 je
269 1235 112 42 suis
339 1235 126 42 votre
424 1235 154 42 maître,
536 1235 126 42 comme
620 1235 112 42 vous
690 1235 140 42 voulez
788 1235 112 42 m’en
858 1235 168 42 flatter,
985 1235 98 42 mon
1027 1235 84 42 cher

144 1257 180 49 Monsieur,
282 1257 83 49 il
324 1257 110 49 faut
393 1257 97 49 que
448 1257 83 49 je
489 1257 110 49 sois
559 1257 110 49 bien
628 1257 152 49 habile,
738 1257 83 49 ou
780 1257 97 49 que
835 1257 124 49 j’aye
918 1257 83 49 eu
959 1257 83 49 le
987 1257 124 49 bonheur

130 1304 86 52 de
173 1304 158 52 trouver
288 1304 86 52 en
331 1304 115 52 vous
403 1304 86 52 un
446 1304 187 52 excellent
590 1304 187 52 disciple,
735 1304 158 52 puisque
850 1304 101 52 vos
907 1304 130 52 coups
979 1304 130 52 d’essai

135 1333 104 49 ont
194 1333 118 49 tout
268 1333 89 49 au
313 1333 133 49 moins
402 1333 133 49 égalé
490 1333 104 49 mes
550 1333 178 49 derniers
683 1333 178 49 efforts.
816 1333 89 49 Un
860 1333 133 49 autre
949 1333 104 49 que
1008 1333 104 49 moi
1053 1333 59 49 en

145 1359 122 58 eroit
227 1359 149 58 jaloux,
335 1359 122 58 mais,
417 1359 122 58 grâce
498 1359 81 58 au
539 1359 122 58 ciel,
620 1359 109 58 j’ai
688 1359 81 58 eu
729 1359 81 58 le
770 1359 149 58 courage
878 1359 81 58 de
919 1359 81 58 me
960 1359 149 58 réjouir
1055 1359 54 58 de

141 1403 96 39 vos
196 1403 137 39 succès
292 1403 82 39 et
333 1403 82 39 je
374 1403 82 39 me
415 1403 110 39 sens
484 1403 137 39 encore
580 1403 82 39 la
621 1403 123 39 force
703 1403 82 39 de
745 1403 110 39 vous
813 1403 82 39 en
854 1403 178 39 souhaiter
991 1403 82 39 de
1019 1403 82 39 plus

139 1433 188 47 grands...»
286 1433 80 47 Il
326 1433 94 47 lui
380 1433 147 47 indique
487 1433 147 47 ensuite
594 1433 94 47 les
648 1433 174 47 démarches
782 1433 121 47 qu’il
862 1433 161 47 convient
982 1433 80 47 de
1009 1433 94 47 faire

143 1464 97 49 our
199 1464 83 49 se
240 1464 180 49 présenter
379 1464 97 49 une
434 1464 166 49 deuxième
559 1464 111 49 fois
628 1464 69 49 à
656 1464 194 49 l’Académie
808 1464 180 49 française
947 1464 69 49 :
961 1464 152 49 «Sollici-

141 1492 86 63 ez
184 1492 115 63 donc
255 1492 186 63 hardiment
398 1492 86 63 et
441 1492 129 63 soyez
527 1492 100 63 sûr
585 1492 100 63 que
642 1492 86 63 je
685 1492 115 63 vais
756 1492 115 63 vous
828 1492 172 63 seconder
957 1492 86 63 de
985 1492 115 63 toutes

135 1522 100 57 mes
177 1522 171 57 forces...»

133 1567 123 48 20070
215 1567 191 48 DESMOULINS
365 1567 191 48 (Camille),
515 1567 164 48 illustre
638 1567 245 48 conventionnel,
842 1567 164 48 décapité
965 1567 109 48 avec
1019 1567 82 48 Dan-

135 1601 100 46 ton.
197 1601 112 46 L.
272 1601 75 46 a.
309 1601 75 46 s.
347 1601 137 46 Camille
447 1601 187 46 Desmoulins,
596 1601 150 46 écrivain
709 1601 237 46 pessimiste
908 1601 75 46 au
946 1601 162 46 président
1058 1601 50 46 de

146 1633 181 61 Assemblée
285 1633 195 61 électorale
438 1633 83 61 du
480 1633 208 61 département
646 1633 83 61 de
688 1633 139 61 Paris;
785 1633 83 61 26
827 1633 111 61 août
897 1633 125 61 1791,
980 1633 69 61 1
1008 1633 83 61 p.
1036 1633 69 61 pl.

129 1661 121 44 in-fol.
217 1661 154 44 Très-belle
339 1661 110 44 pièce.
416 1661 66 44 75
438 1661 33 44 »

177 1699 110 59 Sous
246 1699 83 59 le
287 1699 110 59 coup
356 1699 110 59 d’un
425 1699 138 59 mandat
522 1699 165 59 d’arrêt,
646 1699 96 59 par
701 1699 124 59 suite
783 1699 83 59 de
825 1699 179 59 l’affaire
962 1699 83 59 du
990 1699 110 59 Champ-

128 1723 167 69 de-Mars,
253 1723 84 69 17
295 1723 181 69 juillet),
434 1723 84 69 il
476 1723 84 69 ne
518 1723 111 69 peut
588 1723 153 69 remplir
699 1723 97 69 ses
755 1723 153 69 devoirs
866 1723 195 69 d’électeur
1006 1723 97 69 (pour

128 1764 184 56 l’élection
272 1764 92 56 des
325 1764 145 56 députés
430 1764 66 56 à
456 1764 197 56 l’Assemblée
614 1764 223 56 législative),
798 1764 105 56 mais
864 1764 79 56 il
903 1764 105 56 fait
969 1764 131 56 passer
1047 1764 53 56 au

131 1802 182 49 président
271 1802 84 49 de
313 1802 210 49 l’Assemblée
482 1802 210 49 électorale,
650 1802 112 49 avec
720 1802 140 49 prière
818 1802 84 49 de
861 1802 84 49 la
903 1802 210 49 communiquer
1057 1802 42 49 à

128 1835 216 41 l’Assemblée
300 1835 201 41 nationale,
458 1835 101 41 une
516 1835 158 41 adresse
631 1835 101 41 des
688 1835 187 41 électeurs
832 1835 158 41 accusés
947 1835 101 41 (au
990 1835 115 41 nombre

127 1866 166 57 desquels
252 1866 124 57 était
335 1866 124 57 aussi
418 1866 166 57 Danton).
542 1866 221 57 L’accusation
722 1866 97 57 qui
777 1866 111 57 pèse
846 1866 97 57 sur
901 1866 97 57 lui
957 1866 97 57 est
998 1866 97 57 basée

124 1896 192 50 seulement
272 1896 103 50 sur
331 1896 103 50 des
390 1896 148 50 propos
493 1896 251 50 incendiaires,
700 1896 133 50 tenus
789 1896 103 50 par
848 1896 89 50 un
892 1896 133 50 autre
981 1896 89 50 au
1010 1896 89 50 café

127 1929 164 63 Procope,
251 1929 82 63 le
292 1929 82 63 13
333 1929 164 63 juillet.
456 1929 82 63 Il
497 1929 164 63 pourrait
621 1929 82 63 se
662 1929 178 63 défendre;
799 1929 110 63 mais
867 1929 82 63 il
908 1929 82 63 se
949 1929 110 63 tait
1018 1929 82 63 en
1045 1929 55 63 ce

122 1967 152 62 moment,
233 1967 111 62 pour
302 1967 83 62 ne
344 1967 125 62 point
427 1967 180 62 distraire
565 1967 97 62 les
620 1967 152 62 esprits
731 1967 97 62 des
787 1967 194 62 élections,
939 1967 97 62 qui
980 1967 125 62 doivent

131 1989 134 51 sauver
224 1989 80 51 la
251 1989 120 51 patrie.

125 2025 116 68 20071
202 2025 129 68 DILLON
292 2025 167 68 (Arthur),
421 2025 141 68 général
524 2025 77 68 en
562 2025 116 68 chef,
639 2025 129 68 accusé
729 2025 231 68 d’intelligence
922 2025 103 68 avec
973 2025 129 68 l’étran-

123 2069 112 56 ger,
193 2069 154 56 défendu
305 2069 98 56 par
361 2069 112 56 Cam.
431 2069 210 56 Desmoulins,
599 2069 168 56 décapité
724 2069 84 56 en
766 2069 126 56 1794.
850 2069 126 56 L.
934 2069 140 56 a
1032 2069 84 56 s.
1060 2069 42 56 à

129 2104 106 63 Cam.
195 2104 186 63 Desmoulins
341 2104 93 63 (de
394 2104 80 63 sa
434 2104 159 63 prison);
553 2104 66 63 4
580 2104 106 63 août
646 2104 119 63 1793,
726 2104 66 63 2
752 2104 80 63 p.
792 2104 93 63 1/4
845 2104 119 63 in-4.
925 2104 66 63 7
938 2104 53 63 50

145 2133 80 74 Il
185 2133 120 74 s’est
265 2133 147 74 procuré
372 2133 80 74 un
412 2133 187 74 exemplaire
560 2133 80 74 de
600 2133 80 74 la
640 2133 147 74 fameuse
747 2133 134 74 lettre
841 2133 161 74 anglaise
961 2133 120 74 qu’il
1028 2133 67 74 dé
