1172 2179
528 13 92 63 —
564 13 92 63 7
583 13 55 63 —

140 68 129 59 clare
226 68 144 59 fausse
326 68 86 59 et
369 68 215 59 controuvée.
542 68 86 59 Il
585 68 172 59 s’engage
714 68 72 59 à
743 68 86 59 lé
786 68 187 59 démontrer
929 68 86 59 au
972 68 144 59 Comité
1059 68 57 59 de

138 117 116 38 salut
215 117 141 38 public,
318 117 77 38 et
357 117 77 38 il
395 117 77 38 le
434 117 141 38 supplie
536 117 77 38 de
575 117 90 38 lui
626 117 116 38 faire
703 117 141 38 obtenir
806 117 90 38 une
845 117 141 38 audience.

137 150 128 48 20072
222 150 142 48 DILLON
321 150 213 48 (Théobald),
491 150 284 48 maréchal-de-camp
732 150 170 48 massacré
860 150 99 48 par
917 150 99 48 ses
973 150 156 48 troupes
1072 150 43 48 à

148 187 77 49 Lille
200 187 52 49 en
226 187 77 49 1792.
278 187 95 49 Mémoire
346 187 77 49 a.
398 187 95 49 s.
467 187 86 49 Lille,
527 187 52 49 20
553 187 60 49 mai
587 187 77 49 1791,
639 187 43 49 1
656 187 52 49 p.
682 187 95 49 in-fol.
742 187 121 49 Rare

1011 228 106 44 5
1032 228 85 44 50

139 261 124 49 20074
222 261 138 49 DOPPET
318 261 124 49 (Fois
401 261 165 49 Amédée),
525 261 165 49 médecin,
649 261 151 49 général
759 261 83 49 en
800 261 110 49 chef
869 261 138 49 chargé
966 261 96 49 des
1007 261 110 49 sièges

136 302 79 42 de
175 302 105 42 Lyon
241 302 79 42 et
280 302 79 42 de
319 302 144 42 Toulon,
424 302 131 42 auteur
516 302 79 42 de
555 302 210 42 Mémoires.
726 302 79 42 L.
765 302 79 42 a.
804 302 144 42 s.
909 302 131 42 Nancy,
1001 302 79 42 10
1027 302 79 42 ven-

137 332 92 41 tôse
195 332 69 41 an
230 332 81 41 IV,
276 332 58 41 4
299 332 69 41 p.
333 332 138 41 in-fol.,
437 332 92 41 tête
495 332 138 41 imprimée
599 332 173 41 etvignette.
737 332 184 41 Rare
887 332 58 41 7
898 332 35 41 »

163 358 225 47 Très-curieuse
348 358 146 47 lettre,
454 358 80 47 où
494 358 80 47 il
534 358 80 47 se
574 358 133 47 plaint
667 358 172 47 amèrement
799 358 93 47 des
852 358 172 47 officiers
985 358 80 47 de
1011 358 93 47 santé

140 396 83 45 qui
188 396 154 45 protégent
306 396 119 45 une
389 396 142 45 jeunesse
496 396 119 45 riche,
579 396 154 45 insolente
697 396 71 45 et
721 396 178 45 rebelle.

144 434 117 46 20074
222 434 156 46 DORSENNE
340 434 91 46 (J.
392 434 78 46 H.
431 434 91 46 F.,
483 434 117 46 cte),
561 434 143 46 célèbre
666 434 143 46 général
770 434 78 46 de
809 434 170 46 division,
939 434 78 46 né
979 434 65 46 à
992 434 117 46 Ardres.

136 476 118 38 L.
215 476 79 38 a.
254 476 131 38 s.
346 476 79 38 au
385 476 171 38 capitaine
516 476 157 38 Lamotte;
635 476 144 38 Toulon,
740 476 79 38 an
779 476 79 38 X,
818 476 66 38 1
845 476 79 38 p.
884 476 92 38 1/2
936 476 92 38 gr.
976 476 131 38 in

143 508 90 47 tête
199 508 135 47 imprimée
300 508 68 47 et
334 508 146 47 vignette.
447 508 56 47 2
458 508 45 47 50

149 534 75 74 20075
198 534 91 74 DOULCET
265 534 50 74 DE
290 534 133 74 PONTÉCOULANT
398 534 116 74 (Gustave),
489 534 141 74 conventionnel
605 534 50 74 et
622 534 91 74 sénateur.

144 589 67 55 L.
188 589 45 55 a.
211 589 75 55 s.
263 589 37 55 à
278 589 52 55 son
308 589 52 55 ami
338 589 82 55 Mejean;
398 589 105 55 Bruxelles,
481 589 45 55 30
503 589 105 55 thermidor,
586 589 37 55 2
601 589 45 55 p.
623 589 52 55 1/4
646 589 52 55 in

142 617 137 50 Très-jolie
250 617 108 50 lettre.
329 617 49 50 3
339 617 29 50 »

137 634 105 80 20076
208 634 117 80 DUBOIS
289 634 82 80 (le
336 634 105 80 card.
407 634 176 80 Guillaume),
547 634 70 80 le
582 634 117 80 fameux
664 634 129 80 premier
758 634 141 80 ministre
863 634 70 80 du
887 634 105 80 régent,

132 691 130 38 membre
223 691 78 38 de
262 691 143 38 l’Acad.
366 691 91 38 fr.
419 691 117 38 L.
497 691 78 38 a.
536 691 130 38 s.
627 691 78 38 au
666 691 143 38 marquis
770 691 78 38 de
809 691 78 38 la
848 691 182 38 Vrillière;
992 691 91 38 1er
1031 691 78 38 mai,

136 718 75 57 3/4
179 718 64 57 de
211 718 64 57 p.
243 718 96 57 in-4.
307 718 64 57 15
328 718 32 57 »

144 756 58 59 20077
182 756 109 59 DUBOIS-CRANCÉ
272 756 58 59 (Édm.
310 756 38 59 L.
330 756 58 59 Al.),
368 756 115 59 conventionnel,
464 756 77 59 ministre
522 756 38 59 et
535 756 64 59 ambassa-

141 803 71 52 deur.
189 803 71 52 L.
236 803 47 52 a.
260 803 79 52 s.
315 803 55 52 aux
347 803 87 52 membres
410 803 47 52 du
434 803 119 52 Directoire;
528 803 79 52 Paris,
584 803 47 52 29
608 803 87 52 ventôse
671 803 47 52 an
694 803 47 52 V,
710 803 24 52 1

128 834 64 51 p.
160 834 74 51 1/2
203 834 117 51 in-fol.
288 834 53 51 5
298 834 32 51 »

120 872 58 42 Sa
149 872 116 42 carrière
236 872 145 42 législative
352 872 87 42 étant
410 872 126 42 terminée,
506 872 58 42 il
535 872 106 42 énumère
612 872 68 42 ses
651 872 116 42 services
728 872 39 42 et

135 902 164 48 demande
254 902 74 48 à
284 902 119 48 être
358 902 134 48 remis
448 902 89 48 en
492 902 179 48 activité
626 902 119 48 dans
700 902 104 48 son
760 902 134 48 grade
849 902 89 48 de
894 902 164 48 général
1013 902 89 48 de
1043 902 74 48 di

123 934 120 51 vision.

135 955 126 61 20078
219 955 126 61 DUCIS
303 955 154 61 (J.F.),
414 955 126 61 poëte
498 955 210 61 dramatique,
666 955 140 61 membre
764 955 84 61 de
806 955 154 61 l’Acad.
917 955 98 61 fr.
973 955 140 61 Voyage
1057 955 56 61 de

143 1014 143 49 Toulon
243 1014 86 49 en
285 1014 185 49 Provence,
428 1014 86 49 en
471 1014 200 49 Languedoc,
628 1014 86 49 en
671 1014 171 49 Touraine
799 1014 128 49 etc.,
885 1014 185 49 manuscrit
1013 1014 100 49 aut.,

139 1045 58 42 11
168 1045 58 42 p.
197 1045 87 42 in-4.
256 1045 48 42 5
265 1045 39 42 50

135 1055 122 63 20079
217 1055 230 63 DUGUAY-TROUIN
406 1055 149 63 (René),
514 1055 162 63 illustre
636 1055 122 63 marin
717 1055 81 63 du
758 1055 135 63 siècle
853 1055 81 63 de
893 1055 122 63 Louis
975 1055 108 63 XIV,
1042 1055 81 63 né
1069 1055 41 63 à

134 1116 197 40 Saint-Malo.
292 1116 118 40 L.
371 1116 79 40 a.
410 1116 145 40 s.
515 1116 132 40 Brest,
607 1116 79 40 12
647 1116 145 40 janvier
752 1116 118 40 1713,
831 1116 66 40 4
857 1116 79 40 p.
897 1116 92 40 pl.
949 1116 118 40 in-4.
1015 1116 92 40 Très-

132 1146 126 42 légère
220 1146 163 42 déchirure
346 1146 101 42 dans
409 1146 138 42 l’angle
510 1146 163 42 inférieur
635 1146 151 42 enlevant
748 1146 75 42 un
786 1146 101 42 mot.
849 1146 151 42 Belle
962 1146 75 42 et
987 1146 126 42 rare

150 1182 78 43 lettre
214 1182 26 43 45
223 1182 13 43 »

414 1203 78 59 20080
466 1203 87 59 DUPORT
527 1203 113 59 (Adrien),
613 1203 95 59 célèbre
683 1203 87 59 membre
743 1203 52 59 de
769 1203 130 59 l’Assemblée
873 1203 147 59 constituante.
994 1203 78 59 L.
1038 1203 69 59 a.

140 1254 155 39 s.
259 1254 60 39 à
283 1254 71 39 M.
319 1254 131 39 Regnier
414 1254 83 39 (16
461 1254 107 39 sept.
533 1254 119 39 1789),
616 1254 60 39 1
640 1254 71 39 p.
676 1254 83 39 pl.
723 1254 107 39 in-8.
795 1254 190 39 Rare
949 1254 143 39 Relative
1056 1254 60 39 à
1068 1254 48 39 la

136 1282 126 48 terre
220 1282 84 48 du
262 1282 140 48 Bignon
360 1282 126 48 qu’il
443 1282 126 48 avait
527 1282 154 48 achetée
639 1282 70 48 à
667 1282 84 48 la
709 1282 112 48 mort
779 1282 84 48 du
821 1282 154 48 marquis
932 1282 84 48 de
960 1282 154 48 Mirabeau.

1024 1319 98 33 5
1044 1319 59 33 »

143 1347 125 58 20081
226 1347 152 58 DUSAULX
337 1347 152 58 (Jean),
448 1347 249 58 conventionnel,
655 1347 194 58 traducteur
808 1347 83 58 de
849 1347 166 58 Juvénal,
974 1347 138 58 membre
1057 1347 55 58 de

137 1404 182 32 l’Institut,
283 1404 122 32 auteur
368 1404 73 32 de
404 1404 182 32 Mémoires
550 1404 85 32 sur
599 1404 73 32 la
636 1404 158 32 Bastille.
757 1404 73 32 L.
794 1404 73 32 a.
830 1404 122 32 s,
915 1404 61 32 à
940 1404 85 32 ses
976 1404 134 32 collègues

139 1429 64 51 à
165 1429 129 51 Paris;
255 1429 77 51 de
294 1429 77 51 la
333 1429 129 51 Force,
423 1429 64 51 5
449 1429 155 51 brumaire
565 1429 77 51 an
603 1429 90 51 II,
655 1429 64 51 3
681 1429 77 51 p.
719 1429 90 51 pl.
771 1429 116 51 in-4.
848 1429 64 51 9
861 1429 39 51 »

169 1454 87 55 Il
212 1454 159 55 énumère
327 1454 101 55 les
385 1454 173 55 services
515 1454 101 55 par
572 1454 101 55 lui
630 1454 144 55 rendus
731 1454 144 55 depuis
832 1454 87 55 le
875 1454 231 55 commencement
1048 1454 58 55 de

141 1506 85 37 la
183 1506 199 37 Révolution
339 1506 85 37 et
382 1506 156 37 demande
495 1506 85 37 sa
538 1506 113 37 mise
609 1506 85 37 en
651 1506 170 37 liberté.
779 1506 99 37 Les
836 1506 156 37 preuves
949 1506 85 37 de
992 1506 99 37 son
1034 1506 71 37 pa-

137 1535 175 41 triotisme
271 1535 175 41 antérieur
406 1535 81 41 de
446 1535 108 41 plus
514 1535 81 41 de
554 1535 135 41 trente
648 1535 94 41 ans
702 1535 67 41 à
729 1535 81 41 la
769 1535 189 41 Révolution
917 1535 121 41 sont,
985 1535 121 41 dit

137 1571 202 45 consignées
295 1571 116 45 dans
368 1571 101 45 ses
411 1571 159 45 ouvrages.

141 1595 111 58 20082
214 1595 148 58 DUVERNET
325 1595 135 58 (l’abbé
423 1595 184 58 Théophile),
571 1595 123 58 fameux
657 1595 148 58 écrivain
768 1595 184 58 philosophe.
915 1595 111 58 L.
989 1595 74 58 a.
1014 1595 98 58 s.

142 1643 71 46 à
170 1643 198 46 Lhuillier,
326 1643 184 46 procureur
467 1643 155 46 général
580 1643 85 46 du
622 1643 212 46 département
792 1643 85 46 de
834 1643 141 46 Paris;
933 1643 141 46 maison
1018 1643 99 46 d’ar-

137 1682 88 47 rêt
188 1682 76 47 de
226 1682 138 47 Bicêtre
326 1682 63 47 8
351 1682 151 47 brumaire
465 1682 76 47 an
502 1682 88 47 II,
553 1682 63 47 2
578 1682 76 47 p.
616 1682 88 47 1/4
666 1682 113 47 in-4.
742 1682 63 47 6
754 1682 38 47 »

169 1698 86 53 Il
212 1698 157 53 demande
326 1698 86 53 si
369 1698 114 53 l’on
440 1698 128 53 s’est
526 1698 143 53 occupé
626 1698 86 53 de
668 1698 86 53 sa
711 1698 114 53 mise
783 1698 86 53 en
825 1698 171 53 liberté.
940 1698 171 53 «J’observe

139 1735 124 52 encore
225 1735 111 52 qu’il
299 1735 87 52 est
349 1735 124 52 triste
436 1735 99 52 pour
497 1735 148 52 l’auteur
609 1735 74 52 de
646 1735 74 52 la
683 1735 124 52 Vie
770 1735 74 52 de
807 1735 210 52 Voltaire,
980 1735 99 52 pour
1029 1735 87 52 l’au-

142 1775 107 44 teur
208 1775 80 44 de
248 1775 226 44 l'Histoire
435 1775 80 44 de
475 1775 80 44 la
515 1775 226 44 Sorbonne
701 1775 173 44 j’oserais
834 1775 147 44 presque
941 1775 107 44 dire
1007 1775 107 44 pour
1061 1775 53 44 un

144 1805 210 49 philosophe,
312 1805 98 49 qui
368 1805 140 49 depuis
467 1805 140 49 trente
565 1805 98 49 ans
621 1805 98 49 n’a
677 1805 98 49 pas
733 1805 182 49 prétrisé,
874 1805 140 49 d’être
972 1805 70 49 à
986 1805 126 49 Bicêtre

140 1845 115 41 avec
211 1845 172 41 quarante
341 1845 158 41 prêtres
456 1845 101 41 qui
513 1845 144 41 vivent
614 1845 115 41 dans
686 1845 86 41 la
729 1845 158 41 crainte
844 1845 216 41 continuelle
1002 1845 115 41 d’être

124 1879 186 48 égorgés...»

144 1900 125 65 20083
228 1900 181 65 ESCUDIER,
367 1900 139 65 député
464 1900 83 65 du
506 1900 97 65 Var
561 1900 70 65 à
589 1900 83 65 la
631 1900 209 65 Convention,
798 1900 125 65 connu
881 1900 97 65 par
937 1900 83 65 sa
979 1900 153 65 mission
1076 1900 42 65 à

140 1947 175 44 Marseille.
277 1947 112 44 L.
352 1947 75 44 a.
389 1947 125 44 s.
477 1947 62 44 à
502 1947 87 44 son
552 1947 150 44 collègue
664 1947 162 44 Saliceti;
789 1947 125 44 Paris,
877 1947 75 44 13
914 1947 150 44 messidor
1027 1947 75 44 an
1052 1947 62 44 II,

141 1984 59 48 1
165 1984 71 48 p.
200 1984 83 48 1/2
247 1984 106 48 in-4.
330 1984 59 48 4
342 1984 35 48 »

183 2016 51 45 Il
209 2016 60 45 lui
243 2016 119 45 recommande
337 2016 51 45 la
362 2016 136 45 tranquillité
473 2016 51 45 de
499 2016 60 45 son
533 2016 68 45 père
575 2016 51 45 et
601 2016 51 45 de
626 2016 51 45 sa
652 2016 94 45 famille
711 2016 43 45 en-

139 2052 92 42 tière.
203 2052 64 42 «On
240 2052 64 42 m’a
276 2052 82 42 écrit
331 2052 64 42 que
368 2052 92 42 Ricord
432 2052 82 42 était
487 2052 73 42 venu
533 2052 73 42 pour
579 2052 64 42 les
615 2052 92 42 vexer,
670 2052 92 42 non-

146 2088 154 40 lement
254 2088 123 40 eux,
331 2088 123 40 mais
408 2088 154 40 encore
516 2088 123 40 tous
593 2088 123 40 ceux
670 2088 108 40 qui
732 2088 170 40 passent
855 2088 123 40 pour
932 2088 123 40 être
1009 2088 93 40 de
1040 2088 77 40 mes

96 2120 231 50 amis...»
