1135 2228
553 19 65 64 —
579 19 65 64 8
592 19 39 64 —

28 89 131 50 20084
116 89 145 50 FABERT
218 89 204 50 (Abraham),
378 89 175 50 maréchal
509 89 87 50 de
552 89 160 50 France.
669 89 131 50 L.
756 89 102 50 a.
814 89 87 50 s.
858 89 73 50 à
887 89 102 50 Mar
930 89 175 50 (Mazarin);

130 125 126 44 Sédan,
218 125 75 44 28
256 125 113 44 janv.
332 125 113 44 1660,
407 125 63 44 2
432 125 75 44 p.
470 125 113 44 in-4.
545 125 75 44 15
570 125 38 44 »

166 164 123 49 Belle
248 164 151 49 lettre,
358 164 164 49 relative
481 164 68 49 à
509 164 82 49 M.
550 164 151 49 Voysin,
659 164 110 49 pour
728 164 137 49 lequel
823 164 82 49 il
865 164 151 49 demande
974 164 82 49 la
1001 164 110 49 charge

122 183 89 71 de
167 183 148 71 prévôt
270 183 104 71 des
315 183 178 71 marchands.

539 235 75 43 20085
588 235 75 43 FABRE
638 235 124 43 D’ÉGLANTINE
738 235 58 43 (P.
771 235 50 43 F.
796 235 66 43 N.),
837 235 83 43 auteur
895 235 116 43 dramatique
987 235 50 43 et
1003 235 108 43 convention-

128 279 106 46 nel,
194 279 160 46 décapité
314 279 106 46 avec
380 279 146 46 Danton.
487 279 120 46 L.
566 279 106 46 a.
633 279 80 46 s.
673 279 93 46 aux
726 279 173 46 comédiens
859 279 173 46 français;
992 279 80 46 26
1018 279 80 46 oct.

135 318 92 42 1787,
196 318 72 42 3/4
237 318 61 42 de
268 318 61 42 p.
298 318 92 42 in-4.
360 318 164 42 Rare
493 318 61 42 20
513 318 31 42 »

170 341 124 45 Prière
256 341 74 45 de
293 341 124 45 mettre
380 341 223 45 Augusta
566 341 74 45 au
603 341 136 45 courant
702 341 74 45 du
727 341 161 45 répertoire.

136 373 117 51 20086
214 373 143 51 FAUCHER
318 373 143 51 (Léon),
422 373 182 51 économiste
565 373 78 51 et
604 373 195 51 publiciste,
761 373 156 51 ministre
878 373 78 51 de
917 373 195 51 l’intérieur
1060 373 52 51 en

134 416 109 44 1848
203 416 137 44 membre
298 416 82 44 de
339 416 205 44 l’Institut.
503 416 123 44 L.
585 416 82 44 a.
627 416 137 44 s.
722 416 68 44 à
750 416 82 44 E.
791 416 137 44 Buret,
886 416 68 44 à
914 416 137 44 Alger;
996 416 109 44 Paris,

140 453 69 51 30
174 453 126 51 juillet
266 453 103 51 1841,
335 453 57 51 3
358 453 69 51 p.
392 453 80 51 pl.
438 453 103 51 in-8.
507 453 57 51 4
519 453 34 51 »

468 464 93 68 Lettre
533 464 74 68 fort
579 464 130 68 importante
682 464 65 68 sur
719 464 121 68 l’Algérie
812 464 56 68 et
840 464 65 68 sur
877 464 186 68 l’administration
1035 464 56 68 de
1054 464 46 68 Bu-

469 530 82 35 geaud,
526 530 74 35 qu’il
576 530 115 35 soutiendra
666 530 49 35 en
691 530 91 35 qualité
757 530 49 35 de
782 530 107 35 rédacteur
864 530 49 35 du
889 530 124 35 Courrier
979 530 124 35 français

129 549 84 39 «Il
177 549 60 39 y
201 549 60 39 a
225 549 72 39 là
261 549 72 39 un
297 549 120 39 empire
382 549 60 39 à
406 549 132 39 fonder,
502 549 72 39 et
538 549 72 39 si
574 549 72 39 la
610 549 144 39 dynastie
718 549 144 39 actuelle
827 549 84 39 n’y
863 549 120 39 parvient

142 594 104 32 as,
202 594 119 32 elle
276 594 119 32 sera
351 594 164 32 chassée
470 594 134 32 comme
559 594 104 32 les
619 594 179 32 Bourbons
753 594 89 32 de
797 594 89 32 la
842 594 164 32 branche
961 594 149 32 aînée.
1050 594 60 32 Je

135 623 104 39 ais
195 623 134 39 qu’il
284 623 74 39 y
314 623 149 39 faudra
418 623 104 39 des
478 623 149 39 hommes
582 623 89 39 et
627 623 89 39 de
671 623 194 39 l’argent,
820 623 119 39 mais
895 623 89 39 la
939 623 149 39 France
1029 623 74 39 est

134 655 121 38 riche
214 655 80 38 et
254 655 80 38 le
295 655 94 38 but
348 655 94 38 est
388 655 148 38 grand...»

134 672 122 64 20087
216 672 149 64 FAUCHET
325 672 136 64 (Cl.),
420 672 136 64 évêque
515 672 258 64 constitutionnel
732 672 82 64 du
773 672 177 64 Calvados,
895 672 204 64 conventionnel

130 724 155 53 girondin,
249 724 143 53 décapité
357 724 72 53 en
393 724 107 53 1793.
464 724 107 53 Pièce
536 724 155 53 a
655 724 84 53 s.,
703 724 96 53 sig.
763 724 107 53 aussi
834 724 84 53 par
882 724 167 53 Merlin,
1002 724 107 53 Ro

138 765 126 45 vère,
222 765 154 45 Vardon
334 765 84 45 et
376 765 210 45 Lomont;
543 765 84 45 27
585 765 112 45 août
655 765 126 45 1792,
739 765 98 45 3/4
795 765 84 45 de
837 765 84 45 p.
878 765 154 45 in-fol,
976 765 126 45 cachet.

132 791 99 49 Ordre
198 791 197 49 d’arrestation.
362 791 55 49 4
373 791 44 49 50

435 826 91 49 20088
496 826 101 49 FAVRAS
566 826 81 49 (Th.
617 826 91 49 MAHY,
678 826 71 49 mis
718 826 81 49 de),
769 826 91 49 pendu
830 826 61 49 en
860 826 91 49 place
921 826 61 49 de
951 826 91 49 Grève
1012 826 61 49 en
1032 826 71 49 1790,

140 875 101 28 our
197 875 86 28 un
240 875 159 28 complot
356 875 86 28 où
399 875 173 28 Monsieur
529 875 144 28 (Louis
629 875 144 28 XVIII)
730 875 130 28 était
817 875 115 28 fort
889 875 202 28 compromis.
1033 875 72 28 L..

127 903 142 43 a.
230 903 78 43 s.
269 903 65 43 à
295 903 78 43 M.
334 903 116 43 M...;
411 903 129 43 prison
502 903 78 43 de
541 903 168 43 l’Abbaye,
670 903 116 43 1790,
747 903 65 43 1
773 903 78 43 p.
812 903 142 43 in-fol.
915 903 168 43 Curieuse.
1044 903 65 43 7
1057 903 52 43 50

135 928 122 51 20089
217 928 176 51 FERDINAND
352 928 95 51 Ier
406 928 162 51 empereur
528 928 203 51 d’Autriche,
690 928 108 51 fils
757 928 81 51 de
798 928 162 51 François
920 928 95 51 II.
974 928 81 51 L.
1014 928 95 51 s.,
1055 928 54 51 en

132 978 184 35 français,
273 978 113 35 avec
344 978 85 35 la
387 978 198 35 souscript.
542 978 127 35 aut.,
627 978 71 35 à
655 978 85 35 sa
698 978 141 35 tante;
797 978 156 35 Vienne,
910 978 71 35 3
938 978 127 35 avril
1009 978 85 35 1835

132 1003 69 43 1
160 1003 82 43 p.
201 1003 96 43 1/2
256 1003 123 43 in-4.
338 1003 164 43 Relative
461 1003 69 43 à
488 1003 82 43 la
530 1003 110 43 mort
598 1003 82 43 de
639 1003 96 43 son
694 1003 123 43 oncle
776 1003 192 43 l'archiduc
927 1003 164 43 Antoine.
1050 1003 69 43 4
1064 1003 41 43 »

145 1038 121 43 20090
225 1038 121 43 FESCH
306 1038 121 43 (Jh),
386 1038 175 43 cardinal,
521 1038 188 43 archevêque
668 1038 81 43 de
709 1038 121 43 Lyon,
789 1038 121 43 oncle
870 1038 81 43 de
910 1038 161 43 Napoléon
1017 1038 81 43 Ier.

132 1080 100 39 L.
198 1080 111 39 a
276 1080 66 39 s.
309 1080 55 39 à
331 1080 77 39 son
375 1080 111 39 neveu,
453 1080 100 39 1826,
519 1080 77 39 1/2
563 1080 66 39 p.
596 1080 100 39 in-4.
663 1080 55 39 3
674 1080 33 39 »

141 1119 132 38 20091
229 1119 191 38 LESSELLES
376 1119 176 38 (Jacques
509 1119 118 38 de),
582 1119 147 38 prévôt
685 1119 103 38 des
744 1119 191 38 marchands
891 1119 88 38 de
935 1119 88 38 la
979 1119 132 38 ville
1052 1119 59 38 de

134 1143 127 42 Paris,
223 1143 114 42 l’une
299 1143 89 42 des
350 1143 165 42 premières
477 1143 152 42 victimes
591 1143 76 42 de
629 1143 76 42 la
667 1143 190 42 Révolution.
819 1143 114 42 L.
895 1143 76 42 a.
933 1143 101 42 s.
997 1143 76 42 au
1022 1143 89 42 lieu-

132 1185 121 44 tenant
216 1185 72 44 de
252 1185 133 44 police,
349 1185 108 44 1761,
421 1185 60 44 1
445 1185 72 44 p.
481 1185 108 44 in-4.
554 1185 60 44 3
566 1185 48 44 50

132 1207 103 59 20092
200 1207 126 59 FOSCOLO
292 1207 115 59 (Ugo),
372 1207 126 59 célèbre
464 1207 103 59 poëte
533 1207 69 59 et
567 1207 138 59 patriote
670 1207 138 59 italien.
774 1207 103 59 L.
842 1207 115 59 a
923 1207 80 59 si.
968 1207 57 59 à
991 1207 69 59 M.
1014 1207 92 59 Binda;

130 1257 68 53 23
164 1257 90 53 mai,
220 1257 56 53 2
242 1257 68 53 p.
276 1257 79 53 1/4
321 1257 101 53 in-8.
389 1257 101 53 Jolie
456 1257 124 53 lettre.
546 1257 56 53 4
569 1257 56 53 »

134 1297 99 53 20093
200 1297 132 53 FOUCQUET
299 1297 154 53 (Nicolas),
420 1297 66 53 le
453 1297 110 53 fameux
530 1297 176 53 surintendant
672 1297 77 53 des
716 1297 143 53 finances.
826 1297 77 53 L<.
870 1297 143 53 a
969 1297 44 53 s.

122 1334 80 45 au
162 1334 186 45 commandant
308 1334 80 45 de
348 1334 80 45 la
387 1334 173 45 Bastille;
520 1334 80 45 22
560 1334 106 45 août
627 1334 120 45 1659,
706 1334 66 45 1
733 1334 80 45 p.
773 1334 120 45 in-8.
853 1334 80 45 12
879 1334 40 45 »

134 1366 114 53 20094
210 1366 140 53 FOULLON
312 1366 89 53 (Jh
363 1366 102 53 Fr.)
426 1366 152 53 ministre
540 1366 152 53 massacré
655 1366 63 53 à
680 1366 114 53 Paris
756 1366 76 53 le
794 1366 76 53 22
832 1366 140 53 juillet
921 1366 89 53 1789.

129 1399 93 53 L.
188 1399 105 53 a
258 1399 82 53 s<.
304 1399 58 53 à
327 1399 70 53 M.
362 1399 151 53 Trudaine;
479 1399 105 53 Paris
549 1399 105 53 1772,
619 1399 58 53 1
642 1399 70 53 p.
677 1399 82 53 3/4
724 1399 128 53 in-fol.
817 1399 58 53 3
828 1399 47 53 50

126 1428 123 51 20095
208 1428 286 51 FOUQUIER-TINVILLE
453 1428 95 51 (A.
508 1428 109 51 Q.),
576 1428 191 51 accusateur
726 1428 136 51 public
821 1428 82 51 au
862 1428 164 51 tribunal
971 1428 123 51 révolu-

128 1479 175 54 tionnaire,
266 1479 150 54 décapité
379 1479 75 54 en
416 1479 113 54 1794.
491 1479 113 54 L.
566 1479 125 54 a
654 1479 75 54 s.
691 1479 63 54 à
716 1479 163 54 l’adjoint
841 1479 75 54 du
879 1479 188 54 département
1029 1479 75 54 de
1054 1479 50 54 la

130 1505 124 60 guerre;
220 1505 113 60 Paris,
299 1505 56 60 7
321 1505 79 60 mai
366 1505 101 60 1793,
434 1505 56 60 1
457 1505 68 60 p.
491 1505 79 60 pl.
536 1505 101 60 in-4.
603 1505 68 60 18
626 1505 90 60 »

158 1528 169 65 Relative
284 1528 98 65 aux
341 1528 155 65 témoins
453 1528 70 65 à
481 1528 169 65 entendre
608 1528 112 65 dans
678 1528 183 65 l’affaire
819 1528 84 65 du
861 1528 155 65 général
959 1528 141 65 polonais

108 1585 186 39 Miaczinski.

127 1612 111 47 20096
201 1612 148 47 FOURCROY
311 1612 98 47 (Ant
373 1612 98 47 Fr.,
434 1612 111 47 cte),
508 1612 135 47 célèbre
607 1612 148 47 chimiste
717 1612 74 47 et
754 1612 222 47 conventionnel.
939 1612 111 47 L.
1001 1612 98 47 a

129 1660 75 49 s.
167 1660 63 49 à
192 1660 88 49 son
242 1660 150 49 collègue
355 1660 138 49 Dubois;
455 1660 113 49 Paris
530 1660 113 49 1807,
606 1660 63 49 1
631 1660 75 49 p.
668 1660 113 49 in-4.
743 1660 113 49 Jolie
819 1660 138 49 lettre.
919 1660 63 49 3
931 1660 38 49 »

131 1693 108 53 20097
203 1693 84 53 FOY
251 1693 108 53 (Max.
323 1693 120 53 Séb.),
406 1693 144 53 général,
514 1693 120 53 député
598 1693 72 53 et
634 1693 144 53 écrivain
742 1693 168 53 militaire,
873 1693 108 53 L.
945 1693 84 53 ai.
993 1693 108 53 s
1053 1693 48 53 au

132 1734 131 45 préfet
223 1734 78 45 de
263 1734 144 45 police;
367 1734 131 45 Paris,
459 1734 78 45 24
498 1734 92 45 mai
551 1734 118 45 1825,
629 1734 65 45 2
655 1734 78 45 p.
694 1734 118 45 in-4.
773 1734 170 45 Curieuse.
904 1734 65 45 3
917 1734 39 45 »

561 1757 68 54 20098
607 1757 113 54 FRANCASTEL,
697 1757 136 54 conventionnel,
811 1757 68 54 connu
856 1757 53 54 par
886 1757 53 54 ses
916 1757 91 54 missions
984 1757 60 54 dans
1022 1757 83 54 l’Ouest
1075 1757 30 54 et

152 1797 38 51 à
168 1797 84 51 Nantes.
229 1797 69 51 Pièce
275 1797 84 51 a.
336 1797 46 51 s.
359 1797 54 51 (an
390 1797 69 51 III),
436 1797 38 51 1
451 1797 46 51 p.
474 1797 54 51 pl.
504 1797 69 51 in-4.
550 1797 38 51 9
558 1797 23 51 »

152 1813 198 62 Important
304 1813 198 62 document.
457 1813 137 62 Sorte
548 1813 91 62 de
594 1813 198 62 testament
746 1813 213 62 politique.
914 1813 107 62 «La
960 1813 137 62 Vendée,

128 1868 100 40 jui
185 1868 71 40 a
213 1868 128 40 coûté
298 1868 85 40 la
341 1868 100 40 vie
398 1868 71 40 à
426 1868 114 40 tant
498 1868 85 40 de
540 1868 242 40 républicains,
739 1868 156 40 demande
853 1868 128 40 aussi
939 1868 85 40 la
967 1868 128 40 mienne.

125 1904 99 49 Les
181 1904 113 49 amis
252 1904 99 49 des
308 1904 169 49 brigands
435 1904 85 49 me
478 1904 198 49 dénoncent.
633 1904 155 49 Faut-il
746 1904 99 49 que
803 1904 85 49 la
845 1904 226 49 pacification
1014 1904 85 49 soit

118 1934 164 50 scellée
237 1934 89 50 de
282 1934 104 50 mon
326 1934 164 50 sang?...»

124 1956 94 67 20099
186 1956 126 67 FRANÇOIS
281 1956 63 67 DE
312 1956 94 67 SALES
375 1956 126 67 (saint),
470 1956 147 67 l’illustre
585 1956 105 67 évêque
658 1956 63 67 de
690 1956 115 67 Genève.
774 1956 63 67 L.
805 1956 94 67 a
868 1956 63 67 s.
889 1956 42 67 au

519 2009 39 53 duc
542 2009 34 53 de
559 2009 62 53 Savoie;
604 2009 56 53 Paris,
643 2009 34 53 11
660 2009 62 53 juillet
705 2009 51 53 1619,
739 2009 28 53 2
750 2009 34 53 p.
767 2009 39 53 pl.
789 2009 62 53 in-fol.
834 2009 51 53 Belle
862 2009 51 53 lettre,

118 2042 103 51 d’une
186 2042 183 51 conservation
334 2042 148 51 parfaite.
449 2042 80 51 125
483 2042 34 51 »

149 2078 85 48 Il
191 2078 155 48 demande
304 2078 85 48 la
346 2078 155 48 liberté
459 2078 85 48 du
501 2078 127 48 sieur
586 2078 197 48 Collatéral
741 2078 169 48 Duquoix,
868 2078 141 48 détenu
966 2078 113 48 dans
1023 2078 70 48 les

117 2120 160 41 prisons
234 2120 87 41 de
278 2120 175 41 Chambéry
409 2120 117 41 pour
482 2120 87 41 la
526 2120 131 41 somme
613 2120 189 41 d’environ
759 2120 131 41 mille
846 2120 189 41 ducatons.
977 2120 117 41 «Quand

119 2149 99 52 les
175 2149 155 52 fautes,
288 2149 155 52 dit-il,
401 2149 113 52 sont
472 2149 113 52 sans
542 2149 155 52 malice,
655 2149 113 52 sans
726 2149 113 52 dol,
797 2149 113 52 sans
867 2149 169 52 mauvaise
980 2149 113 52 inten
