1163 2191
521 28 85 58 —
555 28 85 58 5
572 28 51 58 —

133 85 128 59 hués,
218 85 85 59 et
261 85 99 59 des
317 85 142 59 femmes
417 85 99 59 qui
473 85 99 59 ont
530 85 99 59 été
587 85 199 59 fouettées.
743 85 85 59 Le
786 85 142 59 retard
885 85 156 59 apporté
998 85 85 59 au
1027 85 85 59 rap-

141 135 95 38 oort
201 135 119 38 contre
284 135 215 38 Carrier
463 135 60 38 a
487 135 119 38 excité
570 135 83 38 des
618 135 143 38 murmures
713 135 72 38 etc.

143 162 106 51 20048
214 162 118 51 CLOOTS
296 162 200 51 (Anacharsis),
462 162 165 51 publiciste
591 162 71 51 et
627 162 200 51 conventionnel
792 162 141 51 célèbre,
898 162 83 51 dit
933 162 177 51 l'Ora

142 213 136 45 teur
241 213 74 45 du
278 213 112 45 genre
352 213 186 45 humain
501 213 149 45 décapité
613 213 99 45 avec
675 213 136 45 Hébert.
774 213 112 45 L.
849 213 74 45 a.
886 213 74 45 s.
911 213 198 45 Anacharsis

135 239 194 38 Cloots,
288 239 194 38 homme
440 239 97 38 aux
496 239 139 38 hommes
593 239 83 38 de
634 239 125 38 bonne
718 239 153 38 volonté
829 239 111 38 (les
898 239 153 38 membres
1009 239 83 38 du
1037 239 69 38 Co-

138 268 124 44 mité
215 268 93 44 de
261 268 155 44 sûreté
370 268 217 44 générale);
540 268 155 44 Paris,
648 268 155 44 maison
756 268 170 44 d’arrêt
880 268 93 44 du
911 268 201 44 Luxembourg,

143 305 88 39 19
187 305 146 39 nivôse
290 305 88 39 an
334 305 88 39 II
378 305 88 39 de
422 305 88 39 la
466 305 205 39 République
627 305 103 39 des
685 305 161 39 hommes,
802 305 73 39 7
832 305 88 39 p.
876 305 103 39 pl.
934 305 132 39 in-4.
1007 305 103 39 Auto-

128 339 126 50 graphe
217 339 189 50 extrêmement
368 339 114 50 rare.
444 339 76 50 90
469 339 38 50 »

168 375 97 36 Une
224 375 139 36 cabale
321 375 181 36 étrangère
460 375 97 36 l’a
516 375 111 36 fait
586 375 153 36 plonger
697 375 111 36 dans
767 375 97 36 les
823 375 125 36 fers.
906 375 70 36 —
934 375 97 36 «Il
976 375 125 36 importe

139 409 162 32 lit-il,
257 409 103 32 aux
316 409 148 32 tyrans
420 409 177 32 modernes
552 409 89 32 de
597 409 148 32 fermer
700 409 89 32 la
744 409 148 32 bouche
847 409 103 32 aux
906 409 162 32 apôtres
1024 409 89 32 de
1054 409 59 32 la

144 448 182 40 raternité
284 448 196 40 politique,
438 448 126 40 comme
522 448 84 40 il
564 448 182 40 importait
703 448 98 40 aux
759 448 140 40 tyrans
857 448 154 40 anciens
955 448 154 40 d’écraser

130 472 99 38 les
187 472 156 38 apôtres
300 472 85 38 de
342 472 85 38 la
385 472 198 38 fraternité
541 472 227 38 chrétienne.»
725 472 99 38 Les
782 472 184 38 calomnies
924 472 113 38 dont
995 472 85 38 on
1023 472 85 38 l’a-

138 501 142 41 breuve
237 501 213 41 aujourd’hui
408 501 114 41 sont
479 501 100 41 les
536 501 128 41 mêmes
621 501 114 41 dont
693 501 128 41 s’est
778 501 128 41 servi
863 501 85 41 le
906 501 171 41 scélérat
1020 501 85 41 Gen-

139 540 124 35 sonné
222 540 83 35 Il
263 540 110 35 prie
332 540 96 35 ses
387 540 179 35 collègues
524 540 83 35 de
566 540 124 35 faire
648 540 124 35 lever
731 540 96 35 les
786 540 151 35 scellés
896 540 151 35 apposés
1006 540 96 35 sur
1047 540 69 35 ses

138 578 206 30 paperasses.
303 578 82 30 Il
344 578 96 30 les
399 578 151 30 conjure
509 578 82 30 de
550 578 82 30 ne
591 578 123 30 point
673 578 123 30 faire
755 578 96 30 une
810 578 110 30 paix
879 578 165 30 plâtrée,
989 578 123 30 d’aban-

136 599 146 38 donner
238 599 146 38 l’idée
340 599 131 38 folle
428 599 131 38 d’une
515 599 175 38 descente
647 599 87 38 en
690 599 219 38 Angleterre,
865 599 117 38 etde
938 599 146 38 donner
1040 599 73 38 à
1055 599 58 38 la

143 633 156 42 France,
256 633 113 42 avec
327 633 99 42 les
384 633 142 42 Alpes,
483 633 99 42 ses
540 633 199 42 frontières
696 633 85 42 du
738 633 113 42 Rhin
809 633 85 42 et
852 633 99 42 des
908 633 184 42 Pyrénées.
1036 633 71 42 «Je

144 665 68 47 e
172 665 150 47 désire,
281 665 218 47 ajoute-t-il,
458 665 82 47 en
498 665 136 47 priant
594 665 95 47 mes
648 665 136 47 frères
743 665 82 47 de
784 665 136 47 songer
880 665 68 47 à
907 665 82 47 un
948 665 150 47 athlète
1043 665 68 47 qui

132 703 77 38 n
162 703 77 38 a
193 703 154 38 jamais
301 703 200 38 appartenu
454 703 77 38 a
485 703 200 38 personne,
639 703 123 38 mais
716 703 123 38 dont
792 703 92 38 le
838 703 123 38 cœur
915 703 215 38 débonnaire
1069 703 46 38 a

142 736 96 31 cru
197 736 205 31 quelquefois
361 736 68 31 à
388 736 82 31 la
429 736 123 31 vertu
511 736 96 31 des
566 736 205 31 personnages
730 736 191 31 soi-disant
880 736 178 31 vertueux»
1003 736 109 31 (allu-

435 764 81 48 sion
486 764 51 48 à
506 764 162 48 Robespierre,
638 764 71 48 son
678 764 142 48 implacable
790 764 112 48 ennemi,
871 764 61 48 et
902 764 71 48 qui
942 764 112 48 l’avait
1024 764 81 48 fait
1064 764 51 48 ar

129 797 113 37 rêter).

151 813 114 72 20049
227 813 140 72 COLBERT
329 813 152 72 (Louis),
443 813 102 72 abbé
507 813 76 72 de
545 813 152 72 Bonport,
659 813 102 72 fils
723 813 76 72 du
761 813 152 72 grand
875 813 190 72 Colbert
1014 813 102 72 inten-

145 869 135 40 lant,
235 869 135 40 garde
324 869 105 40 des
384 869 164 40 livres,
504 869 224 40 manuscrits,
683 869 194 40 médailles
833 869 90 40 de
878 869 90 40 la
908 869 209 40 Bibliothèque

137 899 88 41 du
181 899 117 41 roi,
255 899 117 41 puis
328 899 132 41 comte
416 899 88 41 de
460 899 190 41 Linières,
606 899 352 41 capitaine-lieutenant
914 899 103 41 des
958 899 161 41 gendarmes

147 935 192 45 bourguignons.
304 935 101 45 L.
372 935 68 45 a.
406 935 113 45 s.
485 935 56 45 à
507 935 68 45 M.
541 935 90 45 ...;
597 935 56 45 9
620 935 124 45 juillet
710 935 101 45 1657,
778 935 56 45 1
800 935 68 45 p.
834 935 79 45 pl.
879 935 101 45 in-4.
947 935 56 45 4
958 935 45 45 50

169 973 162 52 Relative
290 973 67 52 à
317 973 202 52 l’ouverture
479 973 81 52 de
519 973 81 52 la
559 973 216 52 bibliothèque
735 973 135 52 léguée
829 973 81 52 au
869 973 94 52 roi
923 973 94 52 par
977 973 81 52 M.
1004 973 108 52 Dupuy.

152 1007 109 65 20050
225 1007 109 65 COLET
297 1007 97 65 (Mme
358 1007 145 65 Louise),
467 1007 109 65 poëte
539 1007 73 65 et
575 1007 194 65 littérateur.
733 1007 109 65 L.
805 1007 73 65 a.
842 1007 133 65 s.
938 1007 61 65 1
963 1007 73 65 p.
999 1007 85 65 pl.
1035 1007 85 65 in

994 1041 126 53 1
1019 1041 101 53 50

146 1068 123 61 20051
228 1068 273 61 COLLOT-D’HERBOIS
460 1068 96 61 (J.
515 1068 109 61 M.),
583 1068 137 61 auteur
679 1068 191 61 dramatique
829 1068 82 61 et
870 1068 232 61 conventionnel
1048 1068 68 61 cé-

148 1118 120 48 lèbre.
232 1118 108 48 L.
304 1118 72 48 a.
339 1118 132 48 s.
435 1118 96 48 sig.
495 1118 108 48 aussi
567 1118 84 48 par
615 1118 275 48 Billaud-Varenne,
854 1118 132 48 Carnot,
950 1118 167 48 Barère
1069 1118 48 48 et

139 1160 236 36 Prieur
336 1160 66 36 à
362 1160 171 36 Saliceti;
493 1160 131 36 Paris,
585 1160 79 36 21
624 1160 144 36 ventôse
729 1160 79 36 an
769 1160 92 36 II,
821 1160 66 36 1
847 1160 79 36 p.
887 1160 92 36 pl.
939 1160 157 36 in-fol.,
1044 1160 79 36 tête

144 1187 110 49 impr.
217 1187 73 49 et
253 1187 97 49 vig.
314 1187 170 49 Très-belle
448 1187 73 49 et
485 1187 195 49 intéressante
643 1187 122 49 pièce.
728 1187 73 49 10
752 1187 37 49 »

149 1229 109 45 20052
222 1229 109 45 CONDÉ
294 1229 121 45 (Henri
379 1229 73 45 II
415 1229 73 45 de
451 1229 145 45 BOURBON,
560 1229 121 45 prince
645 1229 97 45 de),
706 1229 97 45 père
766 1229 73 45 du
802 1229 109 45 grand
875 1229 121 45 Condé.
960 1229 109 45 L.
1020 1229 97 45 s

144 1267 78 47 à
176 1267 93 47 M.
222 1267 155 47 Lenet,
331 1267 202 47 procureur
486 1267 171 47 général
610 1267 93 47 au
657 1267 202 47 Parlément
812 1267 93 47 de
858 1267 155 47 Dijon;
967 1267 155 47 Paris,
1060 1267 62 47 10

137 1296 89 61 mai
188 1296 115 61 1644,
265 1296 64 61 1
290 1296 77 61 p.
329 1296 115 61 in-4,
405 1296 140 61 cachets
507 1296 77 61 et
546 1296 128 61 soies.
635 1296 64 61 3
648 1296 38 61 »

174 1312 269 76 Recommandation
399 1312 90 76 en
443 1312 150 76 faveur
548 1312 90 76 de
593 1312 90 76 M.
638 1312 90 76 de
683 1312 195 76 Chamilly,
833 1312 120 76 pour
907 1312 150 76 lequel
1012 1312 90 76 le
1042 1312 75 76 roi

153 1366 111 56 ient
222 1366 166 56 d’ériger
347 1366 83 56 la
388 1366 124 56 terre
471 1366 83 56 de
512 1366 166 56 Chamilly
637 1366 83 56 en
664 1366 111 56 comte.

151 1410 110 50 20053
224 1410 110 50 CONDÉ
297 1410 122 50 (Louis
383 1410 85 50 II,
431 1410 122 50 prince
517 1410 98 50 de),
578 1410 85 50 dit
627 1410 110 50 le
700 1410 122 50 Grand.
785 1410 73 50 L.
822 1410 73 50 a.
859 1410 122 50 s.
944 1410 73 50 au
981 1410 85 50 duc
1029 1410 73 50 de
1054 1410 73 50 Lon-

146 1449 170 44 gueville;
277 1449 144 44 Valéry,
382 1449 66 44 4
408 1449 105 44 juin
474 1449 118 44 1660,
552 1449 66 44 1
579 1449 79 44 p.
618 1449 92 44 pl.
670 1449 118 44 in-4,
749 1449 157 44 cachets.
867 1449 118 44 Jolie
946 1449 144 44 épître.
1050 1449 79 44 14
1077 1449 39 44 »

151 1486 107 48 20054
222 1486 143 48 CONSTANT
329 1486 178 48 (Benjamin),
472 1486 131 48 célèbre
567 1486 166 48 publiciste
698 1486 71 48 et
734 1486 131 48 député.
829 1486 107 48 L.
900 1486 71 48 a.
936 1486 119 48 s.
1019 1486 59 48 à
1043 1486 71 48 M.
1067 1486 59 48 Vé-

144 1514 111 54 ron;
213 1514 138 54 Paris,
310 1514 97 54 1er
365 1514 111 54 juin
435 1514 124 54 1830,
518 1514 69 54 2
545 1514 69 54 p
573 1514 152 54 in-fol.
683 1514 152 54 Curieux
794 1514 152 54 détails
905 1514 97 54 sur
960 1514 83 54 la
988 1514 138 54 candida-

144 1563 95 40 ture
204 1563 84 40 qui
251 1563 84 40 lui
299 1563 84 40 est
347 1563 131 40 offerte
442 1563 60 40 à
466 1563 179 40 Strasbourg.
609 1563 60 40 3
621 1563 36 40 »

149 1585 121 57 20055
229 1585 161 57 CONSTANT
349 1585 147 57 (Vairy,
457 1585 121 57 dit),
537 1585 121 57 valet
617 1585 80 57 de
657 1585 147 57 chambre
764 1585 80 57 de
805 1585 161 57 Napoléon
925 1585 107 57 Ier,
992 1585 134 57 auteur
1072 1585 54 57 de

150 1625 162 59 Mémoires.
274 1625 112 59 L.
348 1625 75 59 a.
386 1625 124 59 s.
473 1625 75 59 au
510 1625 87 59 roi
560 1625 236 59 Louis-Philippe;
759 1625 112 59 Paris
833 1625 112 59 1832,
908 1625 62 59 1
933 1625 75 59 p.
970 1625 137 59 in-fol.
1069 1625 62 59 5
1082 1625 37 59 »

155 1656 120 64 20056
235 1656 147 64 COUTHON
341 1656 120 64 (G.),
421 1656 147 64 célèbre
528 1656 227 64 conventionnel
715 1656 200 64 montagnard,
875 1656 160 64 décapité
995 1656 80 64 en
1022 1656 93 64 1794.

148 1708 120 52 Pièce
228 1708 120 52 a.
307 1708 146 52 s.
414 1708 279 52 Clermont-Ferrand,
653 1708 67 52 7
680 1708 120 52 sept.
760 1708 120 52 1793,
840 1708 93 52 1/2
893 1708 80 52 p.
933 1708 160 52 in-fol.,
1039 1708 80 52 tête

150 1743 124 52 imprimée.
246 1743 57 52 10
265 1743 29 52 »

146 1787 107 36 20057
218 1787 179 36 CRESCENTINI
361 1787 155 36 (Jérôme),
480 1787 131 36 célèbre
575 1787 143 36 chanteur
682 1787 143 36 italien.
789 1787 107 36 L.
861 1787 71 36 a.
897 1787 119 36 s.
980 1787 60 36 à
1004 1787 71 36 L.
1028 1787 95 36 Chéru-

153 1822 109 41 bini;
226 1822 122 41 Naples
311 1822 109 41 1835,
384 1822 61 41 1
408 1822 73 41 p.
445 1822 85 41 1/2
493 1822 109 41 in-4.
566 1822 109 41 Jolie
639 1822 134 41 lettre.
736 1822 61 41 5
748 1822 49 41 50

473 1849 76 53 20058
523 1849 93 53 CUSTINE
591 1849 127 53 (Adam-Ph.),
693 1849 93 53 général
761 1849 51 53 en
787 1849 76 53 chef,
837 1849 102 53 décapité
914 1849 51 53 en
939 1849 76 53 1793.
990 1849 76 53 L.
1041 1849 51 53 a.
1058 1849 68 53 s.

152 1885 131 48 comme
240 1885 218 48 commissaire
414 1885 87 48 de
458 1885 218 48 l’Assemblée
632 1885 204 48 nationale;
792 1885 218 48 Schlestadt,
967 1885 87 48 15
996 1885 131 48 juillet

151 1916 116 50 1791,
228 1916 90 50 3/4
280 1916 77 50 de
318 1916 77 50 p.
357 1916 116 50 in-4.
434 1916 128 50 Écrite
524 1916 103 50 avec
588 1916 77 50 de
626 1916 141 50 l’encre
729 1916 77 50 un
767 1916 90 50 peu
819 1916 116 50 pâle.
896 1916 205 50 Rare
1063 1916 64 50 6
1076 1916 51 50 50

156 1961 123 53 20059
238 1961 137 53 DACIER
334 1961 164 53 (André),
457 1961 150 53 érudit,
566 1961 137 53 habile
662 1961 205 53 traducteur,
826 1961 137 53 membre
921 1961 82 53 de
962 1961 150 53 l’Acad.
1058 1961 68 53 fr.

151 2001 102 57 L.
218 2001 68 57 a.
252 2001 113 57 s.
331 2001 56 57 à
354 2001 102 57 Huët;
422 2001 113 57 Paris,
501 2001 68 57 12
535 2001 90 57 août
591 2001 102 57 1681,
659 2001 56 57 3
682 2001 68 57 p.
716 2001 79 57 pl.
761 2001 102 57 in-8.
829 2001 68 57 45
851 2001 34 57 »

181 2011 205 77 Intéressante
348 2011 141 77 épître.
450 2011 103 77 «Mon
515 2011 218 77 Festus
694 2011 64 77 a
720 2011 115 77 mieux
797 2011 128 77 réussy
886 2011 90 77 que
938 2011 77 77 je
976 2011 141 77 n’avois
1066 2011 64 77 osé

150 2070 177 47 espérer;
283 2070 177 47 Monsieur
416 2070 88 47 de
460 2070 206 47 Montausier
622 2070 88 47 et
666 2070 177 47 Monsieur
799 2070 88 47 de
843 2070 133 47 Meaux
931 2070 192 47 (Bossuet)
1064 2070 59 47 en

155 2099 85 44 ont
203 2099 97 44 paru
264 2099 97 44 fort
325 2099 219 44 satisfaits...»
508 2099 73 44 Il
544 2099 109 44 parle
617 2099 134 44 ensuite
714 2099 73 44 de
751 2099 85 44 son
800 2099 219 44 Horace
982 2099 97 44 dont
1043 2099 73 44 il
1067 2099 61 44 pa

124 2134 146 57 raîtra
226 2134 161 57 bientôt
344 2134 88 57 un
387 2134 146 57 second
475 2134 132 57 volume.
