1707 2963
660 62 202 90 —7.
776 62 202 90 287
862 62 87 90 —

90 175 179 78 3585.
209 175 337 78 Weston
487 175 278 78 (Richard),
705 175 298 78 naturaliste
944 175 238 78 anglais.
1122 175 119 78 L.
1182 175 159 78 aut.
1281 175 159 78 sig.
1380 175 139 78 (en
1440 175 99 78 an-

126 230 311 62 glais).
352 230 339 62 Londres,
606 230 141 62 4
662 230 226 62 juin
804 230 254 62 1782.
973 230 141 62 4
1030 230 169 62 p.
1114 230 198 62 pl.
1227 230 254 62 in-4.
1397 230 141 62 2
1425 230 113 62 50

89 281 186 61 3586.
214 281 352 61 Wilkis
503 281 249 61 (David),
690 281 228 61 célèbre
856 281 228 61 peintre
1021 281 249 61 anglais.
1208 281 124 61 L.
1270 281 166 61 aut.
1373 281 186 61 sig.,
1477 281 62 61 à

132 324 130 54 M.
197 324 281 54 Raimbach.
414 324 324 54 Kensengton,
673 324 281 54 Thursday,
889 324 130 54 24
954 324 173 54 july
1062 324 195 54 1838.
1192 324 108 54 1
1235 324 130 54 p.
1300 324 195 54 in-8.
1430 324 108 54 7
1452 324 87 54 50

86 373 198 63 3587.
218 373 462 63 Wisniewski
614 373 308 63 (Vincent),
855 373 286 63 astronome
1075 373 132 63 et
1141 373 220 63 membre
1273 373 264 63 extraordi

133 422 194 62 naire
263 422 130 62 de
328 422 302 62 l’Académie
565 422 281 62 impériale
781 422 151 62 des
868 422 259 62 sciences
1062 422 130 62 de
1105 422 432 62 Saint

134 468 124 60 L.
196 468 165 60 aut.
299 468 186 60 sig.,
423 468 103 60 à
464 468 124 60 M.
526 468 206 60 Vidal,
670 468 289 60 astronome,
897 468 103 60 à
938 468 268 60 Toulouse.
1124 468 412 60 Saint

109 520 267 52 27
243 520 490 52 janvier
599 520 401 52 1808.
867 520 223 52 4
956 520 267 52 p.
1090 520 401 52 in-4.
1357 520 223 52 5
1401 520 134 52 »

156 560 216 58 Lettre
307 560 194 58 toute
437 560 366 58 astronomique,
738 560 129 58 au
803 560 194 58 sujet
932 560 129 58 de
997 560 129 58 la
1062 560 259 58 position
1234 560 302 58 géographique

132 613 173 62 d’un
240 613 216 62 nombre
392 613 346 62 considérable
672 613 130 62 de
737 613 216 62 villes
888 613 238 62 situées
1061 613 130 62 en
1126 613 216 62 Russie
1255 613 281 62 européenne,

135 657 191 60 qu’il
262 657 106 60 a
305 657 149 60 été
390 657 234 60 chargé,
560 657 149 60 par
645 657 298 60 l’Académie
879 657 276 60 impériale
1092 657 149 60 des
1177 657 276 60 sciences,
1389 657 128 60 de
1432 657 106 60 dé

109 712 303 60 terminer...

92 733 161 86 3588.
199 733 410 86 Wittgenstein
556 733 125 86 (le
627 733 178 86 prince
752 733 143 86 de),
841 733 125 86 dit
913 733 107 86 le
966 733 375 86 Talleyrand
1287 733 107 86 de
1341 733 107 86 la
1376 733 161 86 Russie.

135 805 134 67 L.
202 805 178 67 aut.
313 805 178 67 sig.
424 805 156 67 (en
513 805 312 67 allemand).
758 805 245 67 Berlin,
937 805 134 67 14
1003 805 178 67 juin
1115 805 200 67 1820.
1248 805 111 67 1
1293 805 156 67 gr.
1382 805 134 67 p.
1427 805 111 67 pl.

3 850 1379 60 in-4.
922 850 766 60 3
1075 850 460 60 »

89 892 195 75 3589.
219 892 411 75 Wolfgang
566 892 346 75 (Guillaume),
847 892 195 75 comte
977 892 238 75 palatin
1150 892 130 75 du
1215 892 195 75 Rhin.
1345 892 130 75 L.
1388 892 152 75 sig..

133 956 107 67 à
175 956 149 67 son
261 956 234 67 cousin,
431 956 128 67 le
495 956 149 67 duc
580 956 128 67 de
644 956 277 67 Lorraine.
857 956 128 67 De
921 956 234 67 Clèves,
1092 956 128 67 le
1155 956 107 67 3
1198 956 277 67 septembre
1390 956 149 67 1611.

117 997 183 76 1
190 997 256 76 gr.
336 997 219 76 p.
445 997 402 76 in-fol.
737 997 329 76 Trace
956 997 219 76 de
1066 997 402 76 cachet.
1358 997 183 76 3
1394 997 146 76 50

364 1157 590 109 DICTIONNAIRE
843 1157 221 109 DE
917 1157 332 109 MUSIQUE

93 1315 325 99 DE
255 1315 866 99 JEAN-JACQUES
905 1315 595 99 ROUSSEAU.

89 1441 273 95 Manuscrit
299 1441 252 95 original
489 1441 126 95 de
552 1441 126 95 ce
615 1441 336 95 dictionnaire
888 1441 189 95 ayant
1014 1441 189 95 servi
1140 1441 168 95 pour
1225 1441 315 95 l’impression,

134 1506 278 67 comprenant
353 1506 218 67 cinq
511 1506 159 67 cent
611 1506 318 67 quatre-vingt
869 1506 238 67 deux
1048 1506 179 67 pages
1167 1506 218 67 pleines
1326 1506 179 67 grand
1425 1506 119 67 in

135 1565 149 66 (non
228 1565 204 66 compris
377 1565 130 66 les
451 1565 167 66 pages
563 1565 260 66 une
767 1565 93 66 à
805 1565 353 66 trente-six
1102 1565 335 66 inclusivement,
1381 1565 130 66 qui
1436 1565 112 66 man-

134 1607 222 66 quent).
295 1607 121 66 Le
356 1607 202 66 titre,
497 1607 121 66 la
558 1607 222 66 préface
719 1607 121 66 et
780 1607 384 66 l’avertissement
1103 1607 182 66 (sept
1224 1607 182 66 pages
1345 1607 202 66 in-4),
1466 1607 81 66 et

132 1658 128 73 (à
196 1658 128 73 la
260 1658 171 73 fin)
367 1658 278 73 plusieurs
581 1658 193 73 pages
710 1658 278 73 d’errata,
924 1658 171 73 sont
1031 1658 278 73 également
1245 1658 128 73 de
1309 1658 128 73 la
1374 1658 171 73 main
1459 1658 86 73 de

130 1723 199 62 J.-J.
263 1723 288 62 Rousseau.
484 1723 221 62 Quatre
639 1723 221 62 belles
794 1723 243 62 lettres
971 1723 332 62 autographes
1236 1723 133 62 et
1303 1723 243 62 signées
1457 1723 89 62 de

133 1763 193 79 J.-J.
261 1763 279 79 Rousseau,
476 1763 300 79 adressées,
712 1763 150 79 les
797 1763 193 79 trois
926 1763 279 79 premières
1141 1763 129 79 de
1205 1763 279 79 Moitiers,
1419 1763 129 79 et
1462 1763 86 79 la

133 1816 292 90 quatrième
357 1816 135 90 de
424 1816 269 90 Wootton,
626 1816 157 90 les
716 1816 135 90 16
783 1816 135 90 et
851 1816 135 90 30
918 1816 269 90 décembre
1120 1816 202 90 1764,
1254 1816 112 90 3
1299 1816 179 90 mars
1389 1816 157 90 1765,

133 1883 135 59 et
200 1883 135 59 14
267 1883 179 59 mars
379 1883 179 59 1767
492 1883 292 59 (ensemble
716 1883 202 59 douze
851 1883 202 59 pages
985 1883 202 59 in-4,
1120 1883 179 59 deux
1232 1883 179 59 avec
1344 1883 224 59 cachet
1479 1883 67 59 à

134 1941 128 59 la
198 1941 171 59 cire
305 1941 235 59 rouge),
476 1941 128 59 au
540 1941 256 59 libraire
732 1941 299 59 Duchesnes,
967 1941 128 59 au
1031 1941 192 59 sujet
1159 1941 128 59 de
1223 1941 128 59 la
1266 1941 278 59 publication

135 1992 130 55 de
200 1992 152 55 cet
287 1992 261 55 ouvrage,
483 1992 152 55 ont
570 1992 152 55 été
657 1992 261 55 ajoutées
852 1992 195 55 après
982 1992 434 55 l’avertissement,
1352 1992 130 55 et
1395 1992 152 55 avant

135 2029 145 71 les
218 2029 187 71 pages
343 2029 270 71 d’errata.
550 2029 125 71 Au
613 2029 145 71 bas
696 2029 125 71 de
758 2029 208 71 chaque
903 2029 166 71 page
1007 2029 125 71 se
1069 2029 249 71 trouvent
1256 2029 145 71 les
1319 2029 228 71 initiales

138 2100 271 69 Cl.
350 2100 271 69 (Clairaut)
563 2100 155 69 aut.
660 2100 116 69 du
718 2100 213 69 censeur
872 2100 193 69 chargé
1008 2100 271 69 d’examiner
1220 2100 116 69 ce
1278 2100 193 69 livre.
1414 2100 97 69 —
1433 2100 116 69 Pour

135 2156 291 57 complêter
359 2156 135 57 le
426 2156 202 57 texte
561 2156 135 57 de
628 2156 135 57 ce
695 2156 381 57 Dictionnaire,
1009 2156 179 57 nous
1121 2156 202 57 avons
1256 2156 269 57 remplacé
1435 2156 112 57 les

134 2196 261 67 dix-huit
330 2196 283 67 feuillets
548 2196 283 67 manquants
766 2196 152 67 par
853 2196 131 67 du
918 2196 218 67 papier
1071 2196 240 67 ancien,
1245 2196 131 67 et
1310 2196 174 67 nous
1398 2196 152 67 avons

136 2251 190 59 copié
262 2251 148 59 les
347 2251 295 59 trente-six
579 2251 190 59 pages
705 2251 232 59 formant
874 2251 232 59 lacune.
1042 2251 126 59 Si
1105 2251 148 59 les
1190 2251 295 59 trente-six
1400 2251 148 59 pages

136 2300 300 85 originales
371 2300 129 85 se
436 2300 300 85 retrouvent
672 2300 129 85 un
736 2300 193 85 jour,
865 2300 129 85 ce
929 2300 150 85 qui
1015 2300 193 85 n’est
1144 2300 150 85 pas
1229 2300 322 85 impossible,
1465 2300 86 85 il

137 2352 222 73 suffira
298 2352 263 73 d’enlever
500 2352 121 73 la
561 2352 202 73 partie
702 2352 242 73 ajoutée,
884 2352 121 73 et
945 2352 121 73 de
1006 2352 202 73 coller
1147 2352 141 73 sur
1228 2352 141 73 les
1309 2352 222 73 onglets
1450 2352 101 73 les

135 2425 193 60 pages
263 2425 322 60 restituées.
521 2425 193 60 Belle
649 2425 236 60 reliure
821 2425 129 60 de
885 2425 193 60 Capé,
1014 2425 257 60 maroquin
1207 2425 214 60 rouge,
1357 2425 107 60 à
1378 2425 172 60 nerfs,

133 2468 217 89 dorure
285 2468 109 89 à
329 2468 391 89 compartiments,
655 2468 282 89 imitation
872 2468 152 89 des
959 2468 217 89 riches
1111 2468 261 89 reliures
1307 2468 130 89 du
1350 2468 174 89 temps.

269 2526 228 94 Prix.
421 2526 127 94 .
472 2526 127 94 .
522 2526 127 94 .
573 2526 127 94 .
624 2526 127 94 .
675 2526 127 94 .
725 2526 127 94 .
776 2526 127 94 .
827 2526 127 94 .
878 2526 127 94 .
929 2526 127 94 .
979 2526 127 94 .
1030 2526 127 94 .
1081 2526 127 94 .
1132 2526 203 94 2000
1233 2526 127 94 fr.

134 2690 167 67 N.
246 2690 167 67 B
357 2690 112 67 M.
413 2690 223 67 LAVERDET
580 2690 130 67 est
655 2690 149 67 chez
748 2690 130 67 lui
822 2690 112 67 de
878 2690 93 67 1
915 2690 167 67 heure
1027 2690 93 67 à
1064 2690 112 67 4,
1120 2690 130 67 les
1194 2690 242 67 dimanches
1380 2690 112 67 et
1417 2690 130 67 fêtes

95 2740 242 104 exceptés,
281 2740 112 104 et
337 2740 112 104 du
393 2740 112 104 15
449 2740 167 104 avril
560 2740 112 104 au
616 2740 112 104 15
672 2740 223 104 octobre,
839 2740 130 104 les
914 2740 242 104 mersredis
1100 2740 112 104 et
1156 2740 205 104 samedis
1286 2740 223 104 seulement.
