1574 2946
614 50 185 91 —
688 50 259 91 103
799 50 111 91 —

40 151 187 69 1328.
165 151 187 69 Du
290 151 250 69 Teil
478 151 146 69 (le
561 151 229 69 général
727 151 229 69 Baron),
894 151 229 69 compris
1061 151 167 69 dans
1165 151 125 69 le
1227 151 271 69 testament
1415 151 83 69 de

79 212 370 50 Napoléon.
363 212 171 50 L.
448 212 227 50 aut.
590 212 227 50 sig.
732 212 284 50 Paris.
931 212 142 50 1
988 212 171 50 p.
1074 212 199 50 pl.
1187 212 256 50 in-8.
1358 212 142 50 1
1386 212 114 50 75

43 248 162 66 1329.
151 248 306 66 Duval,
403 248 180 66 député
529 248 108 66 de
583 248 306 66 l'Aube
836 248 90 66 à
872 248 108 66 la
926 248 270 66 Convention.
1142 248 108 66 L.
1196 248 144 66 aut.
1286 248 144 66 sig.
1376 248 90 66 2
1394 248 108 66 ven-

75 302 397 59 démiaire
373 302 199 59 an
472 302 199 59 V.
572 302 166 59 2
638 302 199 59 p.
737 302 232 59 pl.
870 302 199 59 et
969 302 298 59 demie
1168 302 298 59 in-4.
1367 302 166 59 3
1400 302 99 59 »

136 346 358 74 Dénonciation
426 346 224 74 contre
583 346 156 74 les
672 346 291 74 receveurs
896 346 156 74 des
985 346 201 74 biens
1119 346 291 74 nationaux
1343 346 134 74 et
1387 346 112 74 des

65 401 313 65 impositions.

43 424 175 88 1330.
159 424 330 88 Dyzez,
430 424 194 88 député
566 424 136 88 des
644 424 330 88 Landes
915 424 97 88 à
954 424 116 88 la
1012 424 291 88 Convention.
1245 424 116 88 L.
1303 424 155 88 aut.
1381 424 116 88 sig.

89 487 401 64 Mont-de-Marsan,
426 487 105 64 8
469 487 253 64 frimaire
658 487 127 64 an
722 487 169 64 VII.
827 487 105 64 1
869 487 127 64 p.
933 487 232 64 in-fol.
1101 487 169 64 Tête
1207 487 274 64 imprimée,
1397 487 105 64 vi

-19 550 1391 87 gpette.
992 550 632 87 3
1119 550 379 87 »

116 578 122 70 1.
177 578 346 70 Eblée,
461 578 224 70 général
624 578 122 70 de
685 578 122 70 la
746 578 305 70 République.
990 578 122 70 L.
1051 578 163 70 aut.
1153 578 183 70 sig.,
1275 578 122 70 au
1316 578 183 70 général

88 632 235 66 Dejean.
259 632 300 66 Rosendael,
494 632 107 66 7
537 632 235 66 floréal
708 632 128 66 an
772 632 150 66 IV.
858 632 107 66 2
901 632 128 66 p.
965 632 150 66 pl.
1051 632 193 66 in-4.
1179 632 171 66 Tête
1265 632 235 66 imprimée,

61 683 431 69 belle
349 683 288 69 et
492 683 479 69 grande
828 683 623 69 vignette.
1307 683 240 69 3
1355 683 144 69 »

137 726 224 62 Détails
300 726 306 62 militaires,
544 726 285 62 sentiments
748 726 367 62 très

46 775 170 83 1332.
160 775 340 83 Enlart,
443 775 189 83 député
575 775 113 83 du
632 775 454 83 Pas-de-Calais
1029 775 95 83 à
1067 775 113 83 la
1124 775 284 83 Convention.
1351 775 113 83 L.
1388 775 95 83 aut

88 821 182 69 sig.
202 821 501 69 Montreuil-sur-Mer,
635 821 114 69 2
680 821 273 69 prairial
885 821 137 69 an
954 821 159 69 VI.
1045 821 114 69 2
1090 821 137 69 p.
1158 821 159 69 pl.
1250 821 205 69 in-4.
1386 821 114 69 2
1409 821 91 69 50

44 866 168 81 1333.
157 866 468 81 Eschassériaux,
568 866 187 81 député
699 866 112 81 de
755 866 112 81 la
811 866 561 81 Charente-Inférieure
1316 866 94 81 à
1353 866 112 81 la
1391 866 112 81 Con-

86 931 265 62 vention.
285 931 133 62 L.
351 931 177 62 aut.
462 931 177 62 sig.
572 931 287 62 Marennes,
793 931 133 62 23
860 931 155 62 mai
948 931 199 62 1787.
1081 931 111 62 1
1125 931 133 62 p.
1191 931 155 62 pl.
1280 931 199 62 in-4.
1413 931 111 62 5
1435 931 66 62 »

43 963 180 73 1334.
163 963 500 73 Eschassériaux,
603 963 200 73 député
743 963 120 73 de
803 963 120 73 la
863 963 600 73 Charente-Inférieure
1403 963 100 73 à
1423 963 80 73 la

88 1023 326 71 Convention.
349 1023 131 71 L.
415 1023 196 71 sig.,
545 1023 218 71 signée
698 1023 196 71 aussi
828 1023 152 71 par
915 1023 218 71 Durand
1068 1023 283 71 Maillane.
1285 1023 131 71 18
1329 1023 174 71 nivôse

51 1074 363 60 an
232 1074 484 60 III.
534 1074 302 60 1
655 1074 363 60 p.
837 1074 544 60 in-4.
1200 1074 302 60 2
1260 1074 242 60 50

45 1127 180 64 1335.
165 1127 499 64 Eschassériaux,
604 1127 200 64 député
744 1127 120 64 de
804 1127 120 64 la
864 1127 599 64 Charente-Inférieure
1403 1127 100 64 à
1423 1127 80 64 la

90 1166 308 62 Convention.
336 1166 123 62 L.
397 1166 185 62 sig.,
520 1166 205 62 signée
664 1166 185 62 aussi
787 1166 144 62 par
869 1166 349 62 Treilhard,
1156 1166 123 62 R.
1217 1166 287 62 Lindet
1422 1166 82 62 et

93 1213 368 67 Thuriot
403 1213 174 67 comme
519 1213 213 67 membres
674 1213 116 67 du
732 1213 194 67 comité
868 1213 116 67 de
926 1213 174 67 Salut
1042 1213 213 67 public.
1197 1213 194 67 Paris,
1333 1213 116 67 29
1371 1213 136 67 ther-

86 1261 236 65 midor
243 1261 157 65 an
322 1261 184 65 II.
427 1261 131 65 1
479 1261 157 65 p.
558 1261 236 65 in-4.
716 1261 210 65 Tête
847 1261 341 65 imprimée,
1109 1261 341 65 vignette.
1372 1261 131 65 3
1398 1261 105 65 50

44 1303 180 87 1336.
164 1303 501 87 Eschassériaux,
605 1303 200 87 député
745 1303 120 87 de
805 1303 120 87 la
865 1303 601 87 Charente-Inférieure
1406 1303 100 87 à
1426 1303 80 87 la

88 1369 337 62 Convention.
357 1369 315 62 Ampliation
604 1369 202 62 sig.,
739 1369 225 62 signée
896 1369 202 62 aussi
1031 1369 157 62 par
1121 1369 337 62 Cambacérès,
1368 1369 135 62 d’un

90 1420 211 63 arrêté
238 1420 127 63 du
301 1420 211 63 comité
449 1420 127 63 de
513 1420 190 63 Salut
639 1420 233 63 public.
808 1420 211 63 Paris,
956 1420 106 63 3
999 1420 254 63 brumaire
1189 1420 127 63 an
1252 1420 148 63 IV.
1337 1420 106 63 1
1379 1420 127 63 p.
1421 1420 85 63 et

82 1468 278 67 demie
268 1468 340 67 in-fol.
515 1468 247 67 Tête
669 1468 371 67 imprimée
948 1468 185 67 et
1040 1468 402 67 vignette.
1349 1468 155 67 3
1380 1468 124 67 50

48 1502 162 88 1337.
156 1502 324 88 Espert,
426 1502 180 88 député
551 1502 108 88 de
605 1502 342 88 l'Ariège
893 1502 90 88 à
929 1502 108 88 la
983 1502 270 88 Convention.
1198 1502 108 88 L.
1252 1502 144 88 aut.
1342 1502 162 88 sig.,
1432 1502 72 88 au

81 1568 355 64 ministre
348 1568 207 64 des
466 1568 385 64 finances.
762 1568 148 64 3
821 1568 207 64 gr.
940 1568 178 64 p.
1028 1568 207 64 pl.
1147 1568 326 64 in-fol.
1384 1568 148 64 5
1413 1568 89 64 »

135 1605 137 66 Au
204 1605 206 66 sujet
341 1605 137 66 de
410 1605 137 66 la
478 1605 206 66 somme
615 1605 137 66 de
684 1605 160 66 six
775 1605 274 66 millions
981 1605 160 66 que
1073 1605 137 66 le
1141 1605 229 66 comité
1301 1605 137 66 de
1347 1605 160 66 Salut

90 1666 217 69 public
242 1666 109 69 a
286 1666 152 69 mis
373 1666 109 69 à
416 1666 130 69 sa
481 1666 326 69 disposition
742 1666 130 69 et
808 1666 109 69 à
851 1666 196 69 celle
981 1666 130 69 de
1047 1666 152 69 son
1134 1666 261 69 collègue
1307 1666 196 69 Cadroy,

87 1717 202 57 comme
221 1717 360 57 représentant
514 1717 135 57 du
581 1717 225 57 peuple
738 1717 135 57 en
806 1717 247 57 mission
986 1717 112 57 à
1008 1717 270 57 Marseille.

48 1752 160 70 1338.
155 1752 284 70 Faber
386 1752 266 70 (Jean-Paul)
599 1752 178 70 auteur
723 1752 107 70 de
777 1752 107 70 la
830 1752 302 70 Biographie
1079 1752 107 70 du
1132 1752 213 70 cardinal
1274 1752 231 70 Giraud

91 1807 118 55 de
150 1807 256 55 plusieurs
347 1807 236 55 ouvrages
524 1807 315 55 d’éducation,
780 1807 334 55 collaborateur
1055 1807 118 55 du
1114 1807 275 55 Magasin
1311 1807 197 55 pit

95 1856 340 54 toresque
384 1856 102 54 L.
435 1856 136 54 aut.
519 1856 153 54 sig.,
621 1856 85 54 à
655 1856 102 54 M.
706 1856 136 54 Paul
791 1856 136 54 Coq,
876 1856 221 54 directeur
1046 1856 102 54 de
1097 1856 153 54 la
1198 1856 272 54 Semaine
1419 1856 85 54 2
1436 1856 68 54 p.

78 1902 313 62 in-8.
287 1902 383 62 Cachet.
565 1902 522 62 Réclamation
982 1902 452 62 piquante.
1330 1902 174 62 2
1365 1902 139 62 50

49 1942 166 80 1339.
159 1942 295 80 Fabre
399 1942 111 80 de
454 1942 314 80 l'Aude
713 1942 129 80 (le
787 1942 203 80 comte),
934 1942 240 80 sénateur.
1119 1942 111 80 L.
1174 1942 148 80 aut.
1266 1942 166 80 sig.,
1358 1942 148 80 signée

94 2021 189 47 aussi
220 2021 147 47 par
304 2021 147 47 les
388 2021 231 47 députés
556 2021 231 47 Salomon
724 2021 126 47 et
787 2021 231 47 Périès,
956 2021 126 47 au
1019 2021 252 47 ministre
1208 2021 147 47 des
1271 2021 231 47 finances.

90 2053 253 55 Paris,
267 2053 152 55 22
342 2053 328 55 fructidor
595 2053 152 55 an
671 2053 177 55 IV.
772 2053 126 55 2
822 2053 152 55 p.
898 2053 177 55 pl.
999 2053 152 55 et
1075 2053 227 55 demie
1226 2053 227 55 in-4.
1378 2053 126 55 3
1403 2053 101 55 50

136 2087 135 68 Au
203 2087 202 68 sujet
338 2087 135 68 du
405 2087 247 68 citoyen
585 2087 225 68 Causse
743 2087 135 68 de
810 2087 292 68 Narbonne,
1035 2087 382 68 adjudicataire
1327 2087 180 68 depuis

93 2148 171 62 plus
200 2148 128 62 de
264 2148 171 62 cinq
371 2148 150 62 ans
456 2148 128 62 du
521 2148 235 62 domaine
692 2148 128 62 de
756 2148 300 62 Fonfroide.
991 2148 193 62 Cette
1120 2148 321 62 acquisition
1377 2148 107 62 a
1398 2148 107 62 été

93 2193 261 83 dénoncée
289 2193 196 83 comme
420 2193 348 83 frauduleuse;
703 2193 218 83 c’est,
855 2193 239 83 dit-on,
1029 2193 131 83 un
1094 2193 152 83 vol
1182 2193 283 83 manifeste
1377 2193 131 83 fait

91 2247 114 65 à
137 2247 136 65 la
182 2247 341 65 République...

49 2298 170 61 1340.
162 2298 321 61 Faure,
427 2298 189 61 député
559 2298 113 61 de
616 2298 113 61 la
673 2298 510 61 Seine-Inférieure
1126 2298 94 61 à
1164 2298 113 61 la
1221 2298 283 61 Convention.
1428 2298 76 61 B.

87 2337 219 65 aut.
223 2337 246 65 sig.,
387 2337 273 65 Paris,
579 2337 164 65 16
661 2337 328 65 messidor
907 2337 164 65 an
989 2337 191 65 VI.
1098 2337 137 65 1
1153 2337 164 65 p.
1235 2337 246 65 in-4.
1399 2337 137 65 2
1426 2337 82 65 »

51 2382 170 79 1341.
164 2382 321 79 Faure,
429 2382 189 79 député
561 2382 113 79 de
618 2382 113 79 la
675 2382 416 79 Haute-Loire
1034 2382 94 79 à
1071 2382 113 79 la
1128 2382 283 79 Convention.
1355 2382 113 79 L.
1393 2382 113 79 aut.

94 2439 199 61 sig.,
226 2439 132 61 au
293 2439 243 61 citoyen
469 2439 221 61 Robert
623 2439 243 61 Lindet.
800 2439 110 61 3
844 2439 154 61 gr.
932 2439 132 61 p.
999 2439 154 61 pl.
1087 2439 132 61 et
1153 2439 199 61 demie
1285 2439 199 61 in-4.
1418 2439 110 61 5
1440 2439 66 61 »

49 2499 182 53 1342.
170 2499 263 53 Fauvre
373 2499 122 53 La
434 2499 344 53 Brunerie,
717 2499 203 53 député
859 2499 122 53 du
920 2499 304 53 Cher
1163 2499 101 53 à
1203 2499 122 53 la
1244 2499 263 53 Convention.

88 2535 142 59 L.
159 2535 189 59 aut.
278 2535 189 59 sig.
396 2535 236 59 Paris,
561 2535 142 59 29
632 2535 355 59 vendémiaire
916 2535 142 59 an
987 2535 213 59 VIII.
1129 2535 118 59 2
1176 2535 142 59 p.
1247 2535 213 59 in-4.
1389 2535 118 59 2
1412 2535 95 59 50

53 2584 166 68 1343.
163 2584 313 68 Fleurv
421 2584 239 68 (Honoré),
605 2584 184 68 député
734 2584 129 68 des
807 2584 442 68 Côtes-du-Nord
1194 2584 92 68 à
1231 2584 110 68 la
1268 2584 239 68 Convention.

97 2641 121 59 L.
157 2641 161 59 aut.
258 2641 161 59 sig.
359 2641 262 59 Chartres,
560 2641 121 59 19
620 2641 221 59 ventôse
781 2641 121 59 an
842 2641 161 59 III.
942 2641 101 59 1
983 2641 121 59 p.
1043 2641 221 59 in-fol.
1204 2641 161 59 Tête
1285 2641 221 59 imprimée,

20 2689 1291 49 vignette.
1013 2689 496 49 2
1112 2689 397 49 50

56 2733 184 84 1344.
178 2733 490 84 Florent-Guyot
607 2733 204 84 (Guyot
750 2733 123 84 de
811 2733 368 84 Saint-Florent,
1118 2733 184 84 dit),
1240 2733 204 84 député
1383 2733 123 84 de
1424 2733 82 84 la
