1746 3023
412 96 604 129 CATALOGUE

32 234 237 97 DE
150 234 434 97 LETTRES
466 234 631 97 AUTOGRAPHES,
939 234 513 97 MANUSCRITS,

413 337 302 94 DOCUMENTS
658 337 302 94 HISTORIQUES,
885 337 207 94 ETC.

110 425 733 146 D’AUGUSTE
647 425 733 146 LAVERDET

417 596 141 80 A
473 596 282 80 Paris,
670 596 197 80 rue
783 596 310 80 Meslay,
980 596 141 80 54>

287 665 456 107 PRÉCÉDEMMENT
657 665 199 107 RUE
771 665 484 107 SAINT-LAZARE,
1141 665 114 107 24

428 822 516 62 —O

562 938 208 72 Vente
718 938 87 72 à
735 938 278 72 l’amiable,

341 992 212 68 soit
495 992 135 68 par
572 992 289 68 l’insertion
804 992 154 68 dans
900 992 116 68 le
939 992 289 68 bulletin,

158 1035 188 65 soit
283 1035 146 65 aux
367 1035 251 65 enchères
555 1035 292 65 publiques,
785 1035 125 65 de
847 1035 313 65 Collections
1098 1035 125 65 ou
1140 1035 271 65 parties

342 1084 175 78 de
458 1084 292 78 Collections
692 1084 117 78 de
750 1084 214 78 Lettres
886 1084 350 78 autographes,

495 1130 312 60 Documents
730 1130 351 60 historiques,

548 1170 344 49 Manuscrits,
838 1170 163 49 etc.,
928 1170 109 49 etc.

95 1181 285 93 Achats.
319 1181 102 93 —
359 1181 265 93 Échanges.
563 1181 102 93 —
604 1181 305 93 Expertises.
848 1181 102 93 —
889 1181 265 93 Rédaction
1092 1181 122 93 de
1133 1181 346 93 Catalogues.

230 1383 242 103 N°
381 1383 212 103 30.
502 1383 151 103 —
563 1383 636 103 NOVEMBRE-DÉCEMBRE
1078 1383 303 103 1860

72 1608 177 94 5449.
190 1608 335 94 Abrial
466 1608 138 94 (le
545 1608 217 94 comte),
702 1608 256 94 sénateur,
899 1608 236 94 ministre
1076 1608 118 94 de
1135 1608 118 94 la
1194 1608 236 94 justice.
1372 1608 118 94 L.
1411 1608 118 94 aut.

115 1683 148 67 sig.
207 1683 185 67 Paris,
336 1683 166 67 1807.
447 1683 92 67 2
484 1683 111 67 p.
539 1683 166 67 in-8.
650 1683 92 67 1
668 1683 74 67 50

64 1730 184 68 5420.
187 1730 389 68 Argental
515 1730 144 68 (le
597 1730 185 68 comte
720 1730 164 68 d’),
822 1730 144 68 ami
904 1730 123 68 de
966 1730 267 68 Voltaire.
1171 1730 123 68 L.
1232 1730 164 68 aut.
1335 1730 164 68 sig.
1417 1730 103 68 Pa-

118 1774 151 64 ris,
213 1774 114 64 14
269 1774 151 64 août
364 1774 170 64 1764.
477 1774 95 64 1
515 1774 114 64 p.
572 1774 132 64 pl.
648 1774 170 64 in-4.
761 1774 246 64 Curieuse.
950 1774 95 64 3
969 1774 76 64 50

77 1797 178 99 5421.
196 1797 277 99 Bar
414 1797 139 99 (le
493 1797 218 99 général
652 1797 159 99 de),
751 1797 277 99 gouverneur
969 1797 218 99 général
1128 1797 119 99 de
1187 1797 277 99 l’Algérie.
1405 1797 119 99 1°
1445 1797 79 99 L.

122 1860 173 72 aut.
231 1860 173 72 sig.
339 1860 216 72 Paris,
490 1860 130 72 14
555 1860 238 72 janvier
728 1860 195 72 1835.
858 1860 108 72 2
901 1860 130 72 p.
966 1860 195 72 in-8.
1096 1860 108 72 —
1139 1860 130 72 2°
1204 1860 130 72 L.
1269 1860 173 72 sig.
1356 1860 173 72 Alger,

136 1919 86 73 7
170 1919 138 73 juin
256 1919 155 73 1844.
359 1919 86 73 1
394 1919 103 73 p.
445 1919 189 73 in-fol.
583 1919 86 73 3
600 1919 69 73 »»

81 1932 172 104 5422.
196 1932 344 104 Barante
482 1932 134 104 (le
559 1932 172 104 baron
674 1932 153 104 de),
769 1932 191 104 auteur
903 1932 115 104 de
960 1932 325 104 l'Histoire
1228 1932 134 104 des
1305 1932 153 104 ducs
1381 1932 153 104 de

126 2009 411 67 Bourgogne
478 2009 195 67 membre
615 2009 117 67 de
674 2009 274 67 l’Académie
889 2009 274 67 française.
1104 2009 117 67 L.
1163 2009 156 67 aut.
1260 2009 176 67 sig.,
1378 2009 98 67 à
1417 2009 117 67 M.
1456 2009 78 67 de

130 2065 108 64 la
184 2065 251 64 Jarriette.
381 2065 108 64 26
435 2065 179 64 avril.
560 2065 90 64 1
596 2065 108 64 p.
650 2065 161 64 in-4.
757 2065 90 64 2
775 2065 54 64 »

74 2079 202 99 5423.
208 2079 269 99 Barbé
409 2079 336 99 Marbois
678 2079 157 99 (le
768 2079 246 99 marquis
947 2079 179 99 de),
1059 2079 246 99 premier
1238 2079 291 99 président
1439 2079 90 99 de

126 2140 127 82 la
189 2140 170 82 Cour
295 2140 148 82 des
380 2140 254 82 Comptes.
571 2140 127 82 L.
635 2140 170 82 aut.
741 2140 170 82 sig.
847 2140 233 82 Noyers,
1016 2140 127 82 le
1080 2140 106 82 6
1122 2140 233 82 janvier
1292 2140 191 82 1807.
1419 2140 106 82 1
1440 2140 85 82 p.

133 2206 103 62 et
184 2206 155 62 demie
287 2206 155 62 in-4.
390 2206 86 62 2
408 2206 52 62 »

80 2218 170 102 5424.
193 2218 321 102 Barral
458 2218 170 102 (de),
571 2218 246 102 sénateur,
760 2218 264 102 archevêque
968 2218 113 102 de
1024 2218 189 102 Tours.
1157 2218 113 102 L.
1213 2218 151 102 aut.
1289 2218 132 102 sig.,

135 2289 98 72 à
175 2289 117 72 M.
233 2289 117 72 du
292 2289 156 72 Pin,
390 2289 196 72 préfet
527 2289 137 72 des
605 2289 313 72 Deux-Sèvres.
859 2289 196 72 Paris,
996 2289 117 72 17
1054 2289 156 72 juin
1152 2289 176 72 1806.
1270 2289 98 72 1
1309 2289 117 72 p.
1348 2289 78 72 et

135 2332 190 76 demie
262 2332 190 76 in-4.
388 2332 127 76 Au
451 2332 190 76 sujet
578 2332 127 76 de
641 2332 127 76 sa
705 2332 295 76 nomination
937 2332 127 76 au
1000 2332 211 76 Sénat.
1148 2332 190 76 Jolie
1275 2332 232 76 lettre.
1443 2332 106 76 2
1465 2332 84 76 50

93 2379 181 85 5425.
213 2379 342 85 Barthe
495 2379 241 85 ministre
676 2379 121 85 de
736 2379 121 85 la
796 2379 241 85 justice.
977 2379 121 85 L.
1038 2379 161 85 aut.
1138 2379 161 85 sig.
1239 2379 201 85 Paris,
1379 2379 121 85 23
1419 2379 121 85 oct.

139 2449 75 60 1
169 2449 90 60 p.
214 2449 134 60 in-4.
303 2449 75 60 1
318 2449 60 60 25

93 2480 197 76 5426.
225 2480 504 76 Beauvilliers
663 2480 153 76 (le
751 2480 153 76 duc
838 2480 175 76 de),
948 2480 307 76 gouverneur
1189 2480 132 76 du
1255 2480 153 76 duc
1343 2480 132 76 de
1387 2480 153 76 Bour-

143 2519 198 91 gogne.
282 2519 119 91 L.
342 2519 159 91 aut.
441 2519 179 91 sig.,
560 2519 99 91 à
600 2519 119 91 M.
659 2519 238 91 l’évêque
838 2519 218 91 d’Alet.
996 2519 119 91 10
1056 2519 218 91 janvier
1215 2519 179 91 1699.
1334 2519 99 91 3
1354 2519 79 91 p.

147 2591 104 69 pl.
206 2591 133 69 petit
295 2591 133 69 in-4.
384 2591 74 69 7
399 2591 59 69 50

190 2594 134 109 Au
257 2594 201 109 sujet
390 2594 201 109 d’une
524 2594 223 109 parole
680 2594 223 109 donnée
836 2594 178 109 pour
947 2594 134 109 la
1014 2594 312 109 députation
1259 2594 156 109 des
1348 2594 201 109 Etats
1460 2594 89 109 du

114 2676 316 82 Languedoc.

95 2686 217 108 5427.
240 2686 386 108 BBelzunce
553 2686 145 108 de
626 2686 483 108 Castelmoron,
1036 2686 241 108 évêque
1205 2686 145 108 de
1253 2686 290 108 Marseille.

144 2760 132 86 Sa
210 2760 287 86 signature
431 2760 177 86 avec
541 2760 353 86 approbation,
828 2760 132 86 au
894 2760 154 86 bas
982 2760 199 86 d’une
1115 2760 287 86 quittance
1313 2760 243 86 d’augmen
