1726 2947
668 27 186 102 —
742 27 260 102 173
854 27 111 102 —

141 132 103 78 «
183 132 310 78 aristocrate
431 132 165 78 elle
534 132 124 78 me
596 132 145 78 dit
678 132 124 78 un
740 132 165 78 tats
844 132 124 78 de
906 132 227 78 betisse
1071 132 124 78 et
1133 132 207 78 depuis
1277 132 165 78 elle
1381 132 124 78 ne
1422 132 124 78 nous

139 174 247 69 «envoie
318 174 179 69 plus
430 174 135 69 sa
475 174 314 69 feuille....»

93 228 192 78 2295.
221 228 427 78 Robiquet,
584 228 320 78 pharmacien,
840 228 278 78 chimiste.
1054 228 128 78 L.
1118 228 171 78 aut.
1225 228 192 78 sig.,
1353 228 128 78 au
1395 228 150 78 Véné-

133 275 265 59 rable
309 275 176 59 de
397 275 176 59 la
485 275 235 59 Loge
632 275 294 59 Paris,
838 275 176 59 12
927 275 265 59 mars.
1103 275 147 59 1
1162 275 176 59 p.
1250 275 265 59 in-4.
1426 275 147 59 2
1456 275 88 59 »

95 319 181 60 2296.
216 319 302 60 Rodolphe
457 319 242 60 IE,
638 319 242 60 empereur
819 319 322 60 d’Allemagne,
1081 319 161 60 fils
1182 319 121 60 de
1242 319 282 60 Maximilien
1443 319 101 60 II.

140 376 310 55 Alchimiste,
389 376 124 55 il
451 376 207 55 laissa
595 376 124 55 la
657 376 290 55 réputation
885 376 165 55 d’un
988 376 186 55 grand
1113 376 331 55 distillateur
1382 376 124 55 et
1423 376 124 55 d’un

143 425 156 83 bon
232 425 312 83 astronome.
477 425 134 83 L.
544 425 178 83 sig.
655 425 156 83 (en
745 425 312 83 allemand),
990 425 201 83 à....
1123 425 201 83 1601.
1257 425 111 83 3
1302 425 156 83 gr.
1391 425 134 83 p.
1436 425 111 83 pl.

86 471 845 50 in-fol.
701 471 768 50 Sceau.
1239 471 384 50 6
1316 471 231 50 »

98 509 177 86 2297.
216 509 314 86 Rosas
471 509 236 86 (Juan-M.
648 509 157 86 de),
746 509 314 86 ex-dictateur
1001 509 118 86 de
1060 509 118 86 la
1119 509 275 86 république
1335 509 118 86 de
1374 509 177 86 Buénos

144 562 204 81 Avres.
286 562 122 81 L.
347 562 163 81 sig.
449 562 142 81 (en
530 562 285 81 espagnol),
754 562 122 81 au
815 562 305 81 général....
1060 562 387 81 (Buénos-Ayres),
1385 562 102 81 6
1406 562 142 81 avril

137 615 230 47 1839.
291 615 128 47 1
342 615 179 47 gr.
445 615 154 47 p.
521 615 179 47 pl.
624 615 154 47 et
700 615 230 47 demie
854 615 230 47 in-4.
1008 615 256 47 Papier
1187 615 154 47 de
1263 615 256 47 deuil.
1443 615 128 47 5
1468 615 77 47 »

95 653 198 62 2298.
227 653 462 62 Rostopchin
623 653 154 62 (le
711 653 198 62 comte
844 653 308 62 Théodore),
1086 653 308 62 gouverneur
1306 653 242 62 militaire

146 711 127 52 de
209 711 212 52 Moscou
358 711 127 52 en
422 711 191 52 1812.
549 711 127 52 L.
613 711 170 52 aut.
719 711 191 52 sig.,
846 711 127 52 au
910 711 212 52 bailly
1059 711 127 52 de
1122 711 340 52 Tatistchoff.
1377 711 170 52 Paris,

132 755 311 57 1816.
340 755 173 57 2
409 755 242 57 gr.
547 755 207 57 p.
651 755 311 57 in-4.
859 755 311 57 Belle
1066 755 380 57 lettre.
1343 755 207 57 13
1412 755 138 57 50

194 802 120 60 Il
254 802 319 60 l’entretient
513 802 120 60 de
573 802 259 60 plusieurs
772 802 199 60 choses
912 802 399 60 intéressantes...
1251 802 120 60 Il
1311 802 120 60 se
1351 802 199 60 trouvera

140 848 249 64 jusqu’au
327 848 166 64 mois
431 848 228 64 d’avril
596 848 104 64 à
638 848 207 64 Paris,
783 848 124 64 où
845 848 124 64 il
907 848 124 64 ne
970 848 249 64 comptait
1156 848 270 64 nullement
1363 848 124 64 se
1405 848 145 64 voir.

143 897 176 78 Mais
253 897 198 78 c’est
385 897 132 78 le
451 897 198 78 comte
583 897 198 78 Simon
715 897 286 78 Worontzau
934 897 154 78 qui
1022 897 110 78 a
1066 897 198 78 exigé
1198 897 132 78 de
1264 897 154 78 lui
1352 897 132 78 de
1396 897 154 78 venir

144 942 213 75 passer
293 942 234 75 l’hiver
463 942 170 75 avec
569 942 170 75 lui.
675 942 276 75 «J’admire
888 942 213 75 Paris,
1037 942 128 75 je
1101 942 128 75 ne
1164 942 255 75 m’étonne
1356 942 128 75 de
1398 942 149 75 rien,

146 998 184 55 «car
261 998 253 55 jusqu’à
445 998 276 55 présent,
653 998 138 55 il
722 998 161 55 n’y
814 998 115 55 a
860 998 161 55 que
952 998 230 55 quatre
1113 998 230 55 choses
1275 998 161 55 qui
1344 998 207 55 m’ayent

148 1042 251 54 «frappé.
336 1042 188 54 C’est
462 1042 125 54 la
524 1042 272 54 colonnade
734 1042 125 54 du
796 1042 230 54 Louvre,
964 1042 167 54 Mlle
1068 1042 188 54 Mars,
1194 1042 146 54 les
1277 1042 209 54 égards
1403 1042 146 54 qu’on

150 1096 117 53 «a
208 1096 155 53 pour
305 1096 136 53 Mme
383 1096 117 53 de
441 1096 194 53 Staël,
577 1096 117 53 et
635 1096 117 53 un
694 1096 194 53 ballet
830 1096 117 53 de
888 1096 311 53 rats
1141 1096 117 53 Le
1199 1096 233 53 Français
1374 1096 117 53 de
1413 1096 136 53 Paris

148 1137 170 55 «est
254 1137 170 55 bien
360 1137 255 55 aimable,
551 1137 127 55 la
615 1137 212 55 raison
764 1137 127 55 en
828 1137 149 55 est
913 1137 234 55 simple.
1083 1137 127 55 Il
1146 1137 127 55 ne
1210 1137 149 55 vit
1295 1137 149 55 que
1380 1137 170 55 dans
1465 1137 85 55 le

145 1192 290 78 «présent,
368 1192 134 78 ce
435 1192 156 78 qui
524 1192 156 78 est
613 1192 179 78 bien
725 1192 201 78 court
859 1192 112 78 —
904 1192 134 78 et
971 1192 179 78 bien
1082 1192 201 78 sage,
1216 1192 179 78 pour
1328 1192 134 78 un
1372 1192 179 78 peuple

147 1230 246 57 «ennemi
326 1230 134 57 de
393 1230 134 57 la
438 1230 336 57 réflexion...»

98 1257 190 95 2299.
224 1257 442 95 Saint-Elme
603 1257 211 95 (Ida),
751 1257 126 95 la
814 1257 379 95 contemporaine.
1130 1257 126 95 1°
1193 1257 211 95 Billet
1340 1257 168 95 aut.
1425 1257 126 95 sig.

148 1331 217 81 Hyères,
306 1331 119 81 14
366 1331 178 81 avril
484 1331 178 81 1829.
603 1331 99 81 1
643 1331 119 81 p.
702 1331 178 81 in-8.
820 1331 99 81 —
860 1331 119 81 2°
919 1331 237 81 Fragment
1097 1331 158 81 aut.
1196 1331 119 81 de
1255 1331 138 81 ses
1315 1331 237 81 Mé

126 1391 732 42 moires
736 1391 244 42 20
859 1391 244 42 p.
981 1391 285 42 pl.
1143 1391 366 42 in-4.
1387 1391 203 42 5
1428 1391 122 42 »

102 1419 167 58 2300.
214 1419 428 58 Saint-Pierre
586 1419 521 58 (Jacques-Henri-Bernardin
1052 1419 149 58 de),
1145 1419 186 58 auteur
1275 1419 112 58 de
1312 1419 242 58 Paul

150 1474 160 52 et
257 1474 266 52 Virginie,
469 1474 142 52 etc.
558 1474 266 52 Campagne
771 1474 106 52 et
824 1474 177 52 voyage
948 1474 89 52 à
984 1474 160 52 Malte
1090 1474 177 52 en
1214 1474 160 52 1781.
1321 1474 89 52 7
1356 1474 124 52 gr.
1427 1474 106 52 p.
1462 1474 89 52 pl.

149 1517 127 60 et
212 1517 191 60 demie
339 1517 233 60 in-fol.
509 1517 254 60 Ecriture
699 1517 169 60 fine
805 1517 127 60 et
869 1517 339 60 très-serrée.
1144 1517 212 60 Portr.
1292 1517 191 60 gravé
1398 1517 148 60 in

132 1571 546 55 (Collection
568 1571 218 55 du
678 1571 328 55 baron
896 1571 218 55 de
1005 1571 473 55 Trémont).
1369 1571 218 55 20
1442 1571 109 55 »

99 1596 198 77 2301.
231 1596 507 77 Saint-Pierre
672 1596 617 77 (Jacques-Henri-Bernardin
1223 1596 176 77 de),
1334 1596 220 77 auteur
1466 1596 88 77 de

152 1646 200 75 Paul
297 1646 109 75 et
352 1646 309 75 Virginie
607 1646 146 75 etc.
698 1646 109 75 L.
752 1646 146 75 aut.
843 1646 237 75 (minute),
1025 1646 91 75 à
1062 1646 127 75 son
1134 1646 182 75 frère,
1262 1646 146 75 sans
1353 1646 164 75 date.
1462 1646 91 75 4
1480 1646 73 75 p.

117 1720 359 52 pl.
322 1720 462 52 in-4.
630 1720 872 52 Intéressante.
1348 1720 256 52 6
1399 1720 154 52 »

100 1737 195 80 2302.
231 1737 478 80 Saint-Simon
643 1737 391 80 (Claude-Henri,
969 1737 195 80 comte
1099 1737 174 80 de),
1208 1737 282 80 fondateur
1425 1737 130 80 de
1468 1737 87 80 la

151 1808 173 62 secte
266 1808 154 62 dite
362 1808 539 62 Saint-Simonienne
843 1808 115 62 L.
901 1808 154 62 aut.
997 1808 173 62 sig.,
1113 1808 96 62 à
1151 1808 115 62 M.
1209 1808 269 62 Bouricart.
1401 1808 154 62 Paris,

128 1854 204 56 7
210 1854 448 56 juillet
536 1854 367 56 1811.
780 1854 204 56 1
862 1854 244 56 p.
984 1854 285 56 pl.
1147 1854 367 56 in-4.
1391 1854 204 56 3
1432 1854 122 56 »

103 1892 175 67 2303.
219 1892 446 67 Sainte-Croix
607 1892 562 67 (Guill.-Emm.-Jean-Guilhem
1111 1892 116 67 de
1169 1892 291 67 Clermont
1382 1892 175 67 Lo

152 1951 205 83 dève
301 1951 223 83 de),
469 1951 298 83 littérateur.
711 1951 112 83 L.
767 1951 149 83 aut.
860 1951 168 83 sig.,
972 1951 93 83 à
1009 1951 149 83 M...
1102 1951 186 83 Paris,
1232 1951 112 83 15
1288 1951 205 83 octobre
1419 1951 130 83 1807.

70 1999 495 53 1
268 1999 594 53 p.
565 1999 891 53 in-8.
1159 1999 495 53 2
1258 1999 297 53 »

104 2023 192 77 2304.
232 2023 320 77 Sand
488 2023 299 77 (Georges),
723 2023 214 77 madame
873 2023 278 77 Dudevant.
1086 2023 128 77 L.
1150 2023 171 77 aut.
1257 2023 192 77 sig.,
1385 2023 107 77 à
1428 2023 128 77 M.
1471 2023 85 77 de

142 2092 331 59 Potter,
383 2092 392 59 libraire.
684 2092 271 59 Jeudi
865 2092 301 59 matin.
1076 2092 151 59 1
1136 2092 181 59 p.
1227 2092 271 59 in-4.
1407 2092 151 59 3
1437 2092 121 59 50

106 2123 174 75 2305.
222 2123 329 75 Sièyes
492 2123 251 75 (l’abbé),
686 2123 309 75 constituant,
937 2123 193 75 membre
1073 2123 116 75 du
1131 2123 271 75 Directoire
1343 2123 116 75 et
1382 2123 174 75 consul.

152 2188 128 57 L.
216 2188 170 57 aut.
322 2188 192 57 sig.,
450 2188 107 57 à
493 2188 128 57 M.
557 2188 234 57 Clément
727 2188 128 57 de
791 2188 170 57 Ris.
897 2188 277 57 Chartres,
1111 2188 192 57 1786.
1238 2188 107 57 2
1281 2188 128 57 p.
1345 2188 192 57 in-4.
1451 2188 107 57 Ca-

114 2240 520 78 chet.
461 2240 520 78 Jolie
807 2240 635 78 lettre.
1269 2240 289 78 7
1327 2240 231 78 50

207 2280 148 71 ...
291 2280 127 71 On
355 2280 169 71 leur
460 2280 106 71 a
502 2280 148 71 dit
587 2280 148 71 que
671 2280 127 71 le
735 2280 232 71 mémoire
904 2280 127 71 de
967 2280 169 71 Mlle
1072 2280 232 71 d’Oliva
1241 2280 190 71 avait
1368 2280 148 71 été
1431 2280 127 71 sup-

149 2330 198 68 primé
281 2330 154 68 par
369 2330 198 68 ordre
501 2330 132 68 de
567 2330 132 68 la
633 2330 220 68 reine.
787 2330 132 68 Le
853 2330 220 68 pauvre
1006 2330 264 68 cardinal
1204 2330 132 68 de
1270 2330 220 68 Rohan,
1402 2330 154 68 après

151 2390 126 53 sa
214 2390 210 53 lettre
361 2390 126 53 au
423 2390 168 53 roi,
528 2390 126 53 le
591 2390 231 53 mémoire
759 2390 126 53 de
822 2390 126 53 M.
884 2390 168 53 Bête
989 2390 335 53 Détrouville,
1262 2390 126 53 et
1325 2390 126 53 le
1387 2390 168 53 bref
1471 2390 84 53 du

150 2435 189 79 Pape,
276 2435 210 79 paraît
423 2435 231 79 n’avoir
590 2435 147 79 pas
674 2435 252 79 conservé
863 2435 126 79 le
926 2435 231 79 moindre
1094 2435 231 79 soupçon
1261 2435 126 79 en
1324 2435 126 79 sa
1366 2435 189 79 faveur,

151 2475 172 62 dans
258 2475 280 62 l’opinion
473 2475 258 62 publique
667 2475 129 62 du
731 2475 172 62 pays
817 2475 301 62 chartrain...

106 2522 184 65 2306.
228 2522 368 65 Sirmond
535 2522 286 65 (Jacques),
760 2522 245 65 jésuite,
944 2522 286 65 confesseur
1169 2522 123 65 de
1231 2522 184 65 Louis
1353 2522 184 65 XIII.
1456 2522 102 65 Ma

153 2574 226 51 nuscrit
318 2574 165 51 aut.
421 2574 144 51 (en
503 2574 226 51 latin).
668 2574 247 51 Histoire
853 2574 123 51 de
914 2574 267 51 l’Eglise,
1120 2574 206 51 Pères,
1264 2574 165 51 etc.
1367 2574 103 51 7
1408 2574 123 51 p.
1449 2574 103 51 pl.

133 2617 388 60 in-4.
392 2617 647 60 (Collection
909 2617 561 60 Parison).
1340 2617 259 60 10
1427 2617 129 60 »

106 2656 181 70 2307.
227 2656 363 70 Surcouf
529 2656 262 70 (Robert),
731 2656 222 70 célèbre
892 2656 242 70 corsaire
1073 2656 121 70 de
1134 2656 302 70 Saint-Malo.
1376 2656 121 70 L.
1416 2656 141 70 sig.,

151 2717 113 86 à
197 2717 136 86 M.
265 2717 159 86 Ch.
356 2717 250 86 Baudin.
537 2717 340 86 Saint-Malo,
809 2717 136 86 11
877 2717 250 86 février
1059 2717 204 86 1824.
1195 2717 113 86 1
1240 2717 136 86 p.
1308 2717 204 86 in-4.
1445 2717 113 86 2
1467 2717 91 86 50
