1677 2898
469 37 542 166 CATALOGUE

50 191 233 96 DE
167 191 428 96 LETTRES
478 191 622 96 AUTOGRAPHES,
944 191 506 96 MANUSCRITS,

433 277 305 112 DOCUMENTS
681 277 305 112 HISTORIQUES,
910 277 191 112 ETC.,

123 417 315 114 D'
303 417 631 114 AUGUSTE
753 417 631 114 LAVERDET,

344 518 163 102 A
437 518 233 102 Paris,
600 518 163 102 rue
693 518 396 102 Saint-Lazare,
996 518 187 102 24

545 665 207 94 Vente
700 665 86 94 à
718 665 276 94 l’amiable,

320 710 198 96 soit
459 710 139 96 par
538 710 297 96 l’insertion
776 710 158 96 dans
874 710 119 96 le
914 710 297 96 bulletin,

144 777 186 80 soit
268 777 145 80 aux
351 777 248 80 enchères
538 777 290 80 publiques,
765 777 124 80 de
827 777 310 80 Collections
1076 777 124 80 ou
1117 777 269 80 parties

323 839 174 71 de
439 839 290 71 Collections
670 839 116 71 de
728 839 212 71 Lettres
863 839 348 71 autographes,

475 880 314 61 Documents
711 880 353 61 historiques,

518 912 344 55 Manuscrits,
805 912 172 55 etc.,
900 912 115 55 etc.

82 950 231 68 Achats.
250 950 105 68 —
292 950 273 68 Échanges.
503 950 105 68 —
545 950 315 68 Expertises.
797 950 105 68 —
839 950 273 68 Rédaction
1049 950 126 68 de
1091 950 358 68 Catalogues.

255 1095 184 62 N°
347 1095 215 62 25.
470 1095 153 62 —
532 1095 552 62 AOUT-SEPTEMBRE
961 1095 307 62 1859

44 1225 184 80 4499.
166 1225 307 80 Adam
412 1225 286 80 (Adolphe),
636 1225 327 80 compositeur.
902 1225 123 80 L.
963 1225 164 80 aut.
1066 1225 184 80 sig.,
1188 1225 102 80 à
1229 1225 184 80 M....
1331 1225 164 80 Paris,

88 1290 117 64 9
134 1290 188 64 mars
252 1290 211 64 1844.
392 1290 117 64 2
439 1290 141 64 p.
510 1290 164 64 pl.
604 1290 211 64 in-8.
744 1290 328 64 Très-jolie
1002 1290 235 64 lettre
1167 1290 305 64 musicale.
1401 1290 117 64 3
1425 1290 70 64 »

47 1326 179 75 4500.
166 1326 377 75 Adélaïde
484 1326 238 75 (Marie),
662 1326 258 75 troisième
860 1326 179 75 fille
979 1326 119 75 de
1039 1326 179 75 Louis
1158 1326 139 75 XV.
1237 1326 119 75 1°
1277 1326 218 75 Apostille

89 1389 128 65 de
153 1389 149 65 six
238 1389 213 65 lignes
387 1389 171 65 aut.
494 1389 192 65 sig.,
622 1389 171 65 sig.
729 1389 192 65 aussi
857 1389 149 65 par
942 1389 149 65 Mme
1028 1389 277 65 Victoire.
1241 1389 107 65 5
1262 1389 235 65 septembre

88 1430 201 71 1785.
222 1430 112 71 3
266 1430 134 71 p.
333 1430 246 71 in-fol.
512 1430 112 71 —
557 1430 134 71 2°
624 1430 134 71 L.
691 1430 201 71 aut.,
825 1430 112 71 à
870 1430 156 71 son
959 1430 313 71 intendant.
1205 1430 134 71 26
1272 1430 156 71 mai
1339 1430 156 71 1783.

85 1477 108 69 2
129 1477 152 69 gr.
215 1477 130 69 p.
280 1477 152 69 pl.
367 1477 130 69 et
432 1477 195 69 quart
562 1477 195 69 in-4.
692 1477 130 69 Au
757 1477 195 69 sujet
887 1477 130 69 de
952 1477 152 69 son
1039 1477 238 69 château
1212 1477 130 69 de
1256 1477 238 69 Bellevue.

84 1531 304 58 Curieux
306 1531 388 58 détails..—
610 1531 166 58 3°
693 1531 221 58 Note
832 1531 221 58 aut.
970 1531 304 58 Demi-p.
1192 1531 249 58 in-4.
1358 1531 166 58 10
1413 1531 83 58 »

138 1570 178 55 «Mes
249 1570 245 55 garçons
427 1570 134 55 de
494 1570 134 55 la
561 1570 245 55 chambre
739 1570 201 55 n’ont
873 1570 201 55 point
1007 1570 111 55 à
1051 1570 134 55 se
1118 1570 290 55 plaindre.
1341 1570 156 55 Ils
1408 1570 89 55 ne

90 1635 108 55 2
134 1635 238 55 doivent
307 1635 195 55 point
437 1635 195 55 avoir
567 1635 130 55 le
632 1635 217 55 profit
784 1635 152 55 des
871 1635 260 55 bougies,
1066 1635 347 55 puisqu’elles
1326 1635 173 55 appar-

92 1672 104 61 «
134 1672 248 61 tiennent
320 1672 228 61 partout
486 1672 145 61 aux
568 1672 186 61 pres,
693 1672 145 61 ils
775 1672 145 61 ont
858 1672 124 61 le
920 1672 228 61 proffit
1086 1672 145 61 des
1169 1672 228 61 cartes,
1334 1672 145 61 ils
1396 1672 104 61 ont

89 1719 176 60 2600
199 1719 154 60 fr.
287 1719 132 60 de
353 1719 396 60 gratification,
683 1719 154 60 ils
771 1719 154 60 ont
860 1719 154 60 200
948 1719 154 60 des
1036 1719 198 60 pres,
1168 1719 132 60 le
1234 1719 242 60 proffit
1388 1719 110 60 des

89 1769 108 42 »
133 1769 217 42 eartes
284 1769 238 42 devroit
458 1769 303 42 appartenir
696 1769 195 42 aussi
826 1769 152 42 aux
913 1769 173 42 pres
1021 1769 195 42 comme
1151 1769 173 42 chés
1260 1769 130 42 la
1303 1769 195 42 Reine.»

51 1794 189 79 4501.
177 1794 231 79 Aimé
345 1794 294 79 Martin
576 1794 252 79 (Louis),
765 1794 336 79 littérateur.
1037 1794 126 79 L.
1100 1794 168 79 aut.
1205 1794 189 79 sig.,
1331 1794 105 79 à
1373 1794 126 79 M.
1415 1794 84 79 le

89 1858 340 69 président
350 1858 157 69 de
429 1858 157 69 la
507 1858 261 69 Place.
690 1858 209 69 Sans
821 1858 235 69 date.
977 1858 131 69 3
1030 1858 157 69 p.
1108 1858 183 69 pl.
1213 1858 235 69 in-8.
1369 1858 131 69 3
1395 1858 105 69 50

134 1906 126 60 Il
197 1906 189 60 s’est
323 1906 168 60 trop
427 1906 189 60 vanté
553 1906 126 60 de
616 1906 147 60 son
700 1906 189 60 petit
826 1906 210 60 billet
972 1906 126 60 de
1035 1906 210 60 Ninon.
1182 1906 189 60 C’est
1307 1906 189 60 comme
1412 1906 84 60 un

91 1954 220 57 billet
245 1954 198 57 doux,
377 1954 176 57 tout
487 1954 132 57 le
553 1954 198 57 monde
685 1954 132 57 le
751 1954 154 57 lui
838 1954 220 57 envie!
992 1954 198 57 Voici
1124 1954 154 57 une
1212 1954 242 57 aimable
1366 1954 132 57 dame

94 2007 154 59 qui
182 2007 132 59 le
248 2007 154 59 lui
336 2007 264 59 demande,
534 2007 132 59 et
600 2007 154 59 qui
688 2007 154 59 est
776 2007 198 59 prête
907 2007 110 59 à
951 2007 154 59 lui
1039 2007 220 59 écrire
1193 2007 176 59 tout
1303 2007 132 59 ce
1347 2007 154 59 qu’il

95 2052 204 67 voudra
237 2052 306 67 (dit-elle),
482 2052 122 67 si
543 2052 122 67 il
604 2052 143 67 lui
685 2052 163 67 fait
787 2052 122 67 ce
848 2052 285 67 sacrifice.
1072 2052 122 67 Il
1133 2052 102 67 a
1174 2052 163 67 bien
1276 2052 163 67 peur
1357 2052 143 67 qu’il

95 2095 181 57 n’en
209 2095 181 57 soit
322 2095 136 57 de
390 2095 204 57 cette
526 2095 272 57 promesse
729 2095 204 57 comme
865 2095 136 57 du
933 2095 226 57 billet
1091 2095 136 57 de
1159 2095 136 57 La
1227 2095 249 57 Châtre.
1386 2095 113 57 Ce-

95 2148 249 62 pendant
277 2148 249 62 comment
458 2148 362 62 résister?...
752 2148 317 62 «Avez-vous
1002 2148 181 62 bien
1115 2148 249 62 fouillé
1296 2148 181 62 tous
1387 2148 113 62 les

98 2206 103 58 »
140 2206 186 58 çoins
263 2206 124 58 de
325 2206 186 58 votre
449 2206 309 58 collection?
696 2206 124 58 Ne
758 2206 165 58 vous
861 2206 289 58 reste-t-il
1088 2206 144 58 pas
1170 2206 247 58 quelques
1335 2206 165 58 lignes

96 2247 108 49 »
140 2247 129 49 de
204 2247 194 49 cette
333 2247 258 49 friponne
527 2247 129 49 de
591 2247 258 49 soixante
785 2247 129 49 et
850 2247 172 49 deux
957 2247 258 49 ans?....
1129 2247 65 49 »

52 2290 178 68 4502.
171 2290 415 68 Angoulèine
527 2290 376 68 (Louis-Antoine,
843 2290 138 68 duc
922 2290 158 68 d’),
1021 2290 158 68 fils
1120 2290 158 68 ainé
1219 2290 119 68 de
1278 2290 218 68 Charles
1417 2290 79 68 X.

92 2336 191 57 Note
212 2336 191 57 sig.
331 2336 191 57 pour
450 2336 143 57 le
522 2336 287 57 ministre
737 2336 167 57 des
832 2336 310 57 finances.
1071 2336 119 57 4
1119 2336 191 57 juin
1238 2336 215 57 1818.
1382 2336 119 57 1
1405 2336 96 57 p.

-9 2388 1258 58 in-12.
872 2388 629 58 1
998 2388 503 58 50

50 2437 207 71 4503.
188 2437 299 71 Anicet
418 2437 415 71 Bourgeois,
764 2437 230 71 auteur
925 2437 345 71 dramatique.
1202 2437 138 71 L.
1271 2437 184 71 aut.
1363 2437 138 71 sig.

26 2484 460 53 1
210 2484 552 53 p.
486 2484 829 53 in-8.
1039 2484 460 53 1
1131 2484 368 53 25

56 2525 199 62 4504.
189 2525 376 62 Barras
499 2525 244 62 (Paul),
676 2525 399 62 conventionnel,
1008 2525 221 62 membre
1163 2525 133 62 du
1207 2525 288 62 Directoire.

98 2583 260 59 Apostille
298 2583 120 59 de
358 2583 160 59 sept
458 2583 220 59 petites
618 2583 200 59 lignes
758 2583 160 59 aut.
859 2583 160 59 sig.
959 2583 200 59 Paris,
1099 2583 120 59 12
1159 2583 240 59 frimaire
1339 2583 120 59 an
1379 2583 120 59 VII,

97 2642 126 46 et
160 2642 294 46 apostilles
391 2642 126 46 a.
454 2642 126 46 s.
517 2642 126 46 de
580 2642 168 46 sept
685 2642 210 46 autres
831 2642 378 46 représentants.
1146 2642 105 46 2
1188 2642 126 46 p.
1251 2642 231 46 in-fol.
1419 2642 105 46 2
1440 2642 63 46 »

61 2672 188 62 4505.
187 2672 356 62 Bayard
479 2672 209 62 auteur
626 2672 314 62 dramatique.
877 2672 209 62 Billet
1023 2672 335 62 (dramatique)
1295 2672 167 62 aut.
1379 2672 125 62 sig.

45 2723 569 76 1/2
370 2723 488 76 p.
614 2723 732 76 in-8.
1102 2723 406 76 1
1183 2723 325 76 50
