1575 2919
642 68 181 99 —
714 68 254 99 370
823 68 109 99 —

63 163 185 71 4506.
187 163 453 71 Bcauvillier
578 163 206 71 (Marie
722 163 165 71 de),
825 163 227 71 abbesse
990 163 124 71 de
1052 163 309 71 Montmartre,
1278 163 227 71 maîtresse

109 222 149 60 de
184 222 224 60 Henri
333 222 174 60 IV.
433 222 249 60 Quitt.
607 222 199 60 sig.
732 222 199 60 (sur
856 222 274 60 parch.)
1056 222 224 60 1635.
1205 222 274 60 Cachet.
1404 222 125 60 2
1429 222 75 60 »

62 274 178 61 4507.
181 274 316 61 Belle
438 274 178 61 aîné,
556 274 316 61 chansonnier,
813 274 336 61 correspondant
1089 274 119 61 du
1149 274 257 61 Caveau
1326 274 178 61 mo

109 322 258 61 derne.
308 322 119 61 Le
368 322 179 61 Chien
487 322 119 61 de
547 322 159 61 Jean
646 322 119 61 de
706 322 318 61 Nivelle
964 322 219 61 chanson
1123 322 159 61 aut.
1223 322 159 61 sig.
1322 322 99 61 1
1362 322 139 61 gr.
1421 322 80 61 p.

6 369 1373 56 in-fol.
1005 369 624 56 4
1130 369 374 56 »

60 402 200 85 4508.
193 402 468 85 Bellegarde
594 402 178 85 (Mme
705 402 134 85 la
772 402 289 85 maréchale
995 402 178 85 de),
1106 402 200 85 femme
1240 402 134 85 du
1284 402 223 85 feld-

110 462 228 53 réchal
270 462 343 53 autrichien.
544 462 137 53 L.
613 462 183 53 aut.
727 462 206 53 sig.,
864 462 183 53 pour
978 462 183 53 Made
1092 462 274 53 Lesueur,
1298 462 114 53 à
1320 462 183 53 Paris.

109 514 237 59 Vienne
275 514 355 59 (Autriche),
559 514 142 59 29
630 514 260 59 janvier
819 514 213 59 1823.
961 514 118 59 1
1008 514 142 59 p.
1079 514 213 59 in-4.
1221 514 260 59 Cachet.
1410 514 118 59 5
1434 514 71 59 »

155 566 265 57 Demande
348 566 217 57 d’une
493 566 193 57 robe
613 566 145 57 de
686 566 265 57 blonde,
879 566 290 57 première
1096 566 362 57 qualité...,
1361 566 145 57 pour

112 609 123 56 S.
173 609 123 56 M.
234 609 368 56 l’Impératrice,
541 609 164 56 pour
643 609 123 56 le
705 609 164 56 prix
807 609 123 56 de
868 609 123 56 1,
930 609 143 56 200
1011 609 225 56 jusqu’à
1175 609 123 56 1,
1236 609 143 56 400
1298 609 143 56 fr...

62 654 220 63 4509.
208 654 367 63 Belzunce
502 654 147 63 de
575 654 465 63 Castelmoron
967 654 245 63 (Henri
1138 654 196 63 de),
1260 654 245 63 évêque
1407 654 98 63 de

111 705 305 56 Marseille,
351 705 240 56 célèbre
525 705 153 56 par
612 705 153 56 son
700 705 305 56 dévouement
939 705 240 56 pendant
1114 705 131 56 la
1179 705 196 56 peste
1310 705 131 56 de
1353 705 153 56 1721.

114 748 135 69 L.
181 748 180 69 aut.
293 748 202 69 sig.,
428 748 112 69 à
473 748 247 69 Mgr....
653 748 314 69 Marseille,
900 748 157 69 1er
989 748 247 69 octobre
1169 748 202 69 1728.
1304 748 112 69 3
1349 748 157 69 gr.
1416 748 90 69 p.

-4 805 1237 53 in-4.
820 805 824 53 25
1095 805 412 53 »

164 827 128 74 Où
228 827 128 74 en
292 827 171 74 sont
398 827 149 74 les
484 827 256 74 affaires
676 827 128 74 du
740 827 384 74 Jansénisme?...
1060 827 128 74 Il
1124 827 128 74 ne
1188 827 192 74 croit
1316 827 192 74 point
1423 827 85 74 la

114 902 257 54 religion
307 902 236 54 perdue,
478 902 172 54 mais
585 902 129 54 il
650 902 129 54 la
714 902 193 54 croit
842 902 129 54 en
907 902 193 54 grand
1035 902 214 54 péril,
1185 902 236 54 surtout
1357 902 129 54 si
1400 902 107 54 les

114 949 256 58 évêques
300 949 256 58 gardent
486 949 139 58 le
555 949 256 58 silence
741 949 163 58 par
834 949 139 58 un
904 949 256 58 respect
1090 949 232 58 humain
1252 949 139 58 et
1322 949 163 58 par
1392 949 116 58 une

114 1001 270 57 prudence
316 1001 157 57 qui
406 1001 202 57 n’est
541 1001 157 57 pas
631 1001 270 57 toujours
833 1001 135 57 de
901 1001 247 57 raison.
1081 1001 157 57 «le
1171 1001 135 57 ne
1238 1001 225 57 blasme
1373 1001 135 57 per-

115 1048 109 55 «
159 1048 217 55 sonne,
311 1048 109 55 à
354 1048 174 55 Dieu
463 1048 130 55 ne
528 1048 239 55 plaise,
702 1048 174 55 mais
811 1048 130 55 ie
876 1048 152 55 vas
963 1048 152 55 mon
1050 1048 261 55 train...
1246 1048 130 55 et
1290 1048 217 55 devai

117 1088 105 61 «
159 1088 211 61 parler
307 1088 169 61 tout
412 1088 169 61 seul
517 1088 126 61 et
581 1088 190 61 estre
707 1088 211 61 blasmé
855 1088 126 61 de
918 1088 169 61 tout
1023 1088 126 61 le
1086 1088 211 61 monde,
1234 1088 126 61 ie
1276 1088 232 61 parlerai,

117 1153 101 47 »
157 1153 121 47 le
218 1153 242 47 crierai,
399 1153 222 47 lorsque
561 1153 121 47 ie
621 1153 222 47 croirai
783 1153 121 47 le
843 1153 202 47 devoir
984 1153 202 47 faire.
1126 1153 303 47 D’ailleurs,
1368 1153 121 47 ce
1408 1153 101 47 qui

119 1185 101 60 »
159 1185 141 60 est
240 1185 221 60 souvent
401 1185 221 60 inutile
561 1185 121 60 et
622 1185 161 60 peut
722 1185 181 60 estre
843 1185 241 60 nuisible
1024 1185 161 60 dans
1125 1185 241 60 certains
1306 1185 181 60 paiis
1406 1185 101 60 est

118 1243 107 57 »
160 1243 300 57 nécessaire
396 1243 171 57 dans
503 1243 257 57 celuy-ci
696 1243 150 57 qui
781 1243 150 57 est
867 1243 214 57 poudre
1017 1243 128 57 et
1060 1243 321 57 salpestre...»

71 1271 182 72 4510.
192 1271 385 72 Berryer,
516 1271 223 72 avocat,
678 1271 223 72 député,
841 1271 122 72 de
901 1271 284 72 l’Académie
1124 1271 284 72 française.
1347 1271 122 72 L.
1387 1271 122 72 aut.

115 1335 242 65 sig.,
276 1335 134 65 à
330 1335 188 65 son
437 1335 403 65 confrère...
760 1335 188 65 1er
867 1335 295 65 août...
1082 1335 134 65 1
1136 1335 161 65 p.
1217 1335 242 65 in-8.
1378 1335 134 65 1
1405 1335 107 65 50

71 1366 185 79 4511.
195 1366 371 79 Bertin,
504 1366 247 79 ministre
689 1366 124 79 de
751 1366 185 79 Louis
875 1366 144 79 XV.
957 1366 124 79 1°
1019 1366 124 79 L.
1081 1366 165 79 aut.
1183 1366 185 79 sig.,
1307 1366 103 79 à
1348 1366 124 79 M.
1389 1366 124 79 Per

119 1445 220 46 ronet.
273 1445 132 46 24
339 1445 242 46 juillet
515 1445 198 46 1768.
647 1445 110 46 1
691 1445 132 46 p.
757 1445 198 46 in-4.
890 1445 242 46 Cachet.
1066 1445 110 46 —
1110 1445 132 46 2°
1176 1445 176 46 Note
1286 1445 176 46 aut.
1396 1445 110 46 1
1418 1445 88 46 p.

118 1472 148 69 pl.
202 1472 190 69 in-4.
329 1472 105 69 —
371 1472 127 69 3°
434 1472 232 69 Réponse
603 1472 232 69 (minute
772 1472 127 69 de
835 1472 148 69 la)
919 1472 105 69 à
962 1472 127 69 la
1025 1472 169 69 Note
1130 1472 148 69 qui
1215 1472 253 69 précède.
1405 1472 105 69 1
1426 1472 84 69 p.

76 1521 437 70 pl.
325 1521 749 70 etjtiers
887 1521 562 70 in-4.
1262 1521 312 70 6
1325 1521 187 70 »

169 1579 132 53 La
235 1579 176 53 Note
345 1579 132 53 et
411 1579 132 53 la
477 1579 242 53 Réponse
653 1579 176 53 sont
763 1579 286 53 relatives
984 1579 110 53 à
1028 1579 154 53 des
1116 1579 308 53 recherches
1336 1579 176 53 faites

119 1618 186 53 dans
235 1618 163 53 les
328 1618 396 53 bibliothèques
654 1618 140 53 de
724 1618 629 53 Saint-Germain-des-Prés,
1283 1618 140 53 de
1330 1618 186 53 Saint-

120 1670 443 58 Martin-des-Champs
499 1670 126 58 et
563 1670 126 58 de
626 1670 358 58 Saint-Victor,
921 1670 169 58 d’un
1026 1670 190 58 titre
1153 1670 253 58 original
1321 1670 190 58 concer-

122 1717 173 63 nant
231 1717 239 63 Arnault
404 1717 130 63 de
469 1717 347 63 Bourdeilles,
751 1717 260 63 qualifié
946 1717 130 63 de
1011 1717 304 63 chevalier,
1250 1717 260 63 sénéchal
1423 1717 87 63 de

122 1763 308 57 Périgueux,
364 1763 220 57 vivant
518 1763 132 57 en
584 1763 198 57 1420,
715 1763 176 57 1421
825 1763 132 57 et
869 1763 220 57 1429....

77 1806 177 77 4512.
195 1806 354 77 Boissy,
490 1806 275 77 provincial
706 1806 137 77 des
784 1806 236 77 jésuites
961 1806 118 77 de
1020 1806 118 77 la
1079 1806 236 77 province
1256 1806 118 77 de
1295 1806 216 77 Toulouse.

123 1862 132 66 L.
189 1862 176 66 aut.
299 1862 198 66 sig.,
432 1862 110 66 à
476 1862 154 66 son
564 1862 220 66 ami...
718 1862 287 66 Toulouse,
939 1862 132 66 26
1005 1862 243 66 octobre
1181 1862 198 66 1740.
1314 1862 110 66 8
1358 1862 154 66 gr.
1424 1862 88 66 p.

118 1918 184 52 pl.
223 1918 237 52 in-4.
381 1918 237 52 Belle
539 1918 263 52 lettre
724 1918 395 52 littéraire.
1040 1918 448 52 Intéressante.
1409 1918 132 52 4
1435 1918 79 52 »

75 1957 196 65 4513.
206 1957 371 65 Boscha
511 1957 349 65 compositeur.
795 1957 131 65 L.
860 1957 174 65 aut.
969 1957 174 65 sig.
1078 1957 131 65 de
1143 1957 153 65 ses
1231 1957 305 65 initiales,
1449 1957 65 65 à

121 2001 137 61 M.
190 2001 274 61 Delveau.
396 2001 274 61 Londres,
601 2001 206 61 mardi
739 2001 206 61 soir.
876 2001 114 61 2
921 2001 137 61 p.
990 2001 137 61 et
1059 2001 206 61 quart
1196 2001 206 61 in-8.
1310 2001 206 61 (Taches

48 2051 1273 60 d’huile.)
1027 2051 490 60 2
1125 2051 392 60 50

83 2105 177 60 4514.
201 2105 432 60 Boullenois,
574 2105 353 60 jurisconsulte.
868 2105 118 60 L.
927 2105 157 60 aut.
1025 2105 177 60 sig.,
1143 2105 98 60 à
1182 2105 177 60 M...,
1300 2105 98 60 à
1320 2105 196 60 Orléans,

123 2147 139 53 27
192 2147 255 53 février
378 2147 209 53 1765.
517 2147 116 53 1
564 2147 139 53 p.
633 2147 209 53 in-4.
772 2147 302 53 Questions
1005 2147 139 53 de
1074 2147 418 53 jurisprudence.
1422 2147 116 53 2
1445 2147 70 53 »

79 2196 199 69 4515.
211 2196 552 69 Bourbon-Busset
698 2196 155 69 (le
786 2196 199 69 comte
918 2196 177 69 de).
1029 2196 133 69 L.
1095 2196 177 69 aut.
1206 2196 199 69 sig.,
1338 2196 110 69 à
1382 2196 133 69 M.
1427 2196 88 69 le

120 2244 342 63 comte...
376 2244 285 63 Paris,
576 2244 143 63 5
633 2244 342 63 novembre
889 2244 257 63 1788.
1060 2244 143 63 1
1117 2244 171 63 p.
1203 2244 257 63 in-4.
1374 2244 143 63 1
1402 2244 114 63 50

77 2288 190 63 4516.
204 2288 402 63 Caillard
542 2288 466 63 (Abraham-Jacques),
945 2288 212 63 avocat
1093 2288 127 63 au
1156 2288 275 63 parlement
1368 2288 127 63 de
1410 2288 106 63 Pa

127 2334 168 77 ris,
232 2334 190 77 élève
359 2334 126 77 et
422 2334 147 77 ami
506 2334 211 77 intime
653 2334 126 77 de
717 2334 253 77 Pothier.
906 2334 126 77 L.
969 2334 168 77 aut.
1075 2334 190 77 sig.,
1201 2334 105 77 à
1243 2334 126 77 M.
1306 2334 211 77 Tassin
1433 2334 84 77 de

124 2390 284 55 Vilpion,
337 2390 118 55 à
384 2390 284 55 Orléans.
597 2390 236 55 Paris,
763 2390 142 55 11
834 2390 284 55 novembre
1046 2390 213 55 1760.
1188 2390 118 55 2
1235 2390 142 55 p.
1306 2390 142 55 et
1354 2390 165 55 demie

-3 2432 1370 63 in-4.
910 2432 761 63 3
1062 2432 457 63 »

79 2474 197 79 4517.
210 2474 481 79 Cambacérès,
625 2474 393 79 conventionnel,
953 2474 437 79 archi-chancelier
1324 2474 131 79 de
1368 2474 153 79 l’Em

129 2538 208 64 pire,
268 2538 185 64 etc.
384 2538 139 64 L.
453 2538 185 64 sig.
569 2538 208 64 comme
708 2538 486 64 archi-chancelier,
1124 2538 139 64 au
1194 2538 162 64 duc
1286 2538 139 64 de
1333 2538 185 64 Massa.

118 2585 342 57 Paris,
357 2585 205 57 17
460 2585 411 57 novembre
768 2585 308 57 1810.
973 2585 171 57 1
1042 2585 205 57 p.
1145 2585 308 57 in-4.
1350 2585 171 57 2
1384 2585 137 57 50

83 2634 187 65 4518.
208 2634 354 65 Caylus
500 2634 396 65 (Daniel-Charles
833 2634 125 65 de
895 2634 187 65 Lévis
1020 2634 125 65 de
1083 2634 250 65 Tubières
1270 2634 167 65 de),
1353 2634 167 65 évêque

130 2678 315 62 d’Auxerre.
377 2678 135 62 L.
444 2678 180 62 aut.
557 2678 202 62 sig.,
691 2678 112 62 à
736 2678 157 62 Son
826 2678 337 62 Eminence...
1096 2678 292 62 Regennes,
1321 2678 112 62 6
1343 2678 180 62 novem-

94 2733 550 50 bre...
479 2733 275 50 3
589 2733 330 50 p.
754 2733 385 50 pl.
973 2733 495 50 in-4.
1303 2733 275 50 5
1358 2733 165 50 »

177 2783 122 65 Ce
238 2783 183 65 qu’il
360 2783 122 65 se
421 2783 224 65 propose
584 2783 122 65 de
645 2783 183 65 faire
768 2783 204 65 contre
910 2783 387 65 l’établissement
1237 2783 143 65 des
1298 2783 224 65 Jésuites.
