1694 3043
691 104 182 84 —
727 104 182 84 372

165 190 248 76 sig.,
331 190 138 76 à
386 190 166 76 M.
469 190 359 76 Champein.
745 190 166 76 Ce
828 190 359 76 mercredi.
1104 190 138 76 1
1159 190 166 76 p.
1242 190 276 76 in-12.
1435 190 138 76 1
1463 190 110 76 25

122 247 192 62 4534.
250 247 277 62 Favard
463 247 128 62 de
527 247 384 62 l’Anglade,
846 247 213 62 avocat
996 247 128 62 au
1059 247 277 62 parlement
1273 247 128 62 de
1337 247 213 62 Paris,
1464 247 107 62 dé-

173 303 180 55 puté,
293 303 160 55 etc.
393 303 120 55 L.
453 303 120 55 a.
513 303 140 55 s.,
593 303 100 55 à
633 303 120 55 M.
693 303 180 55 Jubé.
813 303 120 55 11
873 303 280 55 Fructidor.
1093 303 100 55 1
1133 303 140 55 gr.
1213 303 120 55 p.
1273 303 140 55 pl.
1353 303 180 55 in-4.
1473 303 100 55 2
1493 303 80 55 50

122 343 169 68 4535.
235 343 301 68 Fayot
480 343 245 68 (Alfred),
668 343 301 68 littérateur.
913 343 113 68 L.
969 343 113 68 a.
1026 343 132 68 s.,
1101 343 94 68 à
1139 343 113 68 M.
1195 343 264 68 Villenave.
1403 343 113 68 20
1440 343 132 68 avril

124 396 592 51 1821.
519 396 329 51 2
651 396 395 51 p.
848 396 592 51 in-8.
1243 396 329 51 1
1309 396 263 51 50

123 436 171 79 4536.
237 436 266 79 Fée,
446 436 304 79 naturaliste.
693 436 114 79 L.
750 436 152 79 aut.
845 436 152 79 sig.
939 436 285 79 Strasbourg,
1167 436 95 79 3
1205 436 114 79 1.
1262 436 152 79 août
1357 436 171 79 1846,
1471 436 95 79 1
1490 436 76 79 p.

91 501 691 51 pl.
486 501 888 51 in-4.
1078 501 494 51 1
1177 501 395 51 50

122 530 176 67 4537.
240 530 313 67 Fenet
494 530 215 67 avocat.
651 530 117 67 L.
710 530 117 67 a.
768 530 117 67 s.
827 530 196 67 Paris,
964 530 137 67 1er
1042 530 157 67 août
1140 530 176 67 1826.
1258 530 98 67 1
1297 530 117 67 p.
1356 530 176 67 in-8.
1473 530 98 67 1
1493 530 78 67 50

122 595 181 72 4538.
243 595 383 72 Ferrière
565 595 403 72 (Claude-Joseph),
908 595 343 72 jurisconsulte
1190 595 242 72 célèbre.
1371 595 121 72 Sa
1412 595 161 72 signa

172 639 178 58 ture
283 639 133 58 au
349 639 155 58 bas
438 639 200 58 d’une
572 639 244 58 licence
749 639 267 58 d’avocat
949 639 133 58 au
1016 639 289 58 parlement
1238 639 133 58 de
1304 639 222 58 Paris,
1438 639 133 58 août

167 685 194 55 1742.
297 685 237 55 In-fol.
470 685 237 55 oblong,
642 685 151 55 sur
728 685 302 55 parchemin,
966 685 216 55 cachet
1117 685 108 55 à
1160 685 129 55 la
1225 685 173 55 cire
1333 685 194 55 rouge
1441 685 129 55 ren-

154 734 327 51 fermé
371 734 290 51 dans
553 734 254 51 une
698 734 327 51 boîte
916 734 218 51 en
1025 734 508 51 fer-blanc.
1424 734 181 51 3
1460 734 109 51 »

122 775 172 69 4539.
236 775 381 69 Feuillide
560 775 191 69 (Cappo
694 775 153 69 de),
789 775 305 69 littérateur,
1037 775 286 69 publiciste.
1266 775 114 69 L.
1323 775 153 69 aut.
1418 775 172 69 sig.,
1514 775 57 69 à

168 833 129 64 M.
233 833 173 64 Paul
341 833 259 64 Lacroix.
535 833 216 64 Paris,
686 833 129 64 13
751 833 173 64 août
858 833 194 64 1832.
988 833 108 64 2
1031 833 129 64 p.
1096 833 151 64 pl.
1182 833 194 64 in-8.
1290 833 280 64 Très-

68 879 1376 62 tueuse.
1069 879 625 62 2
1194 879 375 62 »

121 921 191 64 4540.
248 921 404 64 Flavigny
588 921 149 64 (le
673 921 191 64 comte
800 921 170 64 de),
907 921 467 64 lieutenant-colonel
1310 921 127 64 de
1353 921 212 64 dragons,

168 983 245 57 éditeur
346 983 134 57 de
413 983 134 57 la
479 983 401 57 correspondance
813 983 134 57 de
880 983 245 57 Fernand
1058 983 223 57 Cortez
1214 983 178 57 avee
1303 983 267 57 l’empereur

167 1032 388 47 Charles-Quint,
491 1032 173 47 etc.
599 1032 129 47 1°
663 1032 129 47 L.
728 1032 129 47 a.
793 1032 129 47 s.
857 1032 216 47 Paris,
1008 1032 108 47 4
1052 1032 259 47 décembre
1246 1032 194 47 1777.
1375 1032 108 47 4
1418 1032 129 47 p.
1461 1032 108 47 pl

166 1073 193 59 in-4.
294 1073 107 59 —
337 1073 129 59 2°
402 1073 236 59 Mémoire
574 1073 172 59 aut.
681 1073 193 59 sig.,
810 1073 107 59 à
853 1073 129 59 M.
917 1073 129 59 le
982 1073 301 59 contrôleur
1218 1073 236 59 général
1390 1073 150 59 des
1455 1073 107 59 Fi-

165 1119 286 63 nances.
373 1119 260 63 Paris,
554 1119 156 63 24
632 1119 208 63 mars
762 1119 234 63 1776.
918 1119 130 63 1
970 1119 182 63 gr.
1074 1119 156 63 p.
1152 1119 182 63 pl.
1255 1119 286 63 in-fol.
1463 1119 130 63 5
1489 1119 78 63 »

219 1175 113 57 Au
276 1175 169 57 sujet
388 1175 113 57 de
445 1175 113 57 la
501 1175 282 57 publication
726 1175 113 57 de
782 1175 113 57 sa
839 1175 338 57 Description
1120 1175 244 57 naturelle
1308 1175 113 57 et
1346 1175 225 57 physi

174 1216 152 63 que
280 1216 91 63 de
311 1216 243 63 l’Espagne

124 1255 183 79 4541.
246 1255 387 79 Flcuriau
572 1255 428 79 (Thomas-Charles),
938 1255 244 79 jésuite.
1121 1255 204 79 Quitt.
1264 1255 163 79 sig.
1365 1255 163 79 (sur
1447 1255 122 79 par-

149 1311 501 64 chemin).
525 1311 418 64 Paris,
817 1311 251 64 13
943 1311 292 64 mai
1110 1311 376 64 1705.
1360 1311 209 64 1
1402 1311 167 64 50

122 1355 183 73 4542.
244 1355 347 73 Fieury
529 1355 143 73 (le
611 1355 245 73 cardinal
794 1355 163 73 de),
896 1355 245 73 ministre
1080 1355 122 73 de
1141 1355 183 73 Louis
1263 1355 143 73 XV.
1345 1355 122 73 L.
1406 1355 183 73 sig.,
1508 1355 61 73 à

166 1403 131 62 M.
232 1403 131 62 de
297 1403 349 62 Saint-Simon,
581 1403 218 62 évêque
734 1403 131 62 de
799 1403 196 62 Metz.
930 1403 327 62 Versailles,
1192 1403 131 62 29
1257 1403 240 62 janvier
1410 1403 153 62 1739.

95 1457 461 61 3
279 1457 553 61 p.
556 1457 829 61 in-4.
1108 1457 461 61 2
1200 1457 369 61 50

119 1497 183 63 4543.
241 1497 387 63 Fontange
567 1497 143 63 (le
649 1497 224 63 marquis
812 1497 163 63 de).
914 1497 122 63 L.
975 1497 163 63 aut.
1077 1497 183 63 sig.,
1199 1497 122 63 au
1260 1497 245 63 ministre
1444 1497 122 63 de
1484 1497 82 63 la

168 1559 222 51 maison
323 1559 133 51 du
390 1559 178 51 Roi.
501 1559 289 51 Aurillac,
723 1559 133 51 15
790 1559 267 51 décembre
990 1559 200 51 1821.
1123 1559 111 51 3
1168 1559 156 51 gr.
1257 1559 133 51 p.
1324 1559 244 51 in-fol.
1479 1559 89 51 En

168 1606 185 59 marge
292 1606 123 59 il
353 1606 103 59 y
394 1606 103 59 a
435 1606 144 59 une
518 1606 267 59 apostille
723 1606 164 59 aut.
826 1606 164 59 sig.
928 1606 123 59 de
990 1606 123 59 M.
1052 1606 205 59 Favard
1195 1606 123 59 de
1257 1606 288 59 l’Anglade.
1483 1606 103 59 3
1503 1606 62 59 »

215 1649 218 62 Exposé
368 1649 131 62 de
433 1649 131 62 sa
499 1649 262 62 mauvaise
695 1649 240 62 fortune
869 1649 153 62 par
957 1649 196 62 suite
1087 1649 131 62 de
1153 1649 153 62 son
1240 1649 327 62 émigration,
1480 1649 87 62 et

168 1688 125 60 de
231 1688 145 60 ses
314 1688 208 60 droits
459 1688 104 60 à
501 1688 125 60 la
563 1688 332 60 bienfaisance
833 1688 125 60 du
874 1688 125 60 Roi.

115 1751 204 57 4544.
251 1751 566 57 Forbiti-Janson
750 1751 317 57 (Toussaint
999 1751 181 57 de),
1112 1751 227 57 évêque
1271 1751 136 57 de
1338 1751 227 57 Digne,
1474 1751 91 57 de

164 1789 312 54 Marseille,
409 1789 134 54 de
475 1789 289 54 Beauvais,
698 1789 289 54 Cardinal,
921 1789 334 54 ambassadeur
1188 1789 134 54 en
1254 1789 267 54 Pologne,
1432 1789 134 54 etc.

167 1840 127 53 L.
230 1840 191 53 sig.,
358 1840 106 53 à
400 1840 127 53 M.
464 1840 212 53 l’abbé
612 1840 254 53 Bossuet.
803 1840 212 53 Paris,
951 1840 127 53 18
1015 1840 170 53 nov.
1121 1840 191 53 1697.
1248 1840 106 53 2
1290 1840 148 53 gr.
1375 1840 127 53 p.
1418 1840 148 53 in

107 1889 1306 57 Intéressante.
1183 1889 384 57 2
1260 1889 307 57 50

116 1932 192 68 4545.
243 1932 362 68 Forget
542 1932 362 68 (Jean-Claude,
840 1932 277 68 chevalier
1053 1932 170 68 de),
1159 1932 298 68 commandant
1372 1932 192 68 général

166 1982 144 62 des
249 1982 330 62 fauconneries
517 1982 124 62 du
578 1982 165 62 Roi.
681 1982 309 62 Déclaration
928 1982 165 62 aut.
1031 1982 185 62 sig.,
1155 1982 247 62 relative
1340 1982 124 62 au
1382 1982 185 62 marquis

164 2031 129 58 de
229 2031 237 58 Forget,
401 2031 151 58 son
488 2031 194 58 père,
617 2031 129 58 en
682 2031 151 58 son
768 2031 215 58 vivant
919 2031 259 58 exerçant
1113 2031 151 58 les
1199 2031 194 58 mêmes
1306 2031 259 58 fonctions;

157 2077 288 59 Paris,
359 2077 173 59 22
445 2077 316 59 juillet
675 2077 259 59 1789.
847 2077 144 59 1
905 2077 201 59 gr.
1020 2077 173 59 p.
1106 2077 201 59 pl.
1221 2077 316 59 in-fol.
1451 2077 144 59 2
1480 2077 86 59 »

117 2122 189 68 4546.
243 2122 357 68 Fouché
537 2122 273 68 (Joseph),
747 2122 147 68 duc
831 2122 294 68 d'Otrante.
1063 2122 126 68 L.
1126 2122 189 68 sig.,
1252 2122 189 68 comme
1357 2122 210 68 ministre

165 2175 129 60 de
230 2175 129 60 la
295 2175 215 60 police
445 2175 280 60 générale.
661 2175 215 60 Paris,
811 2175 129 60 27
876 2175 237 60 février
1048 2175 194 60 1810,
1177 2175 108 60 1
1221 2175 129 60 p.
1285 2175 237 60 in-fol.
1457 2175 108 60 1
1479 2175 86 60 25

117 2229 187 59 4547.
242 2229 394 59 Foucquet
573 2229 290 59 (Nicolas),
801 2229 332 59 surintendant
1071 2229 145 59 des
1154 2229 269 59 finances.
1361 2229 124 59 Sa
1402 2229 166 59 signa

164 2272 170 61 ture
270 2272 128 61 et
334 2272 149 61 une
419 2272 191 61 ligne
546 2272 170 61 aut.
653 2272 149 61 sur
738 2272 149 61 une
823 2272 191 61 pièce
950 2272 128 61 de
1014 2272 340 61 comptabilité
1291 2272 128 61 de
1333 2272 234 61 finances.

153 2319 329 52 Paris,
383 2319 197 52 31
482 2319 395 52 décembre
778 2319 296 52 1658.
976 2319 165 52 1
1042 2319 197 52 p.
1140 2319 362 52 in-fol.
1403 2319 165 52 2
1436 2319 132 52 50

118 2366 181 55 4548.
238 2366 362 55 Fouinet
540 2366 261 55 (Ernest),
741 2366 322 55 littérateur.
1002 2366 121 55 L.
1063 2366 161 55 aut.
1163 2366 181 55 sig.,
1284 2366 100 55 à
1324 2366 141 55 Mme
1384 2366 181 55 Waldor.

92 2409 462 65 1
276 2409 555 65 p.
554 2409 832 65 in-8.
1108 2409 462 65 4
1293 2409 462 65 »
1386 2409 277 65 »

116 2455 195 77 4549.
246 2455 303 77 Fourier
484 2455 411 77 d’Hincourt,
830 2455 216 77 auteur
982 2455 130 77 de
1047 2455 130 77 la
1112 2455 216 77 Charte
1241 2455 325 77 Constitution

164 2510 194 68 nelle
294 2510 172 68 mise
401 2510 129 68 en
466 2510 194 68 vers.
595 2510 129 68 L.
660 2510 172 68 aut.
768 2510 194 68 sig.,
897 2510 129 68 au
962 2510 280 68 président
1177 2510 129 68 de
1242 2510 129 68 la
1306 2510 237 68 chambre
1457 2510 108 68 des

156 2561 376 68 députés.
438 2561 313 68 Paris,
657 2561 188 68 25
751 2561 219 68 mai
877 2561 282 68 1824.
1065 2561 157 68 1
1127 2561 188 68 p.
1221 2561 282 68 in-4.
1409 2561 157 68 1
1441 2561 125 68 50

113 2606 190 61 4550.
239 2606 379 61 Framery
555 2606 464 61 (Nicolas-Étienne),
956 2606 337 61 littérateur,
1230 2606 211 61 auteur
1356 2606 211 61 dramati-

160 2651 178 56 que,
271 2651 334 56 compositeur
539 2651 134 56 de
606 2651 267 56 musique:
806 2651 134 56 Né
873 2651 111 56 à
918 2651 201 56 Rouen
1051 2651 134 56 en
1118 2651 201 56 1745.
1252 2651 178 56 Mort
1363 2651 134 56 en
1408 2651 156 56 1810.

160 2703 132 64 10
226 2703 176 64 Deux
336 2703 220 64 pièces
489 2703 198 64 sig.,
621 2703 241 64 comptes
797 2703 176 64 avec
906 2703 154 64 Mme
994 2703 285 64 Duchesne,
1214 2703 154 64 des
1280 2703 285 64 exemplaires

164 2750 190 62 restant
302 2750 104 62 et
354 2750 173 62 vendus
475 2750 104 62 de
527 2750 121 62 ses
597 2750 173 62 pièces
718 2750 277 62 dramatiques:
943 2750 156 62 La
1047 2750 260 62 Colonie
1254 2750 104 62 et
1289 2750 277 62 l’Olim

158 2803 327 71 piade
427 2803 96 71 2
465 2803 115 71 p.
523 2803 115 71 et
580 2803 173 71 demie
696 2803 231 71 in-4.—2°
869 2803 115 71 L.
926 2803 154 71 aut.
1022 2803 173 71 sig.,
1137 2803 96 71 à
1176 2803 115 71 M.
1233 2803 173 71 Félix
1330 2803 231 71 Desportes.
