1534 2896
610 54 180 92 —
646 54 180 92 374

44 156 184 74 4565.
166 156 389 74 Girardin
494 156 286 74 (Stanislas
719 156 164 74 de),
821 156 225 74 député.
985 156 123 74 L.
1046 156 164 74 aut.
1148 156 184 74 sig.,
1271 156 123 74 au
1312 156 184 74 citoyen

75 205 380 64 Gaudin.
351 205 207 64 11
455 205 380 64 floréal
731 205 207 64 an
835 205 207 64 X.
938 205 173 64 1
1007 205 207 64 p.
1111 205 311 64 in-4.
1318 205 207 64 27
1387 205 104 64 »

46 253 184 67 3566.
168 253 389 67 Gonzalès
496 253 307 67 (Emmanuel),
741 253 286 67 romancier.
966 253 123 67 L.
1027 253 164 67 aut.
1130 253 184 67 sig.,
1253 253 102 67 à
1293 253 123 67 M.
1334 253 164 67 Victor

75 310 381 68 Séjour.
352 310 346 68 Petite
594 310 277 68 page
767 310 311 68 in-8.
975 310 450 68 Curieuse.
1321 310 173 68 1
1356 310 138 68 50

42 357 184 62 4567.
164 357 369 62 Gossec,
472 357 328 62 compositeur.
738 357 246 62 Fragment
922 357 246 62 d’études
1107 357 287 62 musicales.
1312 357 184 62 Paroles

81 403 189 66 et
175 403 377 66 musique.
458 403 251 66 Aut.
615 403 157 66 2
678 403 189 66 p.
772 403 220 66 pl.
898 403 189 66 et
992 403 283 66 demie
1181 403 283 66 in-4.
1369 403 157 66 4
1401 403 94 66 »

44 452 184 66 4568.
166 452 368 66 Gossec,
473 452 327 66 compositeur.
738 452 245 66 Fragment
922 452 245 66 d’études
1106 452 286 66 musicales.
1310 452 184 66 Paroles

82 506 188 49 et
176 506 375 49 musique.
457 506 250 49 Aut.
613 506 156 49 3
676 506 188 49 p.
769 506 219 49 pl.
894 506 188 49 et
988 506 281 49 demie
1176 506 281 49 in-4.
1363 506 156 49 5
1394 506 94 49 »

44 546 184 73 4569.
166 546 368 73 Gossec,
473 546 327 73 compositeur.
739 546 245 73 Fragment
923 546 245 73 d’études
1107 546 286 73 musicales.
1312 546 184 73 Paroles

78 601 207 62 et
181 601 413 62 musique.
491 601 275 62 Aut.
663 601 172 62 3
732 601 207 62 p.
835 601 207 62 et
938 601 310 62 demie
1145 601 310 62 in-4.
1351 601 172 62 4
1386 601 103 62 »

43 644 181 64 4570.
163 644 342 64 Grasse
445 644 362 64 (Pierre-Marie,
746 644 201 64 comte,
887 644 161 64 puis
988 644 221 64 marquis
1148 644 161 64 de),
1249 644 241 64 ministre
1410 644 80 64 de

96 697 120 76 la
156 697 219 76 guerre.
315 697 120 76 N.
375 697 179 76 1755.
495 697 120 76 M.
555 697 179 76 1828.
674 697 179 76 La
794 697 179 76 Folle
914 697 120 76 de
974 697 359 76 St-Joseph
1253 697 239 76 manuscrit,

54 747 479 58 aut.
353 747 299 58 2
473 747 359 58 p.
653 747 419 58 pl.
892 747 539 58 in-4.
1252 747 299 58 5
1311 747 180 58 »

140 789 187 64 Voici
265 789 125 64 ce
327 789 146 64 que
411 789 146 64 dit
494 789 125 64 M.
556 789 270 64 Villenave
764 789 125 64 au
827 789 187 64 sujet
951 789 125 64 de
1014 789 125 64 M.
1076 789 125 64 de
1138 789 208 64 Grave:
1284 789 125 64 Il
1346 789 146 64 lut
1409 789 83 64 un

93 851 175 51 soir
203 851 110 51 à
247 851 241 51 l’hôtel
422 851 132 51 de
488 851 351 51 Rochechouart
773 851 351 51 (aujourd’hui
1058 851 285 51 ministère
1277 851 132 51 de
1321 851 175 51 l’Ins-

94 893 227 55 truction
264 893 246 55 publique)
454 893 114 55 sa
510 893 227 55 Folle
681 893 114 55 de
737 893 359 55 St.-Joseph
1040 893 132 55 Mme
1116 893 114 55 De
1172 893 170 55 Staël
1286 893 170 55 était
1380 893 114 55 pré-

92 938 226 64 sente,
251 938 136 64 et
318 938 158 64 fut
409 938 271 64 engouée.
612 938 158 64 Dix
703 938 136 64 ou
771 938 226 64 quinze
929 938 203 64 jours
1064 938 226 64 après,
1223 938 136 64 M.
1291 938 136 64 de
1336 938 158 64 Grave

94 986 182 60 était
195 986 222 60 ministre.

47 1035 207 61 4571.
185 1035 322 61 Grenier
438 1035 115 61 à
484 1035 161 61 sel
576 1035 138 61 de
645 1035 138 61 la
714 1035 207 61 ville
851 1035 138 61 de
920 1035 322 61 Blois
1173 1035 207 61 Estat
1311 1035 138 61 au
1357 1035 138 61 vray

92 1083 161 55 que
184 1083 207 55 peult
322 1083 230 55 monter
483 1083 138 55 ce
552 1083 161 55 qui
644 1083 253 55 reuient
827 1083 138 55 de
896 1083 161 55 net
988 1083 138 55 au
1057 1083 161 55 Roy
1149 1083 161 55 par
1241 1083 253 55 chascun
1402 1083 92 55 an

95 1129 129 57 de
160 1129 151 57 son
246 1129 194 57 droit
376 1129 129 57 de
440 1129 237 57 gabelle
613 1129 129 57 de
677 1129 129 57 la
742 1129 194 57 ferme
871 1129 129 57 du
936 1129 366 57 fournissement
1237 1129 129 57 de
1302 1129 151 57 son
1367 1129 129 57 gre-

95 1180 169 61 nier
201 1180 106 61 à
243 1180 148 61 sel
328 1180 127 61 de
391 1180 127 61 la
455 1180 191 61 ville
582 1180 127 61 de
646 1180 212 61 Blois.
794 1180 212 61 Minute
942 1180 275 61 originale
1154 1180 127 61 du
1218 1180 212 61 temps.
1345 1180 148 61 1568,

70 1226 230 61 2
162 1226 275 61 p.
300 1226 321 61 pl.
483 1226 275 61 et
621 1226 413 61 demie
896 1226 505 61 in-fol.
1264 1226 230 61 3
1309 1226 184 61 50

48 1274 191 64 4572.
175 1274 383 64 Grétry,
494 1274 234 64 célèbre
665 1274 340 64 compositeur.
941 1274 128 64 1°
1005 1274 128 64 Sa
1069 1274 276 64 signature
1281 1274 128 64 au
1345 1274 149 64 bas
1409 1274 85 64 du

95 1324 180 48 titre
215 1324 180 48 gravé
335 1324 120 48 de
395 1324 120 48 la
455 1324 260 48 partition
655 1324 120 48 de
715 1324 180 48 la
836 1324 200 48 Fausse
976 1324 280 48 Agnès
1196 1324 100 48 1
1236 1324 120 48 p.
1296 1324 220 48 in-fol.
1436 1324 60 48 —

70 1364 230 64 2
162 1364 598 64 Enveloppe
622 1364 276 64 de
760 1364 414 64 lett.
1035 1364 368 64 aut.
1265 1364 230 64 2
1311 1364 184 64 56

50 1416 174 68 4573.
165 1416 328 68 Grille
435 1416 289 68 (d’Angers),
667 1416 309 68 littérateur.
917 1416 116 68 1°
975 1416 212 68 Chanson
1130 1416 154 68 aut.
1226 1416 154 68 sig.
1322 1416 154 68 (Sur
1400 1416 96 68 les

103 1463 228 63 plaisirs
274 1463 114 63 de
331 1463 114 63 la
388 1463 190 63 table,
521 1463 95 63 3
559 1463 133 63 gr.
635 1463 114 63 p.
692 1463 133 63 pl.
768 1463 171 63 in-4.
881 1463 95 63 —
919 1463 114 63 2°
976 1463 171 63 Le
1090 1463 209 63 poisson
1223 1463 266 63 d’Avril

97 1518 252 51 Chanson
280 1518 183 51 aut.
395 1518 206 51 sig.,
532 1518 275 51 adressée
738 1518 160 51 aux
830 1518 321 51 rédacteurs
1082 1518 137 51 de
1151 1518 321 51 l’Almanach
1380 1518 115 51 des

80 1563 520 59 Gourmands.
488 1563 408 59 (1806),
785 1563 186 59 2
860 1563 223 59 p.
971 1563 260 59 pl.
1120 1563 334 59 in-8.
1342 1563 186 59 5
1380 1563 111 59 »

50 1607 168 68 4574.
163 1607 337 68 Grosson
443 1607 187 68 auteur
574 1607 131 68 des
649 1607 318 68 Antiquités
911 1607 112 68 de
967 1607 337 68 Marseille
1248 1607 168 68 etc.,
1341 1607 150 68 membre

98 1662 155 58 des
186 1662 288 58 Académies
408 1662 133 58 de
474 1662 310 58 Marseille,
717 1662 199 58 Lvon,
850 1662 177 58 etc.
961 1662 133 58 Né
1027 1662 111 58 à
1072 1662 310 58 Marseille.
1315 1662 133 58 L.
1359 1662 133 58 aut.

99 1703 169 64 sig.
204 1703 106 64 à
247 1703 190 64 M....
373 1703 296 64 Marseille,
605 1703 127 64 29
669 1703 148 64 mai
753 1703 190 64 1775,
880 1703 106 64 1
922 1703 127 64 p.
985 1703 148 64 pl.
1070 1703 127 64 et
1133 1703 190 64 demie
1260 1703 190 64 in-4.
1386 1703 106 64 2
1408 1703 84 64 50

48 1758 203 62 4575.
184 1758 316 62 Guéneau
432 1758 135 62 de
500 1758 316 62 Mussy
748 1758 135 62 L.
816 1758 181 62 aut.
929 1758 181 62 sig.
1042 1758 203 62 comme
1177 1758 316 62 inspecteur
1403 1758 90 62 de

97 1806 344 55 l’Université
376 1806 279 55 impériale
590 1806 129 55 en
655 1806 258 55 tournée,
848 1806 215 55 signée
998 1806 193 55 aussi
1127 1806 150 55 par
1213 1806 129 55 A.
1277 1806 236 55 Ampère,
1428 1806 64 55 à

98 1853 123 55 M.
159 1853 123 55 le
220 1853 184 55 Grand
343 1853 205 55 Maître
486 1853 123 55 de
548 1853 348 55 l’Instruction
834 1853 266 55 publique.
1039 1853 266 55 L’Orient,
1243 1853 123 55 24
1284 1853 205 55 juin....

60 1900 286 55 2
174 1900 400 55 gr.
403 1900 343 55 p.
574 1900 400 55 pl.
803 1900 629 55 in-fol.
1260 1900 286 55 3
1318 1900 172 55 »

48 1943 200 69 4576.
181 1943 311 69 Guernon
426 1943 133 69 de
492 1943 378 69 Ranville,
803 1943 178 69 l’un
914 1943 156 69 des
1003 1943 289 69 ministres
1203 1943 289 69 signataires

99 1999 150 50 des
184 1999 322 50 ordonnances
442 1999 129 50 de
506 1999 236 50 juillet
678 1999 193 50 1830.
807 1999 129 50 L.
871 1999 172 50 aut.
978 1999 193 50 sig.,
1107 1999 107 50 à
1150 1999 129 50 M.
1214 1999 129 50 le
1278 1999 150 50 duc
1343 1999 150 50 d’Au-

95 2049 224 61 mont.
245 2049 150 61 22
319 2049 174 61 mai
419 2049 224 61 1817,
569 2049 125 61 3
619 2049 150 61 p.
693 2049 174 61 pl.
793 2049 224 61 in-4.
943 2049 274 61 Cachet.
1142 2049 324 61 Curieuse.
1391 2049 125 61 3
1416 2049 75 61 »

149 2094 122 64 Il
210 2094 122 64 va
271 2094 122 64 se
332 2094 224 64 marier,
495 2094 122 64 et
556 2094 122 64 il
617 2094 285 64 désirerait
841 2094 143 64 que
923 2094 122 64 M.
984 2094 122 64 le
1045 2094 183 64 comte
1167 2094 244 64 d’Artois
1330 2094 163 64 signât

97 2137 152 66 son
184 2137 261 66 contrat.
380 2137 240 66 «Enfin,
555 2137 131 66 il
620 2137 131 66 ne
685 2137 131 66 me
751 2137 283 66 resterait
968 2137 174 66 plus
1077 2137 131 66 de
1143 2137 174 66 vœux
1251 2137 109 66 à
1295 2137 196 66 faire
1404 2137 87 66 si

98 2194 225 62 «notre
256 2194 248 62 auguste
436 2194 270 62 héroïne,
639 2194 158 62 Mme
729 2194 135 62 la
796 2194 270 62 duchesse
999 2194 360 62 d’Angoulême,
1269 2194 225 62 daignait

101 2239 221 49 «aussi
255 2239 265 49 accorder
454 2239 199 49 cette
586 2239 287 49 précieuse
807 2239 221 49 faveur
961 2239 110 49 à
1006 2239 132 49 un
1072 2239 221 49 soldat
1226 2239 132 49 de
1270 2239 221 49 Gand...»

52 2289 180 60 4577.
172 2289 400 60 Guichard
512 2289 320 60 littérateur,
772 2289 200 60 poète,
912 2289 140 60 ami
992 2289 120 60 de
1052 2289 200 60 Piron.
1192 2289 160 60 Deux
1272 2289 220 60 quatrains

101 2339 159 52 aut.
201 2339 159 52 sig.
300 2339 159 52 (sur
399 2339 119 52 la
459 2339 159 52 même
558 2339 199 52 page).
698 2339 219 52 Pour
857 2339 119 52 le
916 2339 239 52 portrait
1095 2339 119 52 de
1155 2339 258 52 Louis
1354 2339 159 52 XVI.
1433 2339 60 52 —

101 2379 185 54 Sur
231 2379 130 54 les
305 2379 185 54 orages
435 2379 241 54 fréquents
620 2379 93 54 à
657 2379 167 54 Paris
768 2379 185 54 depuis
898 2379 241 54 plusieurs
1083 2379 278 54 années
1305 2379 93 54 1
1342 2379 111 54 p.
1379 2379 111 54 in

71 2428 735 55 (remontée).
659 2428 441 55 Jolie
953 2428 490 55 pièce.
1296 2428 245 55 3
1345 2428 147 55 »

53 2477 185 71 4578.
177 2477 370 71 Guinard
485 2477 185 71 (A.),
608 2477 206 71 député
752 2477 123 71 de
814 2477 185 71 Paris
937 2477 103 71 à
978 2477 308 71 l’Assemblée
1225 2477 267 71 nationale
1410 2477 82 71 de

98 2526 202 51 1848.
232 2526 135 51 L.
300 2526 180 51 aut.
412 2526 202 51 sig.,
547 2526 112 51 à
592 2526 135 51 M.
660 2526 202 51 Adam.
795 2526 112 51 7
840 2526 247 51 juillet
1020 2526 202 51 1848.
1155 2526 112 51 1
1200 2526 135 51 p.
1267 2526 202 51 in-8.
1402 2526 112 51 2
1425 2526 67 51 »

150 2575 124 60 Au
212 2575 186 60 sujet
336 2575 165 60 d’un
439 2575 248 60 apprenti
625 2575 124 60 de
687 2575 186 60 seize
811 2575 165 60 ans,
914 2575 144 60 qui
997 2575 103 60 a
1038 2575 144 60 été
1120 2575 206 60 arrêté
1265 2575 165 60 pour
1348 2575 144 60 cause

68 2621 265 64 politique.

52 2665 183 61 4579.
174 2665 345 61 Guizot
458 2665 305 61 (François),
701 2665 183 61 homme
823 2665 223 61 d’Etat,
986 2665 284 61 historien,
1209 2665 122 61 de
1249 2665 244 61 l’Académie

101 2715 309 59 française.
344 2715 133 59 1°
410 2715 133 59 L.
477 2715 309 59 circulaire
720 2715 177 59 sig.
830 2715 331 59 (imprimée),
1095 2715 199 59 comme
1228 2715 265 59 ministre
1405 2715 88 59 de

103 2765 346 62 l’instruction
388 2765 265 62 publique.
591 2765 204 62 Paris,
734 2765 122 62 30
795 2765 224 62 juillet
958 2765 183 62 1834.
1080 2765 102 62 4
1121 2765 122 62 p.
1182 2765 183 62 in-4,
1304 2765 122 62 Au
1344 2765 143 62 sujet
