1643 2960
77 172 156 94 des
166 172 268 94 sociétés
367 172 268 94 savantes
567 172 268 94 établies
768 172 178 94 dans
880 172 156 94 les
969 172 379 94 départements.
1259 172 223 94 Intéres-

73 250 256 53 sante.
253 250 128 53 —
304 250 154 53 2°
381 250 154 53 L.
458 250 205 53 aut.
586 250 205 53 sig.
714 250 231 53 1818.
868 250 231 53 Tiers
1022 250 154 53 de
1099 250 205 53 page
1227 250 231 53 in-8.
1380 250 128 53 2
1406 250 77 53 »

32 283 184 100 4580.
154 283 327 100 Hoche
420 283 429 100 (Marie-François),
788 283 266 100 chevalier
992 283 123 100 de
1054 283 307 100 Saint-Louis
1299 283 123 100 du
1340 283 143 100 règne

74 356 139 62 de
143 356 208 62 Louis
282 356 185 62 XVI,
397 356 231 62 ancien
559 356 300 62 capitaine
790 356 162 62 des
882 356 231 62 guides
1044 356 139 62 et
1113 356 370 62 aide-de-camp
1391 356 92 62 du

76 395 228 63 général
242 395 207 63 Hoche.
387 395 124 63 L.
449 395 186 63 sig.,
573 395 124 63 au
635 395 145 63 roi
718 395 186 63 Louis
842 395 207 63 XVIII.
987 395 207 63 Paris,
1132 395 104 63 2
1173 395 145 63 gr.
1256 395 124 63 p.
1318 395 145 63 pl.
1380 395 104 63 in-

-73 452 1383 67 fol.
792 452 864 67 5
964 452 519 67 »

122 498 132 60 Au
188 498 198 60 sujet
320 498 198 60 d’une
451 498 176 60 mine
561 498 132 60 de
627 498 241 60 charbon
803 498 132 60 de
868 498 198 60 terre
1000 498 176 60 dont
1110 498 395 60 l’exploitation
1417 498 66 60 a

77 524 157 71 été
166 524 268 71 accordée
367 524 134 71 en
435 524 179 71 1770
546 524 112 71 à
591 524 134 71 M.
658 524 224 71 Chapt,
815 524 246 71 marquis
994 524 134 71 de
1061 524 313 71 Rastignac,
1307 524 179 71 dans
1397 524 89 71 sa

78 581 286 70 propriété
298 581 132 70 de
364 581 242 70 Lardin,
540 581 242 70 commune
716 581 132 70 de
782 581 374 70 Saint-Lazare,
1091 581 132 70 en
1157 581 264 70 Périgord
1333 581 154 70 (Dor-

80 643 233 56 dogne),
249 643 255 56 laquelle
440 643 149 56 est
525 643 233 56 devenue
695 643 127 56 sa
737 643 255 56 propriété.

33 651 187 116 4581.
158 651 311 116 Hugo
407 651 270 116 (Victor),
614 651 208 116 poète,
760 651 208 116 membre
905 651 125 116 de
967 651 291 116 l’Académie
1195 651 291 116 française.
1403 651 83 116 L.

73 729 235 52 aut.
220 729 235 52 sig.
366 729 294 52 V.
572 729 176 52 H.
660 729 147 52 4
719 729 411 52 janvier...
1042 729 147 52 1
1101 729 176 52 p.
1189 729 235 52 in-8
1336 729 147 52 1
1365 729 118 52 50

32 760 172 83 4582.
147 760 306 83 Janin
395 760 229 83 (Jules),
567 760 306 83 littérateur,
816 760 229 83 critique
988 760 287 83 dramatique.
1217 760 115 83 L.
1275 760 172 83 aut.,
1370 760 115 83 sig.

77 824 126 59 à
127 824 176 59 son
228 824 427 59 confrère.....
579 824 151 59 23
655 824 302 59 décembre
881 824 226 59 1844.
1032 824 276 59 Demi-p.
1233 824 226 59 in-8.
1383 824 126 59 2
1409 824 75 59 »

36 852 149 99 4582
129 852 279 99 bis
353 852 409 99 Lachétardie
706 852 223 99 (Joachim
873 852 149 99 de),
966 852 205 99 prêtre,
1115 852 149 99 curé
1208 852 112 99 de
1264 852 112 99 la
1301 852 186 99 paroisse

77 918 397 64 Saint-Sulpice,
408 918 110 64 à
452 918 221 64 Paiis,
607 918 287 64 supérieur
828 918 132 64 de
894 918 331 64 l’assemblée
1159 918 132 64 et
1203 918 287 64 administra-

80 967 166 55 teur
184 967 124 55 du
246 967 166 55 bien
349 967 145 55 des
432 967 228 55 pauvres
598 967 248 55 honteux.
784 967 207 55 Quitt.
929 967 166 55 sig.
1033 967 166 55 (sur
1136 967 248 55 parch.).
1322 967 124 55 20
1364 967 124 55 déc.

-39 1012 1249 62 1702.
794 1012 694 62 1
933 1012 555 62 50

33 1052 192 78 4583.
161 1052 192 78 La
289 1052 257 78 Fare
482 1052 449 78 (Anne-Louis-Henri
867 1052 171 78 de),
974 1052 214 78 évêque
1123 1052 128 78 de
1188 1052 214 78 Nancy,
1316 1052 171 78 primat

78 1117 132 61 de
144 1117 286 61 Lorraine,
364 1117 220 61 député
518 1117 154 61 aux
606 1117 418 61 états-généraux,
959 1117 286 61 cardinal,
1179 1117 308 61 archevêque
1399 1117 88 61 de

78 1156 183 53 Sens.
200 1156 122 53 1°
261 1156 183 53 Pièce
383 1156 163 53 sig.
485 1156 204 53 Paris,
628 1156 122 53 26
689 1156 163 53 oct.
791 1156 183 53 1789.
913 1156 102 53 2
953 1156 143 53 gr.
1035 1156 122 53 p.
1096 1156 143 53 pl.
1177 1156 224 53 in-fol.
1320 1156 163 53 Sceau.

71 1205 160 62 2°
151 1205 160 62 L.
232 1205 214 62 aut.
365 1205 214 62 sig.
499 1205 267 62 Paris,
686 1205 160 62 13
766 1205 214 62 juin
899 1205 240 62 1819,
1060 1205 134 62 1
1113 1205 160 62 p.
1193 1205 240 62 in-4.
1353 1205 134 62 2
1380 1205 107 62 50

33 1247 198 60 4584.
165 1247 198 60 La
297 1247 330 60 Luzèrne
561 1247 440 60 (César-Guillaume
936 1247 176 60 de),
1046 1247 286 60 cardinal,
1266 1247 220 60 évêque
1398 1247 88 60 de

79 1290 256 68 Langres.
271 1290 128 68 L.
335 1290 171 68 aut.
442 1290 192 68 sig.,
570 1290 107 68 à
612 1290 128 68 M.
677 1290 128 68 de
741 1290 342 68 Malesherbes,
1018 1290 149 68 son
1104 1290 214 68 oncle,
1253 1290 128 68 26
1296 1290 192 68 juillet

71 1350 271 56 1775.
251 1350 150 56 1
311 1350 180 56 p.
402 1350 210 56 pl.
522 1350 271 56 in-4.
702 1350 331 56 Cachet.
943 1350 271 56 Jolie
1123 1350 331 56 lettre.
1364 1350 150 56 3
1394 1350 90 56 »

33 1393 201 82 4585.
167 1393 447 82 Lamartine
547 1393 290 82 (Alphonse
770 1393 179 82 de),
882 1393 223 82 membre
1038 1393 134 82 de
1105 1393 313 82 l’Académie
1329 1393 156 82 fran

80 1440 216 69 çaise.
232 1440 130 69 L.
297 1440 173 69 aut.
405 1440 195 69 sig.,
535 1440 108 69 à
578 1440 130 69 M.
643 1440 130 69 le
708 1440 216 69 préfet
859 1440 130 69 de
924 1440 411 69 Saone-et-Loire.
1270 1440 216 69 Macon,
1400 1440 87 69 23

63 1499 292 82 nov.
245 1499 328 82 1834.
463 1499 182 82 2
536 1499 219 82 p.
646 1499 255 82 pl.
792 1499 219 82 et
901 1499 328 82 quart
1120 1499 328 82 in-8.
1338 1499 182 82 3
1375 1499 109 82 »

124 1537 129 62 En
188 1537 214 62 faveur
338 1537 129 62 de
402 1537 172 62 deux
510 1537 257 62 réfugiés
681 1537 236 62 Italiens.

29 1557 208 106 4586.
167 1557 208 106 La
306 1557 623 106 Rochefoucauld-Bayet
860 1557 462 106 (François-Joseph
1252 1557 185 106 de),
1345 1557 138 106 évé

76 1640 161 61 que
168 1640 138 61 de
237 1640 299 61 Beauvais,
468 1640 276 61 massacré
675 1640 161 61 aux
767 1640 230 61 Carmes
928 1640 138 61 le
997 1640 115 61 2
1043 1640 299 61 septembre
1274 1640 207 61 1792.
1389 1640 92 61 L.

76 1678 191 62 aut.
196 1678 215 62 sig.,
339 1678 119 62 à
387 1678 191 62 M...
506 1678 311 62 Beauvais,
745 1678 143 62 14
817 1678 215 62 avril
960 1678 215 62 1786.
1104 1678 119 62 1
1151 1678 143 62 p.
1223 1678 215 62 in-4.
1367 1678 119 62 2
1390 1678 96 62 50

31 1720 189 90 4587.
157 1720 189 90 La
283 1720 336 90 Saussaye
557 1720 189 90 (de),
683 1720 336 90 archéologue,
956 1720 210 90 membre
1103 1720 126 90 de
1167 1720 315 90 l’Institut.
1398 1720 84 90 L.

70 1776 236 62 aut.
217 1776 236 62 sig.
364 1776 294 62 Blois,
570 1776 177 62 29
658 1776 265 62 sept.
835 1776 265 62 1836,
1012 1776 147 62 3
1071 1776 177 62 p.
1159 1776 265 62 in-8.
1336 1776 147 62 1
1365 1776 118 62 50

29 1822 204 96 4588.
166 1822 204 96 Le
302 1822 182 96 Cour
415 1822 341 96 Gouffé,
688 1822 318 96 botaniste,
938 1822 227 96 membre
1097 1822 136 96 de
1165 1822 318 96 l’Académie
1392 1822 91 96 de

76 1885 302 62 Marseille.
314 1885 130 62 L.
379 1885 173 62 aut.
487 1885 194 62 sig.,
616 1885 108 62 à
659 1885 130 62 M.
724 1885 281 62 Audibert,
940 1885 302 62 botaniste.
1178 1885 302 62 Marseille,
1394 1885 86 62 20

62 1926 292 82 déc.
244 1926 328 82 1810.
463 1926 182 82 3
536 1926 219 82 p.
645 1926 255 82 pl.
791 1926 219 82 et
900 1926 328 82 quart
1119 1926 328 82 in-4.
1338 1926 182 82 3
1375 1926 109 82 »

122 1969 321 81 Description
378 1969 128 81 et
443 1969 342 81 nomenclature
721 1969 128 81 de
764 1969 235 81 plantes.,

30 1986 189 100 4589.
156 1986 252 100 Louis
345 1986 252 100 XVI
534 1986 147 100 roi
618 1986 126 100 de
681 1986 231 100 France.
849 1986 126 100 1°
912 1986 147 100 Une
996 1986 189 100 ligne
1122 1986 315 100 d’enveloppe
1353 1986 126 100 aut.

77 2067 231 58 Cachet.
245 2067 105 58 —
287 2067 126 58 2°
350 2067 189 58 Ordre
476 2067 126 58 de
539 2067 273 58 pavement.
749 2067 210 58 Signé,
895 2067 168 58 avec
1000 2067 147 58 ces
1084 2067 189 58 mots:
1189 2067 294 58 Comp

81 2111 197 63 tant
225 2111 108 63 au
278 2111 179 63 trésor
404 2111 179 63 royal,
530 2111 144 63 bon.
619 2111 251 63 Louis
817 2111 179 63 Paris,
943 2111 108 63 11
996 2111 197 63 juillet
1140 2111 162 63 1790.
1248 2111 90 63 1
1284 2111 108 63 p.
1319 2111 162 63 in

78 2159 100 66 —
118 2159 120 66 3°
178 2159 180 66 Pièce
298 2159 160 66 avec
398 2159 140 66 ces
478 2159 160 66 mots
578 2159 180 66 aut.:
698 2159 200 66 Bon
837 2159 160 66 pour
937 2159 140 66 les
1017 2159 160 66 cinq
1117 2159 180 66 mille
1217 2159 260 66 livres

58 2211 244 67 10
180 2211 325 67 août
384 2211 366 67 1777,
627 2211 203 67 1
709 2211 244 67 p.
831 2211 447 67 in-fol.
1196 2211 203 67 .
1278 2211 244 67 10
1359 2211 122 67 »

123 2262 276 57 Indemnité
335 2262 127 57 au
398 2262 191 57 sieur
526 2262 254 57 Cartier,
717 2262 148 57 qui
801 2262 106 57 a
844 2262 170 57 fait
950 2262 127 57 la
1013 2262 297 57 aecouverte
1247 2262 170 57 d’un
1332 2262 148 57 aéro-

76 2293 191 76 mêtre
203 2293 128 76 ou
267 2293 383 76 pése-liqueurs,
586 2293 149 76 qui
671 2293 149 76 est
756 2293 191 76 d’une
884 2293 319 76 très-grande
1139 2293 234 76 utilité
1309 2293 170 76 pour
1394 2293 85 76 la

76 2365 293 69 perception
306 2365 147 69 des
390 2365 209 69 droits
537 2365 147 69 sur
620 2365 147 69 les
704 2365 168 69 vins
809 2365 126 69 et
872 2365 147 69 les
956 2365 314 69 eaux-de-vie
1207 2365 168 69 dans
1311 2365 168 69 tout
1395 2365 84 69 le

45 2414 258 61 royaume.

30 2420 189 116 4590.
156 2420 440 116 Louis-Philippe
533 2420 252 116 Fer,
722 2420 147 116 roi
806 2420 147 116 des
890 2420 273 116 Français.
1100 2420 210 116 Permis
1246 2420 126 116 de
1288 2420 189 116 chasse,

79 2495 175 66 signé
195 2495 409 66 Louis-Philippe
546 2495 350 66 d’Orléans
838 2495 214 66 accordé
993 2495 97 66 à
1032 2495 117 66 M.
1091 2495 195 66 Brucy,
1227 2495 156 66 juge
1324 2495 117 66 de
1363 2495 117 66 paix

76 2545 136 69 du
144 2545 227 69 canton
303 2545 136 69 de
371 2545 362 69 Châteauroux,
665 2545 181 69 pour
779 2545 136 69 la
847 2545 204 69 forêt
983 2545 317 69 d’Orléans.
1232 2545 272 69 Orléans,
1413 2545 68 69 9

67 2594 251 55 oct.
224 2594 283 55 1824.
412 2594 157 55 1
475 2594 220 55 gr.
601 2594 188 55 p.
695 2594 346 55 in-fol.
946 2594 283 55 Belle
1135 2594 314 55 pièce.
1354 2594 157 55 5
1386 2594 94 55 »

31 2634 192 86 4591.
159 2634 448 86 Louis-Philippe
543 2634 256 86 Fer,
735 2634 149 86 roi
820 2634 149 86 des
905 2634 277 86 Français.
1118 2634 128 86 L.
1182 2634 192 86 sig.,
1310 2634 128 86 et
1353 2634 128 86 con-

81 2690 252 96 trésignée
275 2690 330 96 Molé,
547 2690 97 96 à
586 2690 136 96 mon
663 2690 252 96 cousin...
857 2690 194 96 Paris,
993 2690 117 96 30
1052 2690 136 96 mai
1129 2690 175 96 1832.
1246 2690 214 96 Demi-p.
1382 2690 97 96 in-

31 2736 526 69 fol.
360 2736 592 69 Belle
755 2736 658 69 pièce.
1216 2736 329 69 6
1282 2736 197 69 »

124 2792 115 90 La
181 2792 191 90 lettre
315 2792 172 90 qu’il
430 2792 134 90 lui
506 2792 96 90 a
544 2792 191 90 écrite
678 2792 96 90 à
716 2792 268 90 l’occasion
927 2792 134 90 des
1003 2792 191 90 bonnes
1137 2792 172 90 fêtes
1252 2792 115 90 de
1309 2792 172 90 Noël,
1405 2792 76 90 et
