1620 2881
721 27 255 104 376
830 27 109 104 —

125 120 154 86 qui
213 120 263 86 contient
410 120 351 86 l’expression
695 120 154 86 des
783 120 175 86 vœux
893 120 197 86 qu’il
1024 120 197 86 forme
1156 120 175 86 pour
1266 120 154 86 son
1332 120 197 86 bonheur

127 188 317 62 particulier
380 188 127 62 et
444 188 169 62 pour
549 188 127 62 la
612 188 296 62 prospérité
845 188 127 62 de
908 188 127 62 la
971 188 232 62 France,
1140 188 148 62 lui
1224 188 106 62 a
1267 188 232 62 procuré
1414 188 106 62 une

130 233 159 60 bien
229 233 198 60 réelle
348 233 337 60 satisfaction...

79 247 184 97 4592.
201 247 429 97 Louis-Philippe
569 247 245 97 Fer,
752 247 143 97 roi
834 247 143 97 des
916 247 265 97 Français.
1120 247 122 97 1°
1181 247 122 97 L.
1242 247 184 97 close
1365 247 163 97 sig.
1446 247 82 97 et

128 349 325 47 contresignée
392 349 406 47 Duchatel
737 349 244 47 Neuilly,
920 349 122 47 20
981 349 224 47 juillet
1144 349 183 47 1842,
1266 349 102 47 1
1306 349 122 47 p.
1367 349 183 47 in-4.
1469 349 61 47 —

133 380 115 60 2°
190 380 153 60 Note
286 380 153 60 aut.
381 380 153 60 sig.
477 380 115 60 de
534 380 134 60 son
611 380 229 60 initiale
783 380 248 60 D
974 380 153 60 pour
1069 380 115 60 M.
1127 380 287 60 Estancelin.
1337 380 191 60 Dimanche

121 435 255 53 soir
281 435 192 53 (4
377 435 383 53 décembre
664 435 319 53 1825).
887 435 160 53 2
951 435 192 53 p.
1047 435 224 53 pl.
1175 435 287 53 in-4.
1366 435 192 53 15
1430 435 96 53 »

78 467 211 62 4593.
218 467 445 62 Louise-Marie
593 467 141 62 de
663 467 351 62 France,
944 467 211 62 fille
1085 467 141 62 de
1155 467 211 62 Louis
1296 467 164 62 XV,
1366 467 164 62 reli-

128 536 218 52 gieuse
281 536 284 52 carmélite
499 536 175 52 sous
609 536 131 52 le
674 536 153 52 nom
762 536 131 52 de
827 536 175 52 sœur
936 536 240 52 Thérèse
1111 536 131 52 de
1155 536 371 52 Saint

128 571 131 62 L.
194 571 175 62 aut.
303 571 197 62 sig.,
435 571 110 62 à
479 571 131 62 M.
544 571 131 62 de
610 571 219 62 Ségur,
763 571 263 62 ministre
960 571 307 62 secrétaire
1201 571 241 62 d’Etat,
1377 571 110 62 à
1399 571 131 62 Ver-

123 624 344 55 sailles.
381 624 143 55 3
439 624 229 55 oct.
582 624 258 55 1781.
754 624 315 55 Demi-p.
983 624 258 55 in-4.
1155 624 315 55 Cachet.
1385 624 143 55 4
1413 624 115 55 50

82 655 197 74 4594.
213 655 416 74 Lorraine
564 655 306 74 (Françoise
805 655 175 74 de),
914 655 241 74 abbesse
1089 655 131 74 de
1155 655 328 74 Montmartre,
1396 655 131 74 dame

130 711 135 69 du
198 711 180 69 lieu
311 711 158 69 des
401 711 338 69 Porcherons,
672 711 135 69 et
739 711 135 69 du
807 711 180 69 Fort
920 711 158 69 aux
1010 711 226 69 Dames,
1168 711 113 69 à
1213 711 226 69 Paris.
1349 711 180 69 Quitt.

121 765 250 53 sig.
277 765 250 53 (sur
433 765 344 53 parch.)
684 765 188 53 15
777 765 281 53 avril
965 765 281 53 1664.
1153 765 344 53 Cachet.
1403 765 156 53 2
1434 765 94 53 »

84 790 183 79 4595.
206 790 407 79 Marchangy
552 790 183 79 (de),
674 790 387 79 avocat-général,
1000 790 204 79 auteur
1143 790 122 79 de
1204 790 183 79 la
1306 790 224 79 Gaule

131 871 291 61 poétique,
367 871 200 61 Tristan
513 871 109 61 le
567 871 309 61 vogageur
822 871 145 61 etc.
913 871 109 61 L.
967 871 145 61 aut.
1058 871 164 61 sig.,
1167 871 91 61 à
1204 871 109 61 M.
1258 871 200 61 Soulié.
1386 871 145 61 Paris,

116 917 221 55 3
204 917 486 55 juillet
557 917 397 55 1825,
822 917 221 55 2
911 917 265 55 p.
1043 917 397 55 in-8.
1308 917 221 55 2
1352 917 177 55 50

185 941 119 79 Au
245 941 178 79 sujet
363 941 119 79 du
423 941 317 79 compte-rendu
680 941 119 79 de
740 941 139 79 son
819 941 218 79 ouvrage
977 941 158 79 dans
1076 941 119 79 la
1116 941 416 79 Quotidienne

137 1001 129 68 Il
201 1001 172 68 doit
308 1001 236 68 trouver
480 1001 150 68 des
566 1001 301 68 défenseurs
802 1001 193 68 parmi
931 1001 172 68 ceux
1038 1001 150 68 qui
1124 1001 301 68 combattent
1360 1001 172 68 pour
1446 1001 86 68 la

136 1048 174 62 même
245 1048 282 62 doctrine,
462 1048 152 62 car
549 1048 130 62 il
614 1048 174 62 sera
723 1048 174 62 sans
832 1048 196 62 doute
962 1048 239 62 attaqué
1136 1048 152 62 par
1223 1048 152 62 les
1288 1048 239 62 libéraux.

138 1103 349 60 «J’apprends
417 1103 163 60 que
510 1103 139 60 de
579 1103 163 60 son
672 1103 186 60 côté
788 1103 139 60 M.
858 1103 139 60 de
928 1103 279 60 Barante,
1137 1103 163 60 qui
1230 1103 209 60 croit
1369 1103 163 60 que
1439 1103 93 60 je

138 1141 256 63 «marche
324 1141 163 63 sur
417 1141 163 63 les
510 1141 256 63 brisées
696 1141 140 63 de
766 1141 163 63 ses
859 1141 186 63 ducs
975 1141 140 63 de
1045 1141 326 63 Bourgogne,
1300 1141 163 63 m'a
1370 1141 163 63 déco-

141 1190 154 62 «ché
237 1190 116 62 un
295 1190 174 62 petit
411 1190 212 62 article
566 1190 116 62 de
623 1190 135 62 son
701 1190 174 62 petit
817 1190 212 62 journal
971 1190 232 62 intitulé
1145 1190 116 62 le
1183 1190 348 62 Globe..»

91 1241 191 60 4596.
218 1241 509 60 Marie-Amélie,
663 1241 191 60 reine
790 1241 148 60 des
875 1241 276 60 Français.
1087 1241 127 60 L.
1151 1241 191 60 aut.,
1278 1241 106 60 à
1299 1241 233 60 Madame...

129 1294 183 55 17
221 1294 336 55 janvier
465 1294 275 55 1834.
648 1294 153 55 1
709 1294 183 55 p.
801 1294 214 55 pl.
923 1294 183 55 et
1014 1294 275 55 tiers
1197 1294 275 55 in-8.
1380 1294 183 55 40
1441 1294 92 55 »

92 1334 194 70 4597.
222 1334 387 70 Marmont
544 1334 151 70 (le
630 1334 301 70 maréchal),
867 1334 151 70 duc
953 1334 129 70 de
1018 1334 237 70 Raguse.
1190 1334 129 70 L.
1254 1334 194 70 sig.,
1383 1334 129 70 au
1426 1334 108 70 mi

138 1382 233 62 nistre
301 1382 140 62 de
371 1382 140 62 la
441 1382 256 62 guerre.
627 1382 233 62 Paris,
790 1382 140 62 19
860 1382 186 62 mars
977 1382 210 62 1811,
1117 1382 117 62 1
1163 1382 140 62 p.
1233 1382 163 62 pl.
1326 1382 140 62 et
1373 1382 163 62 demie

26 1439 1235 55 in-4.
849 1439 686 55 2
986 1439 549 55 50

188 1466 135 82 Au
255 1466 202 82 sujet
390 1466 135 82 de
457 1466 135 82 70
525 1466 292 82 individus
749 1466 270 82 signalés
952 1466 202 82 comme
1087 1466 270 82 brigands
1289 1466 135 82 et
1334 1466 202 82 détenus

143 1531 171 69 dans
250 1531 150 69 les
335 1531 236 69 prisons
507 1531 129 69 de
550 1531 214 69 Trieste.

94 1550 186 85 4598.
218 1550 371 85 Merlin,
528 1550 144 85 dit
610 1550 124 85 de
672 1550 206 85 Douai,
817 1550 351 85 jurisconsulte
1106 1550 248 85 célèbre,
1271 1550 268 85 convention

143 1633 168 55 nel,
248 1633 211 55 membre
396 1633 126 55 du
459 1633 316 55 Directoire.
712 1633 126 55 L.
775 1633 168 55 aut.
880 1633 190 55 sig.,
1006 1633 105 55 à
1049 1633 126 55 la
1112 1633 274 55 citoyenne
1301 1633 232 55 Harville.

143 1676 222 84 Paris,
298 1676 133 84 30
365 1676 222 84 nivôse
520 1676 133 84 an
587 1676 178 84 VII,
698 1676 111 84 1
742 1676 133 84 p.
809 1676 155 84 pl.
897 1676 200 84 in-4.
1031 1676 178 84 Tête
1142 1676 289 84 imprimée,
1363 1676 178 84 avec
1452 1676 89 84 la

132 1726 264 59 jolie
308 1726 352 59 vignette
571 1726 176 59 de
659 1726 293 59 Roger.
865 1726 410 59 Très-jolie
1187 1726 323 59 lettre.
1422 1726 147 59 5
1451 1726 88 59 »

95 1772 194 60 4599.
225 1772 410 60 Maurepas
570 1772 647 60 (Jean-Frédéric-Phèlypeaux,
1152 1772 194 60 comte
1281 1772 172 60 de),
1368 1772 172 60 minis

145 1819 154 58 tre
233 1819 221 58 d’Etat
388 1819 132 58 L.
454 1819 177 58 aut.
564 1819 199 58 sig.,
697 1819 110 58 à
741 1819 132 58 M.
807 1819 265 58 l’évêque
1005 1819 132 58 de
1072 1819 199 58 Metz.
1204 1819 287 58 Vendredi.
1425 1819 110 58 1
1447 1819 88 58 p.

121 1873 399 50 in-4.
387 1873 488 50 Cachet.
742 1873 399 50 Jolie
1008 1873 488 50 lettre.
1363 1873 222 50 5
1407 1873 133 50 »

92 1918 207 61 4600.
230 1918 413 61 Mérimée
574 1918 322 61 (Prosper),
827 1918 299 61 sénateur,
1057 1918 230 61 membre
1217 1918 138 61 de
1263 1918 276 61 l’Académie

143 1965 291 54 française.
372 1965 125 54 1°
434 1965 125 54 L.
496 1965 166 54 aut.
600 1965 166 54 sig.
704 1965 187 54 P.
829 1965 187 54 M
953 1965 104 54 à
995 1965 125 54 M.
1057 1965 249 54 Fournier
1244 1965 125 54 25
1307 1965 187 54 août.
1431 1965 104 54 1
1452 1965 83 54 p.

143 2013 166 84 pl.
238 2013 214 84 in-8.
381 2013 261 84 Cachet.
570 2013 119 84 —
618 2013 142 84 2°
689 2013 142 84 L.
760 2013 190 84 aut.
879 2013 214 84 sig.,
1021 2013 119 84 5
1069 2013 214 84 juin.
1211 2013 214 84 Tiers
1353 2013 142 84 de
1401 2013 142 84 page

26 2059 1243 65 in-4.
855 2059 691 65 2
993 2059 552 65 25

97 2089 181 74 4601.
217 2089 401 74 Michelet,
559 2089 281 74 historien.
779 2089 120 74 L.
840 2089 120 74 a.
900 2089 120 74 s.
960 2089 120 74 28
1020 2089 140 74 mai
1100 2089 181 74 1839.
1221 2089 100 74 1
1261 2089 120 74 p.
1321 2089 181 74 in-8.
1442 2089 100 74 1
1462 2089 80 74 50

98 2160 171 77 4602.
212 2160 304 77 Migne
459 2160 247 77 (l’abbé).
650 2160 114 77 L.
707 2160 152 77 aut.
802 2160 171 77 sig.,
916 2160 171 77 comme
1030 2160 247 77 rédacteur
1221 2160 114 77 de
1259 2160 285 77 l'Uni

143 2198 261 62 vers
333 2198 428 62 religieux
690 2198 238 62 Paris,
856 2198 119 62 5
904 2198 190 62 nov.
1022 2198 214 62 1833.
1165 2198 119 62 1
1212 2198 143 62 p.
1284 2198 214 62 in-8.
1426 2198 119 62 1
1450 2198 95 62 50

98 2245 186 65 4603.
222 2245 373 65 Mignet,
533 2245 290 65 historien,
761 2245 207 65 membre
905 2245 124 65 de
968 2245 310 65 l’Institut.
1216 2245 124 65 L.
1278 2245 166 65 aut.
1381 2245 186 65 sig.,
1485 2245 62 65 à

148 2299 135 90 M.
215 2299 157 90 Th.
305 2299 292 90 Lavallée,
530 2299 315 90 professeur
777 2299 315 90 d’histoire
1024 2299 112 90 à
1069 2299 247 90 l’Ecole
1249 2299 135 90 de
1294 2299 247 90 Saint

132 2345 382 60 Paris,
399 2345 229 60 21
514 2345 306 60 août
705 2345 344 60 1843.
934 2345 191 60 1
1011 2345 229 60 p.
1126 2345 344 60 in-8.
1355 2345 191 60 2
1393 2345 153 60 25

99 2404 192 70 4604.
226 2404 426 70 Miroménil
589 2404 170 70 (Heu
695 2404 170 70 de),
802 2404 192 70 garde
929 2404 149 70 des
1015 2404 234 70 sceaux.
1185 2404 128 70 L.
1249 2404 170 70 aut.
1355 2404 192 70 sig.,
1462 2404 85 70 au

115 2443 771 55 citoyen...
721 2443 275 55 3
831 2443 330 55 p.
996 2443 496 55 in-4.
1327 2443 275 55 3
1382 2443 165 55 »

198 2475 126 100 Au
261 2475 190 100 sujet
388 2475 126 100 de
451 2475 126 100 la
514 2475 274 100 détention
725 2475 126 100 de
788 2475 148 100 son
872 2475 169 100 fils
978 2475 126 100 au
1041 2475 232 100 château
1210 2475 126 100 de
1273 2475 274 100 Ferrières
1463 2475 84 100 au

148 2544 181 64 mois
261 2544 135 64 de
329 2544 248 64 janvier
487 2544 203 64 1789...

98 2565 189 90 4605.
224 2565 420 90 Miroménil
581 2565 147 90 (le
665 2565 189 90 comte
791 2565 168 90 de),
897 2565 189 90 frère
1023 2565 126 90 du
1086 2565 189 90 garde
1212 2565 147 90 des
1296 2565 231 90 sceaux,
1443 2565 105 90 ma-

150 2643 229 54 réchal
310 2643 137 54 de
379 2643 206 54 camp.
517 2643 252 54 Mémoire
700 2643 183 54 aut.
814 2643 206 54 sig.,
952 2643 183 54 pour
1066 2643 137 54 M.
1135 2643 137 54 le
1204 2643 206 54 comte
1341 2643 137 54 de
1387 2643 160 54 Mont-

149 2686 219 56 morin.
302 2686 328 56 Versailles,
564 2686 131 56 23
630 2686 197 56 sept.
761 2686 197 56 1787,
892 2686 109 56 1
936 2686 131 56 p.
1002 2686 153 56 pl.
1089 2686 153 56 gr.
1176 2686 240 56 in-fol.
1329 2686 219 56 Ecriture

110 2736 480 95 fine
410 2736 360 95 et
590 2736 660 95 serrée,
1189 2736 300 95 »
1309 2736 300 95 5
1369 2736 180 95 »
