1572 2968
597 70 183 110 —
671 70 256 110 377
780 70 110 110 —

116 178 178 83 Etat
227 178 134 83 de
294 178 156 83 ses
383 178 267 83 services
584 178 223 83 depuis
740 178 201 83 1755,
873 178 134 83 et
940 178 312 83 exposition
1185 178 134 83 de
1252 178 134 83 sa
1297 178 178 83 situa

43 241 164 72 tion.

22 256 229 93 4606.
174 256 586 93 Montalembert
684 256 178 93 (le
786 256 229 93 comte
939 256 204 93 de),
1066 256 280 93 député,
1270 256 204 93 pair
1372 256 102 93 de

68 339 242 65 France,
244 339 176 65 etc.
354 339 132 65 L.
420 339 176 65 aut.
530 339 176 65 sig.
640 339 198 65 Rome,
772 339 110 65 8
815 339 242 65 février
991 339 198 65 1837.
1123 339 110 65 1
1167 339 132 65 p.
1233 339 198 65 in-8.
1365 339 110 65 1
1387 339 88 65 50

23 363 177 75 4607.
141 363 354 75 Monteil
436 363 256 75 (Alexis),
633 363 275 75 historien.
849 363 138 75 Fin
928 363 118 75 de
987 363 197 75 lettre
1124 363 157 75 aut.
1222 363 157 75 sig.
1321 363 118 75 25
1360 363 118 75 jan-

39 439 396 64 vier
287 439 396 64 1828
535 439 248 64 3
634 439 297 64 p.
783 439 347 64 pl.
981 439 446 64 in-4.
1278 439 248 64 6
1327 439 149 64 »

115 461 212 88 Exposé
263 461 127 88 et
327 461 169 88 plan
432 461 127 88 de
496 461 148 88 son
581 461 254 88 Histoire
771 461 148 88 des
856 461 254 88 Français
1047 461 148 88 des
1131 461 212 88 divers
1258 461 212 88 états...

69 527 154 68 «Ce
157 527 154 68 but
245 527 176 68 sera
355 527 176 68 fort
465 527 286 68 difficile
685 527 110 68 à
729 527 308 68 atteindre.
970 527 132 68 On
1036 527 286 68 regardera
1234 527 242 68 longtemps

71 579 110 53 »
115 579 307 53 l’Histoire
356 579 154 53 des
444 579 263 53 Français
642 579 154 53 des
730 579 220 53 divers
883 579 198 53 états
1015 579 198 53 comme
1147 579 241 53 magasin
1322 579 132 53 de
1366 579 110 53 ma-

70 629 103 52 «
112 629 227 52 tériaux
277 629 165 52 pour
380 629 186 52 faire
504 629 145 52 une
587 629 248 52 histoire
773 629 124 52 de
835 629 227 52 France,
1000 629 124 52 et
1062 629 124 52 on
1124 629 207 52 croira
1268 629 145 52 lui
1330 629 145 52 faire

69 681 112 57 »
113 681 178 57 bien
225 681 134 57 de
292 681 312 57 l’honneur,
537 681 178 57 tant
649 681 201 57 qu’on
783 681 178 57 aura
894 681 178 57 dans
1006 681 134 57 la
1072 681 245 57 mémoire
1251 681 134 57 la
1296 681 178 57 sotte,

72 723 112 56 »
116 723 313 56 ignorante,
362 723 134 56 et
429 723 246 56 inutile
608 723 268 56 histoire
809 723 268 56 ancienne
1010 723 134 56 de
1077 723 246 56 France.
1233 723 246 56 Longtemps

70 773 116 54 »
116 773 139 54 on
185 773 231 54 aimera
347 773 208 54 mieux
486 773 300 54 respecter
717 773 139 54 la
786 773 254 54 majesté
971 773 162 54 des
1063 773 208 54 vieux
1202 773 185 54 noms
1317 773 139 54 et
1364 773 116 54 des

69 819 114 56 »
115 819 204 56 vieux
251 819 227 56 livres
410 819 136 56 et
478 819 136 56 ne
546 819 182 56 rien
660 819 295 56 savoir...
887 819 204 56 Quand
1023 819 136 56 le
1091 819 204 56 monde
1227 819 159 56 est
1295 819 182 56 accou-

71 865 102 62 »
111 865 163 62 tumé
213 865 102 62 à
254 865 163 62 dire
356 865 183 62 trois
478 865 122 62 et
539 865 163 62 deux
641 865 163 62 font
743 865 163 62 six,
845 865 122 62 il
906 865 163 62 faut
1008 865 183 62 aller
1130 865 122 62 en
1191 865 244 62 biaisant
1354 865 122 62 pour

71 915 104 64 »
113 915 145 64 lui
196 915 186 64 faire
320 915 166 64 dire
423 915 104 64 :
465 915 186 64 C’est
589 915 186 64 trois
713 915 124 64 et
776 915 186 64 trois
900 915 186 64 qu’il
1024 915 166 64 faut
1128 915 186 64 dire;
1252 915 124 64 et
1314 915 124 64 il
1356 915 124 64 faut

70 953 109 69 »
114 953 175 69 bien
223 953 131 69 du
289 953 197 69 temps
420 953 175 69 pour
530 953 131 69 le
595 953 153 69 lui
683 953 197 69 faire
792 953 219 69 dire...»

22 1000 198 65 4808.
154 1000 441 65 Montholon
529 1000 154 65 (le
617 1000 286 65 général),
837 1000 286 65 compagnon
1057 1000 220 65 d’exil
1212 1000 132 65 de
1256 1000 220 65 Napoléon

69 1057 110 70 à
113 1057 397 70 Sainte-Hélène.
444 1057 132 70 L.
510 1057 176 70 aut.
620 1057 198 70 sig.,
752 1057 110 70 à
797 1057 132 70 M.
863 1057 265 70 Patorni.
1061 1057 132 70 31
1127 1057 154 70 mai
1215 1057 198 70 1837.
1326 1057 154 70 Demi-

-15 1104 640 58 p.
305 1104 960 58 in-8.
946 1104 533 58 1
1052 1104 427 58 50

23 1142 189 61 4609.
149 1142 421 61 Montolien
507 1142 147 61 (la
591 1142 231 61 baronne
760 1142 253 61 Isabelle
949 1142 168 61 de),
1054 1142 231 61 célèbre
1201 1142 274 61 romancière.

66 1198 154 61 L.
143 1198 205 61 aut.
272 1198 205 61 sig.
400 1198 334 61 Lauzanne,
657 1198 154 61 20
734 1198 308 61 juillet.
965 1198 128 61 1
1017 1198 154 61 p.
1094 1198 180 61 pl.
1196 1198 231 61 in-4.
1351 1198 128 61 3
1376 1198 103 61 50

22 1237 205 61 4610.
159 1237 500 61 Montpensier
591 1237 273 61 (Antoine
796 1237 318 61 d’Orléans,
1046 1237 159 61 duc
1137 1237 182 61 de),
1228 1237 250 61 Problèmes

59 1292 434 59 (devoirs).
400 1292 248 59 Aut.
555 1292 248 59 sig.
710 1292 372 59 en-tête.
988 1292 155 59 1
1050 1292 186 59 p.
1143 1292 279 59 in-4.
1329 1292 155 59 7
1360 1292 124 59 50

22 1331 199 76 4611.
155 1331 376 76 Morbio
464 1331 265 76 (Carlo),
663 1331 221 76 membre
818 1331 133 76 de
884 1331 265 76 diverses
1083 1331 310 76 Académies,
1304 1331 177 76 auteur

74 1393 134 49 des
150 1393 306 49 Municipes
399 1393 364 49 italiennes
706 1393 115 49 L.
763 1393 153 49 aut.
859 1393 153 49 sig.
955 1393 134 49 (en
1031 1393 249 49 italien),
1223 1393 96 49 à
1261 1393 134 49 son
1319 1393 153 49 ami...

69 1441 219 50 Milan,
223 1441 110 50 7
266 1441 175 50 juin
376 1441 197 50 1838.
508 1441 110 50 3
552 1441 154 50 gr.
639 1441 132 50 p.
705 1441 154 50 pl.
793 1441 197 50 in-8.
925 1441 263 50 Écriture
1122 1441 175 50 fine
1232 1441 132 50 et
1276 1441 197 50 serrée.

61 1491 266 55 Jolie
239 1491 296 55 lettre
446 1491 562 55 bibliographique
919 1491 177 55 et
1008 1491 444 55 littéraire.
1363 1491 148 55 5
1392 1491 89 55 »

23 1524 187 70 4612.
148 1524 394 70 Navarre,
480 1524 290 70 secrétaire
708 1524 270 70 perpétuel
915 1524 124 70 de
977 1524 290 70 l’Académie
1205 1524 124 70 de
1247 1524 228 70 Bordeaux.

71 1580 128 53 L.
135 1580 170 53 aut.
241 1580 192 53 sig.,
369 1580 107 53 à
412 1580 128 53 M.
476 1580 213 53 l’abbé
625 1580 128 53 de
689 1580 362 53 Hautefeuille,
987 1580 107 53 à
1030 1580 256 53 Orléans.
1221 1580 107 53 7
1264 1580 149 53 mai
1328 1580 149 53 1718.

72 1633 108 54 1
116 1633 130 54 p.
180 1633 151 54 pl.
267 1633 130 54 et
332 1633 194 54 demie
461 1633 194 54 in-4.
591 1633 238 54 Cachet.
764 1633 108 54 —
807 1633 194 54 Plus,
937 1633 194 54 copie
1066 1633 194 54 d’une
1196 1633 194 54 autre
1304 1633 173 54 lettre

70 1675 141 56 de
141 1675 259 56 Navarre
329 1675 282 56 adressée
541 1675 141 56 au
611 1675 212 56 même,
752 1675 188 56 avec
870 1675 165 56 une
964 1675 329 56 correction
1222 1675 188 56 aut.
1340 1675 141 56 de
1387 1675 94 56 ce

35 1724 694 55 dernier.
555 1724 289 55 2
671 1724 347 55 p.
844 1724 520 55 in-4.
1191 1724 289 55 3
1249 1724 231 55 50

27 1768 179 84 4613.
146 1768 357 84 Négrier
444 1768 139 84 (le
523 1768 258 84 général),
722 1768 139 84 tué
801 1768 99 84 à
841 1768 179 84 Paris
960 1768 159 84 dans
1059 1768 139 84 les
1139 1768 238 84 journées
1317 1768 119 84 de
1357 1768 119 84 juin

72 1819 188 57 1848.
198 1819 126 57 L.
260 1819 167 57 aut.
365 1819 188 57 sig.,
491 1819 126 57 au
553 1819 230 57 général
721 1819 209 57 Gazan.
867 1819 209 57 Paris,
1014 1819 126 57 17
1076 1819 146 57 mai
1160 1819 188 57 1835.
1286 1819 105 57 1
1328 1819 126 57 p.
1369 1819 105 57 pl.

-45 1866 1250 59 in-8.
789 1866 695 59 2
927 1866 556 59 50

28 1914 181 80 4614.
149 1914 322 80 Odry
410 1914 201 80 acteur
551 1914 221 80 comique
712 1914 141 80 des
793 1914 262 80 Variétés.
994 1914 181 80 La
1115 1914 181 80 foire
1236 1914 121 80 de
1276 1914 262 80 Saint

72 1967 277 59 Cloud,
285 1967 192 59 scène
413 1967 363 59 proverbe
712 1967 171 59 Aut.
819 1967 128 59 14
883 1967 192 59 pages
1011 1967 107 59 à
1053 1967 277 59 mi-marges
1267 1967 192 59 in-4.
1395 1967 107 59 6
1416 1967 64 59 »

28 2000 183 66 4615.
150 2000 345 66 Orfila
434 2000 223 66 célèbre
596 2000 223 66 médecin
759 2000 122 66 et
820 2000 264 66 chimiste.
1023 2000 122 66 L.
1084 2000 163 66 aut.
1186 2000 183 66 sig.,
1307 2000 102 66 à
1328 2000 142 66 M....

61 2060 330 57 Paris,
292 2060 198 57 18
391 2060 363 57 février
655 2060 297 57 1841.
852 2060 165 57 1
918 2060 198 57 p.
1017 2060 231 57 pl.
1149 2060 297 57 in-8.
1347 2060 165 57 2
1380 2060 99 57 »

30 2099 184 83 4616.
152 2099 367 83 Orléans
458 2099 408 83 (Louise-Adélaïde
805 2099 163 83 d’),
907 2099 184 83 fille
1030 2099 122 83 du
1091 2099 225 83 Régent,
1254 2099 225 83 abbesse
1397 2099 82 83 de

72 2155 259 53 Chelles.
267 2155 129 53 L.
331 2155 173 53 aut.
439 2155 194 53 sig.,
568 2155 108 53 à
612 2155 129 53 M.
676 2155 259 53 Hérault.
870 2155 108 53 4
913 2155 259 53 décembre
1107 2155 194 53 1736.
1237 2155 108 53 1
1280 2155 129 53 p.
1323 2155 151 53 in

63 2205 264 70 Beau
228 2205 330 70 portr.
459 2205 198 70 de
558 2205 363 70 Drevet,
821 2205 297 70 in-4.
1019 2205 429 70 Curieuse.
1349 2205 165 70 5
1382 2205 99 70 »

122 2247 131 67 Au
188 2247 197 67 sujet
319 2247 131 67 de
385 2247 131 67 la
450 2247 175 67 sœur
560 2247 263 67 Corette,
757 2247 175 67 pour
866 2247 131 67 la
932 2247 219 67 mettre
1085 2247 131 67 en
1151 2247 263 67 liberté,
1348 2247 131 67 et
1391 2247 88 67 la

75 2298 193 74 faire
203 2298 300 74 transférer
438 2298 107 74 à
460 2298 278 74 Montmartre.

29 2336 179 79 4617.
148 2336 298 79 Paër
386 2336 318 79 (Ferdinand),
644 2336 318 79 compositeur.
902 2336 119 79 L.
962 2336 159 79 aut.
1061 2336 179 79 sig.,
1180 2336 139 79 (en
1260 2336 238 79 italien)
1418 2336 60 79 à

71 2393 146 61 M.
144 2393 267 61 Raphaël
338 2393 243 61 Rusco.
507 2393 243 61 Paris,
677 2393 146 61 28
750 2393 267 61 juillet
944 2393 218 61 1821.
1090 2393 121 61 1
1138 2393 146 61 p.
1211 2393 218 61 in-4.
1357 2393 121 61 2
1381 2393 97 61 50

29 2439 194 56 4618.
159 2439 389 56 Pannard
483 2439 497 56 (Charles-François),
915 2439 216 56 poète,
1066 2439 216 56 auteur
1195 2439 281 56 dramatique.

75 2491 230 57 Chanson
242 2491 167 57 aut.
347 2491 167 57 Huit
452 2491 251 57 couplets
640 2491 126 57 de
703 2491 167 57 huit
807 2491 188 57 vers.
933 2491 105 57 1
975 2491 146 57 gr.
1059 2491 126 57 p.
1121 2491 146 57 pl.
1205 2491 230 57 in-fol.
1372 2491 105 57 7
1393 2491 84 57 50

30 2526 186 79 4619.
154 2526 310 79 Paul
402 2526 227 79 danseur
568 2526 124 79 de
630 2526 248 79 l’Opéra.
816 2526 124 79 L.
878 2526 165 79 aut.
981 2526 165 79 sig.
1084 2526 124 79 de
1146 2526 124 79 M.
1208 2526 124 79 le
1270 2526 207 79 prince
1394 2526 83 79 de

75 2584 356 74 Castelcicala,
368 2584 251 74 adressée
557 2584 105 74 à
599 2584 126 74 M.
661 2584 126 74 le
724 2584 188 74 comte
850 2584 126 74 de
913 2584 230 74 Pradel,
1080 2584 126 74 en
1143 2584 209 74 faveur
1290 2584 126 74 de
1331 2584 147 74 Paul,

74 2651 187 51 pour
191 2651 140 51 le
261 2651 211 51 prier
401 2651 140 51 de
472 2651 164 51 lui
565 2651 281 51 accorder
776 2651 140 51 un
846 2651 211 51 congé
986 2651 140 51 de
1057 2651 234 51 quatre
1221 2651 257 51 mois...
1384 2651 94 51 On

78 2693 325 61 souhaiterait
342 2693 183 61 qu’il
464 2693 142 61 put
545 2693 203 61 danser
687 2693 102 61 à
728 2693 203 61 Naples
870 2693 122 61 le
931 2693 122 61 30
992 2693 162 61 mai,
1093 2693 162 61 jour
1195 2693 122 61 de
1256 2693 122 61 la
1317 2693 162 61 fête
1398 2693 81 61 du

68 2729 245 88 Roi.
222 2729 306 88 Paris,
436 2729 153 88 3
497 2729 337 88 janvier
743 2729 276 88 1820.
926 2729 153 88 2
988 2729 184 88 p.
1080 2729 337 88 in-fol.
1355 2729 153 88 3
1386 2729 92 88 »

33 2773 176 70 4620.
151 2773 410 70 Pelletier,
502 2773 254 70 botaniste
697 2773 273 70 orléanais.
911 2773 117 70 L.
970 2773 156 70 aut.
1067 2773 176 70 sig.,
1184 2773 98 70 à
1223 2773 98 70 .
1243 2773 234 70 Berthevin.
