1534 3032
580 71 186 86 —
617 71 186 86 379

18 161 195 76 4635.
149 161 413 76 Pothenot
496 161 304 76 (Laûrent),
735 161 391 76 mathématicien,
1060 161 217 76 membre
1212 161 130 76 de
1256 161 217 76 l’Acadé-

62 233 159 60 mie
153 233 159 60 des
244 233 296 60 Sciences.
472 233 227 60 Quitt.
631 233 182 60 sig.
744 233 182 60 (sur
858 233 273 60 parch.),
1063 233 136 60 13
1131 233 182 60 juin
1245 233 205 60 1691.
1381 233 114 60 2
1404 233 68 60 »

24 276 186 58 4636.
148 276 413 58 Pouillet,
499 276 124 58 de
561 276 289 58 l’Académie
788 276 144 58 des
870 276 268 58 Sciences.
1077 276 124 58 L.
1139 276 165 58 aut.
1242 276 186 58 sig.,
1365 276 103 58 1
1386 276 62 58 p

-52 323 1247 67 in-4.
780 323 693 67 1
919 323 554 67 50

21 356 186 83 4637.
145 356 455 83 Poussielgue
539 356 186 83 (E.),
663 356 290 83 contrôleur
891 356 145 83 des
973 356 248 83 dépenses
1160 356 124 83 de
1222 356 248 83 l’armée,
1387 356 83 83 et

65 417 384 57 administrateur
384 417 234 57 général
555 417 149 57 des
640 417 256 57 finances
832 417 128 57 de
896 417 277 57 l’Egypte,
1109 417 128 57 L.
1173 417 170 57 aut.
1279 417 192 57 sig.,
1386 417 85 57 au

67 470 227 61 général
232 470 186 61 Vial.
356 470 124 61 Le
418 470 206 61 Kaire,
563 470 124 61 12
625 470 289 61 fructidor,
852 470 124 61 an
914 470 165 61 VII,
1017 470 103 61 1
1058 470 144 61 gr.
1141 470 124 61 p.
1203 470 227 61 in-fol.
1347 470 124 61 Tête

64 525 201 53 impr.
198 525 291 53 Déchirure
421 525 156 53 par
511 525 134 53 le
578 525 246 53 cachet.
757 525 134 53 Au
824 525 201 53 sujet
958 525 134 53 du
1025 525 224 53 départ
1181 525 134 53 de
1226 525 246 53 Bonaparte

20 563 552 62 pour
365 563 414 62 la
572 563 760 62 France.
1125 563 414 62 10
1263 563 207 62 »

106 604 192 64 «...
226 604 192 64 Nous
346 604 216 64 avons
489 604 168 64 été
585 604 168 64 mis
681 604 192 64 tous
801 604 264 64 dedans.
993 604 120 64 —
1041 604 312 64 Personne,
1256 604 216 64 absolu-

64 659 195 55 «ment
195 659 260 55 personne
390 659 152 55 n’a
477 659 152 55 été
563 659 152 55 mis
650 659 174 55 dans
759 659 130 55 le
824 659 239 55 secret;
998 659 260 55 Berthier
1193 659 130 55 et
1236 659 239 55 Andréossy

66 707 179 54 «n’y
177 707 246 54 étoient
356 707 179 54 même
468 707 179 54 pas,
580 707 179 54 j’en
692 707 291 54 jurerois.
916 707 179 54 Mais
1028 707 134 54 le
1095 707 246 54 général
1274 707 201 54 Dugua
1386 707 89 54 et

61 748 195 62 «moi
182 748 219 62 avons
328 748 170 62 été
426 748 219 62 joués
572 748 438 62 complettement.
937 748 316 62 Cependant
1180 748 195 62 nous
1277 748 195 62 sommes

67 806 310 54 «Français;
310 806 111 54 à
355 806 133 54 la
421 806 266 54 surprise
620 806 133 54 et
687 806 111 54 à
731 806 376 54 l’indignation
1041 806 111 54 a
1086 806 244 54 succédé
1263 806 133 54 le
1307 806 155 54 rire.

65 846 204 60 «Nous
201 846 272 60 ignorons
405 846 181 60 tous
518 846 158 60 ici
609 846 158 60 qui
699 846 249 60 succède
880 846 136 60 au
948 846 249 60 général
1129 846 136 60 en
1197 846 204 60 chef,
1333 846 136 60 et
1378 846 91 60 le

64 904 275 54 «général
270 904 229 54 Kléber
431 904 206 54 écrit
569 904 138 54 au
637 904 252 54 général
821 904 206 54 Dugua
958 904 183 54 pour
1073 904 138 54 le
1142 904 161 54 lui
1211 904 252 54 demander.

64 942 414 63 «Concevés-vous
409 942 184 63 rien
524 942 138 63 de
593 942 253 63 pareil?
777 942 115 63 —
824 942 184 63 Nous
939 942 253 63 saurons
1123 942 184 63 nous
1238 942 138 63 en
1284 942 184 63 tirer,

66 989 143 54 «et
147 989 265 54 peut-être
351 989 183 54 mieux
473 989 122 54 et
534 989 204 54 plutôt
677 989 326 54 (sic)
941 989 143 54 que
1023 989 122 54 si
1084 989 122 54 le
1145 989 224 54 général
1308 989 143 54 fut
1369 989 102 54 de

30 1039 338 58 «meuré...»

23 1076 186 68 4638.
147 1076 331 68 Pradé
416 1076 227 68 (l’abbé
582 1076 165 68 de),
685 1076 290 68 archevêque
913 1076 124 68 de
975 1076 248 68 Malines,
1161 1076 310 68 publiciste.
1388 1076 83 68 L.

66 1143 165 51 aut.
170 1143 186 51 sig.,
293 1143 103 51 à
335 1143 124 51 M.
397 1143 248 51 Lanneau,
582 1143 124 51 le
644 1143 186 51 père,
768 1143 103 51 à
809 1143 351 51 Sainte-Barbe.
1098 1143 206 51 Paris,
1243 1143 124 51 10
1284 1143 186 51 février

56 1181 283 60 1814.
244 1181 157 60 1
307 1181 189 60 p.
401 1181 220 60 pl.
527 1181 189 60 et
621 1181 283 60 quart
810 1181 283 60 in-4.
999 1181 409 60 Curieuse.
1313 1181 157 60 2
1344 1181 126 60 50

21 1225 194 71 4639.
151 1225 411 71 Prémaray
497 1225 216 71 (Jules
648 1225 173 71 de),
756 1225 346 71 littérateur.
1037 1225 130 71 L.
1102 1225 173 71 aut.
1210 1225 194 71 sig.,
1339 1225 108 71 à
1361 1225 108 71 son

24 1278 630 65 ami...
465 1278 315 65 1
591 1278 378 65 p.
779 1278 567 65 in-8.
1157 1278 315 65 1
1220 1278 252 65 50

20 1321 198 69 4640.
152 1321 352 69 Prony
437 1321 198 69 (de),
569 1321 242 69 célèbre
745 1321 330 69 mécanicien,
1009 1321 220 69 membre
1162 1321 132 69 de
1206 1321 264 69 l’Académie

66 1374 151 55 des
152 1374 280 55 Sciences.
367 1374 129 55 L.
431 1374 172 55 aut.
539 1374 194 55 sig.,
668 1374 108 55 à
711 1374 129 55 M.
775 1374 129 55 le
840 1374 258 55 comte...
1033 1374 215 55 Paris,
1184 1374 108 55 4
1227 1374 172 55 oct.
1313 1374 151 55 1825.

47 1421 203 59 1
129 1421 284 59 gr.
291 1421 244 59 p.
413 1421 447 59 in-fol.
738 1421 691 59 Intéressante.
1307 1421 203 59 3
1347 1421 122 59 »

20 1475 186 62 4641.
144 1475 393 62 Puissant
476 1475 248 62 (Louis),
662 1475 290 62 géomnêtre,
890 1475 373 62 mathématicien.
1200 1475 228 62 Article
1345 1475 124 62 aut.

64 1512 396 57 Physique
401 1512 158 57 pour
499 1512 119 57 le
559 1512 317 57 dictionnaire
816 1512 139 57 des
895 1512 257 57 origines.
1093 1512 119 57 10
1152 1512 119 57 p.
1212 1512 139 57 pl.
1291 1512 178 57 in-4,
1390 1512 79 57 et

62 1565 194 57 lett.
192 1565 173 57 aut.
300 1565 173 57 sig.
408 1565 130 57 de
473 1565 151 57 son
559 1565 194 57 fils,
689 1565 151 57 sur
776 1565 281 57 l’ouvrage
992 1565 151 57 que
1078 1565 194 57 vient
1208 1565 130 57 de
1251 1565 216 57 composer

63 1618 161 51 son
155 1618 207 51 père:
293 1618 299 51 Principes
523 1618 138 51 du
592 1618 230 51 figuré
753 1618 138 51 du
822 1618 253 51 terrain
1006 1618 138 51 et
1075 1618 138 51 du
1144 1618 207 51 lavis
1282 1618 161 51 sur
1351 1618 115 51 les

63 1657 197 71 plans
194 1657 131 71 et
260 1657 153 71 les
347 1657 218 71 cartes
500 1657 415 71 topographiques,
849 1657 175 71 etc.
959 1657 109 71 5
1002 1657 197 71 sept.
1133 1657 197 71 1826.
1264 1657 109 71 4
1308 1657 131 71 p.
1352 1657 109 71 pl.

-68 1713 1380 55 in-4.
852 1713 767 55 3
1005 1713 460 55 »

18 1766 203 54 4642.
154 1766 383 54 Quatremère
470 1766 135 54 de
537 1766 316 54 guincy
785 1766 226 54 membre
943 1766 135 54 de
1011 1766 338 54 l’Institut.
1282 1766 135 54 L.
1327 1766 135 54 aut.

52 1808 251 53 sig.
208 1808 314 53 Paris,
428 1808 188 53 30
522 1808 345 53 janvier
773 1808 282 53 1817,
961 1808 157 53 1
1024 1808 188 53 p.
1118 1808 282 53 in-4.
1306 1808 157 53 1
1338 1808 125 53 50

20 1845 176 71 4643.
138 1845 332 71 Fradel
411 1845 215 71 (Eugène
568 1845 156 71 de),
666 1845 176 71 poète
783 1845 352 71 improvisateur.
1076 1845 117 71 L.
1135 1845 156 71 aut.
1232 1845 156 71 sig.
1311 1845 156 71 Niort,

33 1898 318 70 16
192 1898 584 70 janvier
617 1898 478 70 1828.
935 1898 478 70 in-4.
1254 1898 265 70 2
1307 1898 159 70 »

101 1947 177 55 Envoi
219 1947 334 55 d’exemplaires
494 1947 118 55 de
553 1947 137 55 son
632 1947 177 55 poème
750 1947 137 55 sur
828 1947 118 55 la
887 1947 295 55 Bataille
1123 1947 118 55 de
1162 1947 275 55 Navarin

19 1999 191 74 4644.
146 1999 510 74 Pontchartrain
593 1999 213 74 (Louis
741 1999 319 74 Phélypeaux,
996 1999 191 74 comte
1124 1999 170 74 de),
1209 1999 255 74 chancelier

59 2044 143 58 de
131 2044 262 58 France.
321 2044 143 58 L.
392 2044 214 58 sig.,
535 2044 119 58 à
583 2044 143 58 M.
654 2044 309 58 Trudaine,
892 2044 143 58 30
963 2044 190 58 mai.
1082 2044 119 58 1
1130 2044 143 58 p.
1201 2044 214 58 in-4.
1344 2044 119 58 2
1368 2044 95 58 50

18 2089 186 71 4645.
142 2089 331 71 Raucy
411 2089 207 71 écuyer
556 2089 227 71 numide.
721 2089 124 71 L.
784 2089 124 71 a.
846 2089 145 71 s.,
928 2089 103 71 à
970 2089 124 71 M.
1032 2089 124 71 de
1073 2089 393 71 Lancosme

60 2138 461 58 Saint-Pétersbourg,
458 2138 126 58 23
521 2138 209 58 avril,
667 2138 105 58 —
709 2138 105 58 5
751 2138 147 58 mai
835 2138 188 58 1851.
960 2138 126 58 2.
1023 2138 147 58 gr.
1107 2138 126 58 p.
1170 2138 147 58 pl.
1254 2138 188 58 in-4.
1379 2138 105 58 3
1400 2138 63 58 »

105 2183 220 70 Lettre
259 2183 351 70 intéressante
544 2183 154 70 sur
632 2183 132 70 sa
698 2183 286 70 situation
918 2183 132 70 en
984 2183 242 70 Russie,
1159 2183 154 70 ses
1225 2183 242 70 exercices

63 2245 282 55 équestres,
284 2245 121 55 et
345 2245 141 55 les
425 2245 262 55 avantages
627 2245 181 55 qu’il
748 2245 121 55 en
788 2245 181 55 retire.

16 2276 181 82 4646.
137 2276 402 82 Ravignan,
478 2276 241 82 jésuite,
659 2276 221 82 orateur
820 2276 241 82 célèbre.
1001 2276 121 82 L.
1062 2276 161 82 aut.
1162 2276 161 82 sig.
1243 2276 221 82 Dimanche,

-21 2332 496 62 1
177 2332 595 62 p.
475 2332 892 62 in-8.
1069 2332 496 62 5
1169 2332 297 62 »

109 2375 114 67 Il
166 2375 133 67 n’a
242 2375 172 67 point
357 2375 191 67 écrit,
490 2375 114 67 et
547 2375 133 67 nul
623 2375 210 67 journal
776 2375 172 67 qu’il
890 2375 191 67 sache,
1024 2375 133 67 n’a
1100 2375 248 67 recueilli
1290 2375 114 67 le
1329 2375 133 67 petit

62 2435 208 56 sermon
208 2435 125 56 de
270 2435 229 56 l’autre
436 2435 166 56 jour
540 2435 145 56 sur
623 2435 145 56 les
685 2435 229 56 ouvriers.

19 2474 167 68 4647.
131 2474 315 68 Raynal
390 2474 204 68 (l’abbé
538 2474 408 68 Guillaume-Thomas),
890 2474 185 68 auteur
1020 2474 111 68 de
1076 2474 315 68 l'Histoire
1317 2474 148 68 de

64 2527 410 57 l’établissement
419 2527 131 57 des
493 2527 242 57 européens
680 2527 149 57 dans
773 2527 131 57 les
848 2527 149 57 deux
941 2527 261 57 Indes
1146 2527 224 57 Fragment
1314 2527 149 57 aut.
1388 2527 75 57 de

56 2584 151 52 cet
143 2584 259 52 ouvrage.
337 2584 259 52 «Origine
531 2584 130 52 de
596 2584 216 52 toutes
747 2584 151 52 les
834 2584 238 52 idées.»
1007 2584 130 52 13
1071 2584 194 52 pages
1201 2584 108 52 à
1222 2584 238 52 mi

42 2626 347 80 grand
274 2626 424 80 in-fol.
621 2626 193 80 5
698 2626 308 80 4IVr
891 2626 308 80 l’r.
1084 2626 270 80 Jae
1199 2626 193 80 gét

10 2677 221 54 4648.
158 2677 344 54 Regnaud
428 2677 148 54 de
502 2677 393 54 Saint-Jeamsi
822 2677 369 54 Angeny,
1117 2677 172 54 1un
1215 2677 172 54 des
1289 2677 172 54 gené-

57 2714 175 68 raux
167 2714 132 68 en
233 2714 175 68 chef
342 2714 132 68 de
408 2714 241 68 l’armée
584 2714 263 68 d’Italie
781 2714 241 68 (1859),
956 2714 263 68 maréchal
1154 2714 132 68 de
1220 2714 241 68 France.
1373 2714 88 68 L.

58 2761 184 81 aut.
173 2761 207 81 sig.,
311 2761 138 81 au
380 2761 253 81 colonel
564 2761 253 81 (depuis
748 2761 276 81 général)
955 2761 230 81 Gazan.
1093 2761 368 81 Fontainebleau,
