1598 2951
655 76 184 96 —
729 76 257 96 384
839 76 110 96 —

136 159 181 80 1792,
256 159 181 80 tende
377 159 141 80 par
457 159 141 80 les
538 159 382 80 administrateurs
859 159 121 80 du
919 159 301 80 département
1160 159 121 80 de
1221 159 161 80 l’),
1321 159 161 80 pour
1401 159 121 80 être

134 232 226 57 adressé
299 232 103 57 à
340 232 123 57 la
401 232 287 57 convention
627 232 287 57 nationale,
852 232 123 57 et
914 232 185 57 signé
1037 232 103 57 à
1078 232 226 57 Auxerre
1242 232 123 57 le
1303 232 123 57 28
1344 232 185 57 courant

132 275 152 61 par
219 275 282 61 Hemerard,
436 275 282 61 président
654 275 217 61 d’âge,
806 275 130 61 et
871 275 326 61 Bonneville,
1132 275 304 61 secrétaire
1349 275 174 61 provi-

116 335 380 47 soire.
382 335 190 47 5
458 335 228 47 p.
572 335 266 47 pl.
724 335 228 47 et
839 335 342 47 demie
1067 335 418 47 in-fol.
1371 335 190 47 6
1409 335 114 47 »

189 366 125 62 Au
252 366 187 62 sujet
376 366 166 62 d’un
481 366 229 62 terrain
647 366 333 62 considérable
918 366 208 62 appelé
1063 366 125 62 la
1126 366 208 62 grange
1271 366 125 62 ou
1313 366 208 62 métairie

138 422 130 73 de
203 422 368 73 Charbonnière,
506 422 238 73 possédé
679 422 216 73 depuis
830 422 259 73 beaucoup
1025 422 130 73 de
1090 422 195 73 temps
1219 422 151 73 par
1306 422 151 73 les
1371 422 151 73 reli-

142 467 245 63 gieuxde
320 467 133 63 la
386 467 289 63 ci-devant
609 467 222 63 abbaye
765 467 133 63 de
831 467 222 63 Régny,
987 467 178 63 près
1076 467 267 63 Vermenton.

579 700 415 93 PUBLICATION

324 786 201 115 De
458 786 134 115 la
525 786 402 115 correspondance
860 786 246 115 inédite
1039 786 134 115 de
1084 786 201 115 Buffon.

128 889 121 76 La
188 889 263 76 librairie
391 889 243 76 Hachette
573 889 121 76 et
633 889 162 76 Cie,
734 889 142 76 rue
815 889 404 76 Pierre-Sarrazin,
1159 889 142 76 14,
1240 889 222 76 prépare
1402 889 121 76 en
1442 889 81 76 ce

77 949 207 60 moment
222 949 145 60 une
305 949 310 60 publication
552 949 124 60 du
614 949 165 60 plus
718 949 165 60 haut
821 949 248 60 intérêt,
1007 949 186 60 la
1110 949 413 60 correspondance

79 999 285 59 inédite
302 999 122 59 de
363 999 305 59 Buffon
607 999 183 59 Grâce
729 999 122 59 au
790 999 244 59 concours
973 999 122 59 de
1034 999 122 59 M.
1095 999 203 59 Nadaud
1237 999 122 59 de
1298 999 224 59 Buffon,
1441 999 81 59 un

79 1048 289 62 descendant
306 1048 124 62 de
368 1048 289 62 l’Illustre
595 1048 268 62 écrivain,
802 1048 144 62 qui
884 1048 227 62 possède
1049 1048 144 62 une
1132 1048 289 62 très-riche
1338 1048 186 62 collec-

76 1094 165 63 tion
180 1094 124 63 de
242 1094 145 63 ses
324 1094 248 63 lettres,
511 1094 145 63 les
593 1094 248 63 éditeurs
779 1094 165 63 sont
883 1094 165 63 déjà
986 1094 103 63 à
1028 1094 165 63 même
1131 1094 248 63 d’offrir
1317 1094 124 63 au
1359 1094 165 63 public

77 1144 125 55 un
140 1144 230 55 recueil
307 1144 188 55 digne
432 1144 125 55 de
495 1144 188 55 fixer
620 1144 146 55 son
704 1144 293 55 attention.
934 1144 167 55 Mais
1038 1144 125 55 le
1101 1144 188 55 désir
1226 1144 125 55 de
1268 1144 251 55 l’enrichir

76 1186 227 59 encore,
242 1186 165 59 s’il
345 1186 145 59 est
427 1186 268 59 possible,
634 1186 145 59 les
717 1186 268 59 détermine
923 1186 103 59 à
964 1186 186 59 faire
1088 1186 186 59 appel
1212 1186 103 59 à
1233 1186 289 59 l’obligeance

78 1244 147 60 des
162 1244 272 60 personnes
371 1244 168 60 qui,
476 1244 272 60 possédant
686 1244 147 60 des
770 1244 231 60 lettres
937 1244 314 60 autographes
1189 1244 126 60 de
1252 1244 231 60 Buffon,
1398 1244 126 60 con-

77 1293 310 58 sentiraient
325 1293 103 58 à
366 1293 144 58 les
449 1293 165 58 leur
552 1293 330 58 communiquer,
820 1293 124 58 et
882 1293 144 58 ils
965 1293 124 58 se
1027 1293 206 58 teront
1171 1293 124 58 un
1233 1293 227 58 plaisir
1378 1293 144 58 comme

75 1338 132 53 un
141 1338 219 53 devoir
294 1338 132 53 de
360 1338 241 53 marquer
535 1338 175 53 leur
645 1338 285 53 gratitude
864 1338 110 53 à
908 1338 175 53 tous
1018 1338 175 53 ceux
1127 1338 153 53 qui
1215 1338 263 53 voudront
1390 1338 132 53 bien

74 1386 161 55 les
166 1386 207 55 aider
304 1386 184 55 dans
419 1386 184 55 leur
534 1386 230 55 tâche,
695 1386 138 55 en
764 1386 345 55 mentionnant
1040 1386 207 55 leurs
1178 1386 184 55 noms
1293 1386 184 55 dans
1385 1386 138 55 leur

76 1433 287 71 important
274 1433 221 71 recueil,

586 1621 253 104 SOUS
713 1621 285 104 PRESSE.

219 1700 362 119 Catalôgue
514 1700 136 119 de
582 1700 136 119 la
650 1700 204 119 belle
786 1700 136 119 et
853 1700 294 119 nombreuse
1080 1700 317 119 Collection
1306 1700 91 119 de

443 1931 248 93 DU
598 1931 279 93 COMTE
784 1931 186 93 DE
847 1931 310 93 MIRABEAU

303 2065 579 97 DOCUMENTS
704 2065 579 97 HISTORIQUES

75 2146 230 98 Sur
236 2146 138 98 la
305 2146 483 98 Saint-Barthélemy,
719 2146 138 98 la
788 2146 230 98 Ligue,
950 2146 138 98 la
1019 2146 345 98 Révolution,
1272 2146 253 98 etcs

381 2254 181 74 DE
471 2254 211 74 FEU
592 2254 181 74 M.
682 2254 271 74 LUCAS
863 2254 181 74 DE
924 2254 301 74 MONTIGNY

344 2303 249 90 Conseiller
540 2303 107 90 de
593 2303 249 90 Préfecture
788 2303 107 90 du
842 2303 266 90 département
1055 2303 107 90 de
1108 2303 107 90 la
1144 2303 124 90 Seine

77 2373 171 83 dont
183 2373 128 83 la
248 2373 192 83 vente
376 2373 171 83 aura
483 2373 171 83 lieu
590 2373 385 83 prochainement,
910 2373 150 83 rue
996 2373 150 83 des
1081 2373 363 83 Bons-Enfants,
1359 2373 171 83 maison

669 2443 252 70 Silvestre.

81 2618 157 76 N.
185 2618 157 76 B
290 2618 105 76 M.
342 2618 209 76 Laverdet
499 2618 122 76 est
569 2618 140 76 chez
656 2618 122 76 lui
726 2618 105 76 de
778 2618 87 76 1
813 2618 157 76 heure
918 2618 87 76 à
953 2618 105 76 4,
1005 2618 122 76 les
1075 2618 227 76 dimanches
1249 2618 105 76 et
1301 2618 157 76 fêtes
1388 2618 140 76 excep-

122 2678 154 55 tés;
218 2678 115 55 et
276 2678 115 55 du
333 2678 115 55 15
391 2678 173 55 avril
507 2678 115 55 au
564 2678 115 55 15
622 2678 231 55 octobre,
795 2678 135 55 les
872 2678 250 55 mercredis
1065 2678 115 55 et
1122 2678 212 55 samedis
1257 2678 231 55 seulement.

402 2776 175 84 Paris.
524 2776 87 84 —
559 2776 140 84 Typ.
646 2776 105 84 de
699 2776 210 84 Gaittet,
856 2776 122 84 rue
926 2776 280 84 Git-le-Cœur,
1136 2776 70 84 7.
