1268 2059
531 29 40 31 —
547 29 40 31 5
555 29 24 31 —

160 60 174 70 Précieux
290 60 174 70 document
420 60 116 70 dont
493 60 188 70 plusieurs
638 60 174 70 passages
768 60 101 70 ont
826 60 101 70 été
884 60 188 70 soulignés
1029 60 87 70 au
1058 60 130 70 crayon,

128 126 105 36 sans
193 126 118 36 doute
272 126 92 36 par
324 126 157 36 Bossuet.
442 126 65 36 —
468 126 144 36 Leibniz
573 126 183 36 s’efforce,
717 126 105 36 dans
782 126 118 36 cette
861 126 144 36 lettre,
966 126 79 36 de
1005 126 65 36 «
1018 126 170 36 représenter

133 155 123 38 selon
216 155 151 38 l’ordre
325 155 96 38 des
380 155 123 38 temps
462 155 82 38 un
503 155 137 38 abrégé
599 155 82 38 de
641 155 82 38 la
682 155 192 38 perpétuité
833 155 82 38 de
874 155 82 38 la
915 155 165 38 doctrine
1024 155 165 38 catholique

133 186 96 36 sur
188 186 82 36 le
229 186 123 36 canon
311 186 96 36 des
366 186 137 36 livres
462 186 82 36 du
503 186 123 36 vieux
585 186 178 36 testament
722 186 164 36 conforme
846 186 205 36 entièrement
1010 186 82 36 au
1051 186 123 36 canon
1120 186 68 36 des

134 216 186 42 Hébreux».
277 216 86 42 Il
320 216 143 42 combat
420 216 186 42 ardemment
563 216 200 42 l’autorité
721 216 86 42 du
764 216 157 42 concile
878 216 86 42 de
921 216 157 42 Trente;
1036 216 86 42 il
1078 216 86 42 ne
1107 216 86 42 peut

141 248 136 33 croire
236 248 122 33 qu’un
318 248 149 33 concile
427 248 81 33 de
467 248 81 33 si
508 248 149 33 mauvais
617 248 109 33 aloi
685 248 109 33 soit
752 248 136 33 jamais
848 248 109 33 reçu
915 248 109 33 pour
983 248 190 33 œcuménique
1119 248 68 33 par

135 280 163 36 l’Eglise
258 280 218 36 universelle.
435 280 95 36 «Ce
489 280 136 36 seroit
584 280 122 36 faire
666 280 95 36 une
720 280 109 36 trop
788 280 136 36 grande
883 280 136 36 brêche
978 280 68 36 à
1006 280 190 36 l’autorité
1142 280 54 36 de

137 315 171 36 l’Eglise
265 315 86 36 et
308 315 86 36 du
351 315 243 36 Christianisme
551 315 128 36 même,
636 315 86 36 et
679 315 114 36 ceux
751 315 100 36 qui
808 315 143 36 aiment
908 315 214 36 sincèrement
1079 315 100 36 son
1122 315 71 36 vé-

141 338 141 42 ritable
244 338 141 42 intérêt
347 338 90 42 s’y
398 338 141 42 doivent
501 338 154 42 opposer.
617 338 116 42 C’est
694 338 77 42 ce
732 338 90 42 que
784 338 77 42 la
822 338 129 42 France
912 338 64 42 a
938 338 103 42 fait
1002 338 167 42 autrefois
1118 338 77 42 avec

136 371 87 46 un
180 371 116 46 zèle
253 371 131 46 digne
340 371 87 46 de
384 371 160 46 louange
500 371 116 46 dont
573 371 116 46 elle
645 371 87 46 ne
689 371 160 46 devroit
805 371 102 46 pas
864 371 87 46 se
907 371 175 46 relacher
1024 371 175 46 maintenant

137 409 148 50 qu’elle
244 409 67 50 a
271 409 94 50 été
325 409 161 50 enrichie
445 409 81 50 de
486 409 107 50 tant
553 409 81 50 de
593 409 175 50 nouvelles
727 409 161 50 lumières
848 409 121 50 parmy
929 409 94 50 les
982 409 148 50 quelles
1090 409 81 50 on
1116 409 81 50 vous

150 437 100 46 voit
212 437 100 46 tant
262 437 137 46 briller.»

144 468 155 57 27234.
252 468 186 57 LEIBNIZ.
391 468 216 57 Réponse
561 468 93 57 de
607 468 93 57 M.
654 468 93 57 D.
700 468 93 57 L.
747 468 93 57 au
793 468 186 57 discours
932 468 93 57 de
979 468 93 57 M.
1009 468 186 57 U’abbé

139 519 174 52 Pirot
269 519 188 52 (touchant
413 519 202 52 l’autorité
572 519 87 52 du
616 519 159 52 Concile
731 519 87 52 de
775 519 145 52 Trente
876 519 87 52 en
919 519 231 52 France)
1093 519 101 52 pièce

134 557 132 64 avec
216 557 99 64 le
265 557 148 64 titre
364 557 99 64 et
414 557 214 64 plusieurs
578 557 247 64 corrections
776 557 264 64 autographes,
990 557 99 64 13
1039 557 148 64 pages
1122 557 82 64 1/2

149 601 86 49 in-4.
206 601 57 49 40
225 601 29 49 »

175 639 181 62 Important
314 639 167 62 document
440 639 111 62 pour
509 639 195 62 l’histoire
663 639 98 62 des
718 639 167 62 célèbres
844 639 167 62 disputes
969 639 84 62 de
1011 639 153 62 Bossuet
1122 639 84 62 et
1150 639 56 62 de

131 675 133 46 Leibniz.

144 703 155 66 27235.
253 703 140 66 LISZT
346 703 155 66 (Fr.),
455 703 171 66 célèbre
579 703 186 66 pianiste
719 703 93 66 et
765 703 248 66 compositeur.
967 703 78 66 —
998 703 93 66 L.
1045 703 93 66 a.
1091 703 109 66 s.,
1138 703 62 66 en

140 757 202 59 français,
296 757 78 59 à
327 757 171 59 Hartel;
451 757 93 59 13
498 757 109 59 mai
560 757 140 59 1843,
653 757 78 59 1
684 757 93 59 p.
731 757 109 59 pl.
793 757 140 59 in-8.
886 757 78 59 6
901 757 47 59 »

178 784 173 66 Curieuse.
311 784 80 66 Il
351 784 160 66 remercie
471 784 80 66 M.
511 784 107 66 Jahn
578 784 147 66 d’avoir
684 784 107 66 pris
751 784 107 66 soin
817 784 80 66 de
857 784 80 66 la
897 784 173 66 rédaction
1031 784 173 66 classique
1151 784 53 66 du

148 842 115 44 titre
225 842 77 44 de
263 842 77 44 sa
301 842 217 44 Messe
480 842 77 44 Il
518 842 153 44 autorise
633 842 77 44 M.
671 842 128 44 Hartel
761 842 64 44 à
786 842 140 44 publier
888 842 153 44 aussitôt
1003 842 115 44 qu’il
1079 842 77 44 le
1105 842 102 44 voudra

149 877 91 52 cette
210 877 91 52 Messe
270 877 91 52 ainsi
331 877 71 52 que
372 877 61 52 le
402 877 162 52 Pater
534 877 61 52 et
554 877 152 52 l'Ave

145 917 149 55 27236.
249 917 149 55 LITTRÉ
354 917 134 55 (E.),
443 917 179 55 l’auteur
577 917 89 55 du
621 917 342 55 Dictionnaire
919 917 104 55 qui
979 917 134 55 porte
1068 917 104 55 son
1113 917 89 55 nom.

203 957 68 55 —
231 957 82 55 L.
272 957 82 55 a.
313 957 82 55 s.
354 957 68 55 à
381 957 164 55 Forgues,
505 957 68 55 1
532 957 82 55 p.
573 957 123 55 in-8.
655 957 68 55 4
669 957 41 55 »

180 989 85 63 Il
222 989 99 63 est
279 989 226 63 très-disposé
462 989 70 63 à
490 989 113 63 bien
561 989 155 63 traiter
673 989 99 63 une
730 989 127 63 œuvre
814 989 169 63 posthume
941 989 85 63 de
983 989 197 63 Lamennais,
1124 989 85 63 mais

143 1028 77 55 il
182 1028 141 55 réserve
284 1028 154 55 toujours
400 1028 77 55 sa
438 1028 141 55 liberté
541 1028 77 55 de
567 1028 141 55 critique.

148 1068 163 59 27237.
262 1068 147 59 LOUIS
359 1068 130 59 XVI,
441 1068 114 59 roi
506 1068 98 59 de
555 1068 179 59 France,
685 1068 195 59 décapité
832 1068 98 59 en
880 1068 147 59 1793.
978 1068 81 59 —
1011 1068 98 59 L.
1059 1068 98 59 a.
1108 1068 98 59 s.
1141 1068 65 59 au

142 1129 230 53 président
319 1129 106 53 de
372 1129 265 53 l’Assemblée
584 1129 247 53 nationale;
779 1129 106 53 28
832 1129 141 53 nov.
920 1129 159 53 1791,
1026 1129 124 53 1/4
1097 1129 106 53 de
1132 1129 71 53 p.

149 1165 112 61 in-8,
223 1165 137 61 cachet.
323 1165 75 61 50
348 1165 37 61 »

184 1196 120 53 Pièce
264 1196 201 53 historique.
424 1196 80 53 Il
464 1196 80 53 le
504 1196 107 53 prie
571 1196 80 53 de
611 1196 160 53 prévenir
732 1196 201 53 l’Assemblée
892 1196 174 53 nationale
1026 1196 120 53 qu’il
1106 1196 67 53 a
1119 1196 94 53 nommé

153 1232 82 48 M.
194 1232 178 48 Delessart
331 1232 82 48 au
372 1232 205 48 département
536 1232 96 48 des
591 1232 164 48 affaires
714 1232 191 48 étrangères
864 1232 82 48 et
905 1232 82 48 M.
946 1232 137 48 Cahier
1042 1232 82 48 de
1069 1232 137 48 Gerville

150 1272 61 48 à
174 1272 110 48 celui
247 1272 73 48 de
272 1272 170 48 l’intérieur.

508 1296 110 68 27238.
585 1296 99 68 MANET
651 1296 154 68 (Edouard),
773 1296 132 68 peintre,
872 1296 110 68 fameux
949 1296 77 68 par
993 1296 77 68 ses
1037 1296 132 68 tableaux
1126 1296 88 68 excen-

153 1354 183 54 triques.
290 1354 76 54 —
320 1354 91 54 P.
366 1354 91 54 a.
411 1354 106 54 s.,
472 1354 76 54 1
503 1354 91 54 p.
548 1354 137 54 in-12
639 1354 167 54 oblong.
761 1354 76 54 5
776 1354 46 54 »

186 1367 124 72 Jolie
269 1367 124 72 pièce
352 1367 152 72 d’album
462 1367 179 72 contenant
600 1367 124 72 cette
682 1367 138 72 phrase
779 1367 69 72 :
806 1367 124 72 «J’ai
889 1367 165 72 toujours
1013 1367 124 72 pensé
1096 1367 96 72 que
1137 1367 69 72 les

159 1423 182 57 premières
299 1423 140 57 places
396 1423 84 57 ne
438 1423 84 57 se
480 1423 154 57 donnent
592 1423 112 57 pas,
662 1423 168 57 qu’elles
787 1423 84 57 se
815 1423 168 57 prennent.»

156 1481 152 52 27239.
262 1481 167 52 MÉRIMÉE
384 1481 213 52 (Prosper),
551 1481 167 52 célèbre
673 1481 198 52 écrivain,
825 1481 91 52 de
871 1481 167 52 l’Acad.
993 1481 107 52 fr.
1038 1481 46 52 —

155 1516 86 60 L.
198 1516 86 60 a.
241 1516 101 60 s.,
298 1516 72 60 3
327 1516 86 60 p.
370 1516 129 60 in-8.
456 1516 201 60 Très-jolie
615 1516 158 60 lettre.
730 1516 72 60 4
744 1516 43 60 »

157 1551 161 69 27240.
270 1551 193 69 MONNOYER
414 1551 193 69 (J.-B.),
559 1551 177 69 célèbre
688 1551 177 69 peintre
817 1551 97 69 de
865 1551 161 69 fleurs
978 1551 97 69 et
1026 1551 97 69 de
1058 1551 145 69 fruits.

212 1602 83 63 —
246 1602 167 63 Quitt.
362 1602 150 63 sig.,
462 1602 117 63 sur
529 1602 167 63 vélin;
646 1602 167 63 Paris,
763 1602 100 63 12
813 1602 183 63 juillet
946 1602 150 63 1695,
1046 1602 83 63 1
1080 1602 100 63 p.
1113 1602 100 63 in

162 1658 104 56 oblong.
237 1658 152 56 Rare
361 1658 57 56 12
380 1658 28 56 »

162 1678 148 82 27241.
266 1678 178 82 MONSELET
400 1678 208 82 (Charles),
563 1678 193 82 écrivain.
711 1678 74 82 —
741 1678 148 82 Les
845 1678 119 82 duos
919 1678 89 82 de
964 1678 89 82 la
993 1678 223 82 vingtième

160 1747 206 62 année
330 1747 133 62 article
427 1747 97 62 aut.
487 1747 109 62 sig.,
560 1747 61 62 8
584 1747 73 62 p.
621 1747 109 62 in-4.
693 1747 61 62 3
706 1747 49 62 50

161 1787 179 59 27242.
287 1787 215 59 NAPOLÉON
448 1787 144 59 Ier,
538 1787 215 59 empereur
700 1787 126 59 des
771 1787 233 59 Français.
951 1787 90 59 —
987 1787 108 59 L.
1041 1787 126 59 s.,
1094 1787 126 59 comme

156 1827 197 73 général
299 1827 107 73 en
353 1827 143 73 chef
443 1827 107 73 de
496 1827 197 73 l’armée
640 1827 233 73 d’Egypte,
819 1827 143 73 avec
908 1827 161 73 trois
1016 1827 143 73 mots
1088 1827 125 73 auto-

154 1867 208 72 graphes,
309 1867 104 72 au
361 1867 173 72 payeur
482 1867 104 72 de
534 1867 208 72 l’armée;
690 1867 104 72 le
742 1867 173 72 Caire,
863 1867 104 72 17
915 1867 225 72 thermidor
1088 1867 104 72 an
1123 1867 87 72 VI,

167 1927 83 60 1/2
214 1927 71 60 p.
250 1927 130 60 in-fol.
344 1927 71 60 20
368 1927 35 60 »

200 1939 114 70 Pièce
276 1939 101 70 dans
340 1939 152 70 laquelle
454 1939 165 70 Bonaparte
580 1939 114 70 prend
656 1939 76 70 le
694 1939 114 70 titre
770 1939 76 70 de
808 1939 165 70 membre
935 1939 76 70 de
973 1939 177 70 l’Institut
1100 1939 101 70 na

158 2007 218 34 tional
340 2007 109 34 Ordre
413 2007 73 34 de
449 2007 109 34 payer
522 2007 97 34 6000
583 2007 85 34 fr.
631 2007 61 34 à
643 2007 158 34 Bourrienne.
