1313 2184
593 28 106 69 —
635 28 106 69 8
656 28 64 69 —

224 98 244 60 FAUSSES
401 98 244 60 LETTRES
579 98 133 60 DE
646 98 222 60 MADAME
801 98 133 60 DE
846 98 244 60 POMPADOUR

110 160 104 58 Il
162 160 191 58 circule
300 160 104 58 en
352 160 104 58 ce
404 160 173 58 moment
526 160 139 58 dans
612 160 104 58 le
664 160 156 58 monde
769 160 104 58 de
821 160 104 58 la
873 160 225 58 curiosité
1046 160 121 58 des
1098 160 156 58 lettres

69 193 198 68 fausses
213 193 108 68 de
267 193 108 68 la
321 193 216 68 marquise
483 193 108 68 de
537 193 252 68 Pompadour:
735 193 126 68 six
807 193 108 68 de
861 193 126 68 ces
933 193 198 68 lettres
1077 193 162 68 m’ont
1167 193 90 68 été

72 239 252 60 présentées
270 239 126 60 par
342 239 126 60 des
414 239 234 60 personnes
594 239 144 60 dont
685 239 108 60 la
739 239 162 60 bonne
847 239 126 60 foi
919 239 162 60 avait
1027 239 126 60 été
1081 239 180 60 trompée.

66 298 163 44 Aussi
174 298 108 44 je
228 298 163 44 crois
337 298 108 44 de
391 298 126 44 mon
463 298 181 44 devoir
590 298 108 44 de
644 298 181 44 mettre
770 298 108 44 en
825 298 163 44 garde
933 298 126 44 les
1005 298 235 44 amateurs,
1168 298 90 44 les

69 333 222 45 libraires
239 333 102 45 et
291 333 119 45 les
359 333 222 45 marchands
529 333 102 45 de
580 333 256 45 curiosités,
785 333 170 45 contre
904 333 119 45 ces
972 333 222 45 coupables
1126 333 136 45 tenta-

66 378 173 48 tives.
187 378 156 48 Outre
291 378 208 48 l’aspect
446 378 190 48 général
585 378 121 48 qui
654 378 190 48 dénonce
792 378 104 48 la
844 378 225 48 fausseté,
1017 378 156 48 voici
1121 378 86 48 à
1138 378 121 48 quels

67 414 189 58 indices
205 414 103 58 on
256 414 224 58 reconnaît
428 414 121 58 ces
480 414 155 58 pièces:

100 455 103 52 Le
151 455 188 52 papier,
288 455 103 52 de
339 455 171 52 format
459 455 154 52 in-8,
562 455 120 52 est
630 455 154 52 épais
733 455 103 52 et
784 455 222 52 grossier,
955 455 103 52 et
1006 455 120 52 tel
1075 455 154 52 qu’il
1160 455 103 52 n’en

65 494 126 55 est
137 494 180 55 jamais
263 494 162 55 entré
372 494 144 55 dans
462 494 108 55 le
516 494 199 55 boudoir
660 494 108 55 de
715 494 126 55 Mme
787 494 108 55 de
841 494 253 55 Pompadour;
1039 494 199 55 l’encre
1166 494 90 55 est

72 541 226 45 jaunâtre;
246 541 244 45 l’écriture
437 541 122 45 est
507 541 209 45 mauvaise
663 541 104 45 et
716 541 191 45 n’imite
855 541 122 45 que
907 541 348 45 très

73 584 136 53 celle
163 584 90 53 de
209 584 90 53 la
254 584 196 53 marquise;
404 584 105 53 les
465 584 166 53 lettres
585 584 121 53 sont
660 584 166 53 signées
781 584 136 53 <i>la
871 584 151 53 Margse
977 584 90 53 de
1007 584 241 53 Pompadour</i>,

68 624 134 41 avec
152 624 101 41 ou
202 624 134 41 sans
286 624 184 41 parafe,
420 624 101 41 et
471 624 134 41 sont
555 624 168 41 datées
672 624 101 41 du
722 624 151 41 lieu,
823 624 101 41 de
873 624 201 41 l’année,
1024 624 101 41 du
1075 624 134 41 mois
1158 624 101 41 et
1192 624 67 41 du

71 665 155 48 jour.
174 665 155 48 Elles
277 665 155 48 n'ont
381 665 121 48 pas
450 665 103 48 de
501 665 276 48 suscription,
725 665 138 48 mais
811 665 103 48 en
863 665 207 48 revanche
1018 665 155 48 elles
1104 665 155 48 portent

63 705 105 43 en
116 705 141 43 tête
204 705 105 43 le
257 705 123 43 nom
327 705 105 43 du
380 705 299 43 destinataire,
626 705 176 43 comme;
749 705 228 43 <i>Madame
924 705 105 43 la
977 705 211 43 duchesse
1117 705 141 43 de</i>

72 739 301 49 <i>Brancas;</i>
326 739 143 49 elles
421 739 127 49 sont
500 739 190 49 pourvues
643 739 127 49 d’un
723 739 159 49 cachet
834 739 95 49 en
881 739 127 49 cire
961 739 143 49 rouge
1056 739 111 49 aux
1119 739 143 49 armes
1199 739 63 49 de

63 781 180 45 France
189 781 144 45 avec
280 781 126 45 une
352 781 144 45 soie
442 781 217 45 blanche;
604 781 108 45 le
658 781 180 45 cachet
785 781 126 45 est
857 781 126 45 mal
929 781 235 45 conservé;
1110 781 108 45 la
1146 781 108 45 cire

63 809 132 59 bave
145 809 115 59 sur
211 809 115 59 les
277 809 165 59 bords.
392 809 115 59 Les
458 809 115 59 six
524 809 181 59 lettres
656 809 115 59 que
722 809 132 59 j’ai
804 809 132 59 vues
886 809 231 59 traitaient
1051 809 198 59 d’affaires

69 865 273 49 politiques,
287 865 164 49 entre
396 865 182 49 autres
524 865 109 49 du
578 865 200 49 mariage
724 865 109 49 du
778 865 200 49 Dauphin
924 865 146 49 père
1015 865 109 49 de
1069 865 164 49 Louis
1160 865 91 49 XV;

64 905 97 48 je
112 905 129 48 n’ai
193 905 113 48 pas
258 905 97 48 eu
306 905 97 48 le
355 905 162 48 loisir
468 905 129 48 d’en
549 905 178 48 étudier
678 905 97 48 le
727 905 145 48 texte
824 905 129 48 qui,
904 905 129 48 sans
985 905 162 48 doute,
1082 905 178 48 suffirait

63 947 140 46 pour
150 947 192 46 prouver
290 947 105 46 la
342 947 210 46 fausseté
500 947 105 46 de
552 947 122 46 ces
622 947 192 46 pièces.
762 947 245 46 D’ailleurs
955 947 122 46 Mme
1025 947 105 46 de
1060 947 192 46 Pompadour

67 989 104 44 se
119 989 190 44 servait
257 989 276 44 généralement
481 989 104 44 de
533 989 173 44 papier
653 989 104 44 de
705 989 155 44 petit
809 989 190 44 format,
947 989 138 44 doré
1033 989 121 44 sur
1085 989 173 44 tranche:

68 1028 134 46 elle
152 1028 100 46 ne
202 1028 184 46 mettait
336 1028 117 46 pas
403 1028 100 46 en
453 1028 184 46 vedette
587 1028 100 46 la
637 1028 184 46 formule
771 1028 100 46 de
821 1028 234 46 politesse,
1005 1028 167 46 datait
1122 1028 100 46 le
1156 1028 100 46 plus

67 1065 198 49 souvent
211 1065 108 49 du
265 1065 144 49 jour
355 1065 108 49 ou
409 1065 108 49 du
463 1065 162 49 mois,
571 1065 144 49 sans
661 1065 234 49 millésime
841 1065 216 49 d’année;
1003 1065 162 49 enfin
1111 1065 144 49 elle
1183 1065 72 49 ne

66 1108 182 50 signait
199 1108 165 50 jamais
314 1108 116 50 ses
381 1108 182 50 lettres
513 1108 198 50 intimes.
662 1108 99 50 Ni
711 1108 231 50 l’écriture
893 1108 99 50 ni
943 1108 99 50 la
992 1108 215 50 signature
1158 1108 99 50 de
1191 1108 66 50 la

64 1145 205 46 marquise
217 1145 154 46 n’ont
320 1145 205 46 présenté
473 1145 119 46 des
542 1145 239 46 variations
729 1145 239 46 sensibles:
917 1145 154 46 voici
1019 1145 102 46 le
1053 1145 205 46 fac

71 1188 106 50 de
124 1188 106 50 la
177 1188 230 50 signature
354 1188 124 50 qui
425 1188 194 50 souvent
566 1188 124 50 est
637 1188 141 50 plus
725 1188 159 50 fine,
831 1188 141 50 mais
919 1188 159 50 offre
1025 1188 212 50 toujours
1167 1188 88 50 les

65 1228 166 57 mêmes
157 1228 239 57 caractères.

103 1604 110 81 Je
158 1604 110 81 ne
213 1604 202 81 saurais
360 1604 147 81 trop
451 1604 275 81 recommander
672 1604 128 81 aux
745 1604 220 81 amateurs
910 1604 110 81 et
965 1604 128 81 aux
1020 1604 239 81 antiquaires

63 1653 103 60 de
114 1653 155 60 faire
217 1653 172 60 grande
338 1653 223 60 attention
509 1653 120 60 aux
578 1653 258 60 autographes
784 1653 120 60 qui
853 1653 137 60 leur
939 1653 137 60 sont
1025 1653 223 60 proposés:
1179 1653 69 60 la

64 1711 168 41 fraude
182 1711 101 41 se
232 1711 168 41 glisse
350 1711 101 41 là
400 1711 151 41 comme
501 1711 135 41 dans
585 1711 135 41 tout
670 1711 101 41 ce
720 1711 118 41 qui
787 1711 101 41 se
838 1711 202 41 rattache
989 1711 84 41 à
1023 1711 101 41 la
1056 1711 202 41 curiosité.

63 1753 188 49 Souvent
200 1753 120 49 des
268 1753 240 49 imitations
457 1753 240 49 grossières
645 1753 103 49 ou
697 1753 120 49 des
765 1753 240 49 fac-simile
954 1753 137 49 bien
1039 1753 154 49 faits
1125 1753 120 49 trom-

63 1791 142 53 pent
152 1791 124 53 les
223 1791 230 53 amateurs:
400 1791 213 53 désireux
560 1791 124 53 que
631 1791 124 53 mes
701 1791 301 53 connaissances
950 1791 230 53 spéciales
1127 1791 106 53 et
1162 1791 89 53 mon

69 1838 231 48 expérience
251 1838 99 48 ne
301 1838 165 48 soient
417 1838 116 48 pas
483 1838 132 48 sans
566 1838 182 48 utilité
698 1838 132 48 pour
780 1838 116 48 les
847 1838 198 48 curieux,
995 1838 99 48 je
1045 1838 198 48 rappelle
1177 1838 83 48 ici

70 1875 124 50 que
141 1875 106 50 je
194 1875 141 50 suis
283 1875 212 50 toujours
442 1875 141 50 prêt
530 1875 88 50 à
565 1875 212 50 examiner
725 1875 106 50 et
778 1875 88 50 à
813 1875 212 50 vérifier
972 1875 124 50 les
1025 1875 230 50 autographes

69 1915 219 60 douteux,
233 1915 109 60 et
288 1915 128 60 que
361 1915 128 60 mon
433 1915 164 60 titre
543 1915 511 60 d’archiviste-paléographe
999 1915 109 60 me
1053 1915 201 60 confère
1181 1915 73 60 le

69 1953 147 54 droit
167 1953 98 54 de
216 1953 163 54 donner
330 1953 114 54 des
395 1953 245 54 certificats
591 1953 196 54 valables
738 1953 98 54 en
771 1953 163 54 justice.

782 2006 239 66 ÉTIENNE
934 2006 239 66 CHARAVAY.
