1243 2062
533 12 113 60 —
579 12 113 60 3
601 12 68 60 —

136 69 111 56 de
191 69 111 56 la
246 69 203 56 Commune
393 69 111 56 de
449 69 166 56 Paris
559 69 111 56 le
615 69 111 56 24
670 69 129 56 mai
743 69 166 56 1871.
854 69 92 56 —
891 69 111 56 L.
946 69 111 56 a.
1001 69 111 56 s.
1057 69 92 56 à
1093 69 111 56 M.
1130 69 74 56 de

149 121 262 49 Saint-Priest;
364 121 170 49 (1836),
488 121 77 49 3
519 121 93 49 p.
565 121 139 49 in-8.
657 121 262 49 Intéressante.
873 121 77 49 6
889 121 46 49 »

142 158 167 67 27211.
259 158 217 67 DELAROCHE
426 158 183 67 (Paul),
559 158 183 67 célèbre
692 158 183 67 peintre
825 158 250 67 d’histoire.
1025 158 83 67 —
1059 158 100 67 L.
1109 158 100 67 a.
1142 158 50 67 s

146 217 80 63 à
178 217 96 63 un
226 217 192 63 peintre:
370 217 225 63 Granville,
547 217 208 63 dimanche,
707 217 80 63 1
739 217 96 63 p.
787 217 112 63 1/2
852 217 144 63 in-8.
948 217 80 63 5
964 217 48 63 »

178 240 118 83 Jolie
257 240 144 83 lettre.
362 240 79 83 Il
401 240 66 83 a
427 240 158 83 beaucoup
546 240 171 83 travaillé
677 240 66 83 à
703 240 184 83 Granville,
847 240 79 83 et
887 240 92 83 son
939 240 144 83 tableau
1044 240 92 83 est
1084 240 118 83 avancé.

144 291 163 67 27212.
258 291 211 67 DROLLING,
420 291 179 67 peintre
550 291 244 67 d’histoire,
745 291 163 67 membre
859 291 98 67 de
908 291 244 67 l’Institut.
1086 291 49 67 —

153 355 80 60 L.
193 355 80 60 a.
233 355 94 60 s.,
287 355 94 60 1/4
340 355 80 60 de
380 355 80 60 p.
421 355 121 60 in-4.
501 355 67 60 2
514 355 54 60 50

157 401 130 73 27213.
248 401 117 73 DUCIS
326 401 169 73 (J.-Fr.),
457 401 117 73 poëte
535 401 195 73 dramatique,
691 401 78 73 de
730 401 143 73 l’Acad.
834 401 91 73 fr.
887 401 65 73 —
913 401 130 73 Ode
991 401 91 73 à

143 448 148 60 ma
241 448 148 60 femme
340 448 115 60 sur
405 448 98 60 sa
454 448 361 60 convalescence
766 448 148 60 pièce
865 448 98 60 de
914 448 131 60 vers
980 448 213 60 autographe;

145 498 132 48 camp
227 498 99 48 de
276 498 263 48 Courasvalda,
490 498 99 48 25
539 498 132 48 août
621 498 148 48 1760,
720 498 82 48 6
753 498 99 48 p.
802 498 148 48 in-8.
901 498 99 48 10
934 498 49 48 »

156 547 131 59 27214.
248 547 118 59 DUMAS
326 547 105 59 père
392 547 210 59 (Alexandre),
562 547 79 59 le
602 547 144 59 célèbre
707 547 184 59 romancier.
851 547 66 59 —
877 547 79 59 L.
916 547 79 59 a.
943 547 52 59 s.

143 594 79 50 à
175 594 364 50 Frédérick-Lemaître;
491 594 95 50 (3
538 594 142 50 sept.
633 594 158 50 1841),
744 594 79 50 1
775 594 95 50 p.
823 594 111 50 1/2
886 594 142 50 in-8.
981 594 95 50 10
1013 594 47 50 »

180 634 229 41 Très-curieuse
368 634 148 41 lettre.
476 634 81 41 Il
516 634 94 41 lui
570 634 135 41 envoie
664 634 94 41 les
718 634 108 41 deux
785 634 161 41 premiers
906 634 121 41 actes
987 634 121 41 d’une
1067 634 121 41 pièce
1135 634 67 41 sur

146 665 136 39 laquelle
247 665 68 39 il
281 665 113 39 compte
361 665 136 39 beaucoup
462 665 90 39 pour
519 665 113 39 entrer
598 665 57 39 à
621 665 158 39 l’Académie
745 665 158 39 française.
870 665 57 39 «
892 665 90 39 Vous
938 665 90 39 savez,

142 701 97 34 mon
197 701 124 34 cher,
280 701 97 34 que
336 701 83 34 le
377 701 152 34 silence
488 701 83 34 le
529 701 111 34 plus
598 701 138 34 absolu
695 701 97 34 est
750 701 83 34 ma
791 701 193 34 condition.
943 701 111 34 Dans
1012 701 83 34 ce
1040 701 152 34 moment

142 730 94 40 une
195 730 120 40 chute
275 730 80 40 ou
315 730 94 40 une
369 730 120 40 œuvre
449 730 94 40 peu
502 730 187 40 littéraire
649 730 80 40 me
689 730 200 40 rejetterait
850 730 67 40 à
876 730 107 40 cent
943 730 134 40 lieues
1037 730 80 40 de
1063 730 134 40 l’Acadé-

142 765 117 50 mie.
201 765 44 50 »

144 809 147 48 27215.
247 809 132 48 DUMAS
335 809 117 48 fils
408 809 235 48 (Alexandre),
599 809 176 48 l’auteur
731 809 88 48 de
775 809 132 48 la
863 809 117 48 Dame
937 809 103 48 aux
981 809 220 48 Camélias

194 854 78 51 —
226 854 94 51 L.
272 854 94 51 a.
319 854 94 51 s.
366 854 78 51 à
397 854 156 51 Edmond
506 854 156 51 About,
616 854 109 51 1/2
678 854 94 51 p.
725 854 140 51 in-8.
819 854 78 51 3
834 854 47 51 »

147 892 85 83 27216.
207 892 77 83 DURET
259 892 77 83 (F.),
310 892 94 83 célèbre
378 892 120 83 statuaire.
472 892 43 83 —
489 892 51 83 L.
515 892 51 83 a.
541 892 51 83 s.
566 892 43 83 à
583 892 85 83 Lebas,
643 892 60 83 1/2
669 892 34 83 p.

147 950 86 52 in-8.
205 950 48 52 3
214 950 29 52 »

688 975 86 69 Relative
752 975 43 69 au
773 975 71 69 projet
823 975 43 69 de
845 975 50 69 son
873 975 86 69 monument
937 975 43 69 en
959 975 93 69 l’honneur
1030 975 43 69 du
1051 975 107 69 compositeur
1130 975 64 69 Halévy.

143 1029 137 59 27217.
239 1029 123 59 FANTI
321 1029 123 59 (M.),
403 1029 150 59 célèbre
512 1029 150 59 général
622 1029 82 59 et
663 1029 164 59 ministre
786 1029 164 59 italien.
909 1029 68 59 —
936 1029 82 59 L.
964 1029 68 59 s.,

143 1084 97 46 en
191 1084 210 46 français,
353 1084 97 46 au
401 1084 210 46 directeur
563 1084 97 46 du
611 1084 274 46 Spectateur
837 1084 291 46 militaire;
1063 1084 129 46 Turin,

140 1124 88 55 30
184 1124 117 55 mars
258 1124 132 55 1861,
346 1124 73 55 2
375 1124 88 55 p.
419 1124 103 55 1/4
477 1124 161 55 in-fol.
595 1124 88 55 10
624 1124 44 55 »

162 1165 83 44 II
204 1165 166 44 explique
328 1165 97 44 les
383 1165 152 44 raisons
494 1165 111 44 pour
563 1165 194 44 lesquelles
715 1165 83 44 sa
757 1165 166 44 division
881 1165 97 44 n’a
936 1165 97 44 pas
992 1165 83 44 pu
1033 1165 152 44 prendre
1130 1165 69 44 une

140 1203 115 40 part
211 1203 115 40 plus
283 1203 143 40 active
383 1203 72 40 à
412 1203 86 40 la
455 1203 172 40 bataille
584 1203 86 40 de
627 1203 172 40 Magenta.
756 1203 86 40 Il
799 1203 158 40 envoie,
913 1203 129 40 comme
999 1203 143 40 preuve
1100 1203 86 40 de
1128 1203 72 40 son

142 1231 127 42 dire,
226 1231 84 42 la
269 1231 127 42 copie
353 1231 127 42 d’une
437 1231 295 42 très-intéressante
691 1231 141 42 lettre
789 1231 84 42 du
831 1231 169 42 maréchal
958 1231 197 42 MAc-MAHON.
1099 1231 98 42 Cette

146 1264 114 49 copie
222 1264 89 49 est
273 1264 127 49 jointe
361 1264 63 49 à
387 1264 76 49 la
425 1264 127 49 lettre
513 1264 76 49 du
551 1264 139 49 général
640 1264 101 49 Fanti.

142 1306 125 55 27218.
229 1306 149 55 FLANDRIN
341 1306 149 55 (Hipp.),
453 1306 75 55 le
490 1306 137 55 célèbre
590 1306 137 55 peintre
690 1306 187 55 d’histoire.
852 1306 62 55 —
876 1306 75 55 L.
914 1306 75 55 a.
939 1306 62 55 s.,

147 1360 61 58 1
171 1360 74 58 p.
208 1360 111 58 in-8.
282 1360 61 58 2
294 1360 37 58 »

143 1405 97 63 27219.
211 1405 97 63 FOREY,
279 1405 116 63 maréchal
366 1405 58 63 de
395 1405 107 63 France.
473 1405 48 63 —
492 1405 58 63 L.
521 1405 58 63 s.
550 1405 58 63 au
579 1405 126 63 directeur
666 1405 39 63 du

142 1461 258 54 Spectateur
354 1461 273 54 militaire;
582 1461 197 54 Bordeaux,
734 1461 76 54 8
765 1461 122 54 août
841 1461 137 54 1860,
932 1461 76 54 4
962 1461 91 54 p.
1008 1461 106 54 1/2
1053 1461 137 54 in

1084 1495 114 48 6
1107 1495 91 48 50

170 1542 123 46 Pièce
253 1542 192 46 historique
403 1542 82 46 où
445 1542 82 46 il
486 1542 151 46 raconte
595 1542 82 46 la
637 1542 110 46 part
705 1542 123 46 qu’il
788 1542 110 46 prit
856 1542 82 46 au
897 1542 137 46 combat
993 1542 82 46 de
1021 1542 178 46 Montebello.

132 1578 183 66 27220.
260 1578 402 66 FRÉDÉRIC-GUILLAUME
607 1578 128 66 IV,
680 1578 128 66 roi
753 1578 110 66 de
807 1578 201 66 Prusse,
935 1578 256 66 prédécesseur

136 1631 104 66 de
188 1631 243 66 l’empereur
378 1631 225 66 Guillaume
552 1631 139 66 Ier.
638 1631 87 66 —
673 1631 104 66 L.
725 1631 121 66 s.;
794 1631 156 66 1840,
898 1631 121 66 1/2
968 1631 104 66 p.
1020 1631 156 66 in-4.
1124 1631 87 66 4
1141 1631 52 66 »

138 1691 160 54 27221.
250 1691 207 54 GARIBALDI
409 1691 144 54 (G.),
505 1691 175 54 célèbre
633 1691 175 54 général
760 1691 96 54 et
808 1691 191 54 patriote
952 1691 191 54 italien.
1079 1691 48 54 —

135 1728 94 52 L.
182 1728 94 52 a.
229 1728 94 52 s.
277 1728 78 52 à
308 1728 157 52 Bixio;
418 1728 188 52 Caprera,
559 1728 94 52 27
606 1728 126 52 juin
685 1728 141 52 1858,
779 1728 78 52 1
810 1728 94 52 p.
857 1728 141 52 in-4.
952 1728 94 52 25
983 1728 47 52 »

187 1762 123 49 Belle
270 1762 151 49 lettre.
379 1762 82 49 Il
420 1762 82 49 ne
461 1762 110 49 peut
530 1762 151 49 quitter
640 1762 151 49 Caprera
749 1762 82 49 en
790 1762 82 49 ce
832 1762 151 49 moment.
941 1762 123 49 Quand
1024 1762 82 49 il
1065 1762 96 49 lui
1106 1762 82 49 sera

141 1806 243 48 indispensable
341 1806 86 48 de
384 1806 86 48 se
427 1806 143 48 rendre
527 1806 71 48 à
555 1806 143 48 Gênes,
655 1806 86 48 il
698 1806 143 48 verra,
798 1806 114 48 mais
870 1806 86 48 il
912 1806 143 48 faudra
1013 1806 86 48 le
1041 1806 143 48 prévenit

132 1843 145 55 d’avance.

139 1859 160 75 27222.
251 1859 176 75 GAUTIER
379 1859 256 75 (Théophile),
587 1859 96 75 le
635 1859 176 75 célèbre
764 1859 208 75 écrivain.
924 1859 80 75 —
956 1859 96 75 P.
1004 1859 96 75 a.
1052 1859 112 75 s.,
1116 1859 80 75 1
1132 1859 64 75 p.

143 1929 110 63 in-12.
220 1929 55 63 6
231 1929 33 63 »

170 1976 119 53 C’est
249 1976 79 53 le
288 1976 145 53 dernier
394 1976 145 53 euillet
499 1976 105 53 d’un
565 1976 158 53 charmant
683 1976 145 53 article
789 1976 92 53 sur
841 1976 158 53 l’avenir
960 1976 79 53 de
986 1976 211 53 l’aérostation.
