1062 2361
-10 69 276 64 FRANCE

130 201 226 69 dynamiques
307 201 145 69 d’une
404 201 145 69 œuvre
501 201 145 69 d’art
597 201 97 69 et
646 201 226 69 finalement
807 201 161 69 éléments

131 239 280 52 indispensables
365 239 78 52 à
396 239 249 52 l’expression
599 239 93 52 de
630 239 171 52 celle

109 291 251 50 Responsable:

129 330 201 70 Roland
283 330 262 70 DEMURGER
499 330 93 70 né
545 330 93 70 en
592 330 123 70 1946
669 330 77 70 à
700 330 170 70 Riorges
808 330 154 70 (France)

125 380 223 42 Conception
300 380 207 42 générale.
459 380 223 42 Scénariste
618 380 239 42 audio

127 435 204 57 Solange
288 435 219 57 PERRET
463 435 102 57 née
521 435 88 57 en
565 435 117 57 1948
638 435 73 57 à
667 435 161 57 Grandis
769 435 161 57 (France).

124 470 257 51 Réalisation
330 470 103 51 de
381 470 103 51 la
415 470 189 51 maquette.

124 528 172 52 Yves
250 528 235 52 PERRET
438 528 94 52 né
485 528 94 52 en
532 528 125 52 1946
610 528 78 52 à
641 528 172 52 Grandis
751 528 172 52 (France).

107 559 400 57 Photographe

75 639 128 63 37
160 639 170 63 TUBALAIR
287 639 142 63 69
387 639 227 63 (réalisation
571 639 71 63 à
585 639 170 63 grandeur).

121 696 149 69 Etude
221 696 99 69 de
270 696 248 69 proposition
469 696 132 69 pour
552 696 116 69 les
618 696 182 69 futures
733 696 232 69 explorations

108 741 166 41 lunaires.

121 774 159 54 Module
233 774 175 54 lunaire
360 774 175 54 servant
487 774 96 54 de
535 774 159 54 signal
647 774 143 54 relai
742 774 127 54 pour
822 774 80 54 :
838 774 127 54 radar,

121 808 156 49 laser,
231 808 156 49 radio,
340 808 265 49 photo-imaging
558 808 94 49 et
605 808 140 49 outil
699 808 94 49 de
730 808 234 49 participation

120 845 123 43 pour
197 845 108 43 les
258 845 277 43 investigations
489 845 262 43 scientifiques
689 845 185 43 suivantes:

116 882 84 46 «
150 882 168 46 Etudes
250 882 285 46 topographiques,

116 919 79 47 «
148 919 157 47 Etudes
258 919 251 47 géophysiques
462 919 94 47 de
509 919 94 47 la
556 919 173 47 surface
682 919 173 47 lunaire
808 919 79 47 :
824 919 141 47 mesures

147 956 96 52 au
195 956 241 52 gravimètre,
388 956 257 52 magnétomètre
596 956 160 52 sonore
708 956 128 52 pour
773 956 192 52 déterminer

147 984 125 53 les
219 984 179 53 champs
326 984 251 53 magnétiques,

113 1015 85 46 —
147 1015 171 46 Etudes
250 1015 256 46 géochimiques,

115 1050 80 46 «
147 1050 257 46 Observations
339 1050 273 46 astrophysiques,

114 1095 82 40 «
146 1095 247 40 Spectomètre
344 1095 99 40 et
393 1095 296 40 diffraciomètre
640 1095 82 40 à
673 1095 165 40 rayons
772 1095 66 40 X.

113 1122 217 55 Structure
280 1122 100 55 en
330 1122 200 55 «plastic
480 1122 250 55 Honeycomb»:
680 1122 217 55 structure
831 1122 133 55 essaim

113 1164 213 41 d’abeille
276 1164 98 41 en
325 1164 213 41 plastique
489 1164 213 41 composite
653 1164 196 41 renforcé
800 1164 164 41 (boron
899 1164 65 41 et

113 1194 148 43 fibre
211 1194 98 43 de
260 1194 213 43 graphite)
424 1194 229 43 permettant
604 1194 279 43 l’emplacement
817 1194 148 43 interne

112 1231 116 41 des
178 1231 215 41 multiples
343 1231 215 41 appareils
508 1231 99 41 et
541 1231 182 41 conduits.

114 1255 114 46 Une
179 1255 82 46 «
212 1255 147 46 peau»
310 1255 98 46 de
359 1255 147 46 photo
457 1255 196 46 cellules
604 1255 262 46 génératrices
800 1255 164 46 solaires

112 1298 189 42 couvrira
254 1298 110 42 les
317 1298 189 42 surfaces
459 1298 189 42 exposées
601 1298 95 42 au
649 1298 174 42 soleil,
759 1298 205 42 nourrissant

112 1328 109 47 les
174 1328 202 47 batteries
329 1328 233 47 nécessaires
515 1328 109 47 aux
577 1328 202 47 appareils
716 1328 248 47 électroniques.

108 1363 120 43 Les
176 1363 205 43 semelles
330 1363 240 43 gonflables
519 1363 223 43 isoleront
690 1363 205 43 Tubalair
844 1363 103 43 du
878 1363 86 43 sol

111 1397 189 38 lunaire,
253 1397 110 38 des
316 1397 205 38 activités
474 1397 205 38 sismiques
632 1397 95 38 et
679 1397 110 38 des
726 1397 237 38 considérables

105 1435 107 34 et
159 1435 214 34 brusques
320 1435 268 34 changements
534 1435 107 34 de
588 1435 268 34 température
802 1435 161 34 (jour
892 1435 71 34 et

107 1467 137 34 nuit
192 1467 223 34 lunaires)
364 1467 240 34 augmentant
552 1467 154 34 ainsi
655 1467 103 34 la
706 1467 257 34 performance
895 1467 68 34 et

108 1494 94 42 la
155 1494 218 42 résistance
327 1494 94 42 de
373 1494 187 42 Tubalair
514 1494 109 42 aux
576 1494 218 42 conditions
748 1494 94 42 de
779 1494 187 42 l’environ

84 1530 165 44 nement.

105 1582 258 53 Responsable
311 1582 103 53 de
345 1582 189 53 l’équipe:

104 1633 190 46 Gilles
250 1633 234 46 LARRAIN
440 1633 88 46 né
484 1633 88 46 en
528 1633 117 46 1938
601 1633 73 46 à
630 1633 131 46 Dalat
703 1633 175 46 (Vietnam).

87 1669 355 47 Architecte

101 1724 231 43 François
283 1724 298 43 DALLEGRET
531 1724 99 43 né
581 1724 99 43 en
630 1724 132 43 1937
713 1724 83 43 à
730 1724 231 43 Port

100 1760 190 52 (Maroc).
227 1760 347 52 Architecte

49 1853 144 53 38
145 1853 144 53 UNITE
241 1853 96 53 DE
289 1853 304 53 CONSUMATION
544 1853 256 53 (réalisation
752 1853 80 53 à
768 1853 192 53 grandeur).

97 1908 232 63 Réactivons
279 1908 232 63 l’érotisme
462 1908 232 63 prégénital
644 1908 132 63 pour
726 1908 149 63 faire
826 1908 99 63 du
859 1908 99 63 tra-

95 1956 198 36 vailleur
243 1956 99 36 un
292 1956 181 36 ludique
408 1956 214 36 polymorphe.

91 1986 94 51 A
129 1986 113 51 la
185 1986 207 51 société
336 1986 113 51 de
393 1986 320 51 consommation,
656 1986 283 51 substituons
864 1986 94 51 une

93 2019 191 37 société
232 2019 104 37 de
267 2019 243 37 consumation.

94 2050 102 44 Ne
145 2050 237 44 détournons
331 2050 136 44 plus
416 2050 220 44 l’énergie
585 2050 237 44 libidinale
772 2050 85 44 à
806 2050 119 44 des
856 2050 102 44 fins

93 2084 260 39 productives
300 2084 156 39 comme
404 2084 121 39 des
473 2084 190 39 leaders
612 2084 104 39 de
664 2084 190 39 groupes
785 2084 173 39 sociaux,

94 2120 271 36 persécuteurs
314 2120 321 36 irresponsables.
585 2120 254 36 Gigantesque
771 2120 186 36 Rorschach

91 2152 389 40 multidimensionnel,
427 2152 247 40 l’ensemble
621 2152 265 40 orgiastique
816 2152 141 40 aidera

94 2184 172 41 l’homme
220 2184 78 41 à
251 2184 188 41 projeter
392 2184 94 41 et
439 2184 78 41 à
470 2184 94 41 se
517 2184 172 41 libérer
643 2184 94 41 de
690 2184 110 41 ses
737 2184 219 41 contraintes.

23 2255 92 59 152
