1062 2361
-26 88 481 73 VOUGOSLAVIE

170 471 243 62 Commissaire
365 471 179 62 général
494 471 81 62 :
527 471 195 62 Boris
657 471 227 62 Vizintin

171 522 229 61 Directeur
348 522 106 61 du
401 522 159 61 Musée
506 522 159 61 d’Art
612 522 194 61 Moderne
753 522 106 61 de
788 522 159 61 Rijeka.

121 666 90 55 A
157 666 108 55 la
211 666 198 55 Sixième
355 666 216 55 Biennale
517 666 108 55 de
572 666 180 55 Paris,
698 666 108 55 la
734 666 234 55 Yougoslavie

63 704 231 62 présente
236 704 115 62 un
293 704 231 62 peintre,
466 704 115 62 un
524 704 269 62 sculpteur,
735 704 115 62 un
774 704 192 62 graveur,

63 750 115 52 un
120 750 308 52 scénographe,
371 750 154 52 cinq
467 750 308 52 compositeurs
717 750 115 52 et
775 750 154 52 sept
852 750 115 52 réa-

64 788 235 50 lisateurs
245 788 108 50 de
299 788 163 50 films
407 788 108 50 de
461 788 163 50 court
570 788 217 50 métrage.
732 788 144 50 Pour
823 788 108 50 la
859 788 108 50 pre-

64 833 166 53 mière
174 833 166 53 fois,
285 833 147 53 elle
377 833 239 53 participe
561 833 92 53 à
598 833 166 53 cette
690 833 276 53 manifestation

60 875 151 45 avec
154 875 132 45 une
230 875 170 45 œuvre
343 875 264 45 collective
551 875 264 45 d’artistes
758 875 189 45 réunis
872 875 94 45 par

62 909 114 55 la
119 909 209 55 Galerie
271 909 190 55 Centar
403 909 114 55 de
441 909 171 55 Zagreb.

118 952 124 62 En
180 952 268 62 composant
387 952 186 62 cette
511 952 289 62 sélection,
738 952 165 62 nous
820 952 145 62 avons

55 1000 165 59 tenu
159 1000 207 59 compte
303 1000 124 59 de
365 1000 186 59 trois
489 1000 268 59 facteurs:
696 1000 124 59 du
737 1000 227 59 caractère

58 1037 121 66 de
118 1037 121 66 la
179 1037 343 66 manifestation
461 1037 282 66 elle-même,
683 1037 141 66 des
743 1037 222 66 tendances

59 1083 135 60 les
136 1083 154 60 plus
232 1083 231 60 récentes
405 1083 154 60 dans
501 1083 115 60 la
559 1083 250 60 recherche
751 1083 135 60 des
809 1083 154 60 jeunes

57 1132 226 52 artistes
227 1132 132 52 et,
302 1132 170 52 avant
415 1132 170 52 tout,
528 1132 113 52 de
585 1132 113 52 la
642 1132 207 52 qualité
792 1132 113 52 et
849 1132 113 52 de
887 1132 75 52 la

55 1166 236 54 fraïcheur
236 1166 254 54 artistique
436 1166 109 54 de
490 1166 163 54 leurs
599 1166 200 54 œuvres.
744 1166 163 54 Ainsi
835 1166 127 54 peut-

55 1217 114 48 on
112 1217 190 48 suivre
245 1217 171 48 leurs
358 1217 209 48 efforts
510 1217 114 48 et
567 1217 152 48 leur
662 1217 265 48 hardiesse,
851 1217 114 48 leur

55 1250 231 47 curiosité
233 1250 142 47 dans
322 1250 391 47 l’expérimentation.
660 1250 142 47 Dans
749 1250 107 47 la
784 1250 178 47 constel-

56 1291 197 60 lation
194 1291 138 60 des
273 1291 275 60 mouvements
489 1291 295 60 artistiques
705 1291 256 60 aujourd’hui

51 1339 158 42 dans
150 1339 119 42 le
209 1339 198 42 monde,
348 1339 178 42 leurs
467 1339 257 42 démarches
664 1339 158 42 sont
743 1339 218 42 orientées

50 1376 112 58 de
106 1376 204 58 manière
255 1376 93 58 à
292 1376 204 58 trouver
441 1376 130 58 les
515 1376 186 58 moyens
645 1376 297 58 d’expression
868 1376 93 58 les

53 1422 145 52 plus
143 1422 199 52 actuels
288 1422 109 52 de
343 1422 109 52 la
397 1422 127 52 vie
470 1422 326 52 contemporaine.
742 1422 109 52 En
796 1422 109 52 ce
832 1422 127 52 sens,

54 1460 254 56 l’illusion
253 1460 344 56 conventionnelle
543 1460 109 56 de
598 1460 109 56 la
652 1460 236 56 troisième
815 1460 145 56 dimen-

48 1502 152 52 sion
143 1502 152 52 d’un
238 1502 190 52 espace
371 1502 190 52 unique
504 1502 133 52 est
580 1502 209 52 devenue
732 1502 152 52 tout
827 1502 95 52 à
846 1502 114 52 fait

50 1540 152 47 rare
145 1540 114 47 ou
202 1540 95 47 a
240 1540 190 47 évolué
372 1540 152 47 vers
467 1540 114 47 la
524 1540 190 47 percée
657 1540 114 47 de
714 1540 209 47 visions
846 1540 114 47 sur-

49 1586 255 53 réalistes.
249 1586 109 53 Un
304 1586 201 53 certain
450 1586 182 53 nombre
578 1586 109 53 de
633 1586 182 53 jeunes
760 1586 128 53 ont
815 1586 146 53 remar-

46 1631 133 51 qué
122 1631 133 51 que
198 1631 133 51 les
274 1631 190 51 thèmes
407 1631 114 51 de
464 1631 114 51 la
522 1631 247 51 tradition
712 1631 152 51 sont
788 1631 171 51 épuisés

46 1673 119 48 et
106 1673 119 48 ne
165 1673 219 48 peuvent
324 1673 258 48 supporter
523 1673 119 48 le
583 1673 179 48 poids
702 1673 119 48 et
761 1673 199 48 l’élan
881 1673 79 48 de

48 1704 200 50 l’homme
194 1704 109 50 et
248 1704 109 50 de
303 1704 237 50 l’artiste
485 1704 128 50 qui
558 1704 237 50 acceptent
740 1704 109 50 de
795 1704 164 50 vivre
886 1704 73 50 et

44 1749 229 56 d’œuvrer
215 1749 286 56 aujourd’hui
444 1749 171 56 parmi
558 1749 171 56 nous.
672 1749 133 56 Ils
749 1749 133 56 ont
806 1749 152 56 élargi

47 1788 140 44 leur
135 1788 158 44 angle
240 1788 193 44 visuel,
381 1788 245 44 approfondi
573 1788 140 44 leur
661 1788 175 44 regard
784 1788 105 44 et
819 1788 140 44 décou-

38 1832 180 52 vert
150 1832 157 52 que
240 1832 135 52 la
307 1832 405 52 phénoménologie
644 1832 135 52 du
712 1832 202 52 monde
824 1832 135 52 dans

43 1873 187 46 lequel
174 1873 149 46 nous
267 1873 187 46 vivons
398 1873 168 46 s’est
510 1873 224 46 enrichie
678 1873 112 46 de
734 1873 187 46 formes
846 1873 112 46 iné-

41 1922 195 50 dites;
177 1922 137 50 ils
255 1922 137 50 ont
333 1922 176 50 senti
450 1922 137 50 que
528 1922 117 50 la
587 1922 137 50 vie
665 1922 312 50 émotionnelle
899 1922 59 50 a

39 1963 342 41 profondément
317 1963 214 41 changé
466 1963 128 41 et
530 1963 150 41 que
616 1963 128 41 la
659 1963 299 41 connaissance

41 2000 331 46 intellectuelle
317 2000 92 46 a
354 2000 203 46 conquis
501 2000 110 46 de
556 2000 239 46 nouvelles
722 2000 184 46 sphères.

97 2040 172 50 Cette
212 2040 230 50 Biennale
384 2040 153 50 nous
480 2040 191 50 permet
614 2040 115 50 de
671 2040 249 50 constater
843 2040 115 50 leur

38 2088 244 39 puissance
226 2088 319 39 d’élaboration
488 2088 150 39 dans
582 2088 113 39 le
638 2088 244 39 mouvement
807 2088 150 39 artis-

36 2129 178 50 tique
135 2129 296 50 contemporain.

684 2198 152 55 Boris
769 2198 186 55 Vizintin.

13 2270 98 67 134
