1062 2385
18 229 198 67 tement
157 229 158 67 pour
256 229 316 67 elles-mêmes,
513 229 119 67 en
572 229 198 67 dehors
710 229 119 67 de
750 229 158 67 toutes

22 281 323 59 considérations
291 281 251 59 nationales
471 281 215 59 dépassées.

74 337 119 52 Je
134 337 239 52 voudrais
313 337 159 52 dire
412 337 119 52 ma
472 337 259 52 gratitude
671 337 139 52 aux
731 337 179 52 Commis-

23 370 197 61 saires
161 370 138 61 des
240 370 275 61 différents
456 370 157 61 pays
554 370 157 61 qui,
652 370 157 61 avec
751 370 157 61 tant
829 370 79 61 de

24 413 334 59 compréhension
300 413 118 59 et
359 413 374 59 d’enthousiasme,
673 413 138 59 ont
732 413 177 59 accepté

28 453 112 65 le
84 453 244 65 programme
272 453 187 65 tracé,
403 453 112 65 ce
459 453 131 65 qui
534 453 150 65 leur
628 453 187 65 créait
759 453 112 65 de
797 453 112 65 bien

32 501 201 55 lourdes
178 501 366 55 responsabilités.
489 501 128 55 Les
562 501 201 55 envois,
690 501 220 55 cependant,

29 545 255 52 répondent
225 545 98 52 à
265 545 176 52 notre
382 545 216 52 attente
539 545 118 52 et
598 545 157 52 leur
696 545 216 52 qualité
833 545 78 52 se

31 579 184 70 posera
159 579 202 70 souvent
306 579 110 70 en
361 579 202 70 exemple
508 579 92 70 à
545 579 129 70 nos
618 579 239 70 artistes.
802 579 110 70 Il
839 579 73 70 en

33 629 262 52 résultera,
239 629 150 52 nous
332 629 112 52 le
389 629 224 52 pensons,
557 629 131 52 une
632 629 206 52 variété
781 629 112 52 et
819 629 93 52 une

35 661 216 63 richesse
197 661 108 63 de
251 661 270 63 suggestions
467 661 126 63 que
539 661 234 63 n’avaient
719 661 108 63 pu
755 661 162 63 attein-

34 717 126 49 dre
106 717 126 49 les
178 717 234 49 Biennales
339 717 252 49 précédentes.

90 761 121 54 Par
159 761 224 54 ailleurs,
331 761 121 54 des
400 761 224 54 problèmes
573 761 311 54 d’installation
814 761 104 54 par-

37 802 216 59 ticuliers
203 802 116 59 ont
270 802 100 59 dû
320 802 133 59 être
403 802 199 59 résolus.
552 802 116 59 Les
618 802 183 59 travaux
751 802 100 59 de
784 802 133 59 réfec-

36 844 144 61 tion
126 844 108 61 du
180 844 162 61 Musée
288 844 162 61 d’Art
396 844 198 61 Moderne
539 844 108 61 de
593 844 108 61 la
647 844 162 61 Ville
755 844 108 61 de
791 844 126 61 Paris

39 895 128 44 ont
112 895 201 44 empêché
258 895 311 44 l’utilisation
514 895 128 44 des
588 895 183 44 étages
697 895 220 44 supérieurs

41 935 107 51 de
95 935 107 51 ce
148 935 215 51 bâtiment
310 935 107 51 et
363 935 107 51 la
417 935 286 51 circulation,
650 935 197 51 devenue
775 935 143 51 tradi-

39 970 251 57 tionnelle,
237 970 144 57 dans
326 970 126 57 une
398 970 287 57 architecture
632 970 108 57 du
686 970 162 57 reste
775 970 144 57 médio-

40 1023 153 50 cre.
135 1023 153 50 Pour
231 1023 248 50 compenser
421 1023 114 50 en
478 1023 191 50 partie
612 1023 172 50 cette
707 1023 210 50 réduction

46 1055 103 51 de
97 1055 206 51 surface,
252 1055 103 51 la
304 1055 223 51 Direction
475 1055 103 51 de
527 1055 206 51 l’Action
681 1055 241 51 Culturelle
853 1055 69 51 de

47 1095 114 56 la
104 1095 171 56 Ville
218 1095 114 56 de
275 1095 171 56 Paris
389 1095 114 56 et
446 1095 114 56 la
503 1095 304 56 Conservation
750 1095 114 56 du
788 1095 133 56 Musée

47 1140 149 50 nous
140 1140 130 50 ont
215 1140 205 50 octroyé
364 1140 149 50 tout
457 1140 205 50 l’étage
606 1140 242 50 inférieur
792 1140 112 50 où
829 1140 93 50 les

48 1181 261 50 conditions
253 1181 298 50 d’exposition
495 1181 149 50 sont
588 1181 298 50 certainement
811 1181 112 50 bien

36 1232 214 51 meilleures.

99 1273 157 59 Nous
198 1273 177 59 avons
315 1273 255 59 rencontré
512 1273 137 59 une
590 1273 177 59 égale
688 1273 236 59 compréhen-

50 1321 159 56 sion
150 1321 100 56 à
190 1321 120 56 la
249 1321 259 56 Direction
449 1321 140 56 des
528 1321 199 56 Musées
668 1321 120 56 de
728 1321 199 56 France
847 1321 80 56 et

50 1364 199 49 auprès
189 1364 119 49 de
249 1364 119 49 la
308 1364 318 49 Conservation
567 1364 119 49 du
626 1364 179 49 Musée
725 1364 199 49 National

53 1410 167 46 d’Art
165 1410 205 46 Moderne
314 1410 130 46 qui
388 1410 130 46 ont
463 1410 149 46 bien
556 1410 186 46 voulu,
686 1410 149 46 pour
779 1410 112 46 la
816 1410 112 46 pre-

55 1448 161 44 mière
162 1448 161 44 fois,
269 1448 143 44 nous
358 1448 232 44 permettre
537 1448 250 44 d’utiliser
733 1448 125 44 une
786 1448 143 44 partie

52 1491 112 48 de
108 1491 167 48 leurs
220 1491 186 48 salles
350 1491 112 48 se
406 1491 223 48 trouvant
573 1491 112 48 au
629 1491 149 48 même
722 1491 186 48 niveau
834 1491 93 48 que

55 1529 178 48 celles
180 1529 107 48 de
233 1529 107 48 la
287 1529 178 48 Ville.
411 1529 125 48 Nos
483 1529 267 48 architectes
696 1529 125 48 ont
768 1529 107 48 pu
803 1529 125 48 ainsi

54 1571 240 51 concevoir,
243 1571 137 51 afin
328 1571 103 51 de
380 1571 172 51 relier
500 1571 120 51 ces
569 1571 172 51 lieux,
689 1571 103 51 un
723 1571 206 51 dispositif

56 1617 237 39 extérieur
238 1617 146 39 pour
329 1617 109 39 la
384 1617 292 39 présentation
621 1617 146 39 d’un
712 1617 219 39 ensemble
858 1617 73 39 de

54 1658 267 48 sculptures
264 1658 325 48 monumentales.
531 1658 115 48 Je
588 1658 172 48 pense
703 1658 134 48 que
760 1658 172 48 l’expo-

54 1701 191 50 sition
188 1701 210 50 gagnera
340 1701 229 50 beaucoup
512 1701 115 50 en
569 1701 305 50 homogénéité,
798 1701 134 50 cette

57 1743 317 46 présentation,
318 1743 112 46 en
374 1743 205 46 quelque
523 1743 168 46 sorte
635 1743 261 46 collective
821 1743 112 46 elle

56 1784 191 52 aussi,
189 1784 324 52 correspondant
456 1784 172 52 mieux
571 1784 95 52 à
609 1784 172 52 notre
704 1784 229 52 programme.

108 1837 150 46 Plus
202 1837 187 46 encore
333 1837 131 46 que
408 1837 131 46 par
483 1837 112 46 le
539 1837 187 46 passé,
671 1837 169 46 cette
764 1837 169 46 Sixième

56 1872 229 50 Biennale
228 1872 344 50 s’accompagnera
514 1872 115 50 de
571 1872 286 50 projections
781 1872 153 50 systé-

57 1922 229 44 matiques
229 1922 210 44 au-delà
381 1922 114 44 de
438 1922 133 44 son
515 1922 191 44 centre
648 1922 114 44 et
705 1922 191 44 jusque
820 1922 114 44 dans

59 1963 114 47 la
116 1963 191 47 proche
250 1963 248 47 banlieue.
440 1963 114 47 En
497 1963 210 47 liaison
650 1963 153 47 avec
745 1963 172 47 elle,
841 1963 95 47 des

56 2009 352 52 manifestations
350 2009 215 52 annexes
507 2009 313 52 permettront,
761 2009 176 52 grâce
859 2009 78 52 au

59 2044 172 54 Musée
173 2044 229 54 Galliéra
345 2044 134 54 mis
422 2044 95 54 à
460 2044 172 54 notre
574 2044 286 54 disposition
803 2044 134 54 par
861 2044 76 54 la

58 2088 158 54 Ville
164 2088 106 54 de
217 2088 176 54 Paris,
340 2088 158 54 comme
445 2088 123 54 par
516 2088 106 54 le
569 2088 194 54 recours
709 2088 88 54 à
744 2088 106 54 un
780 2088 158 54 certain

59 2133 187 42 nombre
190 2133 112 42 de
246 2133 225 42 galeries
415 2133 112 42 et
471 2133 112 42 de
527 2133 206 42 centres
677 2133 262 42 culturels,
864 2133 75 42 de

58 2176 249 40 compléter
249 2176 134 40 sur
326 2176 230 40 beaucoup
498 2176 115 40 de
555 2176 191 40 points
670 2176 268 40 l’exposition

58 2217 239 56 centrale:
241 2217 202 56 groupes
389 2217 110 56 de
444 2217 184 56 jeunes
572 2217 221 56 artistes
719 2217 221 56 étrangers,

39 2298 78 56 12
