1101 2361
387 58 362 91 EDITION
646 58 413 91 D’ESTAMPES

125 450 130 67 Lors
206 450 114 67 des
271 450 244 67 précédentes
466 450 211 67 Biennales
629 450 130 67 nous
710 450 146 67 avons
807 450 146 67 édité
905 450 98 67 un
937 450 98 67 cer-

125 477 126 68 tain
204 477 157 68 nombre
314 477 220 68 d’estampes
486 477 236 68 originales,
675 477 204 68 réalisées
816 477 220 68 spécialement

124 513 83 68 à
158 513 149 68 notre
257 513 216 68 intention
423 513 116 68 par
489 513 100 68 de
539 513 166 68 jeunes
655 513 216 68 artistes.
821 513 149 68 Cette
904 513 133 68 année,

125 548 135 73 pour
210 548 152 73 notre
311 548 186 73 sixième
447 548 305 73 manifestation,
701 548 135 73 nous
785 548 152 73 avons
870 548 169 73 commandé

127 601 113 57 une
191 601 258 57 pointe-sèche
385 601 48 57 à

132 673 202 71 Doroteo
291 673 217 71 ARNAIZ
464 673 87 71 né
507 673 87 71 en
551 673 116 71 1936
623 673 72 71 à
652 673 145 71 Madrid
739 673 173 71 (Espagne).

129 718 152 64 Cette
231 718 203 64 gravure,
383 718 152 64 tirée
484 718 85 64 à
518 718 102 64 90
569 718 254 64 exemplaires
772 718 237 64 numérotés,
941 718 102 64 dont

127 753 106 64 70
180 753 123 64 sur
251 753 158 64 Vélin
356 753 106 64 de
409 753 211 64 Hollande
567 753 123 64 des
637 753 246 64 Papeteries
831 753 193 64 Royales
954 753 88 64 Van

130 784 169 62 Gelder
248 784 152 62 Zonen
350 784 254 62 (Papeteries
553 784 101 62 de
603 784 270 62 Montevrain),
823 784 220 62 numérotés
975 784 68 62 de

132 819 78 65 1
164 819 78 65 à
195 819 94 65 70
242 819 94 65 et
289 819 94 65 20
336 819 172 65 tirages
461 819 94 65 de
508 819 125 65 tête
587 819 110 65 sur
649 819 157 65 papier
759 819 94 65 du
806 819 157 65 Moulin
900 819 141 65 Richard

129 851 104 68 de
181 851 138 68 Bas,
267 851 225 68 numérotés
440 851 104 68 de
491 851 86 68 A
526 851 86 68 à
560 851 104 68 T,
612 851 121 68 est
681 851 173 68 vendue
802 851 138 68 dans
889 851 104 68 le
923 851 121 68 cadre

131 906 95 60 de
179 906 95 60 la
210 906 175 60 Biennale.

134 938 138 70 Dans
220 938 103 70 la
272 938 172 70 mesure
392 938 121 70 des
461 938 190 70 tirages
599 938 276 70 disponibles,
823 938 172 70 seront
926 938 121 70 mises

134 979 104 62 en
186 979 155 62 vente
289 979 224 62 également
462 979 121 62 des
531 979 207 62 gravures
686 979 104 62 et
738 979 121 62 des
789 979 259 62 lithographies

135 1013 277 62 précédemment
360 1013 208 62 éditées,
516 1013 225 62 notamment
689 1013 173 62 celles
793 1013 87 62 de:

140 1081 138 54 Tuvia
233 1081 115 54 BEER

132 1137 170 58 BREYTEN

143 1194 195 55 Christian
289 1194 158 55 FOSSIER

142 1252 157 56 Alena
246 1252 183 56 KUCEROVA

146 1305 198 62 Barbara
287 1305 226 62 KWANIEWSKA

147 1368 207 51 Michèle
295 1368 325 51 NEDELEC

151 1429 141 53 Pierre
249 1429 119 53 SKIRA

151 1481 211 50 Krystyna
306 1481 239 50 SMIECHOWSKA

154 1543 171 54 Eugenio
276 1543 146 54 TELLEZ

981 2257 95 59 169
