1101 2361
820 50 279 66 FRANCE

123 190 123 72 56
205 190 109 72 PORZ
273 190 177 72 LAMAT
396 190 177 72 (maquette).

163 234 104 78 Le
215 234 207 78 problème
370 234 104 78 de
422 234 104 78 la
474 234 138 78 mise
560 234 104 78 en
612 234 173 78 valeur
732 234 104 78 du
784 234 138 78 bien
853 234 173 78 national

161 276 129 68 que
234 276 258 68 représente
437 276 111 68 la
493 276 148 68 côte
585 276 221 68 bretonne
751 276 148 68 sud,
843 276 129 68 son
899 276 129 68 sous-

165 311 245 62 équipement,
360 311 98 62 le
409 311 163 62 manque
523 311 342 62 d’investissements
817 311 114 62 qui
866 311 163 62 accentue

167 345 94 68 le
214 345 251 68 déséquilibre
419 345 188 68 existant
560 345 126 68 avec
638 345 94 68 la
686 345 126 68 côte
748 345 283 68 méditerranéenne,

167 379 138 65 nous
253 379 121 65 ont
322 379 207 65 conduits
478 379 86 65 à
512 379 190 65 étudier
650 379 104 65 un
702 379 138 65 port
788 379 104 65 de
840 379 173 65 pleine
944 379 86 65 eau

168 411 136 64 situé
259 411 106 64 sur
319 411 106 64 les
380 411 151 64 grands
486 411 182 64 circuits
622 411 91 64 de
668 411 197 64 plaisance
819 411 91 64 et
864 411 91 64 de
895 411 136 64 régates

168 451 157 65 (entre
278 451 173 65 Bénodet
404 451 94 65 et
451 451 94 65 La
483 451 299 65 Trinité

169 479 130 74 Porz
250 479 147 74 Lamat
348 479 196 74 groupera
495 479 147 74 1.700
593 479 130 74 lits
674 479 98 74 et
723 479 147 74 leurs
805 479 228 74 équipements,

167 519 170 66 autour
286 519 136 66 d’un
371 519 136 66 port
456 519 102 66 de
507 519 136 66 huit
592 519 204 66 hectares
746 519 187 66 pouvant
865 519 170 66 recevoir

170 554 114 61 500
235 554 196 61 bateaux.
382 554 163 61 Chaque
496 554 212 61 logement,
659 554 245 61 individuel,
838 554 196 61 collectif,

170 591 128 59 aura
250 591 112 59 son
314 591 240 59 orientation
506 591 224 59 principale
682 591 176 59 tournée
810 591 128 59 vers
890 591 96 59 ce
922 591 112 59 port.

172 626 128 58 Leur
252 626 240 58 composition
444 626 224 58 accentuera
619 626 192 58 l’esprit
763 626 96 58 de
811 626 176 58 falaise
939 626 96 58 et
971 626 64 58 de

172 654 173 63 crique
293 654 104 63 du
345 654 156 63 site.
449 654 104 63 Il
501 654 139 63 aura
588 654 104 63 le
639 654 225 63 caractère
813 654 139 63 d’un
882 654 156 63 village

172 689 176 61 réservé
300 689 112 61 aux
364 689 176 61 piétons
493 689 128 61 dont
573 689 112 61 les
637 689 257 61 circulations
830 689 208 61 s’étageront

172 724 80 58 à
204 724 128 58 tous
284 724 112 58 les
348 724 176 58 niveaux
476 724 128 58 sous
556 724 144 58 forme
653 724 96 58 de
701 724 256 58 passerelles,
893 724 144 58 ruelles

173 755 90 66 et
218 755 210 66 placettes.
383 755 90 66 La
428 755 105 66 vie
488 755 90 66 et
533 755 90 66 la
578 755 195 66 gestation
727 755 75 66 y
757 755 150 66 seront
862 755 150 66 celles
952 755 90 66 d’un

173 797 158 63 grand
278 797 140 63 club
365 797 158 63 conçu
470 797 140 63 pour
558 797 105 63 le
593 797 193 63 nautisme.

175 855 368 60 Marie-Marguerite
495 855 256 60 BULLIER
704 855 112 60 née
768 855 96 60 en
816 855 128 60 1943
896 855 80 60 à
912 855 128 60 Meudon

177 907 191 49 (France).
310 907 191 49 Architecte.

177 953 217 53 Solange
347 953 434 53 CHARPENTIER-LEVEQUE
734 953 108 53 née
796 953 93 53 en
843 953 124 53 1943
920 953 77 53 à
936 953 108 53 Bois-

164 1003 343 41 Colombes
422 1003 371 41 (France).
707 1003 428 41 Architecte.
1021 1003 86 41 1

179 1032 304 66 André-Norbert
437 1032 243 66 LEVEQUE
635 1032 91 66 né
681 1032 91 66 en
727 1032 122 66 1945
803 1032 76 66 à
833 1032 137 66 Laval
924 1032 198 66 (France).
1061 1032 46 66 I

165 1094 195 45 Architecte.

179 1121 241 70 Francis
368 1121 258 70 MIGUET
574 1121 103 70 né
626 1121 103 70 en
677 1121 138 70 1943
763 1121 86 70 à
798 1121 155 70 Paris
901 1121 223 70 (France).
1055 1121 52 70 I

166 1186 196 53 Architecte.

1092 1195 9 44 I

183 1225 236 55 Catherine
375 1225 265 55 MORGOULIS
596 1225 103 55 née
655 1225 88 55 en
699 1225 118 55 1943
773 1225 74 55 à
802 1225 162 55 Athènes
906 1225 147 55 (Grèce).

170 1278 194 41 Architecte.

187 1305 238 73 Philippe
377 1305 254 73 RIVIERE
584 1305 95 73 né
631 1305 95 73 en
679 1305 127 73 1946
758 1305 79 73 à
790 1305 190 73 Boulogne
933 1305 206 73 (France).

41 1363 1066 44 Architecte.

142 1462 158 79 57
248 1462 105 79 UN
300 1462 263 79 RENDEZ-VOUS
511 1462 386 79 SOCIECOLOGIQUE
844 1462 228 79 (maquette
1019 1462 105 79 et
1054 1462 53 79 »

151 1527 1009 43 environnement).
948 1527 159 43 »

186 1563 157 57 Face
284 1563 98 57 à
324 1563 137 57 une
402 1563 176 57 prise
519 1563 118 57 de
578 1563 274 57 conscience
794 1563 118 57 de
852 1563 157 57 plus
950 1563 118 57 en
989 1563 118 57 plus

188 1599 168 56 globale
310 1599 92 56 du
356 1599 153 56 monde,
463 1599 275 56 l’architecture
692 1599 122 56 elle
768 1599 137 56 aussi
860 1599 92 56 ne
890 1599 168 56 doit

189 1650 117 40 pas
256 1650 133 40 être
339 1650 250 40 appréhendée
540 1650 133 40 dans
623 1650 100 40 un
673 1650 150 40 cadre
773 1650 300 40 sociécologique
1024 1650 100 40 de
1057 1650 50 40 »

189 1682 234 38 synthèse?
369 1682 108 38 La
423 1682 306 38 planification
675 1682 108 38 de
729 1682 216 38 l’avenir
891 1682 198 38 exigera
1017 1682 90 38 une

189 1708 200 44 attitude
340 1708 167 44 fondée
457 1708 117 44 sur
523 1708 100 44 le
574 1708 251 44 changement.
774 1708 117 44 Les
824 1708 234 44 interactions

189 1744 262 37 constantes
395 1744 168 37 entre
507 1744 206 37 l’homme
657 1744 112 37 et
713 1744 131 37 son
788 1744 187 37 milieu
900 1744 206 37 supposent

191 1772 307 47 nécessairement
447 1772 119 47 des
515 1772 290 47 modifications
753 1772 222 47 continues
924 1772 102 47 de
958 1772 102 47 l’un

193 1806 100 43 et
243 1806 100 43 de
294 1806 201 43 l’autre,
444 1806 284 43 modifications
678 1806 117 43 qui
745 1806 217 43 devraient
896 1806 167 43 toujours

195 1850 169 30 rester
313 1850 135 30 dans
398 1850 101 30 le
448 1850 152 30 cadre
549 1850 118 30 des
617 1850 253 30 contraintes
819 1850 253 30 qu’imposent
1005 1850 101 30 les»

196 1878 133 34 lois
280 1878 100 34 de
330 1878 100 34 la
380 1878 167 34 nature
497 1878 100 34 et
547 1878 117 34 les
613 1878 217 34 immuables
764 1878 300 34 caractéristiques

195 1894 248 58 biologiques
394 1894 99 58 et
444 1894 199 58 mentales
593 1894 99 58 de
642 1894 166 58 l’être
758 1894 182 58 humain.
891 1894 116 58 Par
940 1894 166 58 l’inter-

199 1951 223 31 médiaire,
370 1951 103 31 et
422 1951 188 31 surtout
559 1951 154 31 grâce
662 1951 86 31 à
696 1951 103 31 la
747 1951 206 31 création
901 1951 103 31 du
936 1951 171 31 «rendez-

199 1982 128 29 vous
279 1982 96 29 »,
327 1982 128 29 nous
407 1982 144 29 avons
504 1982 144 29 voulu
600 1982 176 29 reposer
728 1982 112 29 ces
792 1982 208 29 problèmes
937 1982 128 29 essen-

199 1997 154 47 tiels
302 1997 120 47 qui
370 1997 137 47 dans
456 1997 103 47 le
507 1997 205 47 contexte
661 1997 171 47 actuel
781 1997 103 47 de
832 1997 103 47 la
884 1997 120 47 fin
952 1997 103 47 de
986 1997 120 47 notre

201 2035 111 46 ère
265 2035 254 46 industrielle
471 2035 191 46 semblent
614 2035 143 46 avoir
710 2035 111 46 été
773 2035 127 46 bien
853 2035 175 46 souvent
964 2035 143 46 délais-

67 2061 1189 47 sés.

200 2126 268 49 Jean-Claude
423 2126 253 49 PONDEVIE
632 2126 89 49 né
676 2126 89 49 en
721 2126 119 49 1942
795 2126 74 49 à
825 2126 89 49 La
855 2126 208 49 Mothe

176 2166 504 60 (France).
564 2166 582 60 Architecte.
991 2166 116 60 1

973 2248 93 58 161
