1062 2361
-11 66 277 68 FRANCE

310 192 266 72 GROUPES
479 192 291 72 D’ARTISTES

79 273 132 64 13
167 273 103 64 LES
226 273 249 64 ACROBATES
431 273 234 64 (réalisation
622 273 73 64 à
636 273 176 64 grandeur).

125 326 156 68 Sports
235 326 94 68 et
282 326 172 68 loisirs
407 326 125 68 dans
485 326 219 68 l’euphorie
657 326 203 68 populaire
813 326 109 68 des
860 326 109 68 weel-

122 378 137 52 ends
207 378 256 52 campagnards
412 378 85 52 —
447 378 188 52 espaces
583 378 171 52 verts,
686 378 222 52 cabotinage.

123 415 110 65 Il
178 415 92 65 y
215 415 92 65 a
251 415 239 65 longtemps
435 415 129 65 que
509 415 221 65 Carrier,
674 415 165 65 Dody,
784 415 165 65 Unal,
876 415 92 65 ont

121 460 225 58 abandonné
294 460 104 58 le
346 460 190 58 tableau
484 460 242 58 individuel
675 460 104 58 de
727 460 208 58 chevalet
865 460 104 58 pour

118 491 177 60 tenter
242 491 124 60 une
313 491 159 60 œuvre
419 491 212 60 commune.
578 491 194 60 Prenant
719 491 88 60 à
755 491 141 60 leur
826 491 141 60 compte

123 524 106 64 les
183 524 166 64 paroles
304 524 90 64 du
349 524 136 64 poète
439 524 75 64 :
470 524 75 64 «
500 524 136 64 l’art
590 524 121 64 doit
666 524 121 64 être
741 524 121 64 fait
816 524 106 64 par
861 524 106 64 tous,

121 557 114 61 non
186 557 114 61 par
251 557 130 61 un»,
333 557 114 61 ils
398 557 114 61 ont
463 557 179 61 associé
593 557 147 61 leurs
691 557 163 61 forces
805 557 130 61 pour
870 557 98 61 per-

119 593 169 58 mettre
238 593 85 58 à
271 593 152 58 leurs
373 593 186 58 travaux
508 593 271 58 d’intéresser
728 593 102 58 le
779 593 135 58 plus
847 593 118 58 grand

99 624 166 45 nombre.

119 668 114 63 Les
184 668 228 63 sarcasmes,
363 668 98 63 la
412 668 179 63 satire,
542 668 196 63 l’humour
689 668 130 63 noir
770 668 98 63 ou
819 668 147 63 rose,
901 668 65 63 la

117 707 201 54 fantaisie
271 707 154 54 tendre
379 707 93 54 et
425 707 154 54 alerte
533 707 262 54 caractérisent
749 707 139 54 cette
842 707 77 54 «
857 707 108 54 jeune

118 743 156 53 Ecole
221 743 104 53 de
273 743 225 53 Grenoble»
446 743 138 53 dont
533 743 104 53 la
585 743 208 53 renommée
740 743 190 53 dépasse
861 743 104 53 déjà

116 777 116 48 les
183 777 182 48 limites
315 777 99 48 de
365 777 99 48 la
414 777 132 48 cité
480 777 199 48 olympique.

116 825 116 50 Les
183 825 216 50 Acrobates
349 825 250 50 n’entendent
549 825 116 50 pas
616 825 266 50 spécialement
815 825 150 50 évoquer

117 861 94 55 la
164 861 110 55 vie
227 861 94 55 du
274 861 173 55 cirque,
400 861 94 55 le
447 861 173 55 mystère
573 861 110 55 des
635 861 235 55 funambules,
824 861 94 55 la
855 861 110 55 magie

116 897 155 45 secrète
229 897 85 45 du
271 897 198 45 spectacle.
426 897 127 45 C’est
511 897 85 45 la
554 897 226 45 civilisation
737 897 99 45 des
794 897 155 45 loisirs
892 897 71 45 qui

115 936 93 39 se
161 936 155 39 trouve
269 936 108 39 ici
331 936 201 39 concernée
486 936 108 39 et,
548 936 124 39 avec
625 936 139 39 elle,
718 936 139 39 toute
810 936 93 39 la
841 936 124 39 mytho-

115 962 137 56 logie
206 962 228 56 culturelle,
388 962 198 56 sportive,
540 962 182 56 sociale,
677 962 198 56 populaire
829 962 106 56 qui
875 962 91 56 veut

112 999 131 53 être
193 999 246 53 joyeusement
390 999 213 53 rapportée
554 999 131 53 avec
636 999 115 53 les
701 999 164 53 forces
799 999 164 53 convain-

113 1027 163 51 cantes
227 1027 98 51 du
259 1027 163 51 sourire.

710 1081 118 55 René
769 1081 191 55 Déroudille.

112 1160 176 58 Hervé
245 1160 235 58 CARRIER
436 1160 88 58 né
480 1160 88 58 en
524 1160 118 58 1934
598 1160 74 58 à
627 1160 191 58 Martigues
759 1160 162 58 (France).

110 1229 185 50 Henri
249 1229 201 50 DODY
403 1229 93 50 né
450 1229 93 50 en
496 1229 124 50 1936
573 1229 77 50 à
604 1229 124 50 Lyon
666 1229 170 50 (France).

107 1280 163 69 Joël
226 1280 192 69 UNAL
374 1280 89 69 né
418 1280 89 69 en
462 1280 118 69 1942
536 1280 74 69 à
566 1280 178 69 Grenoble
684 1280 163 69 (France).

57 1421 139 54 14
149 1421 139 54 BOITE
242 1421 93 54 DE
273 1421 216 54 PANDORRE

101 1472 287 63 (environnement
340 1472 271 63 expérimental,
563 1472 191 63 maquette
706 1472 96 63 et
738 1472 223 63 projections)

103 1524 109 55 Des
166 1524 187 55 éléments
306 1524 93 55 de
352 1524 249 55 construction
555 1524 124 55 très
632 1524 156 55 divers
741 1524 124 55 sont
803 1524 156 55 disposés

100 1564 137 48 dans
186 1564 103 48 un
237 1564 240 48 container.
426 1564 120 48 Ils
495 1564 240 48 permettent
683 1564 120 48 par
735 1564 223 48 assemblage,

96 1597 224 41 gonflage,
268 1597 276 41 emboîtement,
492 1597 103 41 de
544 1597 241 41 constituer
733 1597 121 41 des
785 1597 172 41 éléments

97 1635 211 41 destinés
255 1635 88 41 à
290 1635 158 41 créer
396 1635 123 41 des
466 1635 333 41 environnements.
747 1635 123 41 Des
799 1635 158 41 schémas

98 1666 101 37 de
149 1666 269 37 construction
368 1666 236 37 d’ensemble
553 1666 118 37 ont
620 1666 118 37 été
688 1666 202 37 réalisés
839 1666 118 37 par
890 1666 67 37 le

98 1698 155 42 Group
201 1698 172 42 Ludic,
321 1698 137 42 mais
407 1698 155 42 n’ont
510 1698 172 42 qu’une
631 1698 172 42 valeur
734 1698 223 42 d’ensemble.

98 1731 264 49 L’expérience
313 1731 132 49 vise
396 1731 83 49 à
429 1731 198 49 proposer
577 1731 83 49 à
610 1731 99 49 un
660 1731 165 49 public
759 1731 198 49 hétérogène

95 1771 114 38 des
160 1771 260 38 possibilités
371 1771 98 38 de
420 1771 244 38 réalisation
615 1771 325 38 d’environnement.
876 1771 81 38 Les

94 1803 199 33 éléments
244 1803 99 33 de
293 1803 265 33 construction
509 1803 215 33 varieront
674 1803 182 33 pendant
807 1803 99 33 la
840 1803 116 33 durée

93 1835 103 37 de
144 1835 103 37 la
196 1835 293 37 manifestation
438 1835 103 37 et
489 1835 259 37 permettront
696 1835 241 37 d’examiner
869 1835 86 37 les

94 1869 250 42 possibilités
298 1869 219 42 créatrices
470 1869 109 42 des
517 1869 156 42 publics.

92 1946 204 52 Szymon
249 1946 235 52 KOSZEL
437 1946 94 52 né
484 1946 94 52 en
532 1946 125 52 1938
610 1946 78 52 à
641 1946 188 52 Varsovie
767 1946 188 52 (Pologne).

75 1984 203 43 Architecte.

91 2046 192 50 David
235 2046 241 50 RODITI
428 2046 96 50 né
476 2046 96 50 en
524 2046 128 50 1937
604 2046 80 50 à
636 2046 225 50 Manchester
797 2046 160 50 (Grande-

91 2085 223 45 Bretagne).
250 2085 175 45 Créateur.

86 2144 202 54 Xavier
242 2144 93 54 de
288 2144 93 54 LA
335 2144 217 54 SALLE
505 2144 93 54 né
552 2144 93 54 en
598 2144 124 54 1938
676 2144 78 54 à
707 2144 140 54 Brest
784 2144 171 54 (France).

69 2184 196 47 Sculpteur.

17 2266 92 44 140
