1066 2361
801 60 162 60 ITALIE

62 189 119 90 Le
122 189 199 90 moment
261 189 119 90 de
321 189 119 90 la
380 189 318 90 consommation
639 189 179 90 n’est
758 189 139 90 pas
818 189 139 90 moins

64 229 168 98 actif
176 229 112 98 et
232 229 261 98 nécessaire
437 229 130 98 que
512 229 168 98 celui
624 229 112 98 de
679 229 112 98 la
717 229 242 98 production,

65 275 122 86 et
126 275 184 86 entre
248 275 143 86 les
330 275 163 86 deux
432 275 224 86 moments
595 275 122 86 il
656 275 143 86 n’y
738 275 102 86 a
778 275 163 86 même
860 275 102 86 pas

67 312 106 93 de
120 312 264 93 distinction
331 312 229 93 possible.
507 312 106 93 La
560 312 264 93 destruction
771 312 106 93 de
807 312 158 93 l’objet

66 358 128 88 au
130 358 214 88 moment
280 358 171 88 même
386 358 128 88 de
451 358 128 88 sa
515 358 299 88 production
750 358 214 88 n’est,
878 358 86 88 au

69 401 165 85 fond,
179 401 184 85 qu’une
307 401 165 85 façon
417 401 110 85 de
472 401 184 85 mettre
601 401 110 85 en
656 401 165 85 cause
766 401 110 85 la
803 401 165 85 collec-

70 442 210 83 tivité,
223 442 115 83 en
280 442 134 83 lui
356 442 210 83 donnant
509 442 134 83 une
585 442 229 83 fonction
757 442 134 83 qui
833 442 134 83 est
891 442 76 83 en

72 484 153 85 même
168 484 172 85 temps
282 484 325 85 contestataire
550 484 115 85 et
608 484 287 85 esthétique;
818 484 153 85 c’est-

74 527 173 84 à-dire
195 527 121 84 que
264 527 224 84 l’artiste
436 527 259 84 s’identifie
643 527 138 84 avec
729 527 104 84 le
781 527 190 84 «public
902 527 69 84 »,

76 576 121 76 qui
145 576 104 76 en
197 576 190 76 réalité
335 576 155 76 n’est
438 576 138 76 plus
524 576 138 76 tel,
611 576 104 76 et
662 576 207 76 s’engage
818 576 86 76 à
835 576 138 76 donner

75 613 94 77 à
113 613 112 77 la
169 613 300 77 consommation
412 613 112 77 un
468 613 150 77 sens
562 613 112 77 de
618 613 225 77 création
787 613 112 77 en
824 613 150 77 dehors

77 650 115 81 du
134 650 172 81 cycle
249 650 229 81 habituel
420 650 115 81 de
478 650 115 81 la
535 650 210 81 demande
688 650 115 81 et
745 650 115 81 de
783 650 191 81 l’offre.

125 700 158 69 Dans
224 700 178 69 cette
343 700 297 69 perspective
581 700 158 69 d’un
680 700 139 69 art
759 700 139 69 d’«
819 700 158 69 anima-

81 737 138 80 tion
167 737 86 80 »
201 737 103 80 on
253 737 172 80 trouve
373 737 103 80 le
425 737 207 80 théâtre,
580 737 103 80 le
632 737 189 80 cinéma,
769 737 103 80 la
804 737 172 80 musique,

80 782 294 78 c’est-à-dire
318 782 128 78 les
392 782 147 78 arts
483 782 147 78 dans
575 782 220 78 lesquels
740 782 110 78 il
795 782 128 78 n’y
869 782 92 78 a
887 782 92 78 pas

83 824 108 74 la
137 824 215 74 présence
298 824 251 74 inévitable
496 824 108 74 de
549 824 197 74 l’objet
693 824 126 74 qui
747 824 233 74 s’interpose

83 867 162 73 entre
191 867 233 73 l’artiste
370 867 216 73 créateur
532 867 108 73 et
586 867 108 73 le
640 867 180 73 public
748 867 233 73 spectateur.

81 910 215 69 Au-delà
238 910 255 69 d’Artaud,
434 910 137 69 qui
512 910 176 69 reste
630 910 235 69 toujours
806 910 157 69 l’un
884 910 98 69 des

84 960 282 64 précurseurs
310 960 132 64 les
385 960 150 64 plus
479 960 225 64 précoces
648 960 113 64 et
704 960 132 64 les
779 960 150 64 plus
854 960 132 64 auda-

89 990 155 75 cieux
192 990 103 75 de
244 990 396 75 l’art-contestation,
589 990 155 75 l’art
692 990 293 75 d’aujourd’hui
916 990 69 75 ne

86 1028 115 74 se
143 1028 230 74 contente
316 1028 134 74 pas
393 1028 288 74 d’entraîner
623 1028 115 74 le
681 1028 192 74 public
815 1028 115 74 et
873 1028 115 74 de
911 1028 77 74 le

88 1072 169 70 faire
201 1072 150 70 agir
295 1072 150 70 sous
389 1072 113 70 la
445 1072 244 70 direction
633 1072 113 70 de
689 1072 263 70 l’artiste,
877 1072 113 70 mais

90 1122 234 68 l’artiste
270 1122 234 68 s’élimine
450 1122 216 68 lui-même
611 1122 108 68 en
665 1122 234 68 réalisant
845 1122 108 68 en
881 1122 108 68 même

89 1166 168 62 temps
201 1166 205 62 l’œuvre
350 1166 112 62 et
406 1166 112 62 sa
443 1166 261 62 destruction.

139 1208 128 57 Je
203 1208 128 57 ne
267 1208 128 57 me
331 1208 171 57 suis
438 1208 150 57 pas
523 1208 256 57 proposée
715 1208 128 57 de
758 1208 235 57 démontrer

95 1241 128 69 que
168 1241 165 69 cette
278 1241 220 69 position
443 1241 128 69 est
516 1241 165 69 celle
626 1241 128 69 des
700 1241 183 69 jeunes
810 1241 183 69 artistes

98 1284 225 68 italiens,
271 1284 138 68 mais
357 1284 173 68 qu’ils
478 1284 259 68 travaillent
686 1284 138 68 dans
772 1284 156 68 cette
859 1284 138 68 direc-

95 1327 150 70 tion
189 1327 112 70 et
245 1327 281 70 participent
470 1327 169 70 d’une
583 1327 262 70 expérience
789 1327 131 70 qui
845 1327 150 70 exige,

96 1380 112 49 en
152 1380 150 49 tout
246 1380 150 49 cas,
340 1380 112 49 le
396 1380 206 49 courage
546 1380 131 49 des
621 1380 244 49 positions
790 1380 206 49 extrêmes.

667 1436 175 58 Palma
764 1436 233 58 Bucarelli.

395 1584 253 62 PEINTURE

150 1660 215 47 Maurizio
322 1660 243 47 MOCHETTI
522 1660 86 47 né
565 1660 86 47 en
608 1660 115 47 1940
680 1660 72 47 à
708 1660 115 47 Rome
765 1660 158 47 (Italie).

123 1700 180 55 1
258 1700 225 55 Générateur,
438 1700 120 55 1968
513 1700 225 55 (aluminium,
692 1700 105 55 250
752 1700 75 55 x
782 1700 75 55 9
812 1700 105 55 2).
857 1700 150 55 Giuseppe

151 1740 147 43 Panza
249 1740 98 43 di
281 1740 131 43 Biumo.

126 1766 164 46 2
249 1766 68 46 0
277 1766 68 46 —
304 1766 68 46 X
332 1766 68 46 —
359 1766 82 46 0,
400 1766 109 46 1969
468 1766 109 46 (fer
537 1766 164 46 émaillé,
660 1766 82 46 18
701 1766 68 46 x
728 1766 82 46 30
769 1766 68 46 x
783 1766 82 46 60).

126 1790 171 56 3
254 1790 100 56 Axe
311 1790 200 56 oscillant,
468 1790 186 56 1968-1969
611 1790 200 56 (aluminium
768 1790 86 56 20
811 1790 71 56 x
840 1790 71 56 8
868 1790 71 56 3
897 1790 71 56 x
911 1790 100 56 400).

153 1841 196 50 Giuseppe
300 1841 147 50 Panza
398 1841 98 50 di
430 1841 131 50 Biumo.

382 1917 290 52 SCULPTURE

159 1979 183 52 Sergio
300 1979 239 52 LOMBARDO
496 1979 84 52 né
539 1979 84 52 en
581 1979 112 52 1939
651 1979 70 52 à
679 1979 112 52 Rome
735 1979 155 52 (Italie).

132 2028 177 45 4
265 2028 133 45 Punti
353 2028 147 45 extra,
456 2028 118 45 1967
530 2028 206 45 (plastique
692 2028 162 45 laminé,
810 2028 74 45 9
839 2028 177 45 éléments
957 2028 59 45 de

154 2069 112 42 5x
210 2069 93 42 9
229 2069 112 42 50).

137 2088 174 60 5
267 2088 145 60 Cubes,
368 2088 116 60 1968
441 2088 203 60 (plastique
600 2088 145 60 laminé
701 2088 87 60 et
745 2088 130 60 bois,
832 2088 101 60 127
875 2088 145 60 éléments

163 2136 98 36 de
212 2136 98 36 18
260 2136 81 36 x
293 2136 98 36 18
342 2136 81 36 x
358 2136 98 36 18).

138 2163 158 44 6
256 2163 132 44 Sphère
349 2163 79 44 et
388 2163 145 44 sirène,
493 2163 105 44 1969
559 2163 145 44 (résine
665 2163 184 44 polyester,
809 2163 119 44 fibre
888 2163 79 44 de
915 2163 105 44 verre,

164 2204 182 42 batterie
300 2204 167 42 Varley,
422 2204 243 42 interrupteur
619 2204 91 42 au
665 2204 182 42 mercure,
802 2204 76 42 9
817 2204 106 42 104).

942 2274 80 54 81
