1120 2325
204 64 622 79 MANIFESTATIONS
708 64 355 79 ANNEXE

354 570 205 60 CENTRE
512 570 142 60 D’ART
591 570 221 60 INTEGRAL

247 623 113 68 20,
311 623 113 68 rue
376 623 97 68 de
424 623 210 68 Verneuil,
585 623 145 68 Paris
682 623 145 68 (7e)—
763 623 161 68 22228.17

399 703 211 63 GALERIE
564 703 90 63 DE
595 703 181 63 BEAUNE

260 745 101 77 5,
311 745 118 77 rue
378 745 101 77 de
428 745 185 77 Beaune,
563 745 151 77 Paris
664 745 151 77 (7e)—
748 745 168 77 222.0032

226 792 238 65 Exposition
413 792 102 65 du
464 792 85 65 2
498 792 187 65 octobre
633 792 102 65 au
684 792 85 65 2
718 792 204 65 novembre
854 792 102 65 1969

195 837 237 60 Vernissage
382 837 102 60 le
432 837 153 60 jeudi
534 837 85 60 2
568 837 187 60 octobre
704 837 102 60 de
755 837 102 60 20
805 837 85 60 h
839 837 85 60 à
856 837 136 60 minuit

195 878 130 68 Tous
276 878 114 68 les
341 878 163 68 jours,
455 878 130 68 sauf
536 878 98 68 le
585 878 212 68 dimanche,
748 878 98 68 de
797 878 98 68 10
846 878 81 68 h
878 878 81 68 à
911 878 98 68 20
943 878 49 68 h

347 924 98 54 et
396 924 98 54 le
445 924 196 54 mercredi
591 924 98 54 de
640 924 98 54 10
689 924 82 54 h
722 924 82 54 à
754 924 98 54 22
787 924 49 54 h

141 999 180 58 Aubrun
267 999 233 58 (France),
446 999 162 58 Bratu
554 999 269 58 (Roumanie),
770 999 162 58 Curie
859 999 198 58 (France),

145 1029 233 63 Katsoulidis
332 1029 186 63 (Grèce),
471 1029 171 63 Nivaria
595 1029 171 63 (Cuba),
719 1029 140 63 Okuya
812 1029 186 63 (Japon),
936 1029 124 63 Raudys

145 1062 249 69 (U.R.S.S.),
345 1062 133 69 Roca
428 1062 233 69 (Espagne),
611 1062 183 69 Rozanès
744 1062 216 69 (France),
910 1062 100 69 La
944 1062 116 69 Salle

392 1104 204 50 (France),
549 1104 157 50 Tsukui
644 1104 157 50 (Japon).

150 1152 133 69 Parmi
239 1152 103 69 les
298 1152 221 69 différentes
474 1152 192 69 fonctions
622 1152 88 69 de
666 1152 192 69 l’artiste
813 1152 118 69 dans
887 1152 88 69 la
917 1152 147 69 société,

149 1198 150 54 l’une
249 1198 183 54 d’entre
382 1198 150 54 elles
482 1198 200 54 consiste
632 1198 83 54 à
665 1198 183 54 libérer
799 1198 183 54 l’homme
932 1198 100 54 de
965 1198 100 54 tout

150 1226 168 67 confort
272 1226 183 67 matériel
409 1226 92 67 ou
455 1226 244 67 intellectuel
653 1226 214 67 préétabli,
821 1226 107 67 des
867 1226 198 67 conventions

149 1263 126 57 dans
228 1263 221 57 lesquelles
402 1263 95 57 il
450 1263 95 57 se
497 1263 190 57 complait
639 1263 95 57 ou
687 1263 95 57 se
734 1263 205 57 justifie,
892 1263 95 57 et
940 1263 95 57 de
971 1263 95 57 pro-

148 1297 159 60 poser
254 1297 106 60 un
307 1297 194 60 nouveau
449 1297 141 60 mode
537 1297 106 60 de
590 1297 141 60 vie,
678 1297 124 60 une
749 1297 212 60 nouvelle
890 1297 177 60 éthique.

150 1332 121 54 Or,
219 1332 121 54 dès
288 1332 156 54 qu’un
392 1332 191 54 artiste
531 1332 191 54 propose
669 1332 121 54 une
739 1332 208 54 nouvelle
895 1332 173 54 vision
999 1332 69 54 du

151 1363 145 53 monde
247 1363 97 53 il
296 1363 193 53 bouscule
441 1363 290 53 inévitablement
682 1363 97 53 la
730 1363 225 53 précédente
891 1363 177 53 puisqu’il

153 1395 142 56 remet
248 1395 95 56 en
296 1395 190 56 question
438 1395 95 56 ce
485 1395 111 56 qui
549 1395 222 56 paraissait
723 1395 285 56 définitivement
944 1395 127 56 admis.

153 1432 100 55 Il
203 1432 184 55 soulève
337 1432 100 55 de
387 1432 201 55 nouveaux
538 1432 217 55 problèmes
705 1432 117 55 qui
772 1432 201 55 obligent
923 1432 100 55 le
956 1432 117 55 spec-

154 1463 165 56 tateur
269 1463 82 56 à
302 1463 181 56 «penser
433 1463 99 56 ».
483 1463 214 56 Celui-ci,
647 1463 214 56 perturbé,
812 1463 148 56 étant
910 1463 99 56 au
943 1463 132 56 départ

155 1496 119 62 mal
223 1496 102 62 ou
274 1496 119 62 peu
342 1496 187 62 initié,
479 1496 187 62 s’égare
615 1496 136 62 dans
700 1496 102 62 un
751 1496 170 62 dédale
871 1496 102 62 de
905 1496 170 62 concepts

155 1535 191 51 opposés
294 1535 122 51 ou,
363 1535 139 51 plus
450 1535 191 51 souvent
590 1535 191 51 encore,
729 1535 104 51 se
781 1535 209 51 contente
938 1535 104 51 de
973 1535 104 51 nier

158 1568 187 51 l’époque
299 1568 125 51 dans
377 1568 187 51 laquelle
517 1568 94 51 il
564 1568 109 51 vit
626 1568 109 51 et,
688 1568 109 51 par
751 1568 94 51 ce
797 1568 156 51 refus,
891 1568 187 51 s’installe

155 1597 145 55 dans
245 1597 109 55 un
300 1597 163 55 monde
408 1597 199 55 périmé,
553 1597 109 55 ne
607 1597 326 55 reconnaissant,
879 1597 145 55 dans
951 1597 127 55 notre

156 1638 172 45 siècle,
281 1638 109 45 que
344 1638 94 45 la
391 1638 141 45 perte
485 1638 94 45 de
531 1638 141 45 l’âge
610 1638 109 45 d’or.

159 1655 148 60 Quant
257 1655 99 60 au
307 1655 230 60 spectateur
488 1655 82 60 «
521 1655 197 60 averti»,
669 1655 99 60 il
718 1655 181 60 risque,
850 1655 115 60 par
915 1655 165 60 esprit
1014 1655 66 60 de

159 1697 330 53 non-conformisme
437 1697 191 53 souvent
576 1697 278 53 superficiel,
802 1697 104 53 de
854 1697 191 53 sombrer
976 1697 104 53 dans

162 1727 106 58 les
222 1727 75 58 «
252 1727 121 58 gags
328 1727 91 58 »,
373 1727 211 58 d’ailleurs
539 1727 166 58 souvent
660 1727 136 58 d’une
750 1727 196 58 fantaisie
886 1727 196 58 débordante,

160 1763 167 59 objets
277 1763 201 59 gratuits
428 1763 268 59 démystifiant
645 1763 117 59 les
712 1763 184 59 fausses
846 1763 184 59 valeurs
963 1763 117 59 qu’il

164 1806 146 47 serait
267 1806 161 47 injuste
369 1806 176 47 d’ignorer.

164 1818 136 64 Mais
249 1818 102 64 il
300 1818 170 64 existe
419 1818 170 64 aussi,
538 1818 102 64 en
589 1818 153 64 marge
692 1818 102 64 de
743 1818 102 64 la
794 1818 221 64 tradition
964 1818 102 64 et
998 1818 85 64 des

166 1865 210 53 novateurs
327 1865 81 53 à
360 1865 129 53 tout
440 1865 145 53 prix,
537 1865 97 53 de
586 1865 161 53 jeunes
699 1865 210 53 créateurs
860 1865 113 53 qui
925 1865 113 53 ont
973 1865 113 53 assi-

167 1890 125 57 milé
245 1890 94 57 le
292 1890 141 57 passé
386 1890 94 57 le
433 1890 125 57 plus
511 1890 156 57 proche
620 1890 94 57 ou
667 1890 94 57 le
714 1890 125 57 plus
792 1890 203 57 lointain,
933 1890 156 57 localisé

166 1927 97 58 ou
214 1927 275 58 universalisé,
441 1927 97 58 et
490 1927 211 58 extrayant
652 1927 97 58 de
700 1927 146 58 cette
797 1927 178 58 matière
911 1927 178 58 l’essence

167 1962 154 49 encore
274 1962 185 49 vivante,
413 1962 231 49 l’intègrent
598 1962 123 49 dans
674 1962 108 49 les
736 1962 215 49 impératifs
905 1962 92 49 de
936 1962 154 49 l’heure.

168 1994 122 52 Ces
237 1994 244 52 chercheurs
429 1994 140 52 nous
516 1994 192 52 donnent
656 1994 209 52 quelques
813 1994 209 52 facettes
952 1994 140 52 essen-

169 2026 172 59 tielles
295 2026 110 59 des
357 2026 204 59 démarches
514 2026 219 59 plastiques
686 2026 219 59 actuelles,
843 2026 250 59 annonciatrices

171 2060 97 52 de
219 2060 145 52 l’art
316 2060 81 52 à
348 2060 161 52 venir.
461 2060 177 52 Saluons
590 2060 97 52 en
639 2060 113 52 eux
703 2060 97 52 le
751 2060 194 52 courage,
897 2060 194 52 l’acuité
1026 2060 65 52 du

173 2094 204 55 langage,
326 2094 136 55 leur
411 2094 239 55 conscience
599 2094 102 55 de
650 2094 204 55 l’époque
803 2094 102 55 et
854 2094 136 55 leur
923 2094 170 55 présence

156 2143 139 40 active.

734 2165 199 49 Suzanne
878 2165 108 49 de
914 2165 181 49 Coninck.

1006 2249 90 46 185
