1120 2325
207 48 630 100 MANIFESTATIONS
717 48 390 100 ANNEXES

168 184 222 68 Vladimir
346 184 281 68 VELICKOVIC
582 184 89 68 né
627 184 89 68 en
671 184 118 68 1935
745 184 74 68 à
775 184 178 68 Belgrade
893 184 148 68 (Vougos

159 247 122 44 lavie).

132 241 171 88 66
264 241 119 88 Grand
343 241 119 88 gibet
422 241 79 88 n°
462 241 79 88 4,
501 241 106 88 1969
567 241 132 88 (huile
659 241 92 88 sur
712 241 132 88 toile,
805 241 92 88 300
857 241 66 88 x
884 241 92 88 200
936 241 66 88 x
950 241 92 88 300).

173 318 194 70 Claude
322 318 224 70 VIALLAT
501 318 89 70 né
546 318 89 70 en
590 318 119 70 1936
665 318 75 70 à
695 318 134 70 Nîmes
769 318 164 70 (France).

135 357 171 79 67
266 357 197 79 Répétition,
423 357 105 79 1969
489 357 171 79 (elbécryl
620 357 92 79 sur
673 357 144 79 tissus,
778 357 92 79 300
830 357 66 79 x
843 357 92 79 300).

176 421 200 65 Jacques
333 421 214 65 VIMARD
504 421 86 65 né
547 421 86 65 en
590 421 114 65 1942
661 421 71 65 à
690 421 128 65 Paris
761 421 157 65 (France).

136 465 174 63 68
270 465 121 63 Flash
350 465 67 63 :
377 465 242 63 Zurich-Klauten
578 465 81 63 17
619 465 67 63 h
645 465 94 63 34,
699 465 107 63 1969
766 465 174 63 (peinture
887 465 161 63 acrylique,

176 514 104 50 260
235 514 74 50 x
250 514 104 50 190).

383 1565 242 54 L'ATELIER
580 1565 91 54 DU
610 1565 242 54 SPECTATEUR

351 1601 196 61 préparé
494 1601 125 61 par
565 1601 107 61 un
619 1601 179 61 groupe
726 1601 161 61 anonyme

163 1651 133 61 Cette
252 1651 133 61 salle
341 1651 104 61 est
400 1651 89 61 le
445 1651 178 61 résultat
578 1651 133 61 d’une
667 1651 193 61 réflexion
815 1651 74 61 à
845 1651 89 61 la
889 1651 119 61 fois
963 1651 178 61 critique
1082 1651 44 61 I

162 1692 100 59 et
212 1692 216 59 positive.
378 1692 83 59 Y
412 1692 133 59 sont
495 1692 116 59 mis
561 1692 100 59 en
611 1692 150 59 cause
711 1692 116 59 les
777 1692 183 59 notions
910 1692 183 59 d’œuvre
1043 1692 100 59 et
1076 1692 50 59 I

161 1728 270 51 d’artiste,
373 1728 174 51 ainsi
489 1728 135 51 que
566 1728 135 51 les
643 1728 232 51 critères
817 1728 116 51 de
875 1728 270 51 sélection.
1068 1728 58 51 1

166 1768 99 41 Un
216 1768 165 41 groupe
332 1768 182 41 anonyme
464 1768 99 41 et
514 1768 165 41 ouvert
630 1768 149 41 s’est
729 1768 132 41 donc
812 1768 215 41 constitué
977 1768 165 41 autour
1076 1768 50 41 I

166 1790 134 57 d’un
250 1790 151 57 thème
351 1790 218 57 principal
519 1790 84 57 :
552 1790 101 57 la
602 1790 235 57 créativité
787 1790 101 57 du
837 1790 252 57 spectateur.
1022 1790 67 57 Le

168 1827 171 57 public
288 1827 188 57 dispose
425 1827 103 57 de
476 1827 222 57 matériaux
647 1827 154 57 bruts
750 1827 120 57 qui
818 1827 257 57 sollicitent
1023 1827 120 57 les
1075 1827 51 57 »

167 1857 195 57 domaines
313 1857 211 57 sensoriel
476 1857 98 57 et
524 1857 276 57 intellectuel.
752 1857 211 57 L’artiste
915 1857 98 57 se
963 1857 146 57 borne
1061 1857 81 57 à
1077 1857 49 57 I

172 1905 97 38 un
220 1905 129 38 rôle
301 1905 323 38 d’intermédiaire.
576 1905 97 38 Il
625 1905 113 38 est
689 1905 178 38 parfois
819 1905 243 38 anonymement
1013 1905 129 38 pré¬
1077 1905 49 38 I

172 1921 132 55 sent
254 1921 132 55 dans
336 1921 99 55 la
385 1921 148 55 salle
484 1921 132 55 pour
566 1921 214 55 favoriser
731 1921 230 55 l’activité
912 1921 99 55 du
961 1921 181 55 public.
1077 1921 49 55 I

172 1965 100 43 La
222 1965 167 43 salle,
340 1965 218 43 également
507 1965 184 43 ouverte
641 1965 117 43 sur
708 1965 268 43 l’extérieur,
925 1965 151 43 subit
1026 1965 117 43 des
1076 1965 50 43 I

173 1996 207 51 mutations
332 1996 223 51 constantes
508 1996 96 51 au
555 1996 112 51 fur
619 1996 96 51 et
667 1996 80 51 à
699 1996 159 51 mesure
810 1996 112 51 que
874 1996 96 51 le
906 1996 191 51 spectateur

174 2015 181 61 réalise
305 2015 115 61 des
371 2015 279 61 propositions,
601 2015 246 61 fréquemment
798 2015 213 61 modifiées
962 2015 115 61 par
1027 2015 115 61 les
1077 2015 49 61 I

141 2050 493 54 autres
486 2050 690 54 visiteurs.
978 2050 148 54 I

178 2097 98 43 La
227 2097 196 43 mobilité
374 2097 98 43 de
423 2097 114 43 cet
488 2097 163 43 espace
602 2097 114 43 est
668 2097 147 43 ainsi
766 2097 131 43 liée
847 2097 98 43 au
896 2097 196 43 principe
1043 2097 98 43 de
1076 2097 49 43 »

139 2132 658 49 l’action
633 2132 548 49 libre.
962 2132 164 49 1

851 2155 177 60 Frank
949 2155 177 60 Popper.

1009 2237 93 59 179
