1062 2361
11 81 234 70 FRANCE

104 208 209 85 Jiirgen
268 208 329 85 MURURATA-EHRE
552 208 90 85 né
597 208 90 85 en
642 208 120 85 1941
717 208 75 85 à
747 208 149 85 Kassel
836 208 120 85 (Alle-

104 255 183 41 magne).
221 255 199 41 Sculpteur.

104 301 187 63 Félix
240 301 443 63 REBOLLEDO-HERRERA
632 301 102 63 né
683 301 102 63 en
734 301 136 63 1944
819 301 85 63 à
836 301 119 63 Piura

105 336 184 47 (Pérou).
227 336 154 47 Peintre.

107 380 221 79 Fernando
284 380 310 79 TORRES-BRAVO
550 380 89 79 né
594 380 89 79 en
638 380 118 79 1938
712 380 74 79 à
742 380 118 79 Lima
801 380 148 79 (Pérou).

89 423 155 40 Peintre.

54 491 134 82 30
144 491 164 82 L’ŒUVRE
263 491 268 82 COLLECTIVE
486 491 239 82 (réalisation
680 491 75 82 à
695 491 179 82 grandeur).

104 564 113 61 But
168 564 97 61 de
217 564 194 61 l’équipe
362 564 81 61 :
378 564 210 61 didactique.

104 607 276 48 Présentation:
315 607 146 48 voulue.

104 652 241 46 Intentions:
296 652 112 46 les
345 652 208 46 meilleures.

102 688 158 66 Raison
213 688 158 66 d’être
324 688 79 66 :
355 688 95 66 le
403 688 174 66 pouvoir
514 688 158 66 d’achat.

91 737 414 62 Conséquences:
408 737 219 62 .......

81 778 249 57 Responsable:

101 833 192 65 Manuel
249 833 221 65 ALVESS
426 833 89 65 né
470 833 89 65 en
514 833 118 65 1939
588 833 74 65 à
618 833 133 65 Viseu
691 833 192 65 (Portugal).

101 870 201 57 Directeur
239 870 201 57 artistique.

102 919 187 71 Leonel
246 919 101 71 DOS
303 919 216 71 SANTOS
476 919 86 71 né
519 919 86 71 en
562 919 115 71 1939
634 919 72 71 à
663 919 158 71 Maciera
764 919 187 71 (Portugal).

82 957 148 45 Acteur.

99 993 173 84 Jose
225 993 236 84 XAVIER
414 993 95 84 né
462 993 95 84 en
509 993 126 84 1944
588 993 79 84 à
619 993 189 84 Lisbonne
745 993 205 84 (Portugal).

98 1045 198 47 Cinéaste
246 1045 99 47 et
279 1045 181 47 musicien.

49 1122 127 60 31
133 1122 141 60 bPIECE
232 1122 70 60 A
260 1122 169 60 JEUX
387 1122 183 60 (maquette
528 1122 85 60 et
556 1122 183 60 cyclotone).

99 1165 145 57 Ecole
195 1165 112 57 des
260 1165 225 57 Beaux-Arts
436 1165 96 57 de
468 1165 129 57 Lille.

97 1215 289 58 Micro-univers,
338 1215 96 58 ma
386 1215 145 58 pièce
483 1215 80 58 à
515 1215 129 58 jeux
595 1215 96 58 se
644 1215 193 58 présente
772 1215 177 58 extérieu-

96 1261 167 52 rement
213 1261 150 52 comme
314 1261 100 52 un
364 1261 167 52 solide
481 1261 150 52 capté
581 1261 150 52 juste
681 1261 84 52 à
715 1261 100 52 sa
748 1261 201 52 naissance,

95 1297 99 52 au
144 1297 165 52 moment
259 1297 99 52 où
309 1297 99 52 il
358 1297 165 52 hésite
473 1297 165 52 encore
589 1297 115 52 sur
655 1297 115 52 son
720 1297 165 52 propre
819 1297 132 52 avenir

94 1326 171 53 formel.
219 1326 140 53 C’est
312 1326 140 53 qu’il
406 1326 93 53 ne
453 1326 156 53 s’agit
562 1326 109 53 pas
624 1326 202 53 d’imposer
780 1326 109 53 une
826 1326 125 53 archi-

94 1361 168 49 tecture
216 1361 122 49 mais
292 1361 183 49 d’entrer
429 1361 122 49 dans
506 1361 259 49 l’irrationnel
719 1361 198 49 fascinant
856 1361 92 49 d’un

95 1394 164 51 monde
204 1394 328 51 psychédélique,
477 1394 237 51 empêchant
659 1394 109 51 du
713 1394 146 51 même
804 1394 146 51 coup
877 1394 73 51 la

94 1433 268 50 contradiction
315 1433 142 50 entre
410 1433 253 50 l’imaginable
615 1433 95 50 et
647 1433 268 50 l’inimaginable.

95 1462 107 48 En
149 1462 232 48 remontant
327 1462 160 48 comme
434 1462 125 48 aux
505 1462 196 48 sources
647 1462 107 48 de
701 1462 107 48 la
736 1462 214 48 gestation,

95 1494 246 51 l’obscurité
292 1494 131 51 d’un
374 1494 181 51 couloir
505 1494 181 51 ébranle
637 1494 99 51 au
686 1494 181 51 passage
801 1494 148 51 l’image

92 1531 233 48 mémorisée
271 1531 107 48 de
325 1531 215 48 l’espace
468 1531 161 48 commun.

91 1560 123 47 Les
162 1560 175 47 formes
284 1560 298 47 accueillantes
529 1560 105 47 de
582 1560 123 47 mon
652 1560 140 47 rêve
722 1560 228 47 m’attendent

92 1598 113 40 sur
157 1598 97 40 le
205 1598 146 40 seuil
302 1598 129 40 pour
383 1598 113 40 une
448 1598 162 40 parade
561 1598 113 40 que
626 1598 113 40 des
690 1598 129 40 jets
771 1598 97 40 de
803 1598 146 40 lumière

91 1634 189 43 rendent
228 1634 206 43 lyrique.
383 1634 155 43 Cette
486 1634 241 43 chevauchée
676 1634 206 43 onirique
813 1634 138 43 charge

93 1661 198 44 l’espace
241 1661 148 44 mille
340 1661 132 44 fois
422 1661 99 44 de
472 1661 165 44 signes
587 1661 99 44 et
637 1661 99 44 de
686 1661 214 44 couleurs.
835 1661 115 44 C’est

89 1697 156 43 tantôt
199 1697 94 43 le
246 1697 219 43 labyrinthe
418 1697 234 43 chromatique
605 1697 109 43 des
668 1697 172 43 orangés
777 1697 172 43 brillants

91 1731 153 40 filant
198 1731 138 40 entre
290 1731 276 40 d’harmonieuses
520 1731 215 40 sinuosités
688 1731 92 40 de
734 1731 138 40 verts
811 1731 138 40 acides,

89 1765 166 44 tantôt
206 1765 116 44 les
272 1765 182 44 éclairs
405 1765 100 44 de
454 1765 199 44 chaleurs
604 1765 249 44 rougeoyants
786 1765 166 44 inondant

88 1802 98 34 de
137 1802 147 34 rosée
234 1802 114 34 des
300 1802 130 34 lacs
381 1802 98 34 de
430 1802 179 34 lumière
561 1802 98 34 où
610 1802 196 34 dérivent
756 1802 114 34 des
805 1802 147 34 pétales

90 1831 172 36 d’azur.
216 1831 94 36 Le
262 1831 125 36 ciel
341 1831 94 36 et
388 1831 94 36 la
435 1831 141 36 terre
529 1831 235 36 s’épousent.
716 1831 110 36 Les
763 1831 188 36 continents

88 1865 99 35 de
138 1865 165 35 formes
254 1865 298 35 impossiblement
502 1865 215 35 nouvelles
668 1865 265 35 apostrophent
866 1865 83 35 mon

85 1901 183 37 regard,
219 1901 217 37 remontent
385 1901 200 37 jusqu’au
535 1901 167 37 songe.
652 1901 100 37 Un
702 1901 117 37 mur
769 1901 100 37 me
819 1901 133 37 tend
885 1901 67 37 sa

87 1929 173 41 lèvre,
208 1929 156 41 molle
311 1929 190 41 station
450 1929 104 41 de
502 1929 173 41 mousse
623 1929 104 41 où
674 1929 104 41 se
726 1929 207 41 prolonge
865 1929 86 41 mon

66 1964 175 38 absence.

86 1999 221 39 Cérémonie
256 1999 204 39 secrète,
409 1999 119 39 mes
477 1999 170 39 doigts
595 1999 255 39 rencontrent
799 1999 119 39 des
850 1999 102 39 jeux

86 2030 238 51 dissimulés
273 2030 136 51 dans
358 2030 102 51 la
409 2030 153 51 paroi
511 2030 102 51 et
562 2030 221 51 s’animent
732 2030 136 51 pour
817 2030 102 51 me
851 2030 102 51 rap-

87 2065 145 42 peler
183 2065 80 42 à
216 2065 97 42 ma
248 2065 193 42 fantaisie.

68 2115 249 46 Responsable:

86 2161 240 40 Philippe
278 2161 256 40 LECOURT
486 2161 96 40 né
533 2161 96 40 en
581 2161 128 40 1947
661 2161 80 40 à
677 2161 272 40 Vendin

87 2193 199 53 (France).
224 2193 230 53 Architecture.

17 2271 90 53 148
