1101 2361
156 219 206 61 Michel
314 219 253 61 BOMBART
520 219 95 61 né
567 219 95 61 en
615 219 126 61 1947
694 219 79 61 à
725 219 174 61 Vertain
836 219 174 61 (France).

158 300 215 72 Philippe
330 300 215 72 GIRARD
502 300 86 72 né
545 300 86 72 en
588 300 115 72 1948
660 300 72 72 à
688 300 129 72 Lille
774 300 186 72 (France).
903 300 115 72 Archi

157 395 254 71 Dominique
363 395 222 71 PETTE
538 395 111 71 née
601 395 95 71 en
649 395 127 71 1952
728 395 79 71 à
760 395 143 71 Lille
839 395 175 71 (France).

119 515 120 69 32
199 515 187 69 QUATRE
346 515 214 69 (réalisation
519 515 67 69 à
533 515 160 69 grandeur).

163 574 107 64 Il
217 574 107 64 ne
270 574 179 64 s’agit
396 574 125 64 pas
467 574 143 64 d’un
557 574 197 64 travail
700 574 107 64 de
754 574 179 64 groupe
879 574 143 64 mais
950 574 72 64 de

159 619 213 50 démarches
322 619 278 50 individuelles
551 619 180 50 faisant
682 619 229 50 intervenir
862 619 115 50 des
911 619 115 50 maté-

163 654 140 52 riaux
257 654 93 52 et
303 654 109 52 des
365 654 186 52 procédés
489 654 202 52 différents.

161 680 134 67 Ces
237 680 192 67 quatre
372 680 192 67 œuvres
506 680 153 67 sont
602 680 230 67 exposées
774 680 153 67 dans
870 680 115 67 un
908 680 115 67 même

163 721 172 54 espace,
289 721 94 54 au
336 721 172 54 contact
461 721 141 54 l’une
555 721 94 54 de
602 721 188 54 l’autre.
743 721 141 54 Elles
821 721 204 54 définissent

163 757 264 54 elles-mêmes
375 757 106 54 un
427 757 158 54 champ
533 757 106 54 de
586 757 317 54 préoccupations
832 757 194 54 communes.

167 788 182 55 L’œuvre
300 788 99 55 ne
349 788 132 55 peut
432 788 116 55 pas
498 788 165 55 rester
614 788 83 55 à
647 788 165 55 l’état
763 788 99 55 de
812 788 165 55 projet
928 788 99 55 ou
961 788 66 55 de

166 824 219 52 maquette.
335 824 270 52 Représentée,
554 824 135 52 elle
638 824 152 52 n’est
739 824 152 52 rien.
841 824 185 52 Seules,
959 824 67 52 sa

165 862 207 54 présence
320 862 225 54 physique,
493 862 121 54 son
562 862 207 54 activité
718 862 207 54 comptent
873 862 104 54 et
908 862 121 54 s’im

169 918 172 65 L’œuvre
294 918 187 65 n’existe
434 918 109 65 que
497 918 109 65 par
559 918 218 65 l’activité
731 918 172 65 qu’elle
855 918 187 65 déploie,
980 918 47 65 à

170 964 231 53 l’intérieur
354 964 108 53 des
416 964 169 53 limites
539 964 92 53 et
585 964 108 53 des
646 964 215 53 propriétés
800 964 231 53 particulières

168 1000 114 49 des
233 1000 211 49 matériaux
395 1000 98 49 ou
444 1000 114 49 des
509 1000 195 49 procédés
656 1000 114 49 qui
721 1000 98 49 la
753 1000 228 49 définissent.

174 1051 172 40 L’œuvre
299 1051 172 40 établit
424 1051 94 40 un
471 1051 172 40 rapport
596 1051 125 40 avec
674 1051 94 40 le
721 1051 125 40 lieu
799 1051 109 40 qui
846 1051 187 40 l’entoure.

171 1074 96 53 Ce
219 1074 175 53 rapport
346 1074 191 53 variable
490 1074 159 53 existe
602 1074 128 53 mais
681 1074 96 53 ne
729 1074 175 53 modifie
857 1074 96 53 en
904 1074 128 53 rien
968 1074 64 53 le

173 1119 176 54 concept
301 1119 96 54 de
333 1119 160 54 l’œuvre.

179 1202 255 60 SARKIS
392 1202 85 60 né
434 1202 85 60 en
477 1202 113 60 1938
547 1202 71 60 à
576 1202 170 60 istanbul
703 1202 199 60 (Turquie).
845 1202 142 60 Peintre.

181 1258 180 58 Samuel
319 1258 180 58 BURI
458 1258 83 58 né
499 1258 83 58 en
540 1258 111 58 1935
610 1258 69 58 à
637 1258 180 58 Tatffelen
775 1258 180 58 (Suisse).
900 1258 138 58 Peintre.

181 1331 218 45 Laurent
353 1331 280 45 SAUERWEIN
586 1331 93 45 né
633 1331 93 45 en
680 1331 125 45 1944
758 1331 78 45 à
789 1331 140 45 Paris
867 1331 171 45 (France).

184 1416 156 53 George
293 1416 140 53 TYSH,
387 1416 93 53 né
434 1416 93 53 en
480 1416 125 53 1942
558 1416 78 53 à
589 1416 171 53 Passaic
714 1416 265 53 (Etats-Unis).
916 1416 125 53 Poète.

139 1507 143 55 33
234 1507 223 55 REFLEXIONS
409 1507 111 55 SUR
473 1507 95 55 UN
521 1507 238 55 PAYSAGE
711 1507 254 55 (réalisation
918 1507 79 55 à
934 1507 111 55 gran

188 1595 163 49 Paysage
306 1595 89 49 de
336 1595 207 49 l’intérieur.

185 1628 116 45 Une
252 1628 183 45 chambre
385 1628 183 45 d’hôtel
518 1628 83 45 à
551 1628 199 45 Bergamo,
700 1628 100 45 le
750 1628 100 45 20
800 1628 133 45 juin
883 1628 83 45 à
916 1628 100 45 22
966 1628 83 45 h
983 1628 66 45 40

186 1671 147 36 (heure
275 1671 191 36 italienne).

186 1697 112 48 Une
250 1697 176 48 fenêtre
378 1697 96 48 de
425 1697 112 48 120
489 1697 112 48 sur
553 1697 112 48 105
617 1697 112 48 em:
681 1697 96 48 le
729 1697 144 48 ciel,
825 1697 144 48 trois
904 1697 144 48 arbres,

187 1734 114 38 une
252 1734 195 38 colline,
398 1734 195 38 l’herbe,
545 1734 114 38 des
610 1734 195 38 cailloux
757 1734 98 38 et
806 1734 114 38 des
871 1734 179 38 fleurs.
985 1734 65 38 En

190 1769 140 44 plus,
284 1769 94 44 le
331 1769 156 44 bruit:
440 1769 187 44 insectes
580 1769 94 44 et
627 1769 187 44 oiseaux,
767 1769 94 44 un
814 1769 156 44 chien,
923 1769 94 44 au
954 1769 94 44 loin

192 1832 135 40 Dans
276 1832 101 40 un
327 1832 101 40 de
377 1832 118 40 ses
445 1832 185 40 essais,
579 1832 168 40 Ruskin
697 1832 84 40 a
731 1832 118 40 dit
798 1832 118 40 que
866 1832 118 40 les
916 1832 135 40 câbles

191 1869 238 36 électriques
382 1869 95 36 et
429 1869 270 36 téléphoniques
652 1869 222 36 détruisent
827 1869 95 36 le
858 1869 191 36 paysage...

191 1903 140 45 Mais
279 1903 105 45 la
332 1903 298 45 communication
577 1903 280 45 téléphonique
805 1903 140 45 aide
875 1903 175 45 beaucoup

195 1934 93 44 de
242 1934 125 44 gens
320 1934 78 44 à
351 1934 140 44 aller
445 1934 125 44 plus
507 1934 109 44 loin.

195 1963 108 46 Par
256 1963 185 46 exemple,
395 1963 77 46 à
425 1963 92 46 un
471 1963 77 46 «
502 1963 169 46 paysage
625 1963 231 46 d’intérieur
794 1963 62 46 ».

197 2073 179 46 Mark
327 2073 244 46 BRUSSE
522 2073 98 46 né
571 2073 98 46 en
619 2073 130 46 1937
701 2073 81 46 à
717 2073 146 46 Alkmaar

195 2106 269 47 Détermination
417 2106 95 47 de
448 2106 174 47 l’espace.

199 2162 174 61 Erik
326 2162 269 61 DIETMANN
547 2162 95 61 né
594 2162 95 61 en
642 2162 126 61 1937
721 2162 79 61 à
753 2162 206 61 Jönkôping
895 2162 158 61 (Suède).
