1101 2361
437 65 609 82 TCHECOSLOVAQU

209 456 255 71 Commissaire
413 456 187 71 général
549 456 85 71 :
583 456 221 71 Marian
736 456 187 71 Vaross

213 505 204 64 Directeur
370 505 94 64 de
417 505 219 64 l’Institut
589 505 94 64 de
636 505 172 64 Théorie
762 505 94 64 et
809 505 219 64 d’Histoire
965 505 63 64 de

216 559 130 55 l’Art
302 559 72 55 à
317 559 187 55 Bratislava.

177 670 107 73 Il
231 670 125 73 est
302 670 232 73 difficile
480 670 107 73 et
533 670 178 73 risqué
658 670 107 73 de
711 670 196 73 choisir
854 670 89 73 à
872 670 160 73 travers

123 717 119 71 la
183 717 257 71 muititude
381 717 139 71 des
460 717 257 71 tendances
658 717 158 71 qui,
737 717 297 71 actuellement,

123 769 316 60 caractérisent
384 769 130 60 les
458 769 260 60 recherches
662 769 260 60 plastiques
867 769 149 60 dans
941 769 93 60 les

31 801 164 157 arts
133 801 226 157 tchèque
297 801 123 157 et
359 801 267 157 slovaque.
564 801 287 157 Cependant,
789 801 123 157 ce
851 801 144 157 que
912 801 123 157 nous

125 851 266 66 présentons
334 851 285 66 aujourd’hui
562 851 95 66 à
599 851 171 66 Paris
713 851 114 66 ne
770 851 152 66 veut
865 851 133 66 pas
922 851 114 66 sim-

125 885 214 74 plement
280 885 155 74 être
377 885 136 74 une
455 885 253 74 sélection
649 885 292 74 personnelle
883 885 155 74 mais
960 885 78 74 la

127 928 324 67 manifestation
394 928 171 67 d’une
508 928 209 67 volonté
660 928 209 67 commune
812 928 114 67 de
870 928 114 67 la
908 928 133 67 jeune

126 970 267 72 génération
336 970 115 72 de
393 970 172 72 notre
508 970 153 72 pays
603 970 191 72 d’être
737 970 286 72 représentée
947 970 95 72 par

128 1028 118 49 un
187 1028 137 49 art
266 1028 353 49 spécifiquement
540 1028 177 49 engagé.

182 1045 115 73 En
239 1045 173 73 dépit
354 1045 115 73 de
412 1045 153 73 leur
508 1045 230 73 variété,
681 1045 134 73 les
757 1045 192 73 œuvres
872 1045 173 73 indivi-

125 1096 241 61 duelles
300 1096 153 61 ont
388 1096 131 61 un
454 1096 350 61 dénominateur
738 1096 241 61 commun:
892 1096 153 61 elles

127 1136 328 70 contiennent
390 1136 153 70 des
477 1136 306 70 programmes
696 1136 350 70 spécifiquement

131 1181 349 63 «tendancieux
415 1181 131 63 »,
480 1181 131 63 en
546 1181 131 63 ce
611 1181 175 63 sens
721 1181 153 63 que
808 1181 218 63 chacun
939 1181 109 63 des

133 1220 234 63 artistes
308 1220 156 63 veut
406 1220 234 63 exprimer
581 1220 117 63 sa
640 1220 293 63 philosophie
854 1220 195 63 existen-

135 1263 173 59 tielle
256 1263 104 59 et
307 1263 121 59 son
376 1263 224 59 sentiment
549 1263 104 59 de
601 1263 104 59 la
652 1263 224 59 situation
808 1263 242 59 universelle.

133 1302 169 59 Jozef
246 1302 244 59 Jankovic,
433 1302 206 59 lauréat
583 1302 113 59 de
640 1302 225 59 Danuvius
808 1302 131 59 68,
865 1302 188 59 Biennale

138 1344 329 61 internationale
412 1344 128 61 des
485 1344 183 61 jeunes
613 1344 219 61 artistes
777 1344 110 61 de
814 1344 237 61 Bratislava,

134 1393 251 54 démontre
322 1393 167 54 dans
427 1393 146 54 ses
510 1393 293 54 sculptures
740 1393 125 54 un
803 1393 167 54 sens
887 1393 167 54 excep-

136 1432 211 59 tionnel
289 1432 115 59 de
346 1432 326 59 monumentalité
615 1432 115 59 et
672 1432 345 59 d’expressivité
940 1432 115 59 très

138 1477 210 51 ardente
291 1477 115 51 de
348 1477 267 51 l’humanité
558 1477 344 51 d’aujourd’hui.
844 1477 115 51 Le
882 1477 172 51 peintre

138 1512 188 60 Zdenek
270 1512 169 60 Beran
383 1512 263 60 transforme
589 1512 113 60 la
646 1512 244 60 tradition
834 1512 113 60 de
890 1512 113 60 la
927 1512 132 60 pein-

139 1553 163 54 ture
241 1553 285 54 matérielle
465 1553 122 54 en
526 1553 143 54 des
608 1553 265 54 paraboles
791 1553 265 54 symboliques

142 1602 165 50 d’une
252 1602 312 50 signification
508 1602 202 50 souvent
655 1602 275 50 effrayante.
875 1602 128 50 Les
930 1602 128 50 eaux-

140 1640 188 57 fortes
272 1640 244 57 d’Oldrich
459 1640 225 57 Kulhanek
628 1640 282 57 proviennent
854 1640 169 57 d’une
947 1640 113 57 ima-

141 1679 245 65 gination
324 1679 265 65 analogue,
528 1679 245 65 beaucoup
712 1679 163 65 plus
794 1679 265 65 concrétisée

143 1723 265 52 cependant
346 1723 122 52 du
408 1723 183 52 point
530 1723 122 52 de
591 1723 143 52 vue
673 1723 387 52 calligraphique.
978 1723 82 52 La

147 1766 292 54 photographie
384 1766 201 54 d’Alois
530 1766 201 54 Nozicka
676 1766 219 54 découvre
841 1766 128 54 les
896 1766 164 54 objets,

146 1811 143 45 les
227 1811 367 45 constellations
533 1811 143 45 les
615 1811 163 45 plus
716 1811 245 45 modestes
900 1811 122 45 et
941 1811 122 45 leur

148 1853 208 52 confère
299 1853 132 52 une
375 1853 265 52 sémantique
564 1853 208 52 raffinée.

203 1895 287 51 L’ensemble
428 1895 143 51 des
510 1895 225 51 travaux
674 1895 287 51 collectifs
879 1895 184 51 reflète

150 1935 199 56 plutôt
289 1935 139 56 une
369 1935 258 56 diversité
567 1935 139 56 des
647 1935 199 56 genres
786 1935 179 56 admis
905 1935 139 56 que
965 1935 99 56 les

152 1975 284 49 recherches
375 1975 142 49 les
456 1975 162 49 plus
558 1975 264 49 typiques.
761 1975 122 49 Il
821 1975 142 49 est
882 1975 183 49 souvent

153 2021 272 43 impossible
366 2021 117 43 de
425 2021 233 43 traduire
600 2021 136 43 une
677 2021 292 43 composition
891 2021 175 43 collec-

151 2062 156 42 tive
248 2062 156 42 dans
345 2062 117 42 le
403 2062 214 42 langage
559 2062 253 42 miniature
754 2062 175 42 d’une
851 2062 214 42 maquette.

153 2102 171 53 C’est
267 2102 152 53 avec
362 2102 171 53 cette
477 2102 209 53 réserve
629 2102 171 53 qu’on
743 2102 190 53 expose
877 2102 114 53 le
915 2102 152 53 projet

156 2144 146 50 d’un
247 2144 219 50 Monument
411 2144 109 50 de
466 2144 109 50 la
521 2144 292 50 civilisation
758 2144 128 50 par
831 2144 109 50 le
867 2144 201 50 collectif

154 2191 124 49 de
216 2191 270 49 Stanislav
424 2191 207 49 Filko,
569 2191 124 49 la
631 2191 249 49 maquette
818 2191 187 49 d’une
922 2191 145 49 scène

975 2277 97 44 121
