1062 2361
93 193 140 63 58
187 193 295 63 SENSIBILISATION
435 193 78 63 A
466 193 249 63 L’ESPACE
653 193 202 63 (panneaux).

139 258 97 65 Se
187 258 259 65 sensibiliser
397 258 81 65 à
430 258 210 65 l’espace,
591 258 97 65 ce
640 258 145 65 n’est
737 258 113 65 pas
801 258 162 65 donner
898 258 81 65 une

139 303 218 44 définition
310 303 93 44 de
357 303 202 44 l’espace,
513 303 93 44 ce
559 303 140 44 n’est
653 303 109 44 pas
715 303 109 44 non
777 303 124 44 plus
839 303 140 44 unique-

139 340 137 49 ment
225 340 223 49 expliquer
396 340 188 49 comment
533 340 103 49 on
584 340 188 49 perçoit
721 340 223 49 l’espace,
875 340 103 49 mais

140 370 174 40 prendre
267 370 222 40 conscience
441 370 95 40 de
488 370 237 40 l’existence
678 370 95 40 de
726 370 190 40 certains
852 370 127 40 phéno-

140 407 155 48 mènes,
249 407 109 48 qui
311 407 124 48 font
389 407 140 48 qu’il
482 407 155 48 existe
591 407 93 48 un
638 407 155 48 espace
747 407 109 48 que
809 407 124 48 l’on
871 407 109 48 subit

137 441 104 35 et
189 441 104 35 un
240 441 173 35 espace
361 441 224 35 découvert
534 441 121 35 par
585 441 173 35 l’homme.

135 470 169 37 Quels
248 470 150 37 sont
342 470 132 37 ces
399 470 245 37 phénomènes?

140 503 137 44 Notre
231 503 198 44 intention
384 503 122 44 est,
460 503 76 44 à
491 503 153 44 l’aide
598 503 92 44 de
643 503 259 44 diapositives,
857 503 92 44 de
887 503 92 44 per-

138 543 153 53 mettre
245 543 76 53 à
275 543 260 53 l’observateur
490 543 92 53 de
535 543 229 53 redécouvrir
719 543 184 53 certains
841 543 138 53 d’entre

137 576 125 49 eux.
215 576 109 49 Des
278 576 249 49 diapositives
480 576 218 49 d’exemples
652 576 125 49 pris
730 576 125 49 dans
808 576 94 49 la
839 576 140 49 nature,

135 606 94 46 de
182 606 172 46 paysage
307 606 266 46 architectural
526 606 94 46 et
573 606 172 46 urbain,
698 606 125 46 bien
776 606 141 46 qu’en
854 606 125 46 nombre

137 638 211 57 restreint,
302 638 105 57 par
363 638 120 57 leur
438 638 150 57 valeur
543 638 241 57 caricaturale
738 638 90 57 et
784 638 120 57 leur
844 638 135 57 montage

135 671 191 52 rendront
278 671 191 52 possible
422 671 111 52 une
485 671 143 52 telle
581 671 303 52 schématisation.
836 671 96 52 De
868 671 111 52 plus,

134 711 114 41 des
199 711 211 41 maquettes
361 711 211 41 composées
524 711 228 41 d’éléments
703 711 179 41 formant
816 711 163 41 certains

134 740 102 57 de
185 740 118 57 ces
253 740 254 57 phénomènes,
456 740 254 57 permettront
659 740 85 57 à
692 740 254 57 différentes
878 740 102 57 per-

134 774 166 45 sonnes
251 774 116 45 une
317 774 199 45 critique
466 774 100 45 de
516 774 116 45 nos
566 774 249 45 observations.

135 867 169 63 Alain
262 867 226 63 CORNIER
445 867 85 63 né
487 867 85 63 en
530 867 113 63 1946
600 867 71 63 à
628 867 155 63 Chenove
741 867 183 63 (France).
868 867 113 63 Archi

133 960 263 54 Jean-Pierre
352 960 263 54 CAMPREDON
571 960 88 54 né
615 960 88 54 en
659 960 117 54 1943
732 960 73 54 à
761 960 117 54 Agen
819 960 161 54 (France).

135 1051 180 58 Odette
274 1051 166 58 GAL
399 1051 97 58 née
454 1051 83 58 en
496 1051 111 58 1945
565 1051 69 58 à
593 1051 125 58 Paris
676 1051 180 58 (France).
801 1051 180 58 Architecte.

82 1148 133 53 59
166 1148 233 53 STRUCTURES
349 1148 333 53 POLYEDRIQUES
615 1148 217 53 (maquette).

132 1199 93 58 La
178 1199 185 58 présente
317 1199 139 58 étude
409 1199 93 58 se
456 1199 170 58 propose
579 1199 216 58 d’utiliser
749 1199 108 58 les
795 1199 185 58 propriétés

127 1244 265 35 géométriques
343 1244 99 35 du
376 1244 315 35 tétrakaïdécaèdre.

129 1280 243 38 Association
323 1280 129 38 dans
404 1280 194 38 l’espace
549 1280 129 38 sans
630 1280 129 38 vide
695 1280 178 38 résiduel.

130 1302 219 45 Répétition
302 1302 219 45 d’éléments
474 1302 219 45 identiques
630 1302 297 45 (préfabrication).

131 1343 227 43 Possibilité
312 1343 166 43 d’avoir
433 1343 136 43 trois
524 1343 166 43 niveaux
645 1343 91 43 de
691 1343 166 43 hauteur
796 1343 182 43 identique,

129 1375 101 45 le
180 1375 168 45 volume
298 1375 152 45 étant
399 1375 135 45 posé
483 1375 118 45 sur
550 1375 118 45 une
618 1375 135 45 face
685 1375 219 45 hexagonale.

127 1405 241 40 Association
319 1405 96 40 de
368 1405 96 40 ce
416 1405 160 40 volume
528 1405 80 40 à
560 1405 192 40 d’autres
704 1405 176 40 volumes
817 1405 160 40 composés

127 1446 98 41 de
176 1446 148 41 mêmes
274 1446 197 41 éléments
422 1446 279 41 (cuboctaèdre,
651 1446 213 41 tétraèdre
799 1446 180 41 tronqué),

128 1475 239 40 l’ensemble
316 1475 188 40 formant
452 1475 102 40 un
504 1475 205 40 empilage
640 1475 171 40 compact.

127 1504 194 43 Création
272 1504 97 43 de
320 1504 226 43 structures
498 1504 210 43 spatiales
659 1504 226 43 (coupoles)
837 1504 81 43 à
853 1504 129 43 partir

124 1544 138 35 d’un
210 1544 189 35 élément
330 1544 207 35 modulaire.

128 1567 225 50 L’ensemble
305 1567 145 50 ainsi
402 1567 177 50 réalisé
530 1567 129 50 peut
611 1567 193 50 recevoir
756 1567 97 50 un
788 1567 193 50 équipement

124 1607 210 41 branché
276 1607 133 41 sur
353 1607 114 41 un
410 1607 191 41 réseau
543 1607 114 41 de
601 1607 210 41 fluides
753 1607 210 41 intégré
887 1607 95 41 aux

126 1744 186 54 Michel
268 1744 200 54 MARTY
425 1744 86 54 né
468 1744 86 54 en
511 1744 114 54 1943
582 1744 71 54 à
611 1744 171 54 Toulouse
739 1744 186 54 (France).
868 1744 114 54 Archi

124 1825 207 57 Michel
283 1825 270 57 COURPIED
505 1825 95 57 né
553 1825 95 57 en
601 1825 127 57 1944
680 1825 79 57 à
712 1825 159 57 Nevers
807 1825 175 57 (France).

73 1960 139 42 60
165 1960 170 42 TEXTURE
289 1960 217 42 URBAINE
460 1960 201 42 (maquette
614 1960 93 42 et
645 1960 217 42 projection).

121 2009 146 51 Notre
218 2009 162 51 projet
332 2009 113 51 est
396 2009 146 51 conçu
494 2009 178 51 surtout
623 2009 130 51 pour
704 2009 259 51 restructurer
899 2009 81 51 les

118 2048 193 44 espaces
259 2048 246 44 suburbains
452 2048 123 44 des
522 2048 193 44 grandes
663 2048 193 44 villes,
803 2048 158 44 comme
891 2048 88 44 une

117 2084 207 39 solution
272 2084 241 39 temporaire
462 2084 103 39 au
513 2084 207 39 problème
669 2084 103 39 de
720 2084 138 39 leur
789 2084 190 39 décentra-

120 2118 211 40 lisation,
282 2118 211 40 répondant
444 2118 113 40 aux
508 2118 178 40 besoins
638 2118 97 40 de
687 2118 227 40 changement
848 2118 130 40 rapide

119 2151 108 45 des
180 2151 231 45 programmes.
365 2151 93 45 Il
412 2151 139 45 offre
504 2151 108 45 des
566 2151 247 45 possibilités
766 2151 123 45 tant
828 2151 154 45 d’exten-

117 2189 129 39 sion
198 2189 113 39 que
262 2189 259 39 d’effacement
456 2189 146 39 facile.
