1062 2361
34 104 189 67 SUEDE

339 232 366 63 PHOTOGRAPHE

120 311 196 65 Anders
271 311 256 65 PETERSEN
482 311 90 65 né
527 311 90 65 en
572 311 121 65 1944
647 311 75 65 à
678 311 196 65 Stockholm
813 311 151 65 (Suède).

90 362 165 56 1
214 362 110 56 D’un
283 362 165 56 quartier
407 362 83 56 de
448 362 193 56 Reperbahn,
600 362 110 56 1968
669 362 124 56 (noir
751 362 83 56 et
779 362 124 56 blanc).

90 402 166 45 2
214 402 110 45 D’un
283 402 166 45 quartier
407 402 83 45 de
449 402 193 45 Reperbahn,
601 402 110 45 1968
670 402 124 45 (noir
752 402 83 45 et
780 402 124 45 blanc).

90 436 165 48 3
214 436 110 48 D’un
283 436 165 48 quartier
407 436 83 48 de
448 436 193 48 Reperbahn,
599 436 110 48 1968
668 436 124 48 (noir
751 436 83 48 et
778 436 124 48 blanc).

90 466 166 48 4
214 466 110 48 D’un
283 466 166 48 quartier
407 466 83 48 de
449 466 193 48 Reperbahn,
601 466 110 48 1968
670 466 124 48 (noir
752 466 83 48 et
780 466 124 48 blanc).

88 500 166 49 5
212 500 110 49 D’un
281 500 166 49 quartier
405 500 83 49 de
447 500 193 49 Reperbahn,
599 500 110 49 1968
668 500 124 49 (noir
750 500 83 49 et
778 500 124 49 blanc).

89 535 165 51 6
213 535 110 51 D’un
282 535 165 51 quartier
406 535 83 51 de
447 535 193 51 Reperbahn,
599 535 110 51 1968
668 535 124 51 (noir
750 535 83 51 et
778 535 124 51 blanc).

311 636 243 59 GROUPE
456 636 292 59 D’ARTISTES

86 718 119 62 7
160 718 119 62 PUSS
235 718 208 62 (BISE
398 718 119 62 1969
473 718 89 62 (4
517 718 163 62 écrans,
636 718 104 62 225
695 718 74 62 x
725 718 119 62 325,
800 718 163 62 montage
904 718 59 62 de

117 756 174 47 dessins
243 756 95 47 et
291 756 95 47 de
322 756 158 47 textes).

98 803 252 47 Responsable:

118 845 160 61 Lena
235 845 247 61 SVEDBERG
438 845 102 61 née
497 845 87 61 en
540 845 116 61 1946
613 845 73 61 à
642 845 175 61 Göteborg
759 845 145 61 (Suède).

118 882 244 60 Carl-Johan
318 882 86 60 DE
361 882 186 60 GEER
505 882 86 60 né
548 882 86 60 en
590 882 115 60 1938
662 882 72 60 à
691 882 172 60 Montréal
805 882 158 60 (Canada).

100 924 380 45 Dessinateur

117 965 165 49 Lars
237 965 300 49 HILLERSBERG
492 965 90 49 né
536 965 90 49 en
581 965 120 49 1937
656 965 75 49 à
686 965 150 49 Gnesta
776 965 150 49 (Suède).

100 1001 380 42 Dessinateur

118 1039 146 52 Ulf
220 1039 248 52 RAHMBERG
425 1039 87 52 né
468 1039 87 52 en
512 1039 117 52 1935
585 1039 73 52 à
614 1039 131 52 Boras
702 1039 175 52 (Suède).
818 1039 146 52 Dessina

99 1075 262 39 teur

117 1098 172 65 Peter
246 1098 215 65 WANGER
418 1098 86 65 né
461 1098 86 65 en
504 1098 115 65 1940
576 1098 72 65 à
605 1098 172 65 Göteborg
734 1098 172 65 (Suède).
849 1098 115 65 Rédac

98 1149 108 46 teur.

439 1234 150 52 FILM

115 1312 194 44 Erling
264 1312 268 44 JOHANSSON
488 1312 89 44 né
533 1312 89 44 en
577 1312 119 44 1935
652 1312 75 44 à
682 1312 194 44 Stockholm
816 1312 149 44 (Suède).

85 1360 163 52 8
208 1360 122 52 Anima
289 1360 136 52 mundi,
384 1360 109 52 1967
452 1360 122 52 (noir
533 1360 81 52 et
574 1360 149 52 blanc).
682 1360 163 52 Fri-film
791 1360 176 52 produktion,

95 1399 211 49 Stockholm.

36 2302 95 44 116
