1066 2361
733 33 233 71 CHYPRE

94 158 169 101 Nicos
207 158 263 101 Kouroussis
413 158 113 101 se
470 158 169 101 place
582 158 131 101 sur
657 158 113 101 un
714 158 150 101 plan
789 158 150 101 diffé-

44 212 168 96 rent.
156 212 223 96 Sensible
324 212 93 96 à
361 212 205 96 l’appel
510 212 112 96 de
566 212 112 96 la
622 212 223 96 couleur,
789 212 149 96 dont
864 212 74 96 en

44 260 128 89 ses
117 260 238 89 premières
300 260 238 89 démarches
483 260 110 89 il
538 260 183 89 trouve
666 260 128 89 des
721 260 220 89 références

44 299 150 85 dans
138 299 112 85 la
194 299 169 85 Crète
306 299 112 85 de
363 299 187 85 Minos,
494 299 112 85 il
550 299 225 85 poursuit
718 299 131 85 ses
774 299 169 85 recher-

44 342 160 90 ches
144 342 120 90 en
204 342 260 90 étanchant
404 342 120 90 sa
464 342 160 90 soif
563 342 200 90 auprès
703 342 140 90 des
763 342 180 90 maîtres

44 390 294 79 coloristes.
279 390 157 79 Dans
377 390 117 79 sa
436 390 176 79 phase
553 390 255 79 actuelle,
749 390 117 79 se
788 390 157 79 débar-

50 438 186 76 rassant
185 438 152 76 d’une
287 438 186 76 réalité
422 438 304 76 contraignante,
675 438 101 76 il
726 438 84 76 a
759 438 101 76 pu
793 438 152 76 attein-

46 477 140 79 dre
126 477 100 79 à
166 477 120 79 un
226 477 340 79 dépouillement
506 477 200 79 formel
646 477 120 79 où
706 477 140 79 les
766 477 180 79 valeurs

48 515 306 82 chromatiques
297 515 249 82 réparties
488 515 134 82 sur
564 515 115 82 de
622 515 210 82 grandes
756 515 191 82 surfaces

47 554 241 81 viennent
227 554 261 81 souligner
428 554 120 81 la
488 554 261 81 structure
688 554 120 81 de
749 554 120 81 la
789 554 160 81 compo-

50 613 198 65 sition.
194 613 180 65 Ainsi,
320 613 198 65 prenant
464 613 252 65 conscience
662 613 126 65 des
734 613 144 65 deux
806 613 144 65 compo-

50 639 187 76 santes
181 639 112 76 de
237 639 131 76 son
312 639 299 76 tempérament,
555 639 280 76 réintégrant
760 639 187 76 l’humain

52 682 115 79 au
109 682 191 79 centre
243 682 115 79 de
300 682 115 79 sa
358 682 210 79 vision,
511 682 115 79 il
568 682 191 79 amorce
702 682 134 79 une
759 682 191 79 nouvelle

52 726 307 86 spéculation,
301 726 307 86 sanctionnant
551 726 115 86 un
608 726 192 86 accord
724 726 230 86 harmonieux

57 778 155 81 entre
160 778 104 81 le
212 778 190 81 lyrisme
350 778 104 81 et
402 778 104 81 la
437 778 224 81 sensualité.

107 827 113 65 La
164 827 208 65 gravure
315 827 132 65 est
390 827 132 65 une
466 827 264 65 discipline
673 827 132 65 qui
749 827 94 65 a
786 827 132 65 des
843 827 113 65 exi-

55 865 192 78 gences
189 865 326 78 particulières
457 865 115 78 où
515 865 134 78 les
591 865 211 78 notions
725 865 230 78 techniques

57 909 202 73 peuvent
204 909 165 73 jouer
314 909 110 73 un
369 909 147 73 rôle
461 909 294 73 prédominant.
700 909 184 73 Michel
810 909 147 73 Phini-

57 945 240 77 karides,
237 945 260 77 dépassant
437 945 140 77 les
517 945 220 77 astuces
677 945 120 77 du
737 945 200 77 métier
857 945 100 77 qui

59 996 147 67 trop
150 996 202 67 souvent
297 996 220 67 arrivent
462 996 92 67 à
499 996 128 67 des
572 996 183 67 effets
682 996 275 67 superficiels,

62 1034 179 71 laisse
187 1034 179 71 parler
312 1034 161 71 d’une
420 1034 161 71 façon
527 1034 197 71 franche
670 1034 197 71 l’encre
813 1034 125 71 sur
867 1034 89 71 son

61 1077 198 71 support
205 1077 216 71 naturel,
367 1077 108 71 le
421 1077 198 71 papier.
564 1077 180 71 Jouant
690 1077 144 71 avec
780 1077 126 71 les
834 1077 126 71 oppo-

60 1121 215 65 sitions
217 1121 196 65 nettes
354 1121 137 65 des
432 1121 235 65 lumières
608 1121 117 65 et
667 1121 137 65 des
745 1121 215 65 ombres,
882 1121 78 65 il

61 1169 169 61 trace
174 1169 169 61 d’une
286 1169 150 61 main
380 1169 169 61 ferme
492 1169 131 61 ses
567 1169 187 61 images
699 1169 150 61 pour
774 1169 187 61 obtenir,

63 1217 131 61 par
138 1217 131 61 des
213 1217 206 61 modules
363 1217 243 61 primaires
550 1217 94 61 —
588 1217 206 61 cercles
737 1217 112 61 et
793 1217 187 61 lignes
906 1217 56 61 —

65 1253 123 59 des
136 1253 229 59 variantes
312 1253 229 59 imprêvues
487 1253 105 59 où
540 1253 105 59 la
593 1253 193 59 liberté
733 1253 193 59 s’allie
874 1253 88 59 à
892 1253 70 59 un

67 1299 140 59 sens
155 1299 140 59 inné
243 1299 105 59 de
296 1299 105 59 la
331 1299 228 59 discipline.

683 1331 150 56 Tony
758 1331 207 56 Spiteris.

368 1508 250 65 PEINTURE

120 1568 182 59 Nicos
256 1568 288 59 KOUROUSSIS
499 1568 91 59 né
545 1568 91 59 en
590 1568 121 59 1937
666 1568 76 59 à
697 1568 167 59 Nicosie
803 1568 167 59 (Chypre).

92 1628 167 43 1
217 1628 153 43 magerie
329 1628 195 43 sensuelle,
482 1628 111 43 1969
552 1628 209 43 (acrylique,
719 1628 98 43 123
775 1628 70 43 x
789 1628 98 43 123).

93 1670 151 34 2
203 1670 206 34 Composition
368 1670 82 34 1,
409 1670 110 34 1969
478 1670 206 34 (acrylique,
642 1670 96 34 123
697 1670 69 34 x
711 1670 96 34 123).

93 1700 151 41 3
203 1700 206 41 Composition
368 1700 82 41 2,
409 1700 110 41 1969
477 1700 206 41 (acrylique,
642 1700 96 41 142
697 1700 69 41 x
711 1700 82 41 87).

353 1771 286 65 SCULPTURE

126 1847 209 45 Georgios
294 1847 209 45 SFIKAS
461 1847 84 45 né
503 1847 84 45 en
545 1847 112 45 1943
615 1847 70 45 à
643 1847 154 45 Nicosie
740 1847 154 45 (Chypre).

97 1898 162 40 4
219 1898 135 40 Quatre
314 1898 68 40 à
341 1898 81 40 la
381 1898 176 40 puissance
516 1898 81 40 X,
557 1898 108 40 1969
625 1898 203 40 (polyester,
787 1898 149 40 résine,
881 1898 95 40 fibre

125 1932 99 55 de
174 1932 165 55 verre,
289 1932 115 55 168
355 1932 82 55 x
388 1932 115 55 259
454 1932 82 55 x
471 1932 115 55 198).

380 2010 243 69 GRAVURE

132 2080 198 45 Michael
287 2080 297 45 PHINIKARIDES
542 2080 85 45 né
584 2080 85 45 en
627 2080 113 45 1940
697 2080 71 45 à
726 2080 155 45 Nicosie
825 2080 155 45 (Chypre).

103 2126 152 43 5
214 2126 207 43 Composition
379 2126 83 43 1,
420 2126 110 43 1969
489 2126 97 43 (73
544 2126 69 43 x
558 2126 83 43 53).

104 2165 151 35 6
214 2165 206 35 Composition
380 2165 83 35 4,
421 2165 110 35 1969
490 2165 96 35 (53
545 2165 69 35 x
558 2165 83 35 73).

104 2198 317 44 7Composition
380 2198 97 44 11,
435 2198 110 44 1969
504 2198 97 44 (53
559 2198 69 44 x
573 2198 83 44 73).

904 2277 80 57 43
