1062 2325
4 67 624 83 MANIFESTATIONS
510 67 386 83 ANNEXES

86 190 237 87 tombèrent
268 190 128 87 les
341 190 219 87 derniers
505 190 273 87 combattants
724 190 109 87 de
778 190 109 87 la
815 190 164 87 Commune

88 233 101 43 de
122 233 134 43 Paris.

85 274 152 66 Ainsi
187 274 101 66 le
237 274 237 66 dispositif
423 274 101 66 de
474 274 254 66 célébration
677 274 203 66 poétique
812 274 169 66 implanté

89 316 110 58 par
152 316 125 58 Alex
230 316 203 58 Mlynarcik
387 316 235 58 concrétise,
574 316 125 58 dans
653 316 188 58 l’espace
793 316 94 58 et
840 316 94 58 le
872 316 110 58 temps

86 347 175 56 réels,
209 347 280 56 quelques-uns
437 347 123 56 des
507 347 193 56 aspects
647 347 280 56 fondamentaux
875 347 105 56 de
910 347 70 56 la

86 379 256 62 thématique
287 379 110 62 de
342 379 201 62 Gustave
488 379 219 62 Courbet,
652 379 146 62 dont
743 379 146 62 nous
817 379 164 62 pouvons

87 413 185 68 vérifier
225 413 92 68 la
271 413 154 68 charge
379 413 246 68 idéologique,
580 413 185 68 éprouver
718 413 92 68 la
764 413 169 68 réalité
888 413 92 68 et
918 413 62 68 la

86 446 275 55 signification
312 446 97 55 au
361 446 178 55 contact
490 446 97 55 de
539 446 146 55 notre
620 446 97 55 vie.

693 508 212 57 Raoul-Jean
845 508 137 57 Moulin.

84 604 131 61 Dans
165 604 98 61 le
214 604 147 61 cadre
312 604 98 61 de
345 604 326 61 Châtillon

83 645 110 44 les
146 645 78 44 3
177 645 94 44 et
225 645 78 44 4
256 645 173 44 octobre
366 645 94 44 1969

80 679 205 52 création
233 679 102 52 de
285 679 136 52 deux
370 679 273 52 compositions
574 679 188 52 musicales

78 717 105 42 de
131 717 158 42 Milan
236 717 211 42 Adamciak
394 717 105 42 et
447 717 176 42 Robert
552 717 176 42 Cyprich.

295 929 227 77 GALERIE
473 929 162 77 DANIEL
571 929 211 77 TEMPLON

210 1001 108 46 58,
271 1001 108 46 rue
333 1001 217 46 Bonaparte,
504 1001 139 46 Paris
597 1001 124 46 (6e)
674 1001 77 46 —
690 1001 170 46 326.89.53

238 1047 239 42 Exposition
426 1047 103 42 du
477 1047 85 42 3
511 1047 103 42 au
563 1047 103 42 25
614 1047 188 42 octobre
733 1047 103 42 1969

134 1088 231 57 Vernissage
315 1088 99 57 le
364 1088 198 57 vendredi
513 1088 82 57 3
546 1088 181 57 octobre
678 1088 99 57 de
727 1088 99 57 18
777 1088 82 57 h
810 1088 82 57 à
843 1088 99 57 21
876 1088 49 57 h

201 1131 136 44 Tous
286 1131 119 44 les
354 1131 170 44 jours,
473 1131 136 44 sauf
558 1131 204 44 dimanche
711 1131 102 44 et
745 1131 119 44 lundi

194 1163 97 56 de
242 1163 97 56 10
290 1163 80 56 h
323 1163 97 56 30
371 1163 80 56 à
403 1163 97 56 12
451 1163 80 56 h
484 1163 97 56 30
532 1163 97 56 et
580 1163 97 56 de
629 1163 97 56 14
677 1163 80 56 h
709 1163 97 56 30
757 1163 80 56 à
790 1163 97 56 19
822 1163 48 56 h

70 1294 127 64 Dufo
150 1294 111 64 est
213 1294 95 64 de
261 1294 143 64 toute
356 1294 191 64 évidence
500 1294 95 64 le
547 1294 207 64 contraire
707 1294 127 64 d’un
770 1294 207 64 tempérament

67 1345 313 47 révolutionnaire.
333 1345 125 47 Mais
411 1345 109 47 son
474 1345 156 47 action
583 1345 109 47 est
646 1345 219 47 insidieuse
818 1345 94 47 et
849 1345 125 47 propre

65 1370 80 45 à
97 1370 144 45 saper
193 1370 112 45 vos
256 1370 223 45 assurances
432 1370 271 45 journellement
655 1370 223 45 vérifiées.
830 1370 112 45 Ses
878 1370 96 45 cra-

65 1410 151 40 vates
166 1410 168 40 gaies,
284 1410 202 40 exposées
435 1410 84 40 à
469 1410 101 40 la
519 1410 202 40 Biennale
670 1410 134 40 1967
754 1410 84 40 —
788 1410 101 40 et
839 1410 118 40 qui
889 1410 84 40 lui

64 1438 210 50 valurent
221 1438 105 50 le
273 1438 140 50 Prix
361 1438 122 50 des
431 1438 175 50 Jeunes
553 1438 210 50 Artistes
711 1438 87 50 —
746 1438 122 50 ont
798 1438 175 50 perturbé

66 1475 127 47 plus
146 1475 127 47 d’un
225 1475 159 47 esprit
337 1475 175 47 habitué
464 1475 159 47 encore
575 1475 111 47 aux
639 1475 223 47 obsessions
798 1475 175 47 malsaines

62 1512 140 53 d’un
150 1512 158 53 Allen
255 1512 158 53 Jones
360 1512 105 53 ou
413 1512 140 53 d’un
501 1512 123 53 Jim
571 1512 158 53 Dine,
676 1512 123 53 eux
746 1512 158 53 aussi
834 1512 140 53 grands

63 1539 199 51 amateurs
212 1539 99 51 de
262 1539 116 51 cet
328 1539 182 51 élément
444 1539 265 51 vestimentaire.

62 1573 98 56 Si
111 1573 114 56 les
176 1573 163 56 objets
289 1573 98 56 de
338 1573 130 56 Dufo
419 1573 81 56 —
452 1573 179 56 ballons
582 1573 228 56 d’enfants,
761 1573 211 56 tabourets
907 1573 65 56 de

62 1622 182 42 cuisine,
198 1622 152 42 fleurs
304 1622 91 42 ou
350 1622 182 42 poissons
486 1622 227 42 artificiels
668 1622 76 42 —
698 1622 121 42 sont
774 1622 106 42 des
819 1622 152 42 produits

63 1649 257 44 standardisés,
275 1649 136 44 issus
366 1649 91 44 de
411 1649 136 44 notre
502 1649 242 44 civilisation
699 1649 91 44 du
744 1649 212 44 quotidien,
895 1649 76 44 ils

62 1684 127 46 sont
142 1684 143 46 aussi
237 1684 111 46 les
301 1684 127 46 plus
380 1684 159 46 dénués
492 1684 95 46 de
539 1684 127 46 tout
619 1684 207 46 caractère
762 1684 207 46 symbolique.

63 1714 115 48 Ils
128 1714 132 48 sont
211 1714 132 48 dans
293 1714 148 48 notre
392 1714 115 48 vie
458 1714 82 48 à
491 1714 99 48 la
540 1714 132 48 fois
623 1714 198 48 présents
771 1714 99 48 et
821 1714 99 48 en
854 1714 115 48 marge

59 1753 96 46 de
107 1753 112 46 nos
171 1753 303 46 préoccupations.
426 1753 144 46 C’est
522 1753 192 46 pourtant
666 1753 80 46 à
698 1753 160 46 partir
809 1753 144 46 d’eux
889 1753 80 46 que

58 1779 146 57 Dufo
149 1779 237 57 développe
331 1779 146 57 tout
423 1779 109 57 un
477 1779 201 57 langage
623 1779 219 57 poétique
788 1779 182 57 dégagé
897 1779 73 57 de

57 1813 149 50 toute
140 1813 183 50 anecdote.

58 1851 146 54 Dufo,
155 1851 146 54 c’est
252 1851 97 54 le
301 1851 194 54 champion
447 1851 97 54 de
495 1851 259 54 l’ambiguïté,
706 1851 97 54 du
738 1851 227 54 faux

56 1893 94 38 du
103 1893 266 38 trompe-l’œil.
323 1893 94 38 Sa
370 1893 172 38 matière
495 1893 157 38 propre
605 1893 94 38 et
652 1893 157 38 lisse,
761 1893 110 38 ses
808 1893 157 38 couleurs

53 1925 211 44 tendres,
211 1925 228 44 séduisent
387 1925 140 44 pour
475 1925 158 44 mieux
580 1925 211 44 tromper.
738 1925 158 44 Elles
843 1925 123 44 ont
896 1925 70 44 le

57 1961 178 35 pouvoir
187 1961 259 35 d’abandonner
397 1961 97 35 le
446 1961 227 35 spectateur
624 1961 81 35 à
657 1961 195 35 l’exacte
803 1961 162 35 limite
900 1961 65 35 où

56 1993 98 37 la
105 1993 195 37 finition
251 1993 195 37 parfaite
397 1993 163 37 risque
511 1993 98 37 de
560 1993 195 37 basculer
707 1993 130 37 dans
788 1993 98 37 le
821 1993 146 37 mauvais

55 2026 135 43 goût,
145 2026 90 43 où
190 2026 90 43 la
234 2026 150 43 poésie
339 2026 120 43 naît
414 2026 90 43 de
459 2026 299 43 l’insignifiance.
713 2026 90 43 Il
758 2026 90 43 ne
803 2026 135 43 tient
877 2026 90 43 qu’à

51 2058 126 41 son
123 2058 269 41 imagination
338 2058 108 41 de
392 2058 215 41 choisir,
553 2058 108 41 de
607 2058 161 41 jouer
715 2058 108 41 ou
769 2058 126 41 non
840 2058 108 41 le
876 2058 90 41 jeu

50 2095 106 46 de
103 2095 106 46 ce
156 2095 141 46 naïf
244 2095 123 46 des
315 2095 176 46 bazars
438 2095 106 46 de
491 2095 229 46 banlieue,
667 2095 141 46 prêt
755 2095 88 46 à
791 2095 106 46 se
826 2095 141 46 croire

51 2123 195 49 jardinier
201 2123 90 49 au
246 2123 135 49 rayon
336 2123 105 49 des
396 2123 150 49 fleurs
486 2123 240 49 artificielles.

687 2177 200 66 Catherine
825 2177 139 66 Millet.
