1062 2361
147 189 223 80 Micheline
328 189 209 80 Monier
496 189 98 80 née
552 189 84 80 en
593 189 112 80 1939
663 189 70 80 à
691 189 195 80 Versailles
831 189 139 80 (France)

145 293 207 70 Jacques
308 293 207 70 Verdu
471 293 89 70 né
516 293 89 70 en
560 293 119 70 1942
634 293 74 70 à
664 293 148 70 Pamier
768 293 193 70 (France).
901 293 74 70 In

91 405 233 84 21ESPACE
277 405 341 84 LUMENAPHONIQUE
571 405 248 84 (réalisation
773 405 78 84 à
788 405 186 84 grandeur).

139 457 205 82 Certaines
297 457 220 82 particules
470 457 94 82 de
517 457 189 82 l’espace
658 457 220 82 deviennent
816 457 157 82 sonores.

140 505 187 67 L’homme
276 505 255 67 intervient,
480 505 136 67 joue
565 505 136 67 dans
649 505 119 67 ces
717 505 255 67 particules.
904 505 68 67 Ce

138 542 106 63 fin
198 542 136 63 rayon
289 542 182 63 lumineux
426 542 182 63 retentit
562 542 121 63 d’un
638 542 106 63 son
698 542 182 63 strident
820 542 151 63 lorsquon

137 572 107 69 le
191 572 178 69 coupe,
315 572 124 69 cet
386 572 160 69 autre
492 572 195 69 devient
635 572 160 69 comme
741 572 107 69 un
794 572 178 69 tampon
901 572 71 69 de

136 615 134 57 cire
220 615 134 57 dans
304 615 117 57 nos
371 615 184 57 tympans
504 615 218 57 lorsqu’on
672 615 84 57 y
705 615 201 57 pénètre.
839 615 134 57 Chaque

137 648 180 59 endroit
268 648 98 59 se
317 648 180 59 signale
448 648 82 59 à
481 648 147 59 notre
579 648 229 59 mouvement,
759 648 82 59 à
792 648 147 59 notre
874 648 98 59 pré-

134 678 168 64 sence.
252 678 101 64 Le
302 678 184 64 danseur
436 678 101 64 se
486 678 184 64 mouvant
620 678 134 64 plus
704 678 235 64 rapidement
871 678 101 64 com-

134 714 154 62 mence
236 714 85 62 à
271 714 205 62 composer
424 714 120 62 ses
493 714 273 62 déplacements
715 714 137 62 dans
783 714 188 62 l’espace,

135 744 93 61 il
182 744 124 61 crée
260 744 109 61 son
322 744 171 61 rythme,
446 744 93 61 sa
492 744 140 61 suite
585 744 93 61 de
632 744 124 61 sons
709 744 109 61 qui
771 744 124 61 peut
833 744 140 61 devenir

135 778 232 59 harmonique.
320 778 108 59 Son
382 778 217 59 instrument
553 778 170 59 devient
677 778 201 59 l’espace;
832 778 93 59 la
863 778 108 59 place

133 813 140 56 qu’il
227 813 78 56 y
258 813 171 56 occupe,
382 813 233 56 l’intensité
568 813 124 56 dans
645 813 186 56 laquelle
785 813 93 56 il
831 813 78 56 y
862 813 109 56 vit
909 813 62 56 se

133 844 171 58 traduit
258 844 279 58 instantanément
490 844 93 58 de
537 844 202 58 l’espace.
692 844 93 58 La
738 844 217 58 traduction
893 844 78 58 est

135 875 113 68 ici
199 875 96 68 le
247 875 129 68 son,
328 875 96 68 le
376 875 177 68 rythme.
505 875 96 68 Le
553 875 177 68 passant
682 875 96 68 se
730 875 161 68 révèle
842 875 96 68 sa
875 875 96 68 pré-

130 914 170 56 sence,
249 914 102 56 sa
300 914 153 56 place
402 914 238 56 d’occupant
588 914 136 56 d’un
656 914 153 56 espace.

131 1011 203 70 Michel
288 1011 234 70 DESCHA
475 1011 94 70 né
522 1011 94 70 en
569 1011 125 70 1946
647 1011 78 70 à
678 1011 141 70 Paris
756 1011 172 70 (France).

131 1095 203 76 Patrick
290 1095 232 76 DEMAYER
479 1095 87 76 né
522 1095 87 76 en
566 1095 116 76 1945
638 1095 73 76 à
667 1095 131 76 Paris
740 1095 160 76 (France).

127 1196 172 67 Anton
255 1196 214 67 MACHEV
427 1196 86 67 né
470 1196 86 67 en
513 1196 114 67 1938
584 1196 71 67 à
613 1196 129 67 Sofia
698 1196 214 67 (Bulgarie).
856 1196 114 67 Choré

76 1315 136 75 22
166 1315 151 75 FORMES
272 1315 121 75 DANS
348 1315 241 75 L’ESPACE
544 1315 241 75 (réalisation
740 1315 75 75 à
755 1315 181 75 grandeur).

122 1379 98 67 La
171 1379 146 67 forme
268 1379 130 67 dans
349 1379 195 67 l’espace
496 1379 163 67 révèle
609 1379 114 67 une
674 1379 195 67 approche
804 1379 163 67 ironique

123 1419 105 54 des
183 1419 255 54 réalisateurs,
393 1419 105 54 qui
453 1419 195 54 utilisent
604 1419 90 54 la
649 1419 225 54 caricature,
829 1419 90 54 la
859 1419 105 54 scène

122 1450 130 52 pour
203 1450 163 52 parler
317 1450 261 52 d’apesanteur
513 1450 179 52 d’espace.

119 1485 126 57 Une
191 1485 162 57 forme
299 1485 271 57 entièrement
516 1485 198 57 étudiée
660 1485 144 57 d’où
750 1485 198 57 découle
877 1485 90 57 des

119 1519 163 54 objets
233 1519 163 54 usuels
347 1519 196 54 évoluant
494 1519 131 54 dans
575 1519 212 54 l’espace,
739 1519 114 54 une
804 1519 147 54 telle
885 1519 82 54 de-

118 1555 163 53 mande
226 1555 217 53 équivaut
389 1555 90 53 à
425 1555 199 53 réduire
570 1555 108 53 le
624 1555 126 53 mot
696 1555 217 53 «vision»
859 1555 90 53 à
877 1555 90 53 son

119 1587 125 55 sens
198 1587 220 55 occulaire,
370 1587 94 55 en
417 1587 235 55 l’affublant
605 1587 110 55 des
668 1587 204 55 adjectifs
809 1587 157 55 fatigués

116 1624 142 42 comme
211 1624 79 42 «
242 1624 205 42 objective
400 1624 95 42 et
447 1624 205 42 intégrale
605 1624 95 42 ».
652 1624 299 42 L’environnement
888 1624 79 42 est

115 1652 255 55 entièrement
319 1652 153 55 conçu
421 1652 153 55 comme
523 1652 170 55 vision
642 1652 204 55 critique
795 1652 102 55 du
829 1652 136 55 monde,

115 1683 100 46 la
165 1683 284 46 décomposition
399 1683 117 46 des
466 1683 167 46 formes
583 1683 117 46 est
650 1683 251 46 révélatrice
850 1683 84 46 à
867 1683 100 46 plu-

115 1726 164 51 sieurs
229 1726 164 51 égards
344 1726 82 51 :
377 1726 98 51 on
426 1726 131 51 peut
508 1726 229 51 l’employer
688 1726 131 51 hors
770 1726 98 51 du
803 1726 164 51 contexte

113 1755 241 45 environnant
306 1755 129 45 avec
387 1755 113 45 des
451 1755 225 45 intentions
628 1755 225 45 respectant
805 1755 129 45 leur
869 1755 97 45 con-

114 1786 180 51 ception
245 1786 229 51 originelle
425 1786 98 51 ou
474 1786 131 51 s’en
556 1786 164 51 servir
670 1786 147 51 comme
769 1786 196 51 véhicule
900 1786 65 51 de

111 1907 183 53 André
248 1907 244 53 GILARES
446 1907 92 53 né
492 1907 92 53 en
538 1907 122 53 1947
614 1907 76 53 à
645 1907 92 53 Le
690 1907 168 53 Sentier
797 1907 168 53 (Suisse).

109 2000 207 54 Maxime
268 2000 222 54 BUTEL
443 2000 95 54 né
490 2000 95 54 en
538 2000 127 54 1948
617 2000 79 54 à
649 2000 207 54 Montreuil
792 2000 175 54 (France).

109 2085 168 55 Jacky
235 2085 211 55 KAYSER
404 2085 84 55 né
446 2085 84 55 en
488 2085 112 55 1946
558 2085 70 55 à
586 2085 126 55 Régny
670 2085 182 55 (France).
797 2085 168 55 Coloriste.

109 2155 233 54 Christian
298 2155 218 54 LUREAU
473 2155 87 54 né
516 2155 87 54 en
560 2155 116 54 1947
633 2155 73 54 à
662 2155 203 54 Chevroches
807 2155 160 54 (France).
