1101 2361
814 65 275 66 FRANCE

111 197 134 81 15
200 197 134 81 PLAGE
289 197 89 81 DE
334 197 253 81 BISCAROSSE
527 197 208 81 (cyclotone).

155 253 103 64 Le
206 253 172 64 Centre
327 253 172 64 d’Arts
448 253 241 64 Plastiques
637 253 258 64 d’Aquitaine
827 253 189 64 présente,

154 290 160 57 depuis
266 290 144 57 1947,
362 290 96 57 sa
410 290 208 57 cinquième
570 290 240 57 réalisation
763 290 96 57 de
811 290 176 57 travail
923 290 96 57 col-

156 324 176 58 lectif,
284 324 144 58 conçu
380 324 96 58 et
427 324 208 58 construit
587 324 128 58 pour
667 324 96 58 un
715 324 128 58 lieu
795 324 160 58 public
890 324 128 58 donné:

155 357 139 61 plage
247 357 93 61 de
294 357 216 61 Biscarosse
464 357 93 61 en
510 357 216 61 Aquitaine,
680 357 247 61 juillet-août
881 357 139 61 1969.
958 357 62 61 Ce

155 392 177 54 travail
283 392 112 54 est
348 392 112 54 une
412 392 353 54 création-animation
717 392 128 54 d’un
781 392 241 54 environnement

154 423 153 55 conçu
256 423 153 55 comme
358 423 119 55 une
426 423 204 55 nouvelle
579 423 153 55 forme
682 423 102 55 de
733 423 238 55 rencontre.
903 423 119 55 Maté-

155 459 170 56 riaux:
274 459 204 56 panneaux
427 459 102 56 de
478 459 136 56 tôle
563 459 255 56 constituant
766 459 119 56 une
834 459 187 56 surface
953 459 68 56 de

155 491 102 55 65
206 491 119 55 m2,
274 491 203 55 peinture
426 491 203 55 Renaulac
579 491 85 55 à
613 491 186 55 séchage
731 491 153 55 rapide.

157 531 273 50 Fréquentation
382 531 97 50 de
430 531 97 50 la
479 531 145 50 plage
575 531 80 50 :
607 531 113 50 150
672 531 113 50 000
720 531 193 50 personnes.

158 592 263 56 Responsable
369 592 105 56 du
404 592 158 56 groupe:

158 635 350 51 Jacques-Adrien
458 635 250 51 PINEAU
658 635 100 51 né
708 635 100 51 en
758 635 133 51 1941
842 635 83 51 à
858 635 167 51 Toulouse

144 681 165 50 (France).

162 727 197 60 Daniel
313 727 212 60 BUSTO
480 727 91 60 né
525 727 91 60 en
570 727 121 60 1948
646 727 76 60 à
661 727 106 60 Cuba.

162 771 239 72 Christian
356 771 254 72 DELAFOND
565 771 90 72 né
610 771 90 72 en
655 771 119 72 1946
729 771 75 72 à
759 771 164 72 Roubaix
864 771 164 72 (France).

162 838 177 59 Anita
295 838 251 59 DELPLACE
502 838 103 59 née
561 838 89 59 en
605 838 118 59 1949
679 838 74 59 à
709 838 133 59 Lille
783 838 162 59 (France).

162 889 163 58 Jean
281 889 237 58 GASSIAN
474 889 89 58 né
518 889 89 58 en
563 889 119 58 1946
637 889 74 58 à
666 889 178 58 Bordeaux
785 889 163 58 (France).

164 949 201 55 Pierre
318 949 279 55 LESBORDES
550 949 93 55 né
597 949 93 55 en
643 949 124 55 1949
721 949 77 55 à
751 949 170 55 Bayonne
860 949 170 55 (France).

164 1001 239 59 Catherine
358 1001 224 59 PINEAU
538 1001 105 59 née
598 1001 90 59 en
642 1001 120 59 1944
717 1001 75 59 à
747 1001 179 59 Bordeaux
867 1001 164 59 (France).

167 1059 186 57 Michel
310 1059 186 57 RUCH
453 1059 86 57 né
496 1059 86 57 en
539 1059 115 57 1947
610 1059 72 57 à
639 1059 129 57 Paris
711 1059 157 57 (France).

165 1113 181 58 Alain
301 1113 211 58 VALLET
466 1113 90 58 né
512 1113 90 58 en
557 1113 121 58 1944
632 1113 75 58 à
663 1113 181 58 Bordeaux
783 1113 166 58 (France).

360 1205 266 50 TRAVAUX
529 1205 242 50 D’EQUIPE

122 1274 130 49 16
208 1274 259 49 BIORYTHMOS
424 1274 187 49 (maquette
568 1274 86 49 et
597 1274 187 49 cyclotone).

168 1330 197 38 Approche
315 1330 197 38 poétique
463 1330 131 38 d’un
544 1330 180 38 univers
676 1330 229 38 plastique,
839 1330 197 38 tourbillon

167 1366 105 35 et
219 1366 209 35 caverne,
376 1366 192 35 mouvant
515 1366 157 35 comme
620 1366 122 35 les
689 1366 157 35 eaux,
794 1366 105 35 où
846 1366 122 35 les
899 1366 139 35 formes

169 1400 159 36 comme
276 1400 248 36 suspendues
470 1400 142 36 dans
559 1400 106 36 le
612 1400 177 36 temps,
736 1400 142 36 sont
825 1400 106 36 en
860 1400 177 36 harmonie

168 1434 139 39 avec
254 1434 174 39 celles
376 1434 122 39 des
446 1434 139 39 eaux
532 1434 295 39 jaillissantes
775 1434 139 39 dans
862 1434 122 39 une
914 1434 122 39 atmo-

171 1467 165 40 sphère
286 1467 181 40 colorée
417 1467 99 40 en
467 1467 214 40 perpétuel
615 1467 214 40 changement.

171 1495 205 43 Obéissant
329 1495 95 43 au
376 1495 126 43 seul
455 1495 158 43 rythme
565 1495 189 43 solaire,
707 1495 110 43 les
770 1495 221 43 habitacles
928 1495 110 43 sphé-

173 1534 160 37 riques
285 1534 96 37 se
333 1534 208 37 détachent
493 1534 112 37 sur
556 1534 96 37 la
604 1534 144 37 crête
684 1534 192 37 lumineuse.

172 1558 207 42 Esquisse
327 1558 138 42 d’un
414 1558 173 42 milieu
535 1558 173 42 vivant
656 1558 104 42 en
708 1558 225 42 résonance
880 1558 138 42 avec
950 1558 86 42 son

169 1595 313 41 environnement
427 1595 240 41 aquatique
611 1595 166 41 comme
722 1595 147 41 avec
814 1595 203 41 l’homme
943 1595 92 41 qui

171 1629 133 46 peut
255 1629 83 46 y
288 1629 184 46 trouver
422 1629 200 46 l’espace
572 1629 217 46 dynamique
739 1629 100 46 de
789 1629 100 46 la
839 1629 117 46 vie
889 1629 150 46 sociale

170 1661 107 45 ou
224 1661 213 45 l’espace
383 1661 160 45 isolé
490 1661 160 45 conçu
596 1661 142 45 pour
685 1661 124 45 une
756 1661 124 45 vie
827 1661 107 45 en
863 1661 178 45 harmonie

172 1698 129 51 avec
253 1698 113 51 les
317 1698 178 51 rythmes
431 1698 226 51 biologiques.

158 1749 243 44 Responsable:

178 1790 255 54 Jean-Pierre
391 1790 269 54 MALAUSSENA
617 1790 85 54 né
660 1790 85 54 en
703 1790 113 54 1935
774 1790 71 54 à
802 1790 128 54 Blida
873 1790 170 54 (Algérie).

161 1830 190 45 Sculpteur.

180 1877 216 54 Bernard
350 1877 232 54 JOHNER
535 1877 93 54 né
581 1877 93 54 en
628 1877 124 54 1944
705 1877 77 54 à
736 1877 216 54 Casablanca
890 1877 155 54 (Maroc).

166 1917 153 41 Peintre.

183 1962 185 49 Edith
321 1962 215 49 LEJET
490 1962 108 49 née
552 1962 92 49 en
598 1962 123 49 1941
675 1962 77 49 à
706 1962 138 49 Paris
798 1962 200 49 (France).
936 1962 108 49 Musi

161 2004 148 42 cienne.

182 2054 197 41 Daniel
333 2054 272 41 LEVASSEUR
560 2054 91 41 né
605 2054 91 41 en
651 2054 121 41 1941
726 2054 76 41 à
757 2054 182 41 Grenoble
878 2054 166 41 (France).

164 2092 196 44 Architecte.

179 2132 268 51 Jean-Louis
400 2132 221 51 PUJOL
573 2132 95 51 né
621 2132 95 51 en
668 2132 126 51 1938
747 2132 79 51 à
778 2132 95 51 La
810 2132 236 51 Seyne

180 2177 194 55 (France).
315 2177 194 55 Architecte.

955 2261 93 48 141
