1062 2361
-37 89 406 74 VENEZUELA

61 207 215 77 truites
218 207 117 77 en
276 207 273 77 verticales
491 207 293 77 programmées
726 207 98 77 —
765 207 156 77 j’ai
843 207 117 77 créé

62 271 159 52 deux
162 271 259 52 principes
361 271 119 52 de
420 271 299 52 réalisation
659 271 139 52 qui
739 271 219 52 mettent
878 271 80 52 en

63 304 229 59 évidence
235 304 248 59 plusieurs
426 304 191 59 gammes
559 304 115 59 de
616 304 248 59 couleurs.
807 304 153 59 Dans
884 304 76 59 le

65 350 229 57 premier,
237 350 114 57 il
294 350 133 57 n’y
370 350 95 57 a
408 350 114 57 ni
465 350 210 57 surface
618 350 114 57 ni
675 350 172 57 fond,
789 350 153 57 mais
866 350 95 57 une

62 398 271 49 sensation
271 398 125 49 de
334 398 209 49 «vides
480 398 251 49 colorés»
668 398 125 49 où
730 398 125 49 la
772 398 188 49 lumière

61 429 273 59 fragmentée
276 429 117 59 et
335 429 117 59 la
394 429 215 59 couleur
550 429 215 59 peuvent
706 429 156 59 être
784 429 176 59 perçues

62 481 123 50 de
123 481 123 50 la
184 481 184 50 façon
307 481 123 50 la
368 481 163 50 plus
470 481 245 50 directe.
654 481 163 50 Dans
756 481 123 50 le
797 481 163 50 second

64 522 205 47 procédé
213 522 112 47 la
269 522 242 47 structure
456 522 130 47 est
530 522 112 47 la
586 522 168 47 même,
698 522 149 47 mais
773 522 186 47 inscrite

62 567 131 46 sur
137 567 112 46 le
193 567 168 46 plan.
305 567 149 46 Dans
398 567 131 46 les
473 567 149 46 deux
566 567 131 46 cas
641 567 112 46 la
697 567 243 46 structure
865 567 93 46 n’a

60 605 320 54 d’importance
320 605 140 54 que
400 605 160 54 dans
500 605 120 54 la
559 605 200 54 mesure
699 605 120 54 où
759 605 160 54 elle
839 605 120 54 rend

62 645 220 55 évidente
227 645 110 55 la
282 645 312 55 fragmentation
538 645 110 55 de
593 645 110 55 la
648 645 202 55 lumière
795 645 110 55 et
850 645 110 55 de
887 645 73 55 la

61 695 210 42 couleur
214 695 134 42 par
290 695 115 42 le
348 695 287 42 déplacement
577 695 268 42 horizontal
788 695 115 42 du
826 695 134 42 spec

45 728 159 48 tateur.

121 769 115 50 Il
178 769 191 50 s’agit
312 769 153 50 d’un
407 769 248 50 spectacle
598 769 267 50 polychrome
789 769 172 50 réalisé

60 812 144 54 dans
150 812 126 54 une
222 812 198 54 optique
366 812 252 54 différente
563 812 162 54 quant
671 812 90 54 à
689 812 270 54 l’utilisation

57 865 147 47 des
141 865 252 47 couleurs
330 865 126 47 et
393 865 147 47 des
477 865 231 47 formes.
644 865 126 47 Ma
686 865 273 47 proposition

61 901 230 52 continue
233 901 192 52 d’être
367 901 115 52 la
425 901 326 52 fragmentation
693 901 115 52 de
750 901 115 52 la
789 901 172 52 lumière

57 950 118 46 et
116 950 118 46 de
175 950 118 46 la
235 950 236 46 couleur.
412 950 236 46 Celle-ci
589 950 236 46 engendre
766 950 118 46 un
805 950 158 46 climat

59 987 360 44 d’enrichissement
365 987 108 44 du
419 987 198 44 rapport
563 987 396 44 couleur-réflexion,
887 987 72 44 en

59 1032 187 44 créant
190 1032 112 44 la
247 1032 243 44 sensation
434 1032 318 44 insaisissable
696 1032 131 44 des
752 1032 206 44 couleurs.

672 1114 197 68 Juvenal
797 1114 161 68 Ravelo.

298 1620 241 69 GROUPE
442 1620 289 69 D’ARTISTES

68 1700 135 42 1
153 1700 169 42 VOLUME
271 1700 236 42 IMMATERIEL
456 1700 84 42 —
490 1700 355 42 ENVIRONNEMENT
794 1700 135 42 1969
862 1700 101 42 (400

103 1734 135 48 x300
187 1734 84 48 x
204 1734 118 48 250).

98 1773 258 45 LUMIERE
301 1773 277 45 FRAGMENTEE—
522 1773 406 45 ENVIRONNEMENT
854 1773 111 45 1969

100 1818 121 40 (400
175 1818 76 40 x
206 1818 106 40 300
266 1818 76 40 x
281 1818 106 40 250).

101 1854 197 41 Rafael
252 1854 258 41 MARTINEZ
465 1854 91 41 né
510 1854 91 41 en
556 1854 121 41 1940
631 1854 76 41 à
662 1854 106 41 San
722 1854 182 41 Fernando
844 1854 121 41 (Vene-

97 1891 174 44 zuela).
208 1891 190 44 Sculpteur.

99 1924 197 50 Juvenal
251 1924 228 50 RAVELO
433 1924 91 50 né
478 1924 91 50 en
524 1924 121 50 1934
600 1924 76 50 à
630 1924 182 50 Caripito
752 1924 213 50 (Venezuela).

84 1966 156 43 Peintre.

408 2044 178 56 FILMS

100 2117 161 55 Ivan
218 2117 205 55 CROCE
379 2117 88 55 né
423 2117 88 55 en
467 2117 117 55 1944
541 2117 73 55 à
570 2117 161 55 Caracas
673 2117 205 55 (Venezuela).

69 2163 143 40 2
176 2163 107 40 Soto,
248 2163 95 40 1968
295 2163 143 40 (couleur).

68 2199 159 45 3
187 2199 133 45 Ravelo
280 2199 66 45 -
306 2199 172 45 Martinez,
439 2199 106 45 1969
492 2199 159 45 (couleur).

26 2279 95 61 132
