1066 2361
842 57 228 62 JAPON

86 190 175 82 trois
202 190 253 82 panneaux,
397 190 312 82 représentant
650 190 175 82 trois
767 190 234 82 éléments
923 190 78 82 de

91 234 233 82 rupture:
265 234 291 82 l’intérieur
498 234 175 82 d’une
614 234 233 82 chambre,
789 234 136 82 une
847 234 155 82 partie

88 285 126 72 de
151 285 189 72 Tokyo
277 285 126 72 et
340 285 147 72 une
424 285 294 72 mappemonde
634 285 231 72 découpée.

143 318 88 75 A
179 318 211 75 l’opposé
337 318 106 75 de
390 318 299 75 l’utilisation
636 318 106 75 de
689 318 106 75 la
742 318 211 75 nouvelle
883 318 123 75 tech-

92 360 239 78 nologie,
271 360 119 78 on
331 360 199 78 trouve
470 360 119 78 le
530 360 199 78 groupe
669 360 119 78 «4
729 360 239 78 Bossots»
888 360 119 78 dont

93 408 122 70 le
154 408 142 70 nom
235 408 243 70 signifie
417 408 203 70 «voilà
559 408 101 70 »
600 408 122 70 ou
660 408 122 70 «à
721 408 122 70 la
782 408 223 70 manière
924 408 81 70 de

96 439 114 77 la
153 439 190 77 nature
286 439 114 77 ».
343 439 152 77 Jiro
438 439 266 77 Takamatsu,
647 439 171 77 Nobuo
761 439 209 77 Sekine,
894 439 114 77 Kat-

94 491 190 70 suhiko
227 491 209 70 Narita,
379 491 228 70 Shintaro
550 491 209 70 Tanaka,
703 491 266 70 présentent
893 491 114 70 donc

95 530 136 75 des
172 530 232 75 réalités
346 530 174 75 comme
463 530 252 75 l’étoffe,
656 530 194 75 l’eau,
792 530 116 75 le
831 530 174 75 charbon

97 568 109 71 de
151 568 164 71 bois,
261 568 109 71 le
315 568 182 71 sable.
443 568 164 71 S’ils
552 568 237 71 utilisent
735 568 255 71 volontiers
917 568 91 71 ces

95 613 249 73 matières
282 613 311 73 naturelles,
530 613 186 73 c’est
655 613 145 73 que
738 613 269 73 celles-ci
924 613 83 73 ne

94 652 358 76 s’accompagnent
393 652 239 76 d’aucune
572 652 279 76 expression
771 652 239 76 spécifique

97 701 112 63 et
153 701 224 63 qu’elles
321 701 149 63 sont
414 701 224 63 neutres.
582 701 131 63 Ici
657 701 112 63 la
713 701 205 63 «nature
862 701 93 63 »
880 701 131 63 n’est

101 739 122 78 pas
170 739 245 78 substance,
363 739 140 78 mais
450 739 87 78 «
485 739 140 78 idée
573 739 105 78 ».
625 739 105 78 Il
678 739 105 78 va
730 739 140 78 sans
818 739 140 78 dire
888 739 122 78 qu’il

97 781 203 70 serait
239 781 203 70 erroné
381 781 264 70 d’essayer
585 781 122 70 de
646 781 264 70 retrouver
849 781 163 70 dans
931 781 81 70 de

98 823 190 64 telles
231 823 190 64 œuvres
365 823 305 64 l’atmosphère
612 823 229 64 mystique
783 823 152 64 d’un
860 823 152 64 pseudo

83 886 113 50 Zen.

152 911 118 60 Le
211 911 235 60 graveur,
388 911 235 60 Tadanori
564 911 176 60 Yoko,
682 911 216 60 souille
839 911 118 60 de
878 911 137 60 magie

99 958 238 53 sexuelle
278 958 119 53 et
338 958 119 53 de
397 958 159 53 sang
496 958 119 53 le
556 958 179 53 monde
675 958 119 53 du
735 958 199 53 design
854 958 159 53 devenu

100 1002 318 60 fonctionnel.
358 1002 179 60 C’est
477 1002 119 60 le
537 1002 198 60 simple
676 1002 278 60 témoignage
894 1002 119 60 de
934 1002 79 60 la

103 1035 272 58 conscience
316 1035 136 58 qui
394 1035 194 58 désire
530 1035 175 58 créer
647 1035 136 58 une
724 1035 233 58 nouvelle
880 1035 136 58 image

102 1075 122 69 de
163 1075 224 69 l’homme
325 1075 142 69 par
407 1075 386 69 l’intermédiaire
732 1075 122 69 du
793 1075 163 69 sexe
895 1075 142 69 mis
956 1075 61 69 à

103 1124 149 57 nu.
188 1124 149 57 Son
273 1124 191 57 œuvre
400 1124 106 57 a
443 1124 170 57 pour
549 1124 191 57 thème
677 1124 340 57 traditionnel
932 1124 85 57 la

91 1176 161 47 torture.

157 1198 121 63 Le
217 1198 322 63 photographe,
478 1198 201 63 Takuma
619 1198 241 63 Nakahira
780 1198 241 63 appartient

108 1251 107 53 au
162 1251 179 53 groupe
287 1251 215 53 «Provoke
448 1251 107 53 ».
502 1251 107 53 Il
556 1251 161 53 tente
663 1251 107 53 de
717 1251 179 53 saisir
842 1251 107 53 la
878 1251 143 53 trans-

105 1291 258 56 formation
304 1291 119 56 de
363 1291 219 56 l’homme
522 1291 119 56 en
582 1291 179 56 objet
701 1291 318 56 inexpressif,
940 1291 79 56 en

108 1330 171 57 homme
222 1330 152 57 sans
317 1330 343 57 individualité.
603 1330 114 57 Il
660 1330 190 57 refuse
793 1330 95 57 à
832 1330 114 57 la
870 1330 152 57 photo-

108 1381 223 56 graphie
270 1381 122 56 de
331 1381 223 56 devenir
493 1381 122 56 un
554 1381 183 56 objet
676 1381 203 56 d’art:
818 1381 122 56 il
859 1381 162 56 montre

109 1420 139 50 non
189 1420 139 50 les
268 1420 337 50 photographies
546 1420 318 50 elles-mêmes,
804 1420 159 50 mais
883 1420 139 50 leurs

110 1466 345 45 reproductions
394 1466 264 45 imprimées
596 1466 182 45 comme
718 1466 203 45 celles
860 1466 142 45 que
921 1466 101 45 les

111 1507 228 60 passants
282 1507 190 60 voient
415 1507 152 60 dans
509 1507 133 60 les
566 1507 133 60 rues.

717 1529 245 59 Voshiaki
880 1529 143 59 Tono.

419 1687 251 57 PEINTURE

160 1763 244 55 COMPUTER
355 1763 212 55 TECHNICAL
502 1763 195 55 GROUP.

165 1812 156 44 Küii
278 1812 213 44 FUJINO
449 1812 85 44 né
491 1812 85 44 en
534 1812 114 44 1942
605 1812 71 44 à
633 1812 128 44 Tokyo
704 1812 142 44 (Japon).

162 1849 215 41 Takeshi
331 1849 262 41 HASEGAWA
546 1849 92 41 né
592 1849 92 41 en
639 1849 123 41 1943
715 1849 77 41 à
746 1849 138 41 Tokyo
823 1849 154 41 (Japon).

165 1886 218 35 Shigeaki
340 1886 247 35 IWASHITA
544 1886 87 35 né
587 1886 87 35 en
631 1886 116 35 1945
704 1886 73 35 à
733 1886 131 35 Tokyo
806 1886 145 35 (Japon).

165 1921 180 38 Masao
300 1921 225 38 KOMURA
480 1921 90 38 né
525 1921 90 38 en
571 1921 120 38 1943
646 1921 75 38 à
676 1921 135 38 Tokyo
751 1921 150 38 (Japon).

165 1951 177 38 Fujio
298 1951 192 38 NIWA
446 1951 89 38 né
490 1951 89 38 en
535 1951 118 38 1941
609 1951 74 38 à
638 1951 133 38 Tokyo
712 1951 148 38 (Japon).

166 1986 187 38 Makoto
310 1986 202 38 OTAKE
468 1986 87 38 né
512 1986 87 38 en
555 1986 115 38 1944
627 1986 72 38 à
656 1986 130 38 Tokyo
728 1986 144 38 (Japon).

167 2018 195 43 Michio
317 2018 225 43 SASAKI
497 2018 90 43 né
542 2018 90 43 en
586 2018 120 43 1948
661 2018 75 43 à
691 2018 135 43 Tokyo
766 2018 150 43 (Japon).

167 2050 222 39 Harunori
345 2050 252 39 TSUCHIYA
553 2050 89 39 né
597 2050 89 39 en
642 2050 119 39 1943
716 2050 74 39 à
746 2050 133 39 Tokyo
820 2050 148 39 (Japon).

169 2084 180 41 Kunio
304 2084 255 41 VAMANAKA
514 2084 90 41 né
559 2084 90 41 en
604 2084 120 41 1943
679 2084 75 41 à
709 2084 135 41 Tokyo
784 2084 150 41 (Japon).

140 2119 176 43 1
272 2119 176 43 Computer
404 2119 103 43 art
463 2119 103 43 PI,
521 2119 117 43 1969
595 2119 147 43 (encre
697 2119 103 43 sur
756 2119 161 43 papier,
873 2119 88 43 74
917 2119 73 43 x
931 2119 103 43 245).

141 2159 176 38 2
273 2159 176 38 Computer
405 2159 103 38 art
464 2159 103 38 P2,
522 2159 117 38 1969
596 2159 147 38 (encre
698 2159 103 38 sur
757 2159 161 38 papier,
874 2159 88 38 74
918 2159 73 38 x
932 2159 103 38 245).

142 2192 176 49 3
274 2192 176 49 Computer
406 2192 102 49 art
464 2192 102 49 P3,
523 2192 117 49 1969
596 2192 146 49 (encre
698 2192 102 49 sur
757 2192 161 49 papier,
874 2192 88 49 74
918 2192 73 49 x
933 2192 102 49 245).

957 2273 82 48 85
