1072 2325
-27 208 140 50 Ses
53 208 199 50 autres
192 208 199 50 œuvres
332 208 160 50 sont
432 208 120 50 le
492 208 299 50 Quartete
731 208 100 50 à
751 208 239 50 cordes

-18 257 173 38 (1967),
108 257 95 38 le
156 257 236 38 Canticum
345 257 347 38 instrumentalis
644 257 173 38 (1968),
755 257 236 38 Tropi

-25 300 192 43 calis,
109 300 269 43 Variations
320 300 288 43 rythmiques,
551 300 230 43 Concerto
723 300 230 43 bref
877 300 115 43 pour

-6 335 209 53 piano
133 335 139 53 et
203 335 302 53 orchestre
435 335 255 53 composé
621 335 139 53 en
690 335 186 53 1969
806 335 186 53 pour
899 335 93 53 le

-30 387 251 45 premier
153 387 274 45 Festival
359 387 137 45 de
427 387 251 45 Musique
610 387 137 45 de
656 387 274 45 Guanabara.

127 430 354 48 Lindembergue
415 430 243 48 Cardoso
592 430 266 48 apparaît
791 430 199 48 comme
901 430 89 48 un

-27 482 148 46 des
58 482 297 46 principaux
291 482 233 46 talents
460 482 212 46 surgis
609 482 148 46 des
693 482 297 46 séminaires
905 482 85 46 de

72 513 215 39 musique
229 513 117 39 de
288 513 313 39 l’Université
542 513 117 39 de
601 513 176 39 Bahia
718 513 254 39 organisés
894 513 98 39 par

75 555 306 47 Koellreutter.
327 555 108 47 Il
381 555 126 47 est
453 555 234 47 également
632 555 342 47 instrumentiste.
902 555 90 47 Ses

72 602 313 44 principales
322 602 209 44 œuvres
468 602 167 44 sont
573 602 125 44 le
635 602 167 44 Trio
740 602 167 44 pour
823 602 167 44 piano,

-21 645 184 52 violon
107 645 110 52 et
162 645 294 52 violoncelle.
401 645 110 52 la
456 645 220 52 Messe
622 645 110 52 du
677 645 312 52 Nord-Est
916 645 73 52 la

-23 674 206 65 Festa
132 674 103 65 da
183 674 138 65 Cana
269 674 241 65 Brava
458 674 103 65 la
510 674 189 65 cantate
647 674 172 65 Fin
768 674 103 65 du
802 674 189 65 monde

75 723 104 40 et
127 723 104 40 la
179 723 294 40 Procession
421 723 121 40 des
490 723 312 40 Pleureuses
750 723 208 40 composée
888 723 104 40 pour

-27 776 146 47 le
46 776 291 47 Festival
264 776 146 47 de
337 776 267 47 Musique
531 776 146 47 de
604 776 340 47 Guanabara,
846 776 146 47 dans

-21 789 235 64 laquelle
155 789 117 64 il
214 789 156 64 fait
312 789 254 64 ressortir
507 789 313 64 l’atmosphère
742 789 254 64 caractéris

71 847 162 48 tique
179 847 126 48 des
251 847 162 48 rites
360 847 361 48 afro-brésiliens.
666 847 198 48 L’œuvre
793 847 198 48 s’inspire

74 887 165 39 d’une
184 887 257 39 procession
386 887 257 39 religieuse
588 887 92 39 à
625 887 184 39 Bahia,
753 887 110 39 où
808 887 129 39 les
863 887 129 39 pleu-

74 935 210 42 reuses,
227 935 172 42 ainsi
342 935 134 42 que
418 935 153 42 dans
514 935 134 42 les
590 935 306 42 lamentations
820 935 172 42 hébraï-

-28 969 203 66 ques,
108 969 361 66 transforment
402 969 203 66 leurs
537 969 181 66 cris
650 969 339 66 dramatiques
899 969 90 66 en

705 1051 171 67 Edino
800 1051 190 67 Krieger.

215 1176 376 59 ARCHITECTURE
520 1176 141 59 ET
567 1176 282 59 URBANISME<

-24 1235 145 65 1
67 1235 236 65 NOUVELLES
248 1235 290 65 PROPOSITIONS
484 1235 363 65 D’URBANISME
792 1235 145 65 1969
865 1235 127 65 (deux

-25 1332 222 47 Abrao
141 1332 148 47 Anis
233 1332 259 47 ASSAD
437 1332 111 47 né
492 1332 111 47 en
547 1332 148 47 1940
640 1332 92 47 à
677 1332 185 47 Parana
788 1332 203 47 (Brésil).

-34 1365 343 60 Architecte.

126 1398 229 50 Roberto
305 1398 131 50 Luiz
387 1398 278 50 GANDOLFI
615 1398 98 50 né
664 1398 98 50 en
713 1398 131 50 1936
795 1398 82 50 à
828 1398 114 50 Sao
877 1398 114 50 Paulo

125 1441 189 46 (Brésil).
257 1441 189 46 Architecte.

126 1473 173 57 Jayme
256 1473 217 57 LERNER
429 1473 87 57 né
473 1473 87 57 en
516 1473 116 57 1937
588 1473 72 57 à
617 1473 173 57 Curitiba
747 1473 188 57 (Brésil).
877 1473 116 57 Archi

45 1548 138 46 Luiz
131 1548 155 46 Forte
234 1548 241 46 NETTO
423 1548 103 46 né
475 1548 103 46 en
526 1548 138 46 1935
612 1548 86 46 à
647 1548 120 46 Sao
716 1548 155 46 Paulo
802 1548 189 46 (Brésil).

-25 1620 204 53 Jose
124 1620 204 53 Hermeto
272 1620 167 53 Palma
383 1620 352 53 SANCHOTENE
680 1620 111 53 né
735 1620 111 53 en
791 1620 148 53 1943
884 1620 93 53 à
902 1620 93 53 Rio

-26 1664 200 48 Grande
114 1664 120 48 do
174 1664 140 48 Sul
254 1664 260 48 (Brésil).
434 1664 260 48 Architecte.

272 1735 373 70 COMPOSITION
546 1735 249 70 MUSICALE

125 1815 165 44 Jose
245 1815 165 44 Antonio
365 1815 90 44 DE
410 1815 165 44 ALMEIDA
530 1815 210 44 PRADO
696 1815 90 44 né
741 1815 90 44 en
786 1815 120 44 1943
861 1815 75 44 à
876 1815 120 44 Santos

93 1880 181 54 2
228 1880 181 54 Pequenos
364 1880 181 54 funerais
499 1880 211 54 cantantes,
665 1880 135 54 1969.
755 1880 135 54 Museu
845 1880 90 54 da
876 1880 120 54 Imagem

122 1927 90 47 e
158 1927 108 47 do
212 1927 144 47 Som,
284 1927 108 47 Rio.

125 1967 231 49 Cardoso
306 1967 346 49 LINDEMBERGUE
602 1967 99 49 né
652 1967 99 49 en
701 1967 132 49 1939
784 1967 82 49 à
800 1967 198 49 Livramento

93 2025 178 55 3
226 2025 207 55 Procission
389 2025 104 55 des
448 2025 237 55 carpideiras,
641 2025 133 55 1969.
730 2025 133 55 Museu
818 2025 89 55 da
863 2025 148 55 Imagem
952 2025 44 55 e

121 2076 107 42 do
175 2076 143 42 Som,
246 2076 107 42 Rio.

125 2113 190 48 Marlos
271 2113 204 48 NOBRE
432 2113 87 48 né
475 2113 87 48 en
519 2113 117 48 1939
592 2113 73 48 à
621 2113 146 48 Recife
709 2113 160 48 (Brésil).

93 2147 191 49 4
236 2147 191 49 Concerto
379 2147 159 49 breve,
490 2147 143 49 1969.
585 2147 143 49 Museu
681 2147 95 49 da
728 2147 159 49 Imagem
839 2147 79 49 e
871 2147 95 49 do
903 2147 95 49 Som,
