1062 2325
29 43 260 73 BRESIL

110 182 147 73 deux
201 182 165 73 cents
311 182 183 73 mêtres
439 182 110 73 de
494 182 238 73 longueur,
678 182 128 73 est
751 182 128 73 une
824 182 147 73 idée
897 182 92 73 qui

111 222 193 74 réussit
252 222 88 74 à
287 222 175 74 rendre
409 222 245 74 compatible
602 222 193 74 lyrisme
743 222 105 74 et
778 222 210 74 techniqees

110 263 88 74 à
146 263 105 74 la
198 263 158 74 fois.
304 263 105 74 Le
356 263 176 74 projet
479 263 123 74 est
549 263 140 74 beau
637 263 105 74 et
690 263 246 74 intrépide,
865 263 123 74 ainst

110 310 164 67 qu’on
219 310 201 67 pouvait
365 310 256 67 l’espérer,
566 310 146 67 sans
657 310 146 67 pour
749 310 183 67 autant
858 310 128 67 négfe

107 356 123 64 ger
178 356 281 64 l’exécution,
406 356 193 64 facteur
546 356 123 64 qui
616 356 123 64 lui
687 356 193 64 confère
827 356 105 64 sa
862 356 123 64 vérre

106 393 175 56 table
222 393 253 56 dimension
398 393 350 56 architectonique.

589 467 197 67 Marcus
727 467 197 67 Konder
846 467 138 67 Netto

159 627 137 70 Les
238 627 176 70 trois
355 627 196 70 œuvres
492 627 137 70 que
570 627 117 70 le
629 627 196 70 Brésil
766 627 196 70 envoie
903 627 98 70 à
922 627 59 70 l

102 667 224 72 Biennale
271 667 112 72 de
327 667 187 72 Paris,
458 667 112 72 et
514 667 131 72 qui
588 667 224 72 marquent
757 667 112 72 la
794 667 187 72 première

99 717 319 64 participation
362 717 113 64 de
418 717 113 64 la
474 717 206 64 musique
625 717 281 64 brésilienne
850 717 94 64 à
868 717 113 64 cete

101 758 299 67 manifestation
347 758 334 67 internationale,
629 758 123 67 ont
699 758 176 67 obtenu
822 758 123 67 les
875 758 105 67 tros

100 792 229 71 Premiers
272 792 153 71 Prix
367 792 115 71 au
424 792 229 71 Festival
596 792 115 71 de
653 792 210 71 Musique
806 792 115 71 de
844 792 134 71 Guang

99 834 158 70 bara.
205 834 158 70 Elles
310 834 281 70 représentent
538 834 158 70 trois
644 834 193 70 aspects
784 834 105 70 de
837 834 105 70 la
872 834 105 70 muss

97 887 128 60 que
170 887 275 60 brésilienne
390 887 275 60 postérieurs
610 887 92 60 à
647 887 165 60 Villa
757 887 165 60 Lobos
849 887 128 60 et

94 924 329 69 consécration
362 924 123 69 de
423 924 164 69 deux
526 924 308 69 importantes
773 924 205 69 écoles
896 924 82 69 de

94 963 307 67 composition
339 963 123 67 du
401 963 184 67 pays,
524 963 184 67 celle
646 963 123 67 de
708 963 225 67 Camargo
851 963 123 67 Guar

95 1007 173 63 nieri
210 1007 115 63 et
268 1007 173 63 celle
383 1007 115 63 de
440 1007 326 63 Koellreutter,
709 1007 269 63 professeur
901 1007 77 63 et

92 1051 301 62 compositeur
333 1051 241 62 allemand
514 1051 141 62 qui
594 1051 201 62 rénova
735 1051 121 62 en
795 1051 181 62 1939.
896 1051 80 62 la

93 1088 213 62 musique
228 1088 271 62 brésilienne.

145 1142 162 76 Jose
246 1142 223 76 Antonio
408 1142 122 76 de
469 1142 223 76 Almeida
631 1142 182 76 Prado
752 1142 142 76 est
833 1142 122 76 un
874 1142 101 76 des

91 1182 245 66 meilleurs
279 1182 207 66 talents
430 1182 188 66 sortis
562 1182 113 66 de
618 1182 207 66 l’école
769 1182 113 66 de
807 1182 169 66 Camarge

90 1228 247 65 Guarnieri.
285 1228 159 65 Parmi
391 1228 124 65 ses
461 1228 177 65 œuvres
585 1228 265 65 principales
797 1228 106 65 on
833 1228 141 65 trouve

91 1267 106 68 la
144 1267 247 68 Passion
339 1267 159 68 selon
445 1267 318 68 Saint-Marc
710 1267 177 68 primée
834 1267 106 68 en
869 1267 106 68 1968

83 1317 205 65 comme
220 1317 137 65 la
288 1317 296 65 meilleure
516 1317 205 65 œuvre
653 1317 137 65 de
721 1317 251 65 chambre
881 1317 91 65 de

92 1353 179 72 l’année,
226 1353 268 72 Variations,
450 1353 194 72 récitatif
599 1353 89 72 et
643 1353 194 72 fugue
792 1353 119 72 pour
852 1353 119 72 piano.

88 1392 208 66 Chant
244 1392 295 66 élégiaque
486 1392 139 66 pour
573 1392 191 66 cordes,
712 1392 191 66 cuivres
851 1392 104 66 et
885 1392 87 66 per

87 1446 186 67 cussion,
227 1446 93 67 et
274 1446 202 67 Cantus
429 1446 279 67 creationes
662 1446 124 67 pour
739 1446 155 67 quatre
832 1446 140 67 groupes

84 1476 348 73 instrumentaux,
374 1476 232 73 présenté
548 1476 97 73 à
586 1476 271 73 Washington
799 1476 116 73 en
838 1476 135 73 1968.

86 1524 122 77 sous
162 1524 91 77 la
208 1524 183 77 conduite
345 1524 91 77 de
391 1524 168 77 Antonio
513 1524 213 77 Taurielle.
680 1524 107 77 Les
726 1524 244 77 Petites

82 1558 314 84 funérailles
343 1558 331 84 chantantes
622 1558 140 84 pour
709 1558 157 84 chœur
814 1558 87 84 à
831 1558 140 84 quatre

77 1599 158 66 voix
176 1599 119 66 et
236 1599 277 66 orchestre,
453 1599 139 66 ont
533 1599 139 66 été
612 1599 257 66 composées
810 1599 119 66 en
849 1599 119 66 1969

77 1656 138 54 sur
156 1656 119 54 un
216 1656 178 54 texte
334 1656 119 54 de
394 1656 178 54 Hilda
512 1656 198 54 Hilst,
651 1656 99 54 à
690 1656 119 54 la
750 1656 218 54 mémoire
888 1656 79 54 du

77 1694 175 71 poète
193 1694 195 71 Carlos
330 1694 175 71 Maria
447 1694 117 71 de
486 1694 175 71 Araujo.

135 1746 194 66 Marlos
270 1746 194 66 Nobre,
406 1746 174 66 après
522 1746 136 66 une
600 1746 213 66 Mention
735 1746 233 66 d’Honneur-

73 1795 179 63 reçue
192 1795 119 63 en
252 1795 159 63 1959
351 1795 119 63 au
411 1795 238 63 Concours
590 1795 238 63 National
768 1795 119 63 de
808 1795 159 63 Compe-

74 1830 192 70 sition,
213 1830 175 70 étudie
336 1830 87 70 à
371 1830 122 70 Rio
441 1830 105 70 de
493 1830 192 70 Janeiro
633 1830 140 70 avec
703 1830 262 70 Koellreutter,

72 1880 143 65 puis
162 1880 143 65 avec
251 1880 197 65 Camargo
394 1880 250 65 Guarnieri.
591 1880 107 65 Il
644 1880 179 65 reçoit
769 1880 125 65 une
823 1880 143 65 bourse

71 1922 215 60 d’études
232 1922 107 60 de
286 1922 250 60 l’Institut
482 1922 107 60 Di
536 1922 179 60 Tella,
661 1922 107 60 de
715 1922 179 60 Buenos
822 1922 143 60 Airess

70 1964 107 62 où
124 1964 107 62 il
177 1964 232 62 travaille
356 1964 143 62 sous
446 1964 107 62 la
499 1964 232 62 direction
678 1964 232 62 d’Alberto
839 1964 125 62 Ginas

67 2000 165 72 tera,
177 2000 201 72 Olivier
323 2000 238 72 Messiaen,
506 2000 201 72 Ricardo
653 2000 256 72 Malipiero,
836 2000 128 72 Luigi

71 2038 255 75 Dallapiccola
278 2038 96 75 et
326 2038 143 75 Aaron
421 2038 191 75 Copland.
565 2038 96 75 Sa
613 2038 223 75 Cantate
772 2038 191 75 Ukrine

69 2083 357 65 makrinkrin
377 2083 195 65 composée
524 2083 97 65 et
572 2083 146 65 jouée
670 2083 97 65 en
718 2083 195 65 première
848 2083 114 65 audis

60 2122 168 77 tion
165 2122 105 77 à
207 2122 210 77 Buenos
354 2122 210 77 Aires,
501 2122 147 77 est
585 2122 231 77 devenue
753 2122 147 77 une
816 2122 147 77 œuvre

62 2165 254 76 marquante
258 2165 117 76 de
316 2165 117 76 la
375 2165 234 76 nouvelle
550 2165 215 76 musique
687 2165 273 76 brésilienne,

34 2245 88 55 22
