1101 2361
247 77 464 76 REPUBLIQUE
629 77 246 76 ARABE
765 77 273 76 UNIE

201 455 260 72 Commissaire
409 455 191 72 général
547 455 87 72 :
582 455 191 72 Badr
720 455 104 72 el
772 455 139 72 Dine
842 455 173 72 Abou

202 521 117 50 Ghazi

204 566 172 56 Critique
318 566 115 56 d’art.

164 682 139 73 Les
244 682 239 73 réalités
423 682 119 73 de
483 682 119 73 la
542 682 299 73 conjoncture
781 682 239 73 présente
940 682 80 73 se

116 729 264 67 retrouvent
324 729 151 67 dans
418 729 132 67 les
494 729 340 67 préoccupations
777 729 113 67 de
814 729 208 67 l’artiste

115 774 237 59 égyptien
293 774 237 59 moderne;
470 774 178 59 elles
589 774 276 59 imprègnent
806 774 138 59 les
865 774 158 59 œuvres

117 818 127 67 qui
189 818 236 67 cherchent
371 818 91 67 à
407 818 218 67 exprimer
570 818 145 67 tout
661 818 91 67 à
697 818 109 67 la
752 818 145 67 fois
843 818 109 67 le
879 818 145 67 patri-

118 855 174 68 moine
233 855 251 68 ancestral
426 855 116 68 et
484 855 231 68 l’esprit
658 855 116 68 du
715 855 212 68 siècle.
850 855 174 68 Partagé

118 897 174 66 entre
234 897 328 66 l’acceptation
504 897 116 66 et
562 897 116 66 le
620 897 174 66 refus
735 897 116 66 de
774 897 251 66 l’héritage,

121 940 235 67 l’artiste
302 940 217 67 égyptien
465 940 199 67 cherche
610 940 91 67 à
646 940 163 67 créer
754 940 109 67 un
791 940 235 67 syncrétisme

121 983 160 58 entre
228 983 107 58 la
281 983 231 58 tradition
459 983 107 58 et
512 983 124 58 les
584 983 267 58 expressions
779 983 249 58 universelles

119 1028 112 53 de
175 1028 167 53 l’art
287 1028 335 53 d’aujourd’hui.
565 1028 186 53 Chaque
696 1028 149 53 jour
788 1028 149 53 nous
863 1028 167 53 consta-

120 1072 158 53 tons
219 1072 119 53 la
278 1072 237 53 création
456 1072 237 53 d’œuvres
634 1072 138 53 qui
713 1072 257 53 répondent
910 1072 99 53 à
930 1072 99 53 cet

122 1106 218 57 objectif
285 1106 109 57 et
340 1106 127 57 les
412 1106 181 57 quatre
539 1106 218 57 artistes
702 1106 127 57 que
775 1106 109 57 la
811 1106 218 57 République

119 1152 178 56 Arabe
238 1152 158 56 Unie
337 1152 99 56 a
377 1152 218 56 choisis
535 1152 158 56 pour
634 1152 178 56 cette
753 1152 238 56 Biennale
911 1152 119 56 sont

122 1197 173 57 parmi
237 1197 134 57 les
314 1197 326 57 représentants
582 1197 115 57 de
640 1197 173 57 cette
736 1197 211 57 tendance.

174 1247 140 52 Les
254 1247 180 52 trois
374 1247 200 52 toiles
514 1247 120 52 de
574 1247 180 52 Leila
693 1247 180 52 lzzat
793 1247 240 52 témoignent

123 1297 170 44 d’une
236 1297 246 44 recherche
425 1297 151 44 dans
520 1297 302 44 l’expression
765 1297 265 44 artistique
954 1297 76 44 du

123 1331 213 51 siècle,
278 1331 155 51 tout
374 1331 116 51 en
433 1331 213 51 portant
588 1331 291 51 l’empreinte
820 1331 116 51 du
859 1331 174 51 milieu.

126 1373 145 51 Dans
217 1373 127 51 son
289 1373 163 51 œuvre
398 1373 200 51 Coucher
544 1373 109 51 de
598 1373 200 51 soleil,
743 1373 145 51 elle
834 1373 145 51 fait
907 1373 127 51 écla-

123 1420 139 44 ter
202 1420 139 44 ses
282 1420 277 44 sensations
499 1420 158 44 dans
598 1420 139 44 une
678 1420 198 44 vision
796 1420 238 44 dramatique

126 1461 133 51 qui
202 1461 228 51 exprime,
373 1461 190 51 malgré
506 1461 133 51 son
582 1461 304 51 abstraction,
829 1461 114 51 la
867 1461 171 51 chaleur

127 1500 109 47 de
181 1500 219 47 l’Orient
345 1500 109 47 et
400 1500 128 47 son
473 1500 255 47 atmosphère
674 1500 310 47 particulière.
910 1500 128 47 Quant

129 1545 111 47 au
184 1545 240 47 sculpteur
369 1545 167 47 Nabil
480 1545 111 47 el
536 1545 222 47 Husseni,
702 1545 130 47 par
776 1545 111 47 sa
813 1545 222 47 conception

129 1587 107 43 de
183 1587 107 43 la
236 1587 161 43 masse
343 1587 107 43 et
397 1587 125 43 ses
468 1587 232 43 affinités
647 1587 268 43 populaires,
861 1587 107 43 il
896 1587 143 43 renou-

126 1626 179 47 velle
245 1626 119 47 la
305 1626 199 47 vision
444 1626 119 47 de
504 1626 278 47 l’ambiance
722 1626 278 47 égyptienne
921 1626 119 47 pour

131 1665 130 46 une
206 1665 260 46 génération
410 1665 130 46 qui
484 1665 130 46 est
558 1665 204 46 attirée
706 1665 130 46 par
780 1665 111 46 le
836 1665 204 46 terroir
966 1665 74 46 et

131 1708 114 48 le
188 1708 246 48 folklore.
377 1708 171 48 Ahmed
491 1708 171 48 Nawar
605 1708 227 48 cherche,
776 1708 152 48 dans
870 1708 133 48 ses
927 1708 114 48 gra-

130 1751 189 44 vures,
263 1751 95 44 à
300 1751 246 44 atteindre
490 1751 133 44 une
566 1751 265 44 expression
774 1751 208 44 moderne
925 1751 114 44 de
963 1751 76 44 la

131 1796 204 47 couleur
280 1796 204 47 locale.
428 1796 185 47 Enfin,
558 1796 130 47 les
632 1796 315 47 photographies
873 1796 167 47 d’Ahmed

134 1839 148 45 Nour
227 1839 111 45 el
283 1839 148 45 Dine
375 1839 111 45 ne
431 1839 241 45 négligent
616 1839 185 45 aucune
727 1839 315 45 caractéristique

134 1879 193 41 locale
269 1879 155 41 pour
366 1879 213 41 aboutir
520 1879 97 41 à
559 1879 135 41 des
636 1879 193 41 formes
771 1879 271 41 abstraites
965 1879 77 41 et

119 1920 240 53 inattendues.

652 2188 157 65 Badr
750 2188 117 65 el
809 2188 157 65 Dine
887 2188 157 65 Ghazi.

957 2284 92 50 109
