1062 2325
10 56 623 82 MANIFESTATIONS
515 56 386 82 ANNEXES

397 795 202 56 GALERIE
541 795 173 56 ARNAUD

119 857 130 52 212,
200 857 211 52 boulevard
362 857 292 52 Saint-Germain,
605 857 146 52 Paris
703 857 130 52 (7e)
784 857 81 52 —
800 857 162 52 548.4631

182 898 238 49 Exposition
369 898 102 49 du
420 898 85 49 7
454 898 187 49 octobre
589 898 102 49 au
640 898 85 49 6
674 898 204 49 novembre
810 898 102 49 1969

248 941 233 55 Vernissage
432 941 100 55 le
482 941 83 55 9
515 941 183 55 octobre
648 941 83 55 à
681 941 100 55 18
715 941 133 55 heures

178 977 136 52 Tous
263 977 119 52 les
331 977 170 52 jours,
450 977 136 52 sauf
535 977 204 52 dimanche
688 977 102 52 et
739 977 170 52 lundi,
841 977 68 52 de

251 1017 92 62 10
297 1017 76 62 h
327 1017 76 62 à
358 1017 92 62 12
403 1017 76 62 h
434 1017 92 62 30
480 1017 92 62 et
525 1017 92 62 de
571 1017 92 62 14
617 1017 76 62 h
648 1017 92 62 30
693 1017 76 62 à
724 1017 92 62 19
770 1017 76 62 h
785 1017 61 62 30

371 1101 201 50 DAI-DAI
514 1101 215 50 SUBMARINE

86 1150 183 54 Dai-dai
220 1150 83 54 ?
253 1150 183 54 orange,
387 1150 100 54 en
437 1150 217 54 japonais,
603 1150 100 54 et
653 1150 117 54 non
720 1150 117 54 pas
787 1150 167 54 jaune!
887 1150 100 54 Sous

86 1193 95 46 le
134 1193 142 46 signe
229 1193 111 46 des
292 1193 190 46 Beatles?
434 1193 111 46 Ado
498 1193 127 46 s’en
577 1193 158 46 défend
687 1193 142 46 bien!
782 1193 95 46 et
814 1193 174 46 pourtant,

83 1232 188 33 comment
219 1232 102 33 ne
271 1232 119 33 pas
339 1232 154 33 faire
441 1232 102 33 le
492 1232 290 33 rapprochement
731 1232 136 33 avec
816 1232 102 33 sa
851 1232 136 33 précé-

83 1260 151 41 dente
184 1260 251 41 exposition:
385 1260 201 41 Sergeant
535 1260 201 41 Peppers?
686 1260 117 41 Dès
753 1260 201 41 l’abord,
887 1260 100 41 avec

83 1299 113 38 ces
147 1299 177 38 titres,
276 1299 113 38 Ado
340 1299 145 38 piège
437 1299 97 38 le
485 1299 241 38 spectateur,
678 1299 97 38 le
727 1299 177 38 devance
855 1299 129 38 dans
920 1299 64 38 sa

83 1326 202 45 réaction,
239 1326 109 45 lui
301 1326 233 45 interdisant
488 1326 93 45 le
535 1326 265 45 rapprochement
753 1326 233 45 inévitable,
924 1326 62 45 la

82 1357 198 41 facilité
230 1357 115 41 des
296 1357 280 41 comparaisons.
527 1357 99 41 Et
576 1357 99 41 il
625 1357 198 41 continue
774 1357 82 41 à
807 1357 148 41 faire
889 1357 99 41 sem-

78 1389 157 37 blant
182 1389 105 37 de
234 1389 157 37 poser
339 1389 122 37 des
409 1389 209 37 énigmes:
566 1389 174 37 témoin
688 1389 105 37 sa
740 1389 192 37 fameuse
862 1389 122 37 «clé»

81 1431 115 40 que
146 1431 132 40 l’on
229 1431 198 40 retrouve
377 1431 99 40 si
426 1431 181 40 souvent
558 1431 132 40 dans
640 1431 115 40 ses
706 1431 280 40 compositions;
920 1431 66 40 de

80 1462 132 35 quel
162 1462 230 35 «ailleurs»
343 1462 132 35 nous
425 1462 296 35 sépare-t-elle?
672 1462 164 35 est-ce
787 1462 115 35 une
852 1462 115 35 clé
902 1462 82 35 qui

81 1492 143 45 ouvre
176 1492 95 45 ou
224 1492 111 45 une
288 1492 111 45 clé
351 1492 111 45 qui
415 1492 159 45 ferme?
526 1492 143 45 c’est
621 1492 95 45 le
669 1492 159 45 joint,
780 1492 95 45 la
811 1492 175 45 charnière

80 1526 141 39 entre
174 1526 109 39 des
237 1526 172 39 espaces
362 1526 125 39 soit
440 1526 234 39 différents,
627 1526 125 39 soit
706 1526 234 39 semblables;
878 1526 109 39 c’est

82 1557 115 37 bien
153 1557 129 37 fixé,
239 1557 86 37 on
282 1557 86 37 ne
325 1557 115 37 peut
397 1557 100 37 pas
454 1557 186 37 l’ouvrir.
598 1557 86 37 Au
641 1557 143 37 reste,
741 1557 158 37 inutile
842 1557 143 37 d’insis-

77 1591 135 38 ter,
161 1591 101 38 la
212 1591 168 38 petite
330 1591 168 38 phrase
447 1591 168 38 tombe,
565 1591 168 38 sèche,
683 1591 185 38 presque
818 1591 135 38 dure
902 1591 84 38 :
919 1591 67 38 Je

80 1625 172 37 l’aime,
205 1625 94 37 ma
252 1625 109 37 clé
314 1625 94 37 ».
361 1625 109 37 Dur
424 1625 156 37 aussi,
533 1625 94 37 le
579 1625 187 37 matériau
720 1625 78 37 :
751 1625 140 37 bois,
829 1625 156 37 reliefs,

80 1658 201 39 peinture
231 1658 234 39 vinylique.
415 1658 201 39 Pourquoi
565 1658 100 39 le
615 1658 134 39 bois
699 1658 100 39 et
749 1658 117 39 non
816 1658 100 39 la
849 1658 134 39 toile?

81 1696 135 33 parce
171 1696 105 33 que
231 1696 105 33 sur
292 1696 90 33 la
337 1696 135 33 toile
427 1696 90 33 la
472 1696 75 33 «
502 1696 166 33 dureté»
623 1696 90 33 ne
668 1696 196 33 sortirait
818 1696 105 33 pas
864 1696 120 33 assez;

80 1726 103 39 le
131 1726 154 39 choix
234 1726 103 39 du
285 1726 137 39 bois
371 1726 239 39 correspond
559 1726 103 39 au
610 1726 154 39 refus
712 1726 103 39 de
764 1726 205 39 l’acier,
901 1726 85 39 par

77 1764 181 39 exemple
208 1764 115 39 tel
274 1764 148 39 qu’il
373 1764 115 39 est
439 1764 181 39 employé
571 1764 115 39 par
637 1764 99 39 la
686 1764 148 39 jeune
769 1764 214 39 génération:

77 1794 146 36 c’est
174 1794 97 36 le
223 1794 146 36 refus
320 1794 97 36 du
368 1794 194 36 matériau
514 1794 146 36 brut,
611 1794 178 36 utilisé
741 1794 130 36 pour
806 1794 178 36 lui

75 1823 107 37 Si
129 1823 107 37 le
182 1823 231 37 graphisme
360 1823 124 37 est
431 1823 142 37 plus
520 1823 231 37 important
698 1823 124 37 que
769 1823 107 37 la
804 1823 178 37 couleur?

76 1856 162 40 certes
189 1856 81 40 :
221 1856 113 40 Ado
286 1856 178 40 dessine
415 1856 178 40 d’abord
545 1856 113 40 ses
609 1856 162 40 épures
722 1856 97 40 au
771 1856 178 40 crayon,
884 1856 97 40 puis

77 1888 145 40 pense
174 1888 81 40 à
206 1888 97 40 la
254 1888 178 40 couleur
384 1888 129 40 (ses
464 1888 210 40 maquettes
626 1888 129 40 sont
707 1888 178 40 presque
820 1888 161 40 toujours

75 1931 207 36 exécutées
234 1931 95 36 en
282 1931 127 36 noir
361 1931 95 36 et
409 1931 175 36 blanc).
536 1931 111 36 Une
600 1931 127 36 fois
679 1931 95 36 la
727 1931 143 36 forme
806 1931 175 36 élaborée,

76 1958 97 39 un
124 1958 194 39 éventail
270 1958 162 39 limité
383 1958 97 39 de
431 1958 194 39 couleurs
577 1958 178 39 s’ouvre
706 1958 81 39 à
739 1958 129 39 elle
819 1958 145 39 selon
900 1958 81 39 son

75 1986 303 36 «tempérament»!
327 1986 370 36 jaune-orange-bleu,
647 1986 151 36 comme
748 1986 134 36 pour
832 1986 101 36 ce
865 1986 118 36 trip-

74 2020 144 39 tyque
170 2020 112 39 qui
234 2020 112 39 est
297 2020 80 39 «
329 2020 96 39 un
377 2020 112 39 peu
441 2020 96 39 un
489 2020 144 39 luxe,
584 2020 112 39 car
648 2020 159 39 chaque
760 2020 175 39 élément
871 2020 112 39 tient

76 2054 97 39 le
124 2054 130 39 coup
206 2054 130 39 tout
287 2054 146 39 seul,
384 2054 114 39 est
449 2054 178 39 tableau
579 2054 97 39 en
627 2054 195 39 lui-même
773 2054 97 39 »,
806 2054 178 39 triptyque

74 2087 112 39 qui
138 2087 175 39 voisine
265 2087 128 39 avec
345 2087 96 39 la
393 2087 144 39 pièce
489 2087 207 39 maîtresse
648 2087 96 39 de
696 2087 255 39 l’exposition
887 2087 96 39 Dai-

74 2119 117 50 dai
141 2119 217 50 submarine
308 2119 117 50 (10
375 2119 83 50 m
408 2119 100 50 de
458 2119 133 50 long
542 2119 117 50 sur
608 2119 83 50 1
642 2119 83 50 m
675 2119 100 50 90
725 2119 100 50 de
758 2119 184 50 hauteur).

742 2170 161 52 Sylvie
838 2170 145 52 Denamy.

49 2248 97 66 186
