1062 2385
-36 89 394 70 ALLEMAGNE

64 208 118 68 mis
132 208 85 68 à
166 208 152 68 notre
267 208 254 68 disposition
470 208 135 68 pour
555 208 102 68 la
606 208 254 68 réalisation
792 208 152 68 d’idées

58 268 113 42 et
115 268 113 42 de
171 268 207 42 projets
322 268 151 42 est,
416 268 94 42 à
454 268 113 42 ce
510 268 169 42 point
623 268 113 42 de
679 268 151 42 vue,
755 268 188 42 vraiment

58 312 269 44 étonnante.
269 312 173 44 C’est
385 312 173 44 ainsi
500 312 154 44 qu’à
596 312 154 44 côté
692 312 135 44 des
750 312 192 44 éléments

61 348 288 48 traditionnels
298 348 102 48 du
349 348 152 48 passé
451 348 136 48 tels
535 348 119 48 que
603 348 169 48 toiles
722 348 102 48 et
756 348 186 48 couleurs,

62 385 202 55 plaques
209 385 110 55 de
264 385 184 55 cuivre
393 385 92 55 à
429 385 184 55 graver
558 385 110 55 et
613 385 202 55 pierres
742 385 202 55 lithogra-

60 420 230 64 phiques,
233 420 115 64 où
290 420 192 64 trouve
425 420 288 64 aujourd’hui
655 420 134 64 des
713 420 230 64 mix

60 480 268 42 ustensiles
271 480 115 42 de
328 480 172 42 série
443 480 115 42 de
500 480 192 42 toutes
635 480 192 42 sortes
769 480 134 42 que
826 480 115 42 l’on

60 512 157 51 peut
158 512 118 51 se
217 512 235 51 procurer
393 512 157 51 dans
491 512 137 51 les
570 512 196 51 grands
707 512 235 51 magasins
864 512 78 51 et

61 553 131 48 les
136 553 337 48 super-marchés,
417 553 112 48 ou
474 553 187 48 encore
605 553 150 48 dans
698 553 244 48 l’arsenal
867 553 75 48 de

64 599 103 45 la
115 599 241 45 technique,
305 599 103 45 de
357 599 293 45 l’acoustique,
598 599 138 45 dans
684 599 258 45 l’industrie
873 599 69 45 de

64 634 292 49 l’éclairage,
301 634 110 49 et
356 634 128 49 que
429 634 146 49 l’on
521 634 201 49 dispose
667 634 110 49 de
703 634 238 49 différentes

61 676 184 50 façons
189 676 165 50 selon
300 676 110 50 un
355 676 239 50 bricolage
539 676 294 50 intelligent.
778 676 147 50 Tout
851 676 92 50 est

64 719 219 51 possible
228 719 274 51 aujourd’hui
448 719 110 51 et
502 719 110 51 en
557 719 146 51 même
649 719 164 51 temps
758 719 146 51 tout
831 719 110 51 pose

63 764 129 53 une
118 764 202 53 question.

118 807 143 58 Bien
208 807 125 58 que
279 807 197 58 choisis
422 807 161 58 parmi
530 807 125 58 les
601 807 143 58 plus
673 807 268 58 remarquables,

62 860 105 44 on
115 860 105 44 ne
168 860 158 44 peut,
273 860 140 44 avec
361 860 123 44 les
431 860 193 44 projets
571 860 105 44 et
624 860 193 44 travaux
747 860 193 44 présentés

62 899 90 45 à
98 899 108 45 la
152 899 215 45 Biennale
313 899 125 45 par
385 899 108 45 la
438 899 251 45 République
635 899 215 45 Fédérale
779 899 161 45 d’Alle-

64 945 179 48 magne,
189 945 197 48 montrer
332 945 161 48 qu’un
440 945 179 48 aspect
565 945 179 48 infime
690 945 107 48 de
726 945 215 48 l’actuelle

64 982 267 48 production
274 982 267 48 artistique
483 982 267 48 allemande.
693 982 114 48 Le
750 982 172 48 choix
846 982 95 48 n’a

64 1028 136 43 pas
141 1028 136 43 été
219 1028 156 43 fait
317 1028 117 43 au
375 1028 214 43 hasard.
531 1028 117 43 En
589 1028 331 43 considération
843 1028 97 43 des

66 1071 185 44 limites
200 1071 218 44 imposées,
368 1071 117 44 ont
435 1071 117 44 été
503 1071 185 44 choisis
637 1071 117 44 des
704 1071 201 44 artistes
838 1071 101 44 qui,

63 1115 128 44 ces
136 1115 219 44 derniers
300 1115 183 44 temps,
428 1115 128 44 par
501 1115 146 44 leur
593 1115 256 44 constance,
794 1115 128 44 ont
849 1115 91 44 été

65 1150 133 45 les
141 1150 190 45 points
274 1150 114 45 de
331 1150 152 45 mire
426 1150 152 45 dans
522 1150 114 45 le
579 1150 209 45 conflit
712 1150 228 45 artistique

47 1191 152 54 actuel.

550 1240 216 60 Thomas
680 1240 259 60 Grochowiak

360 1480 246 65 PEINTURE

107 1561 291 56 Lambert-Maria
355 1561 320 56 WINTERSBERGER
631 1561 102 56 née
690 1561 87 56 en
733 1561 116 56 1941
806 1561 73 56 à
821 1561 116 56 Munich

92 1600 209 44 (Allemagne).

77 1646 182 51 1
213 1646 197 51 Explosion
364 1646 91 51 I,
410 1646 121 51 1969
485 1646 182 51 (matière
621 1646 197 51 résineuse
773 1646 106 51 sur
818 1646 121 51 toile,

104 1681 106 45 225
164 1681 76 45 x
195 1681 136 45 190).
285 1681 166 45 Galerie
406 1681 182 45 Miiller,
527 1681 182 45 Stuttgart.

77 1710 178 48 2
211 1710 208 48 Eclatement
374 1710 89 48 I,
418 1710 119 48 1969
492 1710 178 48 (matière
626 1710 193 48 résineuse
774 1710 104 48 sur
818 1710 119 48 toile,

103 1746 106 42 225
163 1746 76 42 x
194 1746 136 42 190).
285 1746 167 42 Galerie
406 1746 182 42 Miiller,
527 1746 182 42 Stuttgart.

76 1779 170 38 3
203 1779 170 38 Blessure
331 1779 71 38 à
359 1779 85 38 la
401 1779 184 38 poitrine,
543 1779 113 38 1969
614 1779 170 38 (matière
741 1779 184 38 résineuse
868 1779 71 38 sur

105 1811 147 47 toile,
208 1811 103 47 190
267 1811 74 47 x
297 1811 132 47 225).
385 1811 162 47 Galerie
503 1811 177 47 Müiller,
620 1811 177 47 Stuttgart.

336 1899 284 77 SCULPTURE

103 1984 164 53 Rolf
222 1984 268 53 GLASMEIER
446 1984 89 53 né
491 1984 89 53 en
535 1984 119 53 1945
610 1984 75 53 à
640 1984 149 53 Pewsum
729 1984 209 53 (Allemagne).

74 2029 142 62 4
173 2029 127 62 Objet
258 2029 85 62 de
300 2029 127 62 grand
385 2029 156 62 magasin
498 2029 71 62 :
527 2029 156 62 colonne
640 2029 113 62 avec
711 2029 226 62 distributeur
880 2029 57 62 de

74 2076 155 36 papier
182 2076 233 36 hygiénique,
368 2076 124 36 1969
446 2076 124 36 (fer
523 2076 93 36 et
570 2076 217 36 aluminium,
725 2076 109 36 140).

74 2099 167 47 5
199 2099 125 47 Objet
283 2099 84 47 de
325 2099 125 47 grand
408 2099 153 47 magasin
519 2099 70 47 :
547 2099 111 47 cube
617 2099 111 47 avec
686 2099 223 47 porte-robes,
853 2099 84 47 1969

101 2134 154 54 (bois
203 2134 102 54 et
254 2134 239 54 aluminium,
442 2134 102 54 50
493 2134 85 54 x
527 2134 102 54 50
579 2134 85 54 x
596 2134 102 54 50).

73 2164 182 62 6
209 2164 137 62 Objet
301 2164 91 62 de
346 2164 137 62 grand
437 2164 182 62 magasin:
574 2164 121 62 jeux
650 2164 152 62 muraux
756 2164 182 62 (resopal
877 2164 61 62 et

98 2199 221 55 aluminium,
272 2199 111 55 120
335 2199 79 55 x
351 2199 111 55 360).

25 2277 86 51 22
