1120 2325
370 194 394 70 CHATILLON

322 255 127 71 Parc
402 255 206 71 Municipal
560 255 95 71 de
608 255 206 71 Châtillon
751 255 95 71 (92)

421 298 118 49 13,
489 298 118 49 rue
556 298 101 49 de
590 298 152 49 Bagneux

266 315 202 73 (autobus
417 315 118 73 194
485 315 101 73 et
535 315 134 73 195,
619 315 151 73 Porte
703 315 202 73 d’Orléans)

309 369 223 64 Exposition
484 369 96 64 du
532 369 80 64 3
564 369 96 64 au
612 369 96 64 31
660 369 175 64 octobre
771 369 96 64 1969

321 411 140 66 Tous
409 411 123 66 les
479 411 158 66 jours
585 411 105 66 de
637 411 105 66 10
690 411 88 66 h
725 411 88 66 à
760 411 105 66 19
795 411 53 66 h

257 452 232 61 Vernissage
440 452 100 61 le
490 452 199 61 vendredi
639 452 83 61 3
672 452 182 61 octobre
805 452 83 61 à
838 452 100 61 17
871 452 50 61 h

254 503 132 48 sous
336 503 99 48 la
385 503 230 48 présidence
566 503 99 48 de
615 503 99 48 M.
665 503 165 48 Lucien
764 503 165 48 Bailleux

140 524 142 72 Maire
235 524 95 72 de
282 524 221 72 Châtillon,
455 524 221 72 Conseiller
629 524 173 72 Général
755 524 110 72 des
802 524 252 72 Hauts

323 619 237 64 BONJOUR
509 619 203 64 MONSIEUR
644 619 220 64 COURBET

441 664 76 52 «
471 664 198 52 allégorie
609 664 137 52 réelle»

452 697 166 60 d’Alex
552 697 183 60 Mlynarcik

146 743 98 74 Le
195 743 147 74 génie
292 743 98 74 de
341 743 195 74 Courbet,
488 743 98 74 sa
537 743 195 74 capacité
683 743 81 74 à
716 743 195 74 réaliser
863 743 98 74 la
895 743 163 74 fonction

146 783 177 69 sociale
274 783 96 69 et
323 783 161 69 morale
435 783 96 69 de
483 783 225 69 l’activité
660 783 241 69 artistique,
852 783 96 69 se
884 783 177 69 concentre

146 816 102 69 et
197 816 221 69 s’éclaire
367 816 136 69 dans
451 816 119 69 une
519 816 187 69 formule
655 816 221 69 empruntée
825 816 102 69 au
858 816 204 69 sous

147 848 90 65 de
192 848 195 65 L’atelier
342 848 90 65 du
387 848 165 65 peintre
507 848 90 65 et
552 848 105 65 qui
612 848 105 65 est
673 848 135 65 celle
763 848 225 65 d’allégorie
928 848 135 65 réelle.

149 883 128 63 Nous
229 883 161 63 placer
342 883 128 63 sous
422 883 96 63 ce
470 883 161 63 signe,
582 883 161 63 encore
695 883 241 63 indéchiffré
887 883 128 63 mais
952 883 112 63 d’une

146 914 191 64 féconde
284 914 243 64 modernité,
475 914 156 64 c’est
579 914 278 64 délibérément
805 914 191 64 vouloir
926 914 139 64 rendre

148 948 202 68 hommage
295 948 92 68 à
331 948 202 68 Courbet
478 948 147 68 dans
570 948 110 68 le
625 948 202 68 présent
772 948 110 68 de
827 948 165 68 notre
937 948 129 68 vie
993 948 73 68 et

150 985 129 62 cela
230 985 161 62 suffit
343 985 80 62 à
375 985 209 62 légitimer
536 985 96 62 la
584 985 241 62 proposition
777 985 161 62 d’Alex
873 985 193 62 Mlynarcik.

153 1006 101 73 Il
204 1006 235 73 appartient
388 1006 101 73 en
438 1006 151 73 effet
539 1006 84 73 à
573 1006 134 73 Alex
656 1006 218 73 Mlynarcik
824 1006 101 73 de
874 1006 134 73 nous
958 1006 184 73 inviter
1076 1006 50 73 I

152 1052 81 61 à
184 1052 243 61 redécouvrir
379 1052 97 61 la
428 1052 308 61 contemporaineté
687 1052 97 61 de
736 1052 211 61 l’exemple
898 1052 97 61 de
947 1052 195 61 Courbet,
1076 1052 49 61 I

151 1089 126 59 non
223 1089 235 59 seulement
404 1089 163 59 parce
512 1089 163 59 qu’il
620 1089 235 59 s’affirme
801 1089 163 59 comme
909 1089 163 59 l’une
1018 1089 126 59 des
1072 1089 54 59 »

151 1124 286 57 personnalités
386 1124 118 57 les
454 1124 134 57 plus
538 1124 168 57 fortes
655 1124 101 57 de
706 1124 101 57 la
756 1124 202 57 nouvelle
908 1124 235 57 génération
1076 1124 50 57 »

151 1154 330 55 tchécoslovaque,
428 1154 139 55 mais
515 1154 156 55 parce
619 1154 121 55 que
688 1154 156 55 toute
792 1154 104 55 sa
845 1154 226 55 recherche
1001 1154 69 55 se

153 1194 154 49 fonde
255 1194 120 49 sur
324 1194 205 49 l’espace
477 1194 102 49 et
528 1194 102 49 le
580 1194 154 49 temps
682 1194 256 49 socialement
887 1194 171 49 vécus.
1007 1194 137 49 Pour
1075 1194 51 49 I

155 1229 231 45 Mlynarcik,
336 1229 148 45 toute
434 1229 198 45 activité
583 1229 231 45 artistique
764 1229 132 45 doit
846 1229 296 45 nécessairement
1077 1229 49 45 »

156 1241 221 66 impliquer
326 1241 255 66 aujourd’hui
530 1241 102 66 la
581 1241 153 66 libre
684 1241 272 66 intervention
905 1241 102 66 du
956 1241 187 66 public,
1075 1241 51 66 I

155 1285 204 52 ébranler
308 1285 102 52 en
359 1285 136 52 nous
445 1285 119 52 les
513 1285 170 52 forces
632 1285 102 52 de
683 1285 290 52 l’imaginaire,
922 1285 170 52 mettre
1041 1285 102 52 au
1075 1285 51 52 I

154 1309 136 70 jour
239 1309 119 70 nos
307 1309 221 70 écritures
478 1309 324 70 obsessionnelles
750 1309 119 70 par
818 1309 239 70 lesquelles
1006 1309 136 70 nous
1074 1309 51 70 I

157 1359 164 46 fixons
272 1359 148 46 notre
370 1359 197 46 présence
518 1359 99 46 au
567 1359 164 46 monde.
682 1359 131 46 Elle
765 1359 131 46 doit
847 1359 164 46 tendre
962 1359 82 46 à
995 1359 148 46 révé¬
1077 1359 49 46 »

160 1379 107 59 ler
221 1379 92 59 et
267 1379 230 59 enregistrer
451 1379 107 59 les
512 1379 153 59 effets
620 1379 138 59 d’une
712 1379 169 59 réalité
835 1379 245 59 sociologique
1034 1379 107 59 par
1080 1379 46 59 »

157 1420 114 53 la
214 1420 323 53 manifestation
480 1420 266 53 permanente
688 1420 114 53 et
745 1420 209 53 anonyme
897 1420 114 53 de
954 1420 190 53 chacun
1068 1420 57 53 I

111 1465 697 47 d’entre
618 1465 571 47 nous.
935 1465 190 47 1

157 1499 159 63 Conçu
263 1499 106 63 en
316 1499 194 63 manière
457 1499 264 63 d’allégorie
668 1499 194 63 réelle,
809 1499 106 63 le
862 1499 194 63 Bonjour
1003 1499 141 63 Mon¬
1073 1499 53 63 I

160 1537 146 60 sieur
257 1537 178 60 Courbet
387 1537 178 60 imaginé
516 1537 113 60 par
581 1537 211 60 Mlynarcik
743 1537 146 60 prend
840 1537 113 60 les
889 1537 194 60 apparences

159 1571 272 64 matérielles
377 1571 163 64 d’une
485 1571 200 64 baraque
631 1571 145 64 dans
721 1571 109 64 un
776 1571 163 64 parc:
884 1571 109 64 la
921 1571 163 64 baraque

161 1603 203 57 rappelle
313 1603 169 57 celles
432 1603 119 57 que
500 1603 119 57 fit
567 1603 237 57 construire
754 1603 203 57 Courbet,
906 1603 102 57 en
957 1603 135 57 1855
1041 1603 102 57 et
1075 1603 51 57 I

162 1646 155 51 1867,
265 1646 138 51 pour
351 1646 86 51 y
386 1646 189 51 montrer
523 1646 121 51 ses
592 1646 207 51 tableaux
747 1646 189 51 refusés
885 1646 121 51 par
954 1646 103 51 le
1005 1646 138 51 jury
1074 1646 52 51 1

162 1675 101 56 de
213 1675 271 56 l’Exposition
433 1675 271 56 universelle;
653 1675 101 56 le
703 1675 135 56 parc
788 1675 152 56 offre
889 1675 101 56 un
940 1675 152 56 choix
1041 1675 101 56 de
1075 1675 51 56 »

164 1698 232 60 références
347 1698 199 60 directes
496 1698 83 60 à
529 1698 99 60 la
578 1698 182 60 nature.
711 1698 99 60 Le
761 1698 166 60 chemin
877 1698 116 60 qui
943 1698 199 60 traverse
1075 1698 50 60 I

167 1743 101 48 la
218 1743 185 48 baraque
352 1743 118 48 est
419 1743 151 48 celui
520 1743 101 48 de
571 1743 101 48 La
621 1743 236 48 rencontre,
806 1743 135 48 plus
891 1743 168 48 connue
1008 1743 135 48 sous
1076 1743 50 48 I

170 1777 99 50 le
219 1777 148 50 titre
318 1777 99 50 de
367 1777 181 50 Bonjour
499 1777 198 50 Monsieur
648 1777 198 50 Courbet,
796 1777 115 50 qui
862 1777 181 50 légende
994 1777 148 50 cette
1077 1777 49 50 »

167 1799 151 57 autre
268 1799 219 57 allégorie
436 1799 168 57 réelle
554 1799 168 57 peinte
672 1799 135 57 pour
756 1799 185 57 sceller
891 1799 118 57 une
958 1799 185 57 amitié.
1076 1799 50 57 I

169 1835 134 52 Mais
253 1835 101 52 le
304 1835 252 52 cheminement
505 1835 118 52 que
572 1835 134 52 nous
656 1835 168 52 sommes
774 1835 185 52 invités
908 1835 84 52 à
941 1835 201 52 refaire,
1076 1835 50 52 I

170 1865 134 60 pour
254 1865 168 60 saluer
371 1865 84 60 à
405 1865 184 60 nouveau
539 1865 201 60 Courbet,
690 1865 201 60 comporte
841 1865 134 60 deux
925 1865 218 60 séquences
1076 1865 50 60 »

168 1909 302 46 différenciées
417 1909 106 46 au
470 1909 177 46 double
594 1909 142 46 plan
683 1909 124 46 des
754 1909 231 46 matériaux
931 1909 106 46 et
984 1909 106 46 de
1037 1909 106 46 la
1073 1909 53 46 I

170 1949 276 43 symbolique.
390 1949 147 43 Dans
482 1949 110 43 un
537 1949 202 43 premier
685 1949 166 43 temps
795 1949 110 43 il
850 1949 129 43 est
924 1949 147 43 fait
1016 1949 129 43 des
1071 1949 55 43 r

174 1971 181 54 pierres
305 1971 115 54 des
371 1971 197 54 Casseurs
518 1971 99 54 de
568 1971 197 54 pierres,
715 1971 131 54 dans
798 1971 99 54 un
847 1971 197 54 deuxième
995 1971 148 54 temps
1077 1971 49 54 I

171 2008 108 45 du
225 2008 126 45 blé
297 2008 126 45 des
369 2008 252 45 Cribleuses
567 2008 108 45 de
621 2008 144 45 blé.
712 2008 108 45 Un
766 2008 216 45 panneau,
928 2008 198 45 destiné
1072 2008 90 45 à

173 2030 204 55 recevoir
326 2030 102 55 la
377 2030 153 55 trace
479 2030 102 55 de
530 2030 153 55 notre
632 2030 221 55 existence
803 2030 136 55 sous
888 2030 102 55 la
939 2030 153 55 forme
1041 2030 102 55 de
1075 2030 51 55 I

174 2062 213 60 graffiti,
338 2062 246 60 matérialise
535 2062 99 60 la
584 2062 148 60 ligne
683 2062 99 60 de
732 2062 246 60 démarcation
929 2062 148 60 entre
1027 2062 115 60 les
1077 2062 49 60 I

176 2115 171 39 pierres
301 2115 93 39 et
348 2115 93 39 le
394 2115 125 39 blé.
472 2115 156 39 Dressé
581 2115 156 39 devant
690 2115 140 39 nous,
784 2115 93 39 il
830 2115 171 39 devient
955 2115 93 39 le
1001 2115 140 39 simu¬
1079 2115 47 39 I

177 2134 150 53 lacre
277 2134 133 53 d’un
361 2134 117 53 mur
427 2134 150 53 livré
527 2134 83 53 à
561 2134 283 53 l’inscription
794 2134 100 53 de
844 2134 117 53 nos
910 2134 167 53 idées,
1010 2134 117 53 mur

174 2165 251 75 manifeste,
372 2165 234 75 solidaire
551 2165 108 75 de
605 2165 108 75 ce
659 2165 126 75 mur
731 2165 108 75 du
785 2165 305 75 Père-Lachaise
1036 2165 108 75 où
1072 2165 54 75 p
