1062 2361
82 212 145 65 45
179 212 226 65 EQUIPEMENT
356 212 194 65 CULTUREL
502 212 226 65 MOBILE
679 212 210 65 (maquette
841 212 97 65 et
873 212 97 65 pro

55 244 1071 56 totype).

129 295 271 72 L’équipement
349 295 203 72 culturel
501 295 169 72 mobile
620 295 169 72 répond
738 295 118 72 aux
789 295 186 72 exigences

128 337 220 63 nouvelles
297 337 102 63 de
348 337 254 63 l’animation
551 337 237 63 culturelle
737 337 203 63 comprise
872 337 102 63 dans

128 368 105 61 son
188 368 120 61 sens
263 368 90 61 le
308 368 120 61 plus
383 368 150 61 large.
488 368 120 61 Lieu
564 368 90 61 de
609 368 195 61 rencontre
759 368 90 61 et
789 368 180 61 d’échange.

125 408 116 61 son
192 408 166 61 volume
308 408 216 61 intérieur
474 408 116 61 est
541 408 233 61 modifiable
724 408 100 61 en
757 408 216 61 permanence,

125 441 253 57 permettant
323 441 144 57 dans
414 441 126 57 des
486 441 253 57 conditions
684 441 180 57 optima
811 441 144 57 tous
883 441 90 57 les

124 470 143 62 types
220 470 96 62 de
267 470 191 62 rapports
411 470 143 62 entre
506 470 175 62 objets,
634 470 207 62 individus
793 470 96 62 et
825 470 143 62 groupes

125 498 156 67 Conçu
228 498 86 67 à
263 498 173 67 partir
384 498 138 67 d’un
471 498 173 67 module
592 498 104 67 de
643 498 121 67 230
713 498 173 67 mêtres
816 498 156 67 (module

123 541 186 58 optimum
258 541 169 58 commun
376 541 118 58 aux
444 541 236 58 différents
629 541 152 58 types
714 541 253 58 d’activités),

124 568 271 64 l’équipement
345 568 204 64 culturel
497 568 170 64 mobile
616 568 119 64 est
684 568 220 64 constitué
853 568 119 64 par
904 568 68 64 la

122 601 278 59 juxtaposition
351 601 98 59 de
400 601 229 59 trente-six
580 601 180 59 modules
710 601 98 59 (6
759 601 82 59 x
792 601 98 59 6)
825 601 147 59 mobiles

124 638 321 59 individuellement
397 638 176 59 suivant
525 638 96 59 un
573 638 112 59 axe
637 638 209 59 vertical.
782 638 192 59 Facilement

122 673 251 51 démontable,
323 673 117 51 et,
390 673 117 51 par
457 673 234 51 conséquent
641 673 251 51 déplaçable,
825 673 150 51 l’équi-

121 709 167 54 pement
238 709 200 54 culturel
388 709 167 54 mobile
505 709 133 54 sera
588 709 183 54 utilisé
722 709 133 54 pour
805 709 117 54 des
855 709 117 54 expé-

123 742 176 56 riences
251 742 240 56 d’animation
443 742 128 56 dans
523 742 112 56 les
588 742 192 56 endroits
732 742 112 56 les
796 742 128 56 plus
860 742 112 56 défa-

120 776 179 49 vorisés:
254 776 134 49 lieux
344 776 89 49 de
388 776 179 49 travail,
523 776 209 49 banlieues,
687 776 164 49 petites
806 776 164 49 villes;
910 776 60 49 il

119 811 136 50 peut
204 811 136 50 être
289 811 170 50 monté,
408 811 136 50 soit
493 811 136 50 dans
579 811 102 50 un
630 811 170 50 espace
749 811 187 50 couvert
868 811 102 50 pré-

120 845 179 47 existant
254 845 149 47 (hall,
359 845 134 47 salle
449 845 105 47 des
508 845 149 47 fêtes,
613 845 194 47 atelier),
762 845 119 47 soit
837 845 90 47 en
867 845 105 47 plein

117 871 129 58 air;
197 871 97 58 il
246 871 113 58 est
310 871 145 58 alors
407 871 161 58 abrité
519 871 113 58 par
584 871 113 58 une
648 871 209 58 enveloppe
793 871 177 58 gonflable

119 903 218 45 maintenue
287 903 101 45 en
321 903 235 45 surpression.

119 939 221 57 Utilisant
289 939 119 57 des
357 939 238 57 techniques
544 939 289 57 industrielles
766 939 204 57 nouvelles,

118 970 272 58 l’équipement
339 970 204 58 culturel
492 970 170 58 mobile
612 970 119 58 est
663 970 306 58 particulièrement

117 1098 299 65 Maurice-Henri
371 1098 194 65 LENA
521 1098 90 65 né
565 1098 90 65 en
610 1098 120 65 1942
685 1098 75 65 à
715 1098 149 65 Tarbes
805 1098 164 65 (France).

117 1195 176 49 Henri
249 1195 235 49 BRESLER
440 1195 88 49 né
484 1195 88 49 en
528 1195 117 49 1942
601 1195 73 49 à
631 1195 132 49 Paris
719 1195 191 49 (France).
851 1195 117 49 Archi

114 1278 189 65 Benoît
259 1278 232 65 JULLIEN
447 1278 87 65 né
491 1278 87 65 en
534 1278 116 65 1942
607 1278 73 65 à
636 1278 131 65 Paris
723 1278 189 65 (France).
853 1278 116 65 Archi

64 1395 135 64 46
154 1395 135 64 ETUDE
243 1395 239 64 FORMELLE
423 1395 194 64 (maquette).

112 1453 178 58 Partant
241 1453 129 58 d’un
322 1453 162 58 module
435 1453 97 58 de
483 1453 129 58 base
564 1453 210 58 (triangle
710 1453 258 58 trirectangle),

112 1494 137 50 notre
203 1494 107 50 but
264 1494 107 50 est
326 1494 92 50 de
371 1494 199 50 découvrir
524 1494 107 50 par
585 1494 92 50 la
631 1494 199 50 recherche
784 1494 92 50 et
814 1494 153 50 l’inves-

107 1524 206 52 tigation
262 1524 172 52 toutes
382 1524 120 52 les
451 1524 172 52 formes
571 1524 275 52 géométriques
778 1524 189 52 découlant

106 1564 99 55 du
156 1564 165 55 nombre
272 1564 281 55 combinatoire,
503 1564 149 55 ainsi
602 1564 116 55 que
668 1564 248 55 d’expliquer
850 1564 116 55 pour-

106 1596 143 47 quoi
195 1596 107 47 et
249 1596 196 47 comment
392 1596 143 47 nous
481 1596 125 47 les
553 1596 161 47 avons
642 1596 250 47 découvertes.

108 1625 140 43 Nous
195 1625 193 43 voulons
335 1625 158 43 notre
440 1625 158 43 étude
545 1625 210 43 formelle
703 1625 105 43 et
755 1625 193 43 n’avons
878 1625 88 43 pas

104 1661 191 44 envisagé
248 1661 112 44 les
311 1661 239 44 éventuelles
503 1661 255 44 applications
710 1661 128 44 pour
774 1661 191 44 l’instant.

106 1695 135 40 Nous
190 1695 202 40 espérons
342 1695 202 40 apporter
494 1695 118 40 par
561 1695 152 40 cette
663 1695 152 40 étude
764 1695 118 40 une
814 1695 152 40 contri-

104 1726 175 42 bution
227 1726 105 42 au
280 1726 211 42 problème
438 1726 105 42 du
490 1726 298 42 développement
736 1726 105 42 et
789 1726 105 42 de
824 1726 140 42 l’évo-

106 1762 164 42 lution
220 1762 115 42 des
286 1762 164 42 formes
400 1762 245 42 structurées
597 1762 131 42 dans
662 1762 180 42 l’espace.

106 1848 183 59 Michel
247 1848 183 59 GUET
387 1848 84 59 né
429 1848 84 59 en
472 1848 113 59 1948
542 1848 70 59 à
570 1848 113 59 Oran
640 1848 197 59 (Algérie).
781 1848 183 59 Conception

103 1941 200 51 Michel
256 1941 308 51 MAKUCHOWSKI
518 1941 92 51 né
564 1941 92 51 en
610 1941 123 51 1947
687 1941 77 51 à
718 1941 138 51 Paris
795 1941 169 51 (France).

51 2050 138 61 47
143 2050 153 61 GARAGE
250 2050 276 61 CELLULAIRE
464 2050 199 61 (maquette).

97 2097 153 53 Ecole
199 2097 119 53 des
267 2097 238 53 Beaux-Arts
454 2097 102 53 de
488 2097 187 53 Besançon.

98 2150 190 56 L’étude
236 2150 86 56 a
271 2150 138 56 pour
357 2150 121 56 but
426 2150 104 56 de
478 2150 190 56 définir
616 2150 104 56 un
668 2150 173 56 garage
772 2150 190 56 répondant

96 2187 122 44 aux
165 2187 192 44 données
288 2187 209 44 suivantes:
