1062 2361
16 56 276 63 FRANCE

154 195 149 58 cation
258 195 134 58 entre
348 195 104 58 les
408 195 209 58 différents
572 195 149 58 lieux,
676 195 194 58 structure
825 195 149 58 mobile
914 195 75 58 des

155 228 144 58 salles
255 228 86 58 de
299 228 187 58 création,
443 228 216 58 possibilité
616 228 230 58 d’adaptation
803 228 86 58 de
832 228 158 58 l’échelle

154 262 78 44 à
186 262 249 44 l’expression
388 262 93 44 de
419 262 234 44 l’imaginaire.

156 313 215 69 Ludovic
324 313 245 69 BELLOCG
524 313 92 69 né
570 313 92 69 en
616 313 123 69 1938
693 313 77 69 à
723 313 153 69 Tarbes
815 313 169 69 (France).

137 354 202 44 Architecte.

155 402 164 74 Emile
278 402 191 74 CAYLA
428 402 82 74 né
469 402 82 74 en
510 402 109 74 1938
579 402 68 74 à
606 402 109 74 Oran
674 402 191 74 (Algérie).
811 402 177 74 Architecte.

102 497 148 58 54
200 497 115 58 UNE
266 497 247 58 MANUFACTURE
464 497 99 58 DE
514 497 297 58 PORCELAINE
745 497 214 58 (maquette).

149 555 135 53 Cette
239 555 135 53 étude
329 555 75 53 a
359 555 105 53 été
419 555 285 53 essentiellement
660 555 90 53 la
705 555 195 53 recherche
855 555 90 53 de
885 555 105 53 lévo-

151 591 161 54 lution
263 591 96 54 de
312 591 193 54 méthodes
456 591 305 54 traditionnelles
714 591 113 54 par
778 591 96 54 un
810 591 177 54 outillage

148 628 92 48 et
194 628 92 48 un
240 628 199 48 processus
393 628 92 48 de
439 628 230 48 fabrication
622 628 230 48 rationnels,
791 628 199 48 compatibles

149 665 117 45 avec
223 665 103 45 les
281 665 176 45 critères
414 665 88 45 de
458 665 220 45 rentabilité
634 665 176 45 qu’exige
766 665 103 45 une
810 665 176 45 production

128 693 183 43 moderne.

147 728 159 51 Aucune
258 728 238 51 réalisation
449 728 175 51 moderne
576 728 222 51 n’existant
750 728 95 51 en
798 728 159 51 France
893 728 95 51 dans

150 761 97 49 le
198 761 177 49 domaine
327 761 97 49 de
376 761 97 49 la
424 761 242 49 porcelaine,
617 761 113 49 une
682 761 177 49 enquête
811 761 161 49 auprès
907 761 81 49 des

148 794 226 47 fabricants
326 794 194 47 français
471 794 81 47 a
503 794 162 47 permis
616 794 97 47 de
665 794 178 47 définir
794 794 97 47 la
826 794 162 47 capacité

149 829 95 51 de
197 829 222 51 production
371 829 237 51 souhaitable
561 829 95 51 et
608 829 127 51 d’en
687 829 174 51 déduire
814 829 111 51 les
861 829 127 51 moyens

149 862 128 46 pour
229 862 80 46 y
245 862 175 46 parvenir.

149 913 213 56 Philippe
319 913 256 56 BLANCHARD
532 913 85 56 né
575 913 85 56 en
618 913 114 56 1943
689 913 71 56 à
717 913 170 56 Neuville
831 913 156 56 (France).

130 951 202 50 Architecte.

148 1010 229 49 Philippe
331 1010 275 49 OEHMICHEN
560 1010 92 49 né
606 1010 92 49 en
652 1010 122 49 1941
728 1010 76 49 à
759 1010 138 49 Rabat
835 1010 153 49 (Maroc).

129 1047 203 45 Architecte.

95 1129 152 49 55
196 1129 101 49 LE
247 1129 169 49 MODULE
365 1129 236 49 INDIVIDUEL
551 1129 270 49 AUTONOME
771 1129 220 49 (maquette
922 1129 68 49 et

128 1163 202 49 cyclotone).

143 1218 144 53 Nous
233 1218 144 53 nous
323 1218 180 53 sommes
449 1218 180 53 donnés
575 1218 162 53 comme
683 1218 126 53 but
755 1218 108 53 de
791 1218 198 53 recherche

144 1255 182 45 l’étude
277 1255 132 45 d’un
360 1255 182 45 habitat
492 1255 232 45 modulaire,
674 1255 132 45 nous
757 1255 232 45 permettant
923 1255 66 45 de

142 1293 183 39 définir
275 1293 133 39 pour
358 1293 100 39 un
408 1293 166 39 avenir
524 1293 149 39 assez
624 1293 183 39 proche,
757 1293 100 39 où
806 1293 100 39 la
840 1293 149 39 densité

140 1329 136 54 sera
225 1329 255 54 importante,
429 1329 204 54 l’espace
582 1329 238 54 individuel
769 1329 204 54 autonome
905 1329 85 54 mi

119 1356 159 40 nimum.

141 1391 136 46 Après
231 1391 211 46 définition
397 1391 287 46 dimensionnelle,
639 1391 106 46 cet
699 1391 151 46 espace
805 1391 121 46 sera
865 1391 121 46 étudié

143 1427 116 38 pour
216 1427 160 38 pouvoir
333 1427 87 38 se
376 1427 145 38 clore,
478 1427 233 38 s’assombrir,
667 1427 218 38 s’éclairer,
842 1427 87 38 se
871 1427 116 38 clima-

140 1462 147 41 tiser
238 1462 147 41 d’une
336 1462 180 41 manière
467 1462 213 41 autonome.
630 1462 114 41 Cet
696 1462 164 41 espace
810 1462 131 41 sera
876 1462 114 41 relié

139 1491 82 41 à
171 1491 196 41 d’autres
319 1491 180 41 modules
449 1491 229 41 semblables
629 1491 131 41 pour
711 1491 147 41 faire
809 1491 98 41 un
842 1491 147 41 habitat

139 1532 103 40 de
190 1532 172 40 couple
311 1532 103 40 ou
363 1532 103 40 un
415 1532 190 40 habitat
535 1532 190 40 familial.

139 1556 115 50 Ces
204 1556 180 50 modules
335 1556 295 50 appartiendront
581 1556 82 50 à
613 1556 115 50 une
679 1556 213 50 structure
826 1556 164 50 générale

138 1597 93 45 en
184 1597 139 45 nappe
277 1597 248 45 horizontale,
478 1597 201 45 verticale
633 1597 93 45 ou
679 1597 186 45 oblique,
803 1597 186 45 permettant

137 1628 183 49 d’avoir
270 1628 116 49 des
337 1628 200 49 densités
470 1628 233 49 importantes.

119 1683 251 51 Responsable:

138 1723 201 52 Michel
292 1723 232 52 BARRES
478 1723 93 52 né
525 1723 93 52 en
571 1723 124 52 1936
649 1723 77 52 à
680 1723 155 52 Blesle
773 1723 170 52 (France).

118 1764 207 45 Architecte.

136 1816 312 51 Marie-France
398 1816 246 51 BARRES
596 1816 115 51 née
661 1816 99 51 en
711 1816 131 51 1943
793 1816 82 51 à
809 1816 181 51 Salindres

136 1859 203 49 (France).
277 1859 219 49 Décoratrice.

136 1909 176 45 Pierre
272 1909 217 45 LEBIGRE
448 1909 81 45 né
489 1909 81 45 en
529 1909 108 45 1939
597 1909 68 45 à
624 1909 122 45 Paris
705 1909 176 45 (France).
827 1909 163 45 Urbaniste.

133 1960 271 53 Barthélémy
356 1960 271 53 MATHEVET
579 1960 96 53 né
627 1960 96 53 en
675 1960 128 53 1934
755 1960 80 53 à
771 1960 223 53 Rive

134 2003 206 49 (France).
277 2003 190 49 Sculpteur.

135 2040 195 60 Hélène
285 2040 240 60 RINAUDO
480 2040 105 60 née
540 2040 90 60 en
586 2040 120 60 1941
661 2040 75 60 à
691 2040 195 60 Salindres
826 2040 165 60 (France).

114 2088 226 54 Economiste.

132 2134 223 46 Jacques
307 2134 270 46 TOURNIER
530 2134 95 46 né
577 2134 95 46 en
625 2134 127 46 1941
705 2134 80 46 à
737 2134 143 46 Paris
816 2134 175 46 (France).

115 2176 203 50 Architecte.

62 2259 93 43 160
