1062 2325
8 63 625 85 MANIFESTATIONS
514 63 387 85 ANNEXES

92 196 228 67 CENTRE
268 196 228 67 AMERICAIN
443 196 140 67 POUR
531 196 228 67 ETUDIANTS
706 196 105 67 ET
741 196 246 67 ARTISTES

185 235 126 72 261,
264 235 205 72 boulevard
422 235 190 72 Raspail,
564 235 142 72 Paris
659 235 142 72 (14e)
754 235 79 72 —
770 235 142 72 0339992

234 283 241 65 Exposition
423 283 103 65 du
475 283 120 65 1er
543 283 103 65 au
595 283 103 65 15
646 283 189 65 octobre
767 283 103 65 1969

203 325 230 63 Vernissage
383 325 99 63 le
433 325 197 63 mercredi
581 325 115 63 Ier
646 325 181 63 octobre
778 325 82 63 à
811 325 99 63 21
844 325 49 63 h

288 361 140 62 Tous
376 361 123 62 les
446 361 158 62 jours
551 361 105 62 de
604 361 105 62 12
656 361 88 62 h
691 361 88 62 à
726 361 105 62 23
761 361 53 62 h

368 420 170 62 WORK
491 420 93 62 IN
522 420 217 62 PROGRESS

89 455 99 78 Il
139 455 133 78 nous
222 455 83 78 a
255 455 166 78 semblé
371 455 116 78 que
437 455 248 78 l’évolution
636 455 99 78 de
686 455 149 78 l’art
785 455 199 78 exigeait
918 455 66 78 la

86 503 216 60 recherche
253 503 150 60 d’une
353 503 200 60 nouvelle
502 503 266 60 présentation
719 503 100 60 du
769 503 150 60 «fait
852 503 133 60 artis-

87 527 132 40 tique
161 527 59 40 ».

86 562 233 66 L’American
269 562 166 66 Center
386 562 116 66 for
452 562 200 66 Students
602 562 116 66 and
669 562 183 66 Artists
802 562 166 66 mettra
902 562 83 66 ses

88 597 152 69 locaux
194 597 76 69 à
224 597 91 69 la
270 597 228 69 disposition
452 597 91 69 de
497 597 152 69 quinze
604 597 182 69 artistes
740 597 76 69 :
771 597 152 69 chacun
862 597 121 69 dispo-

82 634 136 51 sera
167 634 153 51 d’une
269 634 187 51 journée
405 634 187 51 entière
541 634 136 51 pour
626 634 221 51 organiser
796 634 102 51 sa
830 634 153 51 démons-

82 663 193 61 tration,
227 663 129 61 tant
307 663 129 61 dans
387 663 113 61 les
452 663 177 61 jardins
580 663 113 61 que
644 663 129 61 dans
725 663 113 61 les
789 663 177 61 salles,
902 663 80 61 son

81 706 164 49 action
195 706 98 49 et
245 706 263 49 l’exposition
458 706 98 49 se
507 706 164 49 mêlant
622 706 131 49 dans
704 706 98 49 ce
753 706 164 49 rythme
852 706 131 49 quoti-

82 739 145 52 dien.
178 739 96 52 Le
227 739 225 52 spectateur
403 739 113 52 est
468 739 161 52 invité
580 739 113 52 non
644 739 113 52 pas
709 739 80 52 à
741 739 129 52 voir
821 739 96 52 un
853 739 129 52 «objet

80 766 129 62 fini
160 766 80 62 »
192 766 129 62 mais
273 766 80 62 à
305 766 161 62 suivre
417 766 96 62 la
466 766 289 62 transformation
707 766 241 62 journalière
884 766 96 62 d’un

83 798 142 62 lieu.
178 798 142 62 C’est
272 798 189 62 pourquoi
414 798 126 62 nous
493 798 173 62 n’avons
619 798 110 62 pas
682 798 173 62 demandé
809 798 110 62 des
856 798 126 62 envois

79 840 212 56 d’œuvres,
242 840 131 56 mais
323 840 114 56 des
389 840 261 56 réalisations
601 840 245 56 effectuées,
797 840 114 56 sur
845 840 131 56 place,

78 863 131 57 dans
159 863 98 57 la
192 863 163 57 journée.

379 1044 203 49 GALERIE
524 1044 189 49 LAMBERT

141 1092 104 53 14,
201 1092 104 53 rue
260 1092 373 53 Saint-Louis-en-l’Ile,
588 1092 134 53 Paris
678 1092 119 53 (4e)
752 1092 75 53 —
767 1092 164 53 326.51.09

240 1134 239 52 Exposition
428 1134 103 52 du
479 1134 85 52 3
513 1134 103 52 au
565 1134 103 52 31
616 1134 188 52 octobre
735 1134 103 52 1969

125 1172 237 55 Vernissage
311 1172 101 55 le
362 1172 203 55 vendredi
514 1172 84 55 3
547 1172 186 55 octobre
683 1172 101 55 de
733 1172 101 55 18
784 1172 84 55 h
818 1172 84 55 à
852 1172 101 55 22
885 1172 51 55 h

150 1218 125 51 Tous
229 1218 109 51 les
291 1218 156 51 jours,
400 1218 125 51 sauf
479 1218 94 51 le
525 1218 188 51 dimanche
666 1218 94 51 et
713 1218 94 51 le
760 1218 156 51 lundi,
854 1218 63 51 de

217 1254 99 51 10
266 1254 82 51 h
299 1254 99 51 30
348 1254 82 51 à
381 1254 99 51 12
430 1254 82 51 h
463 1254 99 51 et
513 1254 99 51 de
562 1254 99 51 14
611 1254 82 51 h
644 1254 99 51 30
694 1254 82 51 à
726 1254 99 51 18
776 1254 82 51 h
792 1254 66 51 30

417 1296 123 63 ELY
491 1296 172 63 BIELUTIN

72 1351 99 47 La
122 1351 182 47 Galerie
254 1351 198 47 Lambert,
403 1351 116 47 qui
469 1351 132 47 suit
552 1351 231 47 fidèlement
733 1351 99 47 la
783 1351 198 47 Biennale
915 1351 66 47 de

72 1387 151 45 Paris
173 1387 118 45 par
240 1387 118 45 une
307 1387 151 45 série
408 1387 101 45 de
458 1387 302 45 manifestations
710 1387 202 45 annexes,
861 1387 84 45 a
878 1387 101 45 déjà

71 1426 202 37 présenté
223 1426 101 37 le
273 1426 185 37 peintre
408 1426 236 37 soviétique
593 1426 118 37 Ely
660 1426 202 37 Bielutin
812 1426 101 37 au
845 1426 135 37 public

72 1461 209 43 parisien
229 1461 140 43 dans
316 1461 105 43 le
368 1461 157 43 cadre
473 1461 105 43 de
525 1461 279 43 l’exposition
752 1461 157 43 «Cinq
839 1461 140 43 jeunes

72 1492 181 50 peintres
208 1492 91 50 de
253 1492 181 50 l’Europe
389 1492 91 50 de
435 1492 151 50 l’Est»
541 1492 76 50 à
571 1492 212 50 l’occasion
737 1492 91 50 de
782 1492 91 50 la
813 1492 166 50 Quatrième

53 1519 182 46 Biennale.

67 1554 149 45 Nous
160 1554 186 45 sommes
290 1554 204 45 heureux
439 1554 279 45 aujourd’hui
662 1554 112 45 de
718 1554 242 45 présenter
885 1554 93 45 une

68 1591 216 39 exposition
237 1591 108 39 qui
299 1591 108 39 lui
360 1591 108 39 est
422 1591 231 39 entièrement
607 1591 216 39 consacrée.
777 1591 108 39 Ely
823 1591 154 39 Bielutin

67 1626 112 38 est
131 1626 176 38 peintre
259 1626 96 38 et
307 1626 224 38 théoricien
482 1626 96 38 de
530 1626 144 38 l’art
626 1626 192 38 moderne.
769 1626 160 38 Auteur
865 1626 112 38 d’une

67 1658 272 40 remarquable
285 1658 200 40 Théorie
430 1658 127 40 des
503 1658 254 40 mouvements
703 1658 272 40 artistiques
902 1658 73 40 en

69 1689 182 45 Russie,
201 1689 116 45 qui
267 1689 182 45 retrace
399 1689 231 45 l’histoire
580 1689 99 45 de
630 1689 149 45 l’art
729 1689 182 45 moderne
844 1689 132 45 russe,

65 1723 144 38 avant
161 1723 96 38 et
209 1723 144 38 après
305 1723 96 38 la
353 1723 224 38 Révolution
529 1723 96 38 de
576 1723 144 38 1917,
672 1723 192 38 Bielutin
816 1723 96 38 se
848 1723 128 38 trouve

67 1755 287 36 naturellement,
306 1755 112 36 dès
370 1755 143 36 1954,
465 1755 80 36 à
497 1755 96 36 la
545 1755 127 36 tête
625 1755 96 36 du
672 1755 207 36 mouvement
816 1755 159 36 artisti-

65 1793 118 42 que
133 1793 101 42 le
183 1793 135 42 plus
268 1793 219 42 audacieux
436 1793 101 42 en
487 1793 202 42 U.R.S.S.
639 1793 219 42 notamment
807 1793 152 42 formé
892 1793 84 42 par

66 1820 113 40 les
131 1820 162 40 jeunes
244 1820 146 40 qu’on
341 1820 178 40 désigne
471 1820 97 40 du
519 1820 113 40 nom
584 1820 97 40 de
633 1820 194 40 «Réalité
779 1820 194 40 nouvelle
908 1820 65 40 ».

62 1854 161 37 C’est
169 1854 107 37 de
223 1854 107 37 ce
276 1854 250 37 mouvement,
472 1854 125 37 qui
544 1854 161 37 donna
651 1854 143 37 lieu
740 1854 89 37 à
776 1854 107 37 la
811 1854 161 37 célèbre

63 1888 240 48 exposition
252 1888 103 48 de
303 1888 137 48 1962
389 1888 103 48 au
441 1888 172 48 Manège
561 1888 103 48 de
612 1888 189 48 Moscou,
750 1888 120 48 que
801 1888 172 48 devaient

61 1922 176 38 jaillir
189 1922 112 38 les
253 1922 208 38 prémisses
413 1922 128 38 pour
493 1922 96 38 un
540 1922 288 38 renouvellement
780 1922 96 38 de
828 1922 96 38 la
860 1922 112 38 pein-

62 1956 128 40 ture
142 1956 144 40 russe
238 1956 96 40 en
286 1956 160 40 dehors
398 1956 96 40 et
446 1956 176 40 au-delà
573 1956 112 40 des
637 1956 288 40 manifestations
861 1956 112 40 offi-

61 1987 192 41 cielles.
205 1987 176 41 L’œuvre
333 1987 96 41 de
381 1987 208 41 Bielutin,
541 1987 224 41 éminemment
701 1987 272 41 expressionniste

62 2021 130 37 mais
143 2021 179 37 tendant
273 2021 130 37 vers
354 2021 293 37 l’abstraction,
598 2021 98 37 où
647 2021 114 37 les
712 2021 163 37 formes
826 2021 98 37 de
858 2021 114 37 l’œil

61 2052 94 37 et
108 2052 94 37 de
156 2052 173 37 l’homme
281 2052 204 37 voisinent
439 2052 126 37 avec
517 2052 110 37 des
580 2052 220 37 structures
753 2052 189 37 ouvertes
894 2052 79 37 à
910 2052 63 37 la

61 2086 166 38 limite
177 2086 99 38 de
227 2086 248 38 l’informel,
426 2086 182 38 indique
558 2086 132 38 avec
641 2086 166 38 force,
757 2086 149 38 comme
856 2086 99 38 le
889 2086 83 38 dit

62 2118 93 39 le
108 2118 186 39 critique
247 2118 170 39 italien
371 2118 155 39 Franco
479 2118 155 39 Miele,
587 2118 77 39 «
618 2118 278 39 l’intervention
850 2118 93 39 du
881 2118 93 39 je»,

58 2157 261 37 c’est-à-dire
270 2157 147 37 d’une
368 2157 228 37 expérience
547 2157 261 37 profondément
759 2157 179 37 humaine
873 2157 98 37 dans

61 2185 328 39 l’enchevêtrement
339 2185 98 39 de
389 2185 148 39 faits
487 2185 197 39 purement
618 2185 197 39 matériels.

33 2266 98 42 184
