1072 2325
795 53 217 65 BRESIL

158 439 250 56 Commissaire
358 439 183 56 général
491 439 83 56 :
525 439 250 56 Mauricio
708 439 216 56 Roberto

159 498 249 50 Directeur
351 498 115 50 du
408 498 173 50 Musée
523 498 173 50 d’Art
638 498 211 50 Moderne
791 498 115 50 de
849 498 134 50 Rio
906 498 77 50 de

145 538 159 47 Janeiro.

117 664 363 54 L’architecture
419 664 342 54 contemporaine
701 664 302 54 brésilienne
923 664 60 54 a

61 705 212 56 jusqu’à
215 705 269 56 maintenant
426 705 154 56 joui
522 705 173 56 d’une
638 705 192 56 solide
753 705 231 56 réputation

61 747 157 58 dans
160 747 118 58 le
219 747 216 58 domaine
376 747 354 58 international.
671 747 157 58 Mais
769 747 118 58 il
828 747 98 58 y
867 747 98 58 a
887 747 98 58 eu,

60 787 118 51 au
119 787 177 51 cours
238 787 138 51 des
317 787 256 51 dernières
514 787 217 51 années,
672 787 138 51 une
750 787 197 51 réelle
869 787 118 51 pro-

61 825 232 65 gression
235 825 116 65 de
293 825 290 65 l’expansion
524 825 270 65 naturelle,
737 825 155 65 dont
833 825 116 65 on
872 825 116 65 peut

63 869 231 55 chercher
236 869 135 55 les
313 869 289 55 principales
545 869 212 55 raisons
699 869 96 55 à
737 869 116 55 la
795 869 154 55 fois
872 869 116 55 dans

64 915 126 47 le
127 915 293 47 changement
357 915 126 47 de
420 915 126 47 la
483 915 251 47 capitale
671 915 167 47 pour
755 915 230 47 Brasilia,

61 950 194 54 comme
191 950 172 54 dans
298 950 237 54 l’essor
471 950 302 54 économique
708 950 129 54 de
751 950 237 54 certaines

66 995 207 52 régions
217 995 113 52 et
273 995 151 52 dans
367 995 113 52 la
424 995 226 52 création
593 995 320 52 d’excellentes
838 995 151 52 écoles

64 1034 347 51 d’architecture
353 1034 154 51 dans
449 1034 116 51 la
507 1034 231 51 majorité
680 1034 135 51 des
757 1034 173 51 Etats
872 1034 116 51 de
911 1034 77 51 la

49 1085 242 50 Fédération.

122 1119 193 58 Assad,
257 1119 174 58 Forte
373 1119 193 58 Netto,
508 1119 251 58 Gandolfi,
702 1119 193 58 Lerner
837 1119 116 58 et
876 1119 116 58 San-

67 1159 231 64 chotene,
240 1159 154 64 tous
337 1159 289 64 originaires
568 1159 116 64 du
626 1159 212 64 Parana,
761 1159 231 64 illustrent

66 1208 132 50 ces
142 1208 245 50 nouvelles
330 1208 302 50 conjonctures
575 1208 283 50 culturelles
801 1208 113 50 et
839 1208 151 50 socio-

67 1250 322 51 économiques.
328 1250 181 51 Dotés
449 1250 161 51 d’un
550 1250 201 51 talent
690 1250 302 51 d’exception
912 1250 80 51 et

68 1282 166 58 d’une
178 1282 148 58 rare
271 1282 222 58 capacité
437 1282 296 58 d’invention,
678 1282 111 58 en
733 1282 166 58 dépit
844 1282 111 58 de
881 1282 111 58 leur

67 1325 245 65 jeunesse,
256 1325 132 65 ils
331 1325 151 65 sont
425 1325 226 65 capables
595 1325 302 65 d’harmoniser
821 1325 170 65 parfai-

64 1368 226 63 tement
223 1368 136 63 la
290 1368 181 63 plus
403 1368 316 63 audacieuse
652 1368 339 63 proposition
901 1368 90 63 de

66 1408 329 59 construction
334 1408 165 59 avec
437 1408 144 59 une
519 1408 288 59 conception
746 1408 247 59 spatiale
911 1408 82 59 et

67 1447 242 61 formelle
248 1447 121 61 du
308 1447 201 61 niveau
449 1447 121 61 le
510 1447 161 61 plus
610 1447 201 61 élevé.
751 1447 161 61 Leur
832 1447 161 61 archi-

68 1498 220 53 tecture
228 1498 140 53 est
308 1498 220 53 limpide
468 1498 120 53 et
528 1498 220 53 logique
689 1498 160 53 sans
789 1498 160 53 pour
869 1498 120 53 cela

73 1547 144 50 être
145 1547 216 50 simpliste.

129 1575 154 59 Pour
225 1575 192 59 toutes
359 1575 134 59 ces
436 1575 230 59 raisons,
609 1575 134 59 ils
686 1575 230 59 méritent
839 1575 154 59 d’être

72 1616 131 57 les
147 1616 244 57 légitimes
335 1616 319 57 continuateurs
597 1616 113 57 de
654 1616 113 57 la
710 1616 263 57 génération
897 1616 94 57 qui

70 1657 98 60 a
110 1657 118 60 su
169 1657 255 60 implanter
365 1657 138 60 les
444 1657 255 60 principes
640 1657 118 60 de
680 1657 314 60 l’architecture

73 1699 211 65 moderne
226 1699 307 65 brésilienne,
476 1699 173 65 avec,
591 1699 115 65 en
649 1699 192 65 outre,
764 1699 230 65 l’avantage

70 1744 121 57 de
130 1744 181 57 créer
251 1744 141 57 une
331 1744 322 57 architecture
593 1744 161 57 qui,
693 1744 161 57 sans
794 1744 201 57 perdre
915 1744 80 57 de

71 1782 124 61 sa
133 1782 268 61 substance
339 1782 268 61 poétique,
545 1782 124 61 se
607 1782 185 61 fonde
730 1782 165 61 plus
813 1782 185 61 profon-

71 1830 201 52 dément
212 1830 141 52 sur
292 1830 121 52 le
353 1830 161 52 plan
453 1830 121 52 de
514 1830 121 52 la
574 1830 322 52 connaissance
816 1830 181 52 techno

59 1882 181 55 logique.

134 1905 113 64 Le
191 1905 206 64 travail
341 1905 188 64 qu’ils
472 1905 263 64 présentent
678 1905 94 64 à
716 1905 113 64 la
772 1905 225 64 Biennale
922 1905 75 64 de

76 1964 160 49 Paris
183 1964 124 49 est
254 1964 142 49 tout
342 1964 89 49 à
378 1964 142 49 fait
467 1964 337 49 caractéristique
751 1964 106 49 de
804 1964 142 49 leur
875 1964 124 49 puis-

74 1994 173 58 sance
189 1994 270 58 créatrice.
401 1994 116 58 La
459 1994 250 58 Cité-Pont
651 1994 193 58 qu’ils
767 1994 231 58 proposent,

74 2042 155 52 face
170 2042 135 52 aux
248 2042 270 52 cataractes
460 2042 251 52 d’Iguaçu,
653 2042 251 52 cherchant
846 2042 97 52 à
866 2042 135 52 créer

75 2083 113 51 un
132 2083 189 51 centre
264 2083 283 51 touristique
491 2083 321 51 international
755 2083 170 51 ainsi
850 2083 151 51 qu’une

78 2119 211 58 liaison
231 2119 173 58 entre
347 2119 115 58 le
404 2119 192 58 Brésil
539 2119 115 58 et
597 2119 288 58 l’Argentine
827 2119 115 58 au
866 2119 134 58 moyen

74 2161 185 62 d’une
198 2161 268 62 structure
404 2161 288 62 comportant
630 2161 124 62 un
692 2161 206 62 espace
836 2161 165 62 vide
919 2161 82 62 de

919 2249 86 42 31
