1066 2361
636 48 343 68 ETATS

62 173 229 92 national
245 173 107 92 Art
306 173 229 92 Program
489 173 92 92 de
535 173 92 92 la
581 173 275 92 Smithsonian
795 173 183 92 Insti

59 219 301 83 tution
310 219 251 83 d’organiser
510 219 100 83 la
560 219 184 83 section
694 219 117 83 des
761 219 234 83 Etats-Unis
928 219 50 83 à

61 264 120 87 la
121 264 220 87 Sixième
281 264 241 87 Biennale
462 264 120 87 de
522 264 200 87 Paris,
662 264 140 87 car
742 264 180 87 cette
843 264 140 87 orga-

61 304 239 82 nisation
241 304 140 82 est
320 304 279 82 convaincue
540 304 140 82 que
620 304 140 82 cet
700 304 279 82 engagement
899 304 80 82 de

64 348 235 80 l’artiste
245 348 144 80 dans
335 348 108 80 la
389 348 199 80 société
534 348 307 80 contemporaine
786 348 126 80 est
841 348 144 80 impor-

61 394 161 74 tant
161 394 161 74 dans
262 394 161 74 deux
362 394 241 74 domaines
543 394 121 74 de
603 394 201 74 grande
744 394 201 74 portée
864 394 121 74 pour

64 440 202 73 notre
198 440 247 73 avenir.
378 440 135 73 Le
445 440 247 73 premier
625 440 157 73 est
715 440 135 73 la
782 440 202 73 forme
894 440 90 73 de

66 482 169 70 notre
179 482 338 70 environnement.
461 482 132 70 Peu
536 482 319 70 d’expériences
780 482 207 70 utilisent

65 523 288 72 aujourd’hui
295 523 134 72 les
372 523 250 72 nouvelles
564 523 307 72 possibilités
814 523 134 72 que
872 523 115 72 nous

65 562 105 75 a
107 562 231 75 données
275 562 126 75 la
338 562 336 75 technologie.
611 562 126 75 Le
674 562 210 75 second
800 562 189 75 domaine

69 606 102 74 a
109 606 184 74 trait
232 606 102 74 à
273 606 123 74 la
335 606 205 74 nature
478 606 123 74 de
540 606 123 74 la
601 606 287 74 technique.
826 606 143 74 Une
888 606 102 74 des

72 642 384 79 caractéristiques
398 642 115 79 du
456 642 327 79 développement
725 642 250 79 technique
898 642 96 79 est

72 687 132 72 que
147 687 113 72 le
204 687 150 72 coût
298 687 132 72 par
373 687 244 72 opération
561 687 207 72 diminue
711 687 150 72 avec
805 687 113 72 le
843 687 150 72 temps.

76 725 110 73 La
131 725 276 73 technologie
351 725 202 73 devient
498 725 110 73 de
553 725 147 73 plus
645 725 110 73 en
700 725 147 73 plus
774 725 220 73 accessible

73 769 129 73 et
137 769 129 73 de
202 769 194 73 moins
331 769 129 73 en
395 769 194 73 moins
524 769 215 73 chère;
675 769 172 73 elle
782 769 172 73 peut
868 769 129 73 donc

73 817 176 65 être
183 817 265 65 utilisée
382 817 198 65 comme
514 817 132 65 un
580 817 265 65 matériau
779 817 132 65 et
823 817 176 65 donner

79 853 234 72 naissance
259 853 90 72 à
295 853 126 72 des
367 853 288 72 possibilités
602 853 216 72 infinies
746 853 252 72 d’expression

65 917 249 59 individuelle.

131 944 191 75 Cette
258 944 297 75 exposition
492 944 106 75 a
534 944 149 75 été
619 944 276 75 organisée
831 944 149 75 non
895 944 106 75 pas

81 990 151 75 pour
175 990 245 75 présenter
364 990 132 75 des
439 990 189 75 œuvres
571 990 189 75 d’art,
703 990 151 75 mais
798 990 151 75 pour
873 990 132 75 élar-

82 1036 124 80 gir
153 1036 231 80 l’ampleur
331 1036 107 80 de
384 1036 107 80 la
438 1036 302 80 collaboration
668 1036 338 80 artiste

83 1077 118 64 et
142 1077 118 64 la
201 1077 176 64 faire
319 1077 196 64 porter
456 1077 137 64 sur
534 1077 118 64 de
593 1077 235 64 nouveaux
770 1077 235 64 domaines
927 1077 78 64 de

86 1121 307 69 l’engagement
335 1121 115 69 de
393 1121 249 69 l’artiste
585 1121 115 69 et
642 1121 115 69 de
700 1121 134 69 ses
758 1121 249 69 expériences

86 1169 118 64 en
145 1169 217 64 matière
283 1169 355 64 d’environnement.

140 1218 217 63 Depuis
292 1218 261 63 quelques
488 1218 239 63 années,
662 1218 130 63 un
727 1218 196 63 grand
836 1218 174 63 nombre

89 1257 111 62 de
144 1257 185 62 jeunes
273 1257 129 62 aux
347 1257 240 62 activités
532 1257 277 62 différentes
753 1257 129 62 ont
827 1257 166 62 formé
920 1257 92 62 des

88 1292 226 73 groupes
253 1292 123 73 en
314 1292 185 73 marge
438 1292 123 73 du
499 1292 185 73 monde
623 1292 288 73 artistique
828 1292 185 73 établi.

94 1336 131 73 Ils
169 1336 225 73 essaient
338 1336 113 73 de
395 1336 244 73 nouvelles
582 1336 188 73 formes
695 1336 319 73 architecturales

94 1377 209 68 dérivant
250 1377 104 68 de
302 1377 104 68 la
355 1377 157 68 façon
459 1377 139 68 dont
546 1377 244 68 l’individu
738 1377 191 68 perçoit
859 1377 157 68 l’envi-

95 1421 272 64 ronnement
304 1421 126 64 et
367 1421 126 64 de
430 1421 356 64 l’interaction
723 1421 126 64 de
786 1421 167 64 l’un
890 1421 126 64 et
932 1421 84 64 de

97 1465 241 62 l’autre.
278 1465 161 62 Leur
378 1465 241 62 activité
558 1465 261 62 encourage
739 1465 281 62 l’engagement

97 1506 300 67 significatif
341 1506 113 67 de
398 1506 263 67 l’individu
604 1506 150 67 dans
698 1506 113 67 la
754 1506 206 67 société
904 1506 113 67 et
942 1506 75 67 sa

97 1553 350 63 participation
386 1553 103 63 à
427 1553 268 63 celle-ci.
633 1553 185 63 Parmi
756 1553 144 63 ces
818 1553 206 63 nombreux

97 1587 232 76 groupes
266 1587 127 76 en
329 1587 232 76 contact
498 1587 169 76 avec
604 1587 253 76 l’E.AT.,
794 1587 190 76 trois
899 1587 127 76 sont

105 1646 258 54 représentés
294 1646 103 54 ici.

157 1689 181 74 Ant
284 1689 235 74 Farm
464 1689 90 74 à
501 1689 199 74 Houston
645 1689 217 74 (Texas),
808 1689 90 74 a
844 1689 127 74 été
898 1689 127 74 fondé

103 1741 118 71 en
162 1741 216 71 octobre
320 1741 157 71 1968
418 1741 138 71 par
497 1741 157 71 Doug
595 1741 216 71 Michels
753 1741 118 71 et
812 1741 157 71 Chip
890 1741 138 71 Lord,

104 1791 130 61 qui
179 1791 111 61 en
234 1791 148 61 sont
327 1791 222 61 toujours
493 1791 278 61 directeurs.
715 1791 111 61 Ce
771 1791 185 61 groupe
882 1791 148 61 archi-

104 1841 236 57 tectural
282 1841 118 57 se
341 1841 236 57 consacre
518 1841 98 57 à
557 1841 374 57 l’environnement
853 1841 177 57 urbain,

108 1868 135 65 aux
185 1868 193 65 styles
320 1868 116 65 de
378 1868 135 65 vie
455 1868 116 65 en
513 1868 289 65 communauté,
744 1868 135 65 aux
821 1868 96 65 «
840 1868 193 65 tranches

108 1910 118 64 de
167 1910 138 64 vie
246 1910 118 64 ».
305 1910 138 64 Les
384 1910 217 64 projets
542 1910 118 64 en
601 1910 177 64 cours
719 1910 295 64 comprennent
936 1910 98 64 une

111 1954 249 58 Tranche
307 1954 107 58 de
360 1954 160 58 temps
467 1954 320 58 éducative
734 1954 285 58 c’est-à-dire
947 1954 89 58 une

111 2003 264 49 expérience
319 2003 113 49 de
375 2003 132 49 six
451 2003 227 49 semaines
621 2003 208 49 portant
772 2003 132 49 sur
847 2003 132 49 les
904 2003 132 49 modes

113 2043 113 53 de
170 2043 320 53 communication
433 2043 113 53 et
490 2043 377 53 l’environnement,
810 2043 170 53 ainsi
904 2043 132 53 qu’un

115 2080 221 56 ouvrage
275 2080 241 56 étudiant
456 2080 140 56 les
536 2080 221 56 options
697 2080 221 56 futures
857 2080 181 56 quant
958 2080 80 56 au

115 2131 177 44 style
233 2131 118 44 de
293 2131 158 44 vie;
391 2131 276 44 éducation,
608 2131 335 44 architecture,
864 2131 177 44 techno-

122 2161 165 57 logie.
237 2161 99 57 Il
286 2161 197 57 présente
434 2161 82 57 à
467 2161 99 57 la
516 2161 197 57 Biennale
665 2161 115 57 une
730 2161 197 57 Oasis
862 2161 181 57 Elec

960 2246 88 53 57
