1062 2361
-13 84 373 68 ROUMANIE

84 212 215 68 lorsque
241 212 157 68 dans
339 212 137 68 nos
417 212 235 68 villages
593 212 196 68 errent
730 212 137 68 les
789 212 176 68 troupes

85 270 370 48 d’acteurs-enfants
402 270 176 48 jouant
526 270 229 48 l’épisode
702 270 123 48 des
772 270 141 48 Rois
843 270 123 48 mages

82 311 96 47 —
120 311 250 47 véritable
313 311 173 47 drame
428 311 154 47 avec
524 311 231 47 masques,
698 311 250 47 semblable
871 311 96 47 aux

85 347 230 58 Mystères
257 347 115 58 du
315 347 173 58 Moyen
430 347 134 58 Age
507 347 96 58 —
545 347 268 58 deviennent
756 347 115 58 la
794 347 173 58 matière

84 396 159 40 d’une
190 396 212 40 peinture
349 396 247 40 narrative,
543 396 124 40 qui
614 396 177 40 évoque
738 396 124 40 les
790 396 177 40 merveil-

85 428 192 58 leuses
219 428 230 58 fresques
391 428 287 58 extérieures
621 428 134 58 des
698 428 268 58 monastères
889 428 77 58 du

84 469 159 50 nord
184 469 119 50 de
243 469 119 50 la
283 469 219 50 Moldavie.

142 527 138 53 Chez
228 527 155 53 Ethel
331 527 293 53 Lucaci-Baias,
573 527 155 53 cette
676 527 241 53 aspiration
848 527 121 53 finit

85 572 121 52 par
154 572 277 52 transfigurer
379 572 104 52 la
431 572 190 52 réalité
569 572 104 52 de
621 572 208 52 laquelle
777 572 138 52 elle
846 572 121 52 part.

84 615 263 53 Frémissant
291 615 113 53 de
347 615 150 53 vie,
441 615 113 53 le
498 615 207 53 contenu
648 615 113 53 de
705 615 132 53 son
761 615 207 53 graphisme

83 653 203 46 demeure
230 653 240 46 diaphane,
415 653 185 46 rempli
544 653 111 46 de
600 653 185 46 poésie
729 653 92 46 à
766 653 111 46 la
803 653 166 46 manière

79 700 145 52 des
162 700 207 52 messes
307 700 145 52 que
389 700 248 52 chantent
575 700 351 52 journellement
865 700 103 52 à
885 700 83 52 la

83 735 207 53 lumière
234 735 113 53 du
290 735 188 53 soleil
422 735 132 53 les
498 735 207 53 oiseaux
649 735 132 53 des
724 735 170 53 cieux
837 735 113 53 et
875 735 94 53 les

82 779 170 55 êtres
195 779 189 55 marins
328 779 151 55 près
422 779 227 55 desquels
592 779 151 55 elle
687 779 132 55 vit
762 779 189 55 depuis
876 779 94 55 des

59 821 185 49 années.

141 869 162 55 Quant
249 869 90 55 à
285 869 108 55 la
339 869 234 55 sculpture
519 869 108 55 de
574 869 180 55 Silvia
700 869 162 55 Radu,
808 869 144 55 elle
880 869 90 55 est

82 919 241 44 pesanteur
268 919 111 44 et
323 919 204 44 volume,
472 919 297 44 architecture
713 919 259 44 intérieure
898 919 74 44 et

85 969 231 40 imnertie.
263 969 142 40 Elle
352 969 213 40 s’impose
511 969 337 40 géométriquement
795 969 107 40 et
831 969 142 40 témoi-

82 1002 125 46 gne
153 1002 107 46 de
207 1002 107 46 sa
260 1002 196 46 volonté
403 1002 107 46 de
456 1002 196 46 saisir,
599 1002 89 46 à
634 1002 196 46 travers
777 1002 125 46 les
830 1002 143 46 fibres

82 1045 116 47 de
140 1045 116 47 la
198 1045 213 47 matière
352 1045 232 47 disposée
526 1045 116 47 de
584 1045 213 47 manière
720 1045 251 47 centripète,

84 1086 171 49 autour
203 1086 171 49 d’axes
323 1086 102 49 et
374 1086 102 49 de
425 1086 188 49 noyaux,
562 1086 102 49 le
613 1086 136 49 flux
698 1086 102 49 de
732 1086 239 49 l’existence.

144 1122 135 50 Pour
229 1122 118 50 les
296 1122 135 50 pays
381 1122 101 50 où
431 1122 101 50 le
482 1122 203 50 folklore
634 1122 118 50 est
702 1122 270 50 significatif
904 1122 68 50 de

84 1159 163 55 l’art
193 1159 200 55 vivant,
338 1159 127 55 les
410 1159 254 55 références
610 1159 91 55 à
646 1159 109 55 un
701 1159 163 55 monde
792 1159 181 55 mythique

84 1213 116 46 ne
142 1213 213 46 peuvent
296 1213 271 46 qu’ajouter
509 1213 116 46 un
567 1213 213 46 élément
722 1213 116 46 de
780 1213 193 46 poésie
896 1213 77 46 et

83 1251 203 55 d’unité
230 1251 92 55 à
267 1251 166 55 toute
377 1251 221 55 création
525 1251 239 55 artistique.

736 1330 111 59 Ion
784 1330 189 59 Frunzetti.

403 1701 253 67 PEINTURE

132 1775 231 50 Dimitrie
317 1775 278 50 GAVRILEAN
548 1775 93 50 né
594 1775 93 50 en
641 1775 123 50 1942
718 1775 77 50 à
749 1775 123 50 Güra
810 1775 170 50 Humorului

114 1818 217 47 (Roumanie).

101 1852 159 48 1
220 1852 80 48 La
260 1852 120 48 danse
340 1852 80 48 de
380 1852 80 48 la
420 1852 106 48 vie,
486 1852 106 48 1969
552 1852 146 48 (huile,
659 1852 93 48 137
712 1852 66 48 x
725 1852 93 48 117).

94 1895 241 56 2
275 1895 120 56 Le
335 1895 201 56 temps,
475 1895 161 56 1969
576 1895 201 56 (huile
716 1895 120 56 70
776 1895 100 56 x
816 1895 161 56 70).
897 1895 80 56 11

99 1926 166 52 3
223 1926 83 52 La
265 1926 110 52 fête
334 1926 83 52 de
375 1926 83 52 la
416 1926 166 52 nouvelle
541 1926 138 52 année,
637 1926 110 52 1969
706 1926 152 52 (huile,
816 1926 97 52 110
872 1926 69 52 x
885 1926 97 52 210).

379 2022 292 64 SCULPTURE

129 2088 183 58 Silvia
270 2088 183 58 RADU
411 2088 99 58 née
467 2088 85 58 en
509 2088 113 58 1935
580 2088 70 58 à
608 2088 183 58 Pietroaia
735 2088 183 58 (Roumanie).

97 2140 159 44 4
216 2140 159 44 Colonne,
335 2140 106 44 1969
402 2140 159 44 (pierre,
521 2140 93 44 148
574 2140 66 44 x
600 2140 80 44 43
640 2140 66 44 x
653 2140 80 44 43).

97 2177 161 45 5
218 2177 188 45 Maternité,
366 2177 108 45 1969
433 2177 161 45 (bronze,
554 2177 94 45 155
608 2177 67 45 x
635 2177 81 45 32
675 2177 67 45 x
688 2177 81 45 40).

97 2213 160 55 6
217 2213 186 55 Etendards,
363 2213 107 55 1969
430 2213 147 55 (acier,
536 2213 80 55 61
576 2213 67 55 x
603 2213 80 55 60
643 2213 67 55 x
656 2213 80 55 60).

57 2291 93 43 112
