1120 2325
210 59 623 86 MANIFESTATIONS
715 59 356 86 ANNEXE

348 188 222 61 GALERIE
523 188 159 61 LUCIEN
618 188 190 61 DURAND

258 255 116 63 19,
325 255 116 63 rue
391 255 215 63 Mazarine,
556 255 149 63 Paris
656 255 132 63 (6e)
738 255 83 63 -
755 255 149 63 3262535

285 296 238 63 Exposition
472 296 102 63 du
523 296 85 63 3
557 296 102 63 au
607 296 102 63 25
658 296 187 63 octobre
777 296 102 63 1969

253 340 232 59 Vernissage
436 340 99 59 le
485 340 199 59 vendredi
634 340 83 59 3
668 340 182 59 octobre
800 340 83 59 à
833 340 99 59 18
866 340 50 59 h

255 377 135 56 Tous
339 377 118 56 les
407 377 168 56 jours,
524 377 135 56 sauf
608 377 202 56 dimanche
760 377 101 56 et
793 377 118 56 lundi

246 421 91 64 de
291 421 91 64 10
337 421 76 64 h
367 421 91 64 30
413 421 76 64 à
443 421 91 64 12
489 421 76 64 h
519 421 91 64 30
565 421 91 64 et
611 421 91 64 de
656 421 91 64 14
702 421 76 64 h
732 421 91 64 30
778 421 76 64 à
808 421 91 64 19
854 421 76 64 h
869 421 61 64 30

227 493 221 79 DUFO-
392 493 111 79 DE
448 493 166 79 ROSNY
558 493 92 79 -
595 493 258 79 KERMARREC★
779 493 166 79 POL

139 558 130 68 Dans
220 558 98 68 le
269 558 146 68 cadre
367 558 114 68 des
432 558 293 68 manifestations
676 558 179 68 annexes
806 558 81 68 à
838 558 98 68 la
871 558 179 68 Biennale,

138 602 204 63 j’expose
291 602 153 63 Dufo,
392 602 102 63 de
443 602 170 63 Rosny,
562 602 237 63 Kermarrec,
749 602 153 63 Poli,
850 602 119 63 qui
918 602 102 63 se
952 602 102 63 sont

141 637 228 54 manifestés
320 637 130 54 chez
402 637 114 54 moi
467 637 98 54 au
516 637 147 54 cours
614 637 114 54 des
679 637 130 54 deux
760 637 212 54 dernières
907 637 147 54 années.

141 669 101 57 Le
192 669 186 57 travail
327 669 203 57 présenté
479 669 101 57 ne
530 669 186 57 prétend
665 669 118 57 pas
733 669 135 57 être
817 669 101 57 un
868 669 152 57 bilan
953 669 101 57 mais

140 705 106 53 un
193 705 247 53 complément
387 705 88 53 à
422 705 106 53 ce
475 705 176 53 qu’ils
598 705 247 53 présentent
792 705 88 53 à
827 705 106 53 la
862 705 194 53 Biennale.

796 749 174 51 Lucien
900 749 157 51 Durand.

363 1076 217 68 GALERIE
533 1076 155 68 SIMONE
626 1076 217 68 BADINIER

275 1136 110 60 15,
338 1136 110 60 rue
401 1136 220 60 Guénégaud,
573 1136 141 60 Paris
667 1136 125 60 (6e)
746 1136 78 60 -
761 1136 173 60 633.04

308 1180 238 65 Exposition
495 1180 102 65 du
546 1180 85 65 7
580 1180 102 65 au
632 1180 102 65 31
683 1180 187 65 octobre
802 1180 102 65 1969

304 1227 216 47 Vernissage
473 1227 93 47 le
520 1227 77 47 7
551 1227 170 47 octobre
674 1227 93 47 de
721 1227 93 47 17
767 1227 77 47 h
798 1227 77 47 à
829 1227 93 47 20
860 1227 46 47 h

224 1264 133 52 Tous
307 1264 116 52 les
374 1264 166 52 jours,
490 1264 133 52 sauf
573 1264 216 52 dimanche,
738 1264 99 52 de
788 1264 99 52 10
838 1264 83 52 h
871 1264 83 52 à
904 1264 99 52 12
937 1264 50 52 h

419 1303 95 63 et
467 1303 95 63 de
514 1303 95 63 14
562 1303 79 63 h
593 1303 95 63 30
641 1303 79 63 à
672 1303 95 63 18
720 1303 79 63 n
736 1303 63 63 30

290 1380 185 64 CINQ
425 1380 168 64 JEUNES
543 1380 202 64 ARTISTES
677 1380 253 64 BORDELAIS

156 1438 134 60 Pour
240 1438 100 60 la
290 1438 201 60 première
441 1438 151 60 fois,
541 1438 117 60 une
608 1438 184 60 galerie
742 1438 234 60 parisienne
926 1438 151 60 offre
1009 1438 67 60 un

156 1473 137 60 banc
241 1473 188 60 d’essai
378 1473 85 60 à
412 1473 137 60 cinq
497 1473 205 60 artistes
651 1473 154 60 venus
754 1473 102 60 de
805 1473 222 60 province.
958 1473 120 60 Trois

158 1513 194 54 peintres
303 1513 81 54 :
335 1513 178 54 Lestié,
465 1513 210 54 Jalabert,
626 1513 210 54 Boisdron,
787 1513 97 54 et
836 1513 129 54 deux
900 1513 178 54 graveurs:

160 1555 148 58 Bares
258 1555 99 58 et
291 1555 230 58 Delaubadere.

161 1582 99 69 La
210 1582 181 69 Galerie
342 1582 165 69 Simone
457 1582 198 69 Badinier
605 1582 148 69 prend
704 1582 99 69 le
754 1582 165 69 risque
869 1582 99 69 de
902 1582 181 69 présenter

162 1623 111 55 ces
226 1623 159 55 jeunes
337 1623 175 55 talents
464 1623 127 55 dont
544 1623 127 55 l’un
623 1623 143 55 d’eux
718 1623 127 55 déjà
798 1623 111 55 fut
861 1623 127 55 fort
925 1623 159 55 remarqué

161 1668 82 57 à
193 1668 98 57 la
242 1668 196 57 Biennale
389 1668 98 57 de
422 1668 114 57 1967.

164 1703 111 63 Ces
228 1703 175 63 garçons
355 1703 143 63 n’ont
450 1703 143 63 aucun
545 1703 175 63 maître,
672 1703 159 63 aucune
783 1703 159 63 idole,
894 1703 111 63 ils
958 1703 95 63 se
990 1703 95 63 sont

165 1739 235 57 rencontrés
350 1739 117 57 par
417 1739 201 57 affinité
567 1739 101 57 et
618 1739 251 57 travaillent
819 1739 134 57 dans
903 1739 101 57 un
953 1739 134 57 sens
1020 1739 67 57 de

165 1773 227 54 recherche
339 1773 105 54 et
391 1773 105 54 de
444 1773 244 54 renouveau.
636 1773 122 54 Ils
705 1773 174 54 aiment
827 1773 157 54 leurs
915 1773 174 54 pinceaux

166 1809 101 53 et
217 1809 151 53 leurs
317 1809 168 53 burins
434 1809 101 53 et
485 1809 101 53 ne
535 1809 218 53 demeurent
703 1809 117 53 pas
770 1809 184 53 passifs
904 1809 168 53 devant
1004 1809 84 53 une

167 1848 202 46 surface.
318 1848 118 46 Ils
386 1848 118 46 ont
453 1848 168 46 certes
570 1848 185 46 quelque
705 1848 151 46 chose
805 1848 84 46 à
839 1848 134 46 dire
923 1848 101 46 et
973 1848 84 46 à
990 1848 101 46 com-

169 1869 209 57 muniquer
325 1869 104 57 en
377 1869 209 57 essayant
534 1869 104 57 de
586 1869 209 57 traduire
743 1869 139 57 leur
830 1869 157 57 monde
934 1869 87 57 à
969 1869 122 57 eux
1021 1869 70 57 et

168 1907 146 48 celui
265 1907 97 48 de
314 1907 178 48 demain.
443 1907 130 48 Avec
525 1907 227 48 eux-mêmes,
703 1907 114 48 ils
768 1907 130 48 sont
849 1907 211 48 sincères;
995 1907 97 48 leur

168 1940 118 52 foi
235 1940 101 52 et
286 1940 101 52 la
336 1940 235 52 simplicité
521 1940 135 52 dans
605 1940 135 52 leur
689 1940 269 52 comportement
908 1940 101 52 me
942 1940 151 52 permet-

172 1977 123 50 tent
249 1977 200 50 d’espérer
402 1977 123 50 leur
464 1977 169 50 réussite.

172 2011 104 61 Le
224 2011 191 61 Premier
363 2011 226 61 Ministre,
537 2011 209 61 Monsieur
694 2011 191 61 Jacques
816 2011 278 61 Chaban

172 2056 154 51 Maire
274 2056 103 51 de
326 2056 222 51 Bordeaux,
497 2056 205 51 honorera
651 2056 103 51 de
702 2056 103 51 sa
753 2056 205 51 présence
907 2056 154 51 cette
992 2056 103 51 heu-

177 2099 131 55 reuse
250 2099 189 55 initiative.

595 2142 191 43 Gilberte
723 2142 223 43 Martin

442 2169 283 52 Conservateur
672 2169 124 52 des
743 2169 177 52 Musées
867 2169 106 52 de
902 2169 195 52 Bordeaux.

1005 2241 95 55 183
