1062 2361
-7 79 279 65 FRANCE

137 213 176 61 Milvia
273 213 230 61 MAGLIONE
462 213 95 61 née
516 213 81 61 en
556 213 108 61 1934
624 213 68 61 à
651 213 108 61 Bari
718 213 176 61 (Italie).
840 213 135 61 Peintre.

131 269 217 64 Wiennie
302 269 217 64 WOWOR
473 269 93 64 né
519 269 93 64 en
566 269 124 64 1936
643 269 78 64 à
674 269 93 64 La
721 269 124 64 Haye
783 269 186 64 (Pays

113 301 239 51 Sonorisation.

81 390 139 68 34
173 390 201 68 SPECTACLE
328 390 371 68 LUMINO-CINETIQUE
652 390 247 68 (réalisation
852 390 77 68 à
868 390 108 68 gran

111 430 128 45 deur).

131 480 141 64 Cette
225 480 203 64 recherche
381 480 78 64 a
413 480 125 64 pour
491 480 141 64 objet
584 480 94 64 de
631 480 203 64 provoquer
788 480 94 64 le
819 480 156 64 visiteur

130 526 111 42 par
194 526 96 42 un
242 526 207 42 spectacle
401 526 223 42 inhabituel
576 526 127 42 mais
656 526 127 42 dont
735 526 96 42 il
783 526 80 42 a
815 526 111 42 une
863 526 111 42 expé-

129 563 166 54 rience
245 563 232 54 intuitive,
428 563 83 54 à
461 563 116 54 des
527 563 182 54 niveaux
659 563 99 54 de
709 563 232 54 conscience
875 563 99 54 dif

113 587 154 43 férents.

130 629 90 58 La
175 629 165 58 lumière
295 629 165 58 solaire
416 629 90 58 du
461 629 150 58 levant
566 629 90 58 au
611 629 195 58 couchant,
761 629 90 58 la
792 629 180 58 coloration

123 667 189 50 végétale
265 667 94 50 du
312 667 205 50 printemps
469 667 79 50 à
501 667 173 50 l’hiver
627 667 126 50 sont
705 667 157 50 autant
816 667 94 50 de
847 667 126 50 lentes

123 701 233 44 variations
306 701 266 44 chromatiques
523 701 116 44 que
589 701 133 44 nous
672 701 216 44 subissons
822 701 150 44 incons-

124 740 204 45 ciemment
277 740 102 45 et
328 740 119 45 qui
395 740 204 45 viennent
548 740 187 45 moduler
684 740 153 45 notre
768 740 204 45 perception

127 772 178 55 visuelle
261 772 89 55 de
305 772 89 55 la
350 772 104 55 vie
409 772 178 55 moderne,
543 772 104 55 et,
602 772 119 55 avec
676 772 134 55 elle,
750 772 223 55 impressionner

126 799 138 46 notre
202 799 108 46 être.

123 836 136 52 Sans
208 836 204 52 chercher
361 836 85 52 à
395 836 221 52 discerner
564 836 119 52 les
632 836 187 52 charges
751 836 221 52 symboliques

125 877 200 42 profondes
278 877 108 42 des
340 877 200 42 ambiances
494 877 200 42 colorées,
648 877 139 42 c’est
740 877 123 42 leur
802 877 169 42 influence

122 918 243 35 successive
312 918 104 35 ou
364 918 243 35 simultanée
555 918 121 35 qui
624 918 173 35 frappe
746 918 225 35 davantage
902 918 69 35 la

124 951 234 35 sensibilité.
314 951 132 35 Ainsi
402 951 190 35 peut-elle
548 951 146 35 relier
650 951 102 35 les
709 951 146 35 lentes
797 951 175 35 variations

123 978 227 48 biologiques
304 978 91 48 et
350 978 227 48 naturelles,
531 978 106 48 aux
592 978 136 48 chocs
683 978 166 48 visuels
788 978 182 48 quotidiens

122 1011 96 46 de
170 1011 144 46 notre
266 1011 272 46 environnement
490 1011 240 46 artificiel.
683 1011 128 46 Nous
763 1011 208 46 proposons
907 1011 64 46 un

121 1046 213 37 graphisme
285 1046 164 37 formel
399 1046 197 37 évolutif
547 1046 115 37 sur
612 1046 164 37 lequel
727 1046 197 37 viennent
858 1046 115 37 s’im-

123 1081 160 37 primer
235 1081 96 37 de
283 1081 128 37 très
363 1081 160 37 lentes
475 1081 96 37 et
523 1081 128 37 très
604 1081 192 37 subtiles
748 1081 224 37 variations
908 1081 64 37 de

117 1114 192 38 teinte,
256 1114 140 38 avec
343 1114 122 38 des
413 1114 296 38 renversements
657 1114 105 38 et
709 1114 122 38 des
762 1114 209 38 inversions

120 1150 257 32 chromatiques
329 1150 209 32 soudaines
489 1150 145 32 grâce
586 1150 80 32 à
618 1150 96 32 un
666 1150 177 32 procédé
794 1150 96 32 de
826 1150 145 32 polari-

119 1175 191 42 sation.
258 1175 122 42 Des
327 1175 226 42 séquences
501 1175 243 42 rythmiques
692 1175 226 42 succèdent
866 1175 87 42 à
883 1175 87 42 des

119 1212 161 41 phases
231 1212 241 41 aléatoires.
424 1212 112 41 Ici
488 1212 96 41 le
536 1212 209 41 spectacle
697 1212 161 41 coloré
809 1212 96 41 de
858 1212 96 41 la
890 1212 80 41 vie

119 1246 98 42 se
168 1246 164 42 trouve
282 1246 213 42 concentré
446 1246 131 42 dans
527 1246 98 42 le
577 1246 147 42 temps
675 1246 98 42 et
724 1246 131 42 dans
789 1246 180 42 l’espace;

118 1281 150 44 c’est
219 1281 100 44 là
269 1281 117 44 que
336 1281 234 44 l’agréable
520 1281 301 44 divertissement
770 1281 184 44 rejoint
887 1281 84 44 par

117 1315 160 50 moment
213 1315 304 50 l’hallucinatoire.

99 1368 250 47 Responsable:

120 1420 205 50 Michel
278 1420 236 50 FOURES
467 1420 95 50 né
514 1420 95 50 en
562 1420 126 50 1944
640 1420 79 50 à
672 1420 142 50 Vichy
751 1420 173 50 (France).

116 1456 217 49 Animation
283 1456 100 49 et
333 1456 200 49 synthèse
484 1456 117 49 des
534 1456 167 49 travaux.

116 1507 205 52 Jacques
278 1507 176 52 BON
410 1507 88 52 né
454 1507 88 52 en
498 1507 117 52 1939
571 1507 73 52 à
601 1507 191 52 Cherbourg
733 1507 161 52 (France).

115 1548 240 49 Recherches
286 1548 309 49 d’environnement.

114 1604 183 53 Roger
251 1604 229 53 BOULAY
434 1604 91 53 né
480 1604 91 53 en
525 1604 122 53 1943
602 1604 76 53 à
632 1604 137 53 Paris
708 1604 168 53 (France).

112 1639 234 52 Recherches
296 1639 200 52 d’effets
429 1639 184 52 spéciaux.

117 1695 195 42 Pierre
267 1695 270 42 GINOCCHIO
492 1695 90 42 né
537 1695 90 42 en
582 1695 120 42 1940
657 1695 75 42 à
687 1695 180 42 Toulouse
807 1695 165 42 (France).

111 1728 177 53 Etudes
235 1728 106 53 de
271 1728 283 53 programmation.

112 1784 302 46 Marie-Noelle
367 1784 429 46 HUSSENOT-DESENONGE
748 1784 111 46 née
812 1784 95 46 en
860 1784 127 46 1946
923 1784 48 46 à

112 1824 143 51 Lille
207 1824 206 51 (France).
366 1824 158 51 Etudes
477 1824 190 51 matières
619 1824 95 51 et
651 1824 174 51 couleurs.

109 1879 267 41 Jean-Pierre
332 1879 267 41 LEVASSEUR
554 1879 89 41 né
598 1879 89 41 en
643 1879 119 41 1938
717 1879 74 41 à
732 1879 237 41 Passy

107 1916 219 40 (France).
276 1916 236 40 Recherches
462 1916 101 40 et
512 1916 270 40 applications
715 1916 253 40 pédagogiques.

111 1970 151 50 Guy
216 1970 286 50 SCHNEEGANS
458 1970 90 50 né
503 1970 90 50 en
548 1970 121 50 1937
623 1970 75 50 à
654 1970 211 50 Strasbourg
804 1970 166 50 (France).

108 2009 239 46 Recherches
279 2009 307 46 d’environnement.

107 2058 196 51 Nicole
258 2058 287 51 SCHNEEGANS
500 2058 106 51 née
560 2058 91 51 en
605 2058 121 51 1941
681 2058 76 51 à
711 2058 151 51 Randan
802 2058 166 51 (France).

107 2101 182 42 Etudes,
240 2101 165 42 formes
355 2101 99 42 et
388 2101 182 42 couleurs.

108 2153 178 40 Serge
242 2153 238 40 VINCENT
435 2153 89 40 né
480 2153 89 40 en
524 2153 119 40 1934
599 2153 74 40 à
628 2153 134 40 Paris
717 2153 193 40 (France).
851 2153 119 40 Etudes

105 2195 95 44 et
153 2195 253 44 réalisations
342 2195 206 44 techniques.

35 2274 93 51 150
