1062 2361
72 229 152 55 avec
167 229 323 55 l’utilisation
433 229 114 55 de
490 229 247 55 nouvelles
680 229 266 55 techniques
870 229 95 55 par

73 265 182 55 Stefan
200 265 182 55 Hudak,
327 265 109 55 le
382 265 182 55 projet
509 265 146 55 d’un
600 265 164 55 objet
709 265 236 55 cinétique
873 265 91 55 par

75 306 101 60 le
126 306 218 60 collectif
293 306 101 60 de
344 306 218 60 Stanislav
511 306 151 60 Zippe
612 306 101 60 et
662 306 151 60 enfin
763 306 101 60 la
796 306 168 60 maquette

70 345 156 69 d’un
167 345 175 69 grand
283 345 136 69 jeu
361 345 117 69 de
420 345 214 69 poupées
575 345 136 69 par
653 345 117 69 le
711 345 253 69 collectif
886 345 78 69 de

71 388 161 51 Mira
151 388 282 51 Haberernova.

131 432 111 63 Le
187 432 167 63 jeune
298 432 185 63 cinéma
428 432 333 63 tchécoslovaque
706 432 130 63 est
761 432 204 63 suffisam-

71 478 152 54 ment
166 478 171 54 connu
280 478 133 54 par
356 478 114 54 la
413 478 247 54 nouveauté
604 478 114 54 de
661 478 114 54 sa
718 478 190 54 vision
851 478 114 54 et
889 478 76 54 de

69 525 119 51 sa
129 525 219 51 poésie.
288 525 139 51 Les
367 525 378 51 courts-métrages
686 525 259 51 présentés
865 525 99 51 ici

69 564 277 53 expriment
282 564 128 53 la
346 564 277 53 «nouvelle
559 564 192 53 onde»
687 564 128 53 du
751 564 213 53 cinéma
879 564 85 53 de

71 601 172 50 notre
166 601 134 50 pays.

128 641 120 65 La
188 641 199 65 partie
327 641 239 65 musicale
507 641 139 65 est
586 641 339 65 exclusivement
845 641 120 65 axée

69 688 136 54 sur
146 688 117 54 la
205 688 273 54 recherche.
419 688 156 54 Elle
517 688 234 54 comprend
692 688 117 54 un
751 688 214 54 exemple
887 688 78 54 de

71 728 239 52 l’emploi
250 728 119 52 de
310 728 119 52 la
370 728 259 52 technique
569 728 319 52 électronique
808 728 159 52 (Peter

71 770 233 51 Kolman),
246 770 136 51 une
323 770 311 51 exploitation
576 770 136 51 des
654 770 311 51 possibilités
887 770 78 51 du

69 810 126 59 ton
141 810 179 59 absolu
266 810 144 59 d’un
356 810 144 59 seul
446 810 251 59 instrument
643 810 161 59 (Ivan
751 810 197 59 Parik),
876 810 90 59 une

67 850 281 51 composition
292 850 244 51 aléatoire
480 850 169 51 basée
593 850 131 51 sur
668 850 225 51 l’action
818 850 150 51 vocale

71 897 238 57 (Ladislav
254 897 256 57 Kupkovic),
455 897 128 57 une
528 897 238 57 tentative
711 897 110 57 de
766 897 201 57 remplir
894 897 73 57 le

70 941 215 44 principe
231 941 108 44 de
285 941 108 44 la
339 941 251 44 répétition
536 941 125 44 par
608 941 108 44 un
661 941 197 44 nouveau
787 941 179 44 matériel

71 984 197 47 musical
215 984 179 47 (Lubos
340 984 215 47 Fischer)
502 984 108 47 et
555 984 161 47 enfin
663 984 108 47 un
717 984 161 47 essai
807 984 161 47 élaboré

67 1020 153 48 avec
163 1020 134 48 les
239 1020 230 48 procédés
412 1020 115 48 de
469 1020 115 48 la
527 1020 249 48 technique
699 1020 268 48 postsérielle

70 1059 207 49 (Zdenek
202 1059 245 49 Pololanik).

702 1097 176 71 Marian
808 1097 159 71 Vaross.

119 1403 195 49 Zdenek
269 1403 210 49 BERAN
433 1403 90 49 né
478 1403 90 49 en
523 1403 120 49 1937
598 1403 75 49 à
628 1403 135 49 Dolni
718 1403 165 49 Dobrouc
822 1403 150 49 (Tchéco

88 1478 166 42 1
212 1478 152 42 L’essai
323 1478 83 42 de
364 1478 83 42 la
406 1478 193 42 stabilité,
558 1478 180 42 1968-1969
696 1478 152 42 (mixte,
806 1478 97 42 230
862 1478 69 42 x
875 1478 97 42 174).

88 1518 166 43 2
213 1518 83 43 La
254 1518 111 43 tête
323 1518 97 43 qui
379 1518 111 43 veut
448 1518 166 43 regarder
572 1518 180 43 au-dessus
710 1518 83 43 de
752 1518 83 43 la
793 1518 138 43 corde,
876 1518 97 43 1968-

118 1546 122 42 1969
194 1546 168 42 (mixte,
316 1546 107 42 135
377 1546 76 42 x
392 1546 107 42 115).

85 1578 172 52 3
214 1578 86 52 La
257 1578 115 52 tête
328 1578 143 52 pleine
429 1578 272 52 d’informations,
658 1578 186 52 1968-1969
801 1578 158 52 (mixte,
901 1578 72 52 140

114 1734 175 47 Jozef
246 1734 248 47 JANKOVIC
450 1734 87 47 né
493 1734 87 47 en
537 1734 117 47 1937
610 1734 73 47 à
639 1734 204 47 Bratislava
785 1734 189 47 (Tchécoslo

85 1810 160 51 4
205 1810 80 51 La
245 1810 133 51 chute,
338 1810 107 51 1968
405 1810 147 51 (mixte,
511 1810 93 51 420
564 1810 67 51 x
591 1810 93 51 400
644 1810 67 51 x
658 1810 93 51 300).

84 1843 170 53 5
211 1843 127 53 L’arc
296 1843 85 53 de
338 1843 184 53 triomphe,
479 1843 184 53 1968-1969
621 1843 155 53 (mixte,
734 1843 99 53 230
790 1843 71 53 x
819 1843 99 53 100
875 1843 71 53 x
889 1843 85 53 50).

83 1883 167 42 6
208 1883 83 42 La
250 1883 125 42 place
333 1883 83 42 en
375 1883 125 42 haut,
459 1883 111 42 1969
528 1883 153 42 (mixte,
639 1883 97 42 420
695 1883 70 42 x
723 1883 83 42 60
765 1883 70 42 x
779 1883 83 42 15).

114 2027 224 57 Oldrich
290 2027 272 57 KULHANEK
514 2027 96 57 né
562 2027 96 57 en
610 2027 128 57 1940
690 2027 80 57 à
722 2027 160 57 Prague
818 2027 160 57 (Tchéco

81 2098 168 70 7
207 2098 154 70 Comblez
319 2098 126 70 alors
403 2098 84 70 la
445 2098 140 70 mesure
543 2098 84 70 de
585 2098 98 70 vos
641 2098 140 70 pères,
739 2098 112 70 1969
795 2098 182 70 (eau

111 2144 92 42 30
157 2144 77 42 x
172 2144 92 42 49).

83 2165 155 60 8
200 2165 104 60 Make
264 2165 91 60 up,
316 2165 104 60 1968
381 2165 194 60 (eau-forte,
536 2165 78 60 40
575 2165 65 60 x
588 2165 78 60 32).

82 2210 152 58 9
196 2210 101 58 Dos,
259 2210 101 58 1969
322 2210 189 58 (eau-forte,
474 2210 76 58 40
512 2210 63 58 x
524 2210 76 58 20).
