1066 2361
732 59 276 65 CANADA

21 184 394 72 Mushrooms
359 184 113 72 un
415 184 206 72 montage
565 184 244 72 dynamique
753 184 131 72 des
809 184 131 72 lieux

21 244 123 52 et
82 244 143 52 des
164 244 204 52 choses
307 244 123 52 de
368 244 123 52 la
429 244 184 52 ville
552 244 123 52 de
613 244 286 52 Vancouver.
817 244 123 52 Greg

24 275 198 62 Curnoe,
168 275 144 62 avec
258 275 251 62 Sowesto
455 275 305 62 1947-1968
707 275 216 62 présente
850 275 90 62 son

26 317 156 63 album
129 317 104 63 de
181 317 207 63 famille.
337 317 190 63 Charles
475 317 190 63 Gagnon,
614 317 138 63 avec
700 317 104 63 le
735 317 207 63 Son

29 377 176 41 d’un
157 377 241 41 espace
350 377 128 41 fait
430 377 112 41 une
494 377 225 41 méditation
670 377 112 41 sur
735 377 96 41 sa
767 377 176 41 peinture.

27 417 131 47 Kee
102 417 225 47 Dewdney,
271 417 150 47 avec
365 417 188 47 The
496 417 206 47 Maltese
646 417 169 47 Cross
740 417 206 47 Move

31 442 281 63 ment
260 442 193 63 établit
401 442 123 63 des
471 442 141 63 jeux
559 442 158 63 entre
665 442 123 63 des
735 442 141 63 mots
823 442 106 63 et
858 442 88 63 des

31 493 197 53 images,
175 493 108 53 et
228 493 179 53 The
354 493 215 53 American
515 493 144 53 Book
605 493 108 53 of
659 493 126 53 the
731 493 215 53 Dead
874 493 72 53 de

28 524 146 65 Les
112 524 209 65 Levine
258 524 167 65 peut
363 524 167 65 être
467 524 230 65 compris
634 524 188 65 comme
739 524 209 65 l’appré-

31 575 210 64 hension
183 575 153 64 d’un
279 575 153 64 type
374 575 305 64 d’aliénation
622 575 191 64 propre
755 575 114 64 au
793 575 153 64 milieu

15 627 163 46 urbain.

87 665 117 60 La
146 665 255 60 diversité
342 665 117 60 de
401 665 117 60 la
459 665 333 60 participation
714 665 235 60 canadienne

31 708 107 61 à
73 708 128 61 la
137 708 256 61 Biennale
330 708 128 61 de
394 708 192 61 Paris
522 708 171 61 veut
629 708 278 61 témoigner
821 708 128 61 d’un

34 766 190 48 aspect
167 766 114 48 de
224 766 114 48 la
282 766 229 48 vitalité
453 766 114 48 de
510 766 171 48 l’art
624 766 114 48 au
663 766 171 48 Canada.

627 822 193 59 Pierre
743 822 212 59 Théberge.

346 1287 292 64 SCULPTURE

103 1380 143 60 Les
203 1380 214 60 LEVINE
374 1380 86 60 né
417 1380 86 60 en
459 1380 114 60 1935
531 1380 71 60 à
559 1380 143 60 Dublin
645 1380 171 60 (Irlande).

72 1432 159 54 1
191 1432 106 54 Choc
257 1432 199 54 électrique,
416 1432 106 54 1968
482 1432 119 54 (fils
562 1432 212 54 électriques,
720 1432 93 54 183).

70 1464 174 63 2
201 1464 116 63 Body
274 1464 145 63 color,
375 1464 116 63 1969
448 1464 102 63 (10
506 1464 174 63 modules,
636 1464 203 63 plexiglas,
796 1464 102 63 183
854 1464 73 63 x
883 1464 102 63 122
926 1464 44 63 x

102 1516 147 48 183).
200 1516 196 48 Fishbach
346 1516 196 48 Gallery,
493 1516 114 48 New
542 1516 114 48 Vork.

415 1645 176 56 FILMS

109 1731 174 62 Greg
236 1731 237 62 CURNOE
425 1731 95 62 né
473 1731 95 62 en
520 1731 126 62 1936
599 1731 79 62 à
630 1731 158 62 London
725 1731 174 62 (Canada).

80 1778 158 57 3
198 1778 145 57 Sowesto
304 1778 185 57 1947-1968,
449 1778 105 57 1969
502 1778 158 57 (couleur).

112 1832 238 53 Keewatin
303 1832 254 53 DEWDNEY
509 1832 95 53 né
557 1832 95 53 en
605 1832 127 53 1941
684 1832 79 53 à
716 1832 159 53 London
811 1832 175 53 (Canada).

83 1864 184 63 4
221 1864 107 63 The
282 1864 169 63 Maltese
405 1864 138 63 Cross
497 1864 199 63 Movement,
650 1864 123 63 1968
727 1864 138 63 (noir
819 1864 92 63 et
850 1864 138 63 blanc).

112 1922 223 60 Charles
287 1922 239 60 GAGNON
478 1922 96 60 né
526 1922 96 60 en
574 1922 127 60 1934
654 1922 80 60 à
685 1922 191 60 Montréal
813 1922 175 60 (Canada).

85 1959 170 57 5
212 1959 85 57 Le
255 1959 99 57 son
311 1959 113 57 d’un
382 1959 156 57 espace,
496 1959 184 57 1967-1969
637 1959 127 57 (noir
722 1959 85 57 et
751 1959 127 57 blanc).

116 2012 161 51 Gary
234 2012 249 51 LEE-NOVA
439 2012 88 51 né
483 2012 88 51 en
527 2012 117 51 1943
586 2012 161 51 (Canada).

120 2053 187 54 Dallas
264 2053 216 54 SELMAN
437 2053 86 54 né
480 2053 86 54 en
523 2053 115 54 1941
581 2053 158 54 (Canada).

88 2091 164 56 6
211 2091 123 56 Steel
293 2091 191 56 Mushrooms,
443 2091 109 56 1968
498 2091 164 56 (couleur).

120 2135 143 55 Les
220 2135 215 55 LEVINE
392 2135 86 55 né
434 2135 86 55 en
477 2135 114 55 1935
549 2135 72 55 à
577 2135 143 55 Dublin
663 2135 172 55 (Irlande).

90 2183 176 52 7
223 2183 103 52 The
281 2183 176 52 American
414 2183 118 52 Book
487 2183 88 52 of
531 2183 103 52 the
590 2183 132 52 Dead,
678 2183 118 52 1967
737 2183 176 52 (couleur).

917 2247 82 60 37
