<alto xmlns:xsi="http://www.w3.org/2001/XMLSchema-instance" xmlns="http://www.loc.gov/standards/alto/ns-v2#" xmlns:page="http://schema.primaresearch.org/PAGE/gts/pagecontent/2013-07-15" xsi:schemaLocation="http://www.loc.gov/standards/alto/ns-v2# http://www.loc.gov/standards/alto/alto.xsd">
  <Description>
    <MeasurementUnit>pixel</MeasurementUnit>
    <sourceImageInformation>
         <fileName>Cat_Paris_1969-0108.jpg</fileName>
      </sourceImageInformation>
    <OCRProcessing ID="IdOcr">
      <ocrProcessingStep>
        <processingDateTime>2020-10-31T11:49:21.967+01:00</processingDateTime>
        <processingSoftware>
               <softwareCreator>CONTRIBUTORS</softwareCreator>
               <softwareName>pdfalto</softwareName>
               <softwareVersion>0.1</softwareVersion>
            </processingSoftware>
      </ocrProcessingStep>
    </OCRProcessing>
  </Description>
  <Styles>
     <TextStyle ID="FONT0" FONTSTYLE=""/>
     <TextStyle ID="FONT1" FONTSTYLE="bold"/>
     <TextStyle ID="FONT2" FONTSTYLE="italics"/>
</Styles>
  <Tags/>
  <Layout>
    <Page ID="Page1" PHYSICAL_IMG_NR="1" HEIGHT="2361" WIDTH="1101">
      <PrintSpace HEIGHT="2241" WIDTH="957" VPOS="81" HPOS="144">
        <TextBlock ID="r_1_1" HEIGHT="46" WIDTH="316" VPOS="86" HPOS="783">
          <TextLine ID="tl_1" BASELINE="141" HEIGHT="74" WIDTH="326" VPOS="67" HPOS="777">
            <String HEIGHT="74" WIDTH="369" VPOS="67" HPOS="734" CONTENT="PORTUGAL" ID="tl_1_1" STYLEREFS="FONT1"/>
          </TextLine>
        </TextBlock>
        <TextBlock ID="r_2_1" HEIGHT="56" WIDTH="795" VPOS="470" HPOS="236">
          <TextLine ID="tl_2" BASELINE="533" HEIGHT="80" WIDTH="805" VPOS="453" HPOS="231">
            <String HEIGHT="80" WIDTH="237" VPOS="453" HPOS="215" CONTENT="Commissaire" ID="tl_2_1" STYLEREFS="FONT0"/>
            <SP HEIGHT="80" WIDTH="16" VPOS="453" HPOS="452"/>
            <String HEIGHT="80" WIDTH="174" VPOS="453" HPOS="405" CONTENT="général" ID="tl_2_2" STYLEREFS="FONT0"/>
            <SP HEIGHT="80" WIDTH="16" VPOS="453" HPOS="578"/>
            <String HEIGHT="80" WIDTH="79" VPOS="453" HPOS="531" CONTENT=":" ID="tl_2_3" STYLEREFS="FONT0"/>
            <SP HEIGHT="80" WIDTH="16" VPOS="453" HPOS="610"/>
            <String HEIGHT="80" WIDTH="142" VPOS="453" HPOS="562" CONTENT="Dr" ID="tl_2_4" STYLEREFS="FONT1"/>
            <SP HEIGHT="80" WIDTH="16" VPOS="453" HPOS="705"/>
            <String HEIGHT="80" WIDTH="205" VPOS="453" HPOS="657" CONTENT="Francisco" ID="tl_2_5" STYLEREFS="FONT1"/>
            <SP HEIGHT="80" WIDTH="16" VPOS="453" HPOS="862"/>
            <String HEIGHT="80" WIDTH="237" VPOS="453" HPOS="799" CONTENT="d’Avillez" ID="tl_2_6" STYLEREFS="FONT1"/>
          </TextLine>
        </TextBlock>
        <TextBlock ID="r_2_2" HEIGHT="117" WIDTH="798" VPOS="519" HPOS="236">
          <TextLine ID="tl_3" BASELINE="574" HEIGHT="62" WIDTH="806" VPOS="512" HPOS="232">
            <String HEIGHT="62" WIDTH="134" VPOS="512" HPOS="215" CONTENT="Chef" ID="tl_3_1" STYLEREFS="FONT0"/>
            <SP HEIGHT="62" WIDTH="17" VPOS="512" HPOS="350"/>
            <String HEIGHT="62" WIDTH="101" VPOS="512" HPOS="299" CONTENT="de" ID="tl_3_2" STYLEREFS="FONT0"/>
            <SP HEIGHT="62" WIDTH="17" VPOS="512" HPOS="400"/>
            <String HEIGHT="62" WIDTH="101" VPOS="512" HPOS="350" CONTENT="la" ID="tl_3_3" STYLEREFS="FONT0"/>
            <SP HEIGHT="62" WIDTH="17" VPOS="512" HPOS="450"/>
            <String HEIGHT="62" WIDTH="185" VPOS="512" HPOS="400" CONTENT="Section" ID="tl_3_4" STYLEREFS="FONT0"/>
            <SP HEIGHT="62" WIDTH="17" VPOS="512" HPOS="585"/>
            <String HEIGHT="62" WIDTH="118" VPOS="512" HPOS="534" CONTENT="des" ID="tl_3_5" STYLEREFS="FONT0"/>
            <SP HEIGHT="62" WIDTH="17" VPOS="512" HPOS="652"/>
            <String HEIGHT="62" WIDTH="134" VPOS="512" HPOS="601" CONTENT="Arts" ID="tl_3_6" STYLEREFS="FONT0"/>
            <SP HEIGHT="62" WIDTH="17" VPOS="512" HPOS="736"/>
            <String HEIGHT="62" WIDTH="235" VPOS="512" HPOS="685" CONTENT="plastiques" ID="tl_3_7" STYLEREFS="FONT0"/>
            <SP HEIGHT="62" WIDTH="17" VPOS="512" HPOS="920"/>
            <String HEIGHT="62" WIDTH="101" VPOS="512" HPOS="870" CONTENT="au" ID="tl_3_8" STYLEREFS="FONT0"/>
            <SP HEIGHT="62" WIDTH="17" VPOS="512" HPOS="971"/>
            <String HEIGHT="62" WIDTH="134" VPOS="512" HPOS="904" CONTENT="Secré" SUBS_TYPE="HypPart1" SUBS_CONTENT="Secrétariat" ID="tl_3_9" STYLEREFS="FONT0"/>
            <HYP CONTENT="-"/>
          </TextLine>
          <TextLine ID="tl_4" BASELINE="606" HEIGHT="58" WIDTH="807" VPOS="548" HPOS="232">
            <String HEIGHT="58" WIDTH="158" VPOS="548" HPOS="216" CONTENT="tariat" SUBS_TYPE="HypPart2" SUBS_CONTENT="Secrétariat" ID="tl_4_1" STYLEREFS="FONT0"/>
            <SP HEIGHT="58" WIDTH="16" VPOS="548" HPOS="374"/>
            <String HEIGHT="58" WIDTH="190" VPOS="548" HPOS="327" CONTENT="National" ID="tl_4_2" STYLEREFS="FONT0"/>
            <SP HEIGHT="58" WIDTH="16" VPOS="548" HPOS="517"/>
            <String HEIGHT="58" WIDTH="79" VPOS="548" HPOS="469" CONTENT="à" ID="tl_4_3" STYLEREFS="FONT0"/>
            <SP HEIGHT="58" WIDTH="16" VPOS="548" HPOS="548"/>
            <String HEIGHT="58" WIDTH="285" VPOS="548" HPOS="501" CONTENT="l’Information," ID="tl_4_4" STYLEREFS="FONT0"/>
            <SP HEIGHT="58" WIDTH="16" VPOS="548" HPOS="786"/>
            <String HEIGHT="58" WIDTH="79" VPOS="548" HPOS="738" CONTENT="à" ID="tl_4_5" STYLEREFS="FONT0"/>
            <SP HEIGHT="58" WIDTH="16" VPOS="548" HPOS="817"/>
            <String HEIGHT="58" WIDTH="95" VPOS="548" HPOS="770" CONTENT="la" ID="tl_4_6" STYLEREFS="FONT0"/>
            <SP HEIGHT="58" WIDTH="16" VPOS="548" HPOS="865"/>
            <String HEIGHT="58" WIDTH="174" VPOS="548" HPOS="817" CONTENT="Culture" ID="tl_4_7" STYLEREFS="FONT0"/>
            <SP HEIGHT="58" WIDTH="16" VPOS="548" HPOS="992"/>
            <String HEIGHT="58" WIDTH="111" VPOS="548" HPOS="928" CONTENT="Popu" SUBS_TYPE="HypPart1" SUBS_CONTENT="Populaire" ID="tl_4_8" STYLEREFS="FONT0"/>
            <HYP CONTENT="-"/>
          </TextLine>
          <TextLine ID="tl_5" BASELINE="648" HEIGHT="54" WIDTH="516" VPOS="594" HPOS="236">
            <String HEIGHT="54" WIDTH="145" VPOS="594" HPOS="220" CONTENT="laire" SUBS_TYPE="HypPart2" SUBS_CONTENT="Populaire" ID="tl_5_1" STYLEREFS="FONT0"/>
            <SP HEIGHT="54" WIDTH="16" VPOS="594" HPOS="365"/>
            <String HEIGHT="54" WIDTH="97" VPOS="594" HPOS="317" CONTENT="et" ID="tl_5_2" STYLEREFS="FONT0"/>
            <SP HEIGHT="54" WIDTH="16" VPOS="594" HPOS="413"/>
            <String HEIGHT="54" WIDTH="97" VPOS="594" HPOS="365" CONTENT="au" ID="tl_5_3" STYLEREFS="FONT0"/>
            <SP HEIGHT="54" WIDTH="16" VPOS="594" HPOS="462"/>
            <String HEIGHT="54" WIDTH="194" VPOS="594" HPOS="413" CONTENT="Tourisme" ID="tl_5_4" STYLEREFS="FONT0"/>
            <SP HEIGHT="54" WIDTH="16" VPOS="594" HPOS="607"/>
            <String HEIGHT="54" WIDTH="81" VPOS="594" HPOS="559" CONTENT="à" ID="tl_5_5" STYLEREFS="FONT0"/>
            <SP HEIGHT="54" WIDTH="16" VPOS="594" HPOS="639"/>
            <String HEIGHT="54" WIDTH="177" VPOS="594" HPOS="575" CONTENT="Lisbonne." ID="tl_5_6" STYLEREFS="FONT0"/>
          </TextLine>
        </TextBlock>
        <TextBlock ID="r_2_3" HEIGHT="137" WIDTH="798" VPOS="645" HPOS="238">
          <TextLine ID="tl_6" BASELINE="702" HEIGHT="64" WIDTH="805" VPOS="638" HPOS="232">
            <String HEIGHT="64" WIDTH="281" VPOS="638" HPOS="213" CONTENT="Commissaire" ID="tl_6_1" STYLEREFS="FONT0"/>
            <SP HEIGHT="64" WIDTH="19" VPOS="638" HPOS="494"/>
            <String HEIGHT="64" WIDTH="206" VPOS="638" HPOS="438" CONTENT="général" ID="tl_6_2" STYLEREFS="FONT0"/>
            <SP HEIGHT="64" WIDTH="19" VPOS="638" HPOS="644"/>
            <String HEIGHT="64" WIDTH="225" VPOS="638" HPOS="588" CONTENT="adjoint:" ID="tl_6_3" STYLEREFS="FONT0"/>
            <SP HEIGHT="64" WIDTH="19" VPOS="638" HPOS="812"/>
            <String HEIGHT="64" WIDTH="168" VPOS="638" HPOS="756" CONTENT="Paulo" ID="tl_6_4" STYLEREFS="FONT0"/>
            <SP HEIGHT="64" WIDTH="19" VPOS="638" HPOS="925"/>
            <String HEIGHT="64" WIDTH="187" VPOS="638" HPOS="850" CONTENT="Ferreira" ID="tl_6_5" STYLEREFS="FONT0"/>
          </TextLine>
          <TextLine ID="tl_7" BASELINE="748" HEIGHT="65" WIDTH="805" VPOS="683" HPOS="236">
            <String HEIGHT="65" WIDTH="214" VPOS="683" HPOS="220" CONTENT="Directeur" ID="tl_7_1" STYLEREFS="FONT0"/>
            <SP HEIGHT="65" WIDTH="16" VPOS="683" HPOS="433"/>
            <String HEIGHT="65" WIDTH="99" VPOS="683" HPOS="384" CONTENT="du" ID="tl_7_2" STYLEREFS="FONT0"/>
            <SP HEIGHT="65" WIDTH="16" VPOS="683" HPOS="482"/>
            <String HEIGHT="65" WIDTH="181" VPOS="683" HPOS="433" CONTENT="Service" ID="tl_7_3" STYLEREFS="FONT0"/>
            <SP HEIGHT="65" WIDTH="16" VPOS="683" HPOS="614"/>
            <String HEIGHT="65" WIDTH="230" VPOS="683" HPOS="565" CONTENT="artistique" ID="tl_7_4" STYLEREFS="FONT0"/>
            <SP HEIGHT="65" WIDTH="16" VPOS="683" HPOS="795"/>
            <String HEIGHT="65" WIDTH="82" VPOS="683" HPOS="745" CONTENT="à" ID="tl_7_5" STYLEREFS="FONT0"/>
            <SP HEIGHT="65" WIDTH="16" VPOS="683" HPOS="827"/>
            <String HEIGHT="65" WIDTH="99" VPOS="683" HPOS="778" CONTENT="la" ID="tl_7_6" STYLEREFS="FONT0"/>
            <SP HEIGHT="65" WIDTH="16" VPOS="683" HPOS="877"/>
            <String HEIGHT="65" WIDTH="131" VPOS="683" HPOS="827" CONTENT="Casa" ID="tl_7_7" STYLEREFS="FONT0"/>
            <SP HEIGHT="65" WIDTH="16" VPOS="683" HPOS="959"/>
            <String HEIGHT="65" WIDTH="99" VPOS="683" HPOS="910" CONTENT="du" ID="tl_7_8" STYLEREFS="FONT0"/>
            <SP HEIGHT="65" WIDTH="16" VPOS="683" HPOS="1008"/>
            <String HEIGHT="65" WIDTH="99" VPOS="683" HPOS="942" CONTENT="Por" SUBS_TYPE="HypPart1" SUBS_CONTENT="Portugal" ID="tl_7_9" STYLEREFS="FONT0"/>
            <HYP CONTENT="-"/>
          </TextLine>
          <TextLine ID="tl_8" BASELINE="793" HEIGHT="56" WIDTH="217" VPOS="737" HPOS="234">
            <String HEIGHT="56" WIDTH="140" VPOS="737" HPOS="219" CONTENT="tugal" SUBS_TYPE="HypPart2" SUBS_CONTENT="Portugal" ID="tl_8_1" STYLEREFS="FONT0"/>
            <SP HEIGHT="56" WIDTH="16" VPOS="737" HPOS="358"/>
            <String HEIGHT="56" WIDTH="78" VPOS="737" HPOS="312" CONTENT="à" ID="tl_8_2" STYLEREFS="FONT0"/>
            <SP HEIGHT="56" WIDTH="16" VPOS="737" HPOS="389"/>
            <String HEIGHT="56" WIDTH="124" VPOS="737" HPOS="327" CONTENT="Paris." ID="tl_8_3" STYLEREFS="FONT0"/>
          </TextLine>
        </TextBlock>
        <TextBlock ID="r_3_1" HEIGHT="762" WIDTH="897" VPOS="864" HPOS="152">
          <TextLine ID="tl_9" BASELINE="920" HEIGHT="68" WIDTH="844" VPOS="852" HPOS="198">
            <String HEIGHT="68" WIDTH="181" VPOS="852" HPOS="178" CONTENT="Comme" ID="tl_9_1" STYLEREFS="FONT0"/>
            <SP HEIGHT="68" WIDTH="20" VPOS="852" HPOS="359"/>
            <String HEIGHT="68" WIDTH="161" VPOS="852" HPOS="298" CONTENT="tout" ID="tl_9_2" STYLEREFS="FONT0"/>
            <SP HEIGHT="68" WIDTH="20" VPOS="852" HPOS="459"/>
            <String HEIGHT="68" WIDTH="141" VPOS="852" HPOS="399" CONTENT="art" ID="tl_9_3" STYLEREFS="FONT0"/>
            <SP HEIGHT="68" WIDTH="20" VPOS="852" HPOS="540"/>
            <String HEIGHT="68" WIDTH="301" VPOS="852" HPOS="479" CONTENT="occidental," ID="tl_9_4" STYLEREFS="FONT0"/>
            <SP HEIGHT="68" WIDTH="20" VPOS="852" HPOS="781"/>
            <String HEIGHT="68" WIDTH="181" VPOS="852" HPOS="720" CONTENT="l’art" ID="tl_9_5" STYLEREFS="FONT0"/>
            <SP HEIGHT="68" WIDTH="20" VPOS="852" HPOS="901"/>
            <String HEIGHT="68" WIDTH="221" VPOS="852" HPOS="821" CONTENT="portugais" ID="tl_9_6" STYLEREFS="FONT0"/>
          </TextLine>
          <TextLine ID="tl_10" BASELINE="961" HEIGHT="49" WIDTH="895" VPOS="912" HPOS="146">
            <String HEIGHT="49" WIDTH="311" VPOS="912" HPOS="128" CONTENT="d’aujourd’hui" ID="tl_10_1" STYLEREFS="FONT0"/>
            <SP HEIGHT="49" WIDTH="18" VPOS="912" HPOS="438"/>
            <String HEIGHT="49" WIDTH="128" VPOS="912" HPOS="383" CONTENT="est" ID="tl_10_2" STYLEREFS="FONT0"/>
            <SP HEIGHT="49" WIDTH="18" VPOS="912" HPOS="511"/>
            <String HEIGHT="49" WIDTH="219" VPOS="912" HPOS="457" CONTENT="muitiple" ID="tl_10_3" STYLEREFS="FONT0"/>
            <SP HEIGHT="49" WIDTH="18" VPOS="912" HPOS="676"/>
            <String HEIGHT="49" WIDTH="110" VPOS="912" HPOS="621" CONTENT="et" ID="tl_10_4" STYLEREFS="FONT0"/>
            <SP HEIGHT="49" WIDTH="18" VPOS="912" HPOS="730"/>
            <String HEIGHT="49" WIDTH="347" VPOS="912" HPOS="676" CONTENT="contradictoire." ID="tl_10_5" STYLEREFS="FONT0"/>
            <SP HEIGHT="49" WIDTH="18" VPOS="912" HPOS="1023"/>
            <String HEIGHT="49" WIDTH="91" VPOS="912" HPOS="950" CONTENT="Nos" ID="tl_10_6" STYLEREFS="FONT0"/>
          </TextLine>
          <TextLine ID="tl_11" BASELINE="1003" HEIGHT="60" WIDTH="897" VPOS="943" HPOS="148">
            <String HEIGHT="60" WIDTH="229" VPOS="943" HPOS="129" CONTENT="artistes" ID="tl_11_1" STYLEREFS="FONT0"/>
            <SP HEIGHT="60" WIDTH="19" VPOS="943" HPOS="358"/>
            <String HEIGHT="60" WIDTH="248" VPOS="943" HPOS="301" CONTENT="cherchent" ID="tl_11_2" STYLEREFS="FONT0"/>
            <SP HEIGHT="60" WIDTH="19" VPOS="943" HPOS="549"/>
            <String HEIGHT="60" WIDTH="95" VPOS="943" HPOS="492" CONTENT="à" ID="tl_11_3" STYLEREFS="FONT0"/>
            <SP HEIGHT="60" WIDTH="19" VPOS="943" HPOS="587"/>
            <String HEIGHT="60" WIDTH="153" VPOS="943" HPOS="530" CONTENT="tout" ID="tl_11_4" STYLEREFS="FONT0"/>
            <SP HEIGHT="60" WIDTH="19" VPOS="943" HPOS="682"/>
            <String HEIGHT="60" WIDTH="115" VPOS="943" HPOS="625" CONTENT="le" ID="tl_11_5" STYLEREFS="FONT0"/>
            <SP HEIGHT="60" WIDTH="19" VPOS="943" HPOS="740"/>
            <String HEIGHT="60" WIDTH="172" VPOS="943" HPOS="682" CONTENT="moins" ID="tl_11_6" STYLEREFS="FONT0"/>
            <SP HEIGHT="60" WIDTH="19" VPOS="943" HPOS="854"/>
            <String HEIGHT="60" WIDTH="115" VPOS="943" HPOS="797" CONTENT="le" ID="tl_11_7" STYLEREFS="FONT0"/>
            <SP HEIGHT="60" WIDTH="19" VPOS="943" HPOS="911"/>
            <String HEIGHT="60" WIDTH="153" VPOS="943" HPOS="854" CONTENT="Beau" ID="tl_11_8" STYLEREFS="FONT0"/>
            <SP HEIGHT="60" WIDTH="19" VPOS="943" HPOS="1007"/>
            <String HEIGHT="60" WIDTH="115" VPOS="943" HPOS="930" CONTENT="pour" ID="tl_11_9" STYLEREFS="FONT0"/>
          </TextLine>
          <TextLine ID="tl_12" BASELINE="1043" HEIGHT="55" WIDTH="894" VPOS="988" HPOS="147">
            <String HEIGHT="55" WIDTH="261" VPOS="988" HPOS="128" CONTENT="affranchir" ID="tl_12_1" STYLEREFS="FONT0"/>
            <SP HEIGHT="55" WIDTH="19" VPOS="988" HPOS="389"/>
            <String HEIGHT="55" WIDTH="149" VPOS="988" HPOS="333" CONTENT="leur" ID="tl_12_2" STYLEREFS="FONT0"/>
            <SP HEIGHT="55" WIDTH="19" VPOS="988" HPOS="482"/>
            <String HEIGHT="55" WIDTH="186" VPOS="988" HPOS="426" CONTENT="œuvre," ID="tl_12_3" STYLEREFS="FONT0"/>
            <SP HEIGHT="55" WIDTH="19" VPOS="988" HPOS="613"/>
            <String HEIGHT="55" WIDTH="112" VPOS="988" HPOS="557" CONTENT="si" ID="tl_12_4" STYLEREFS="FONT0"/>
            <SP HEIGHT="55" WIDTH="19" VPOS="988" HPOS="669"/>
            <String HEIGHT="55" WIDTH="112" VPOS="988" HPOS="613" CONTENT="ce" ID="tl_12_5" STYLEREFS="FONT0"/>
            <SP HEIGHT="55" WIDTH="19" VPOS="988" HPOS="724"/>
            <String HEIGHT="55" WIDTH="168" VPOS="988" HPOS="669" CONTENT="n’est" ID="tl_12_6" STYLEREFS="FONT0"/>
            <SP HEIGHT="55" WIDTH="19" VPOS="988" HPOS="836"/>
            <String HEIGHT="55" WIDTH="130" VPOS="988" HPOS="780" CONTENT="que" ID="tl_12_7" STYLEREFS="FONT0"/>
            <SP HEIGHT="55" WIDTH="19" VPOS="988" HPOS="911"/>
            <String HEIGHT="55" WIDTH="149" VPOS="988" HPOS="855" CONTENT="pour" ID="tl_12_8" STYLEREFS="FONT0"/>
            <SP HEIGHT="55" WIDTH="19" VPOS="988" HPOS="1004"/>
            <String HEIGHT="55" WIDTH="112" VPOS="988" HPOS="929" CONTENT="eux," ID="tl_12_9" STYLEREFS="FONT0"/>
          </TextLine>
          <TextLine ID="tl_13" BASELINE="1093" HEIGHT="52" WIDTH="895" VPOS="1041" HPOS="150">
            <String HEIGHT="52" WIDTH="119" VPOS="1041" HPOS="130" CONTENT="le" ID="tl_13_1" STYLEREFS="FONT0"/>
            <SP HEIGHT="52" WIDTH="20" VPOS="1041" HPOS="249"/>
            <String HEIGHT="52" WIDTH="159" VPOS="1041" HPOS="190" CONTENT="Beau" ID="tl_13_2" STYLEREFS="FONT0"/>
            <SP HEIGHT="52" WIDTH="20" VPOS="1041" HPOS="349"/>
            <String HEIGHT="52" WIDTH="99" VPOS="1041" HPOS="289" CONTENT="—" ID="tl_13_3" STYLEREFS="FONT0"/>
            <SP HEIGHT="52" WIDTH="20" VPOS="1041" HPOS="389"/>
            <String HEIGHT="52" WIDTH="219" VPOS="1041" HPOS="329" CONTENT="d’après" ID="tl_13_4" STYLEREFS="FONT0"/>
            <SP HEIGHT="52" WIDTH="20" VPOS="1041" HPOS="548"/>
            <String HEIGHT="52" WIDTH="139" VPOS="1041" HPOS="488" CONTENT="les" ID="tl_13_5" STYLEREFS="FONT0"/>
            <SP HEIGHT="52" WIDTH="20" VPOS="1041" HPOS="627"/>
            <String HEIGHT="52" WIDTH="179" VPOS="1041" HPOS="568" CONTENT="Grecs" ID="tl_13_6" STYLEREFS="FONT0"/>
            <SP HEIGHT="52" WIDTH="20" VPOS="1041" HPOS="747"/>
            <String HEIGHT="52" WIDTH="119" VPOS="1041" HPOS="687" CONTENT="ou" ID="tl_13_7" STYLEREFS="FONT0"/>
            <SP HEIGHT="52" WIDTH="20" VPOS="1041" HPOS="806"/>
            <String HEIGHT="52" WIDTH="219" VPOS="1041" HPOS="747" CONTENT="d’après" ID="tl_13_8" STYLEREFS="FONT0"/>
            <SP HEIGHT="52" WIDTH="20" VPOS="1041" HPOS="965"/>
            <String HEIGHT="52" WIDTH="159" VPOS="1041" HPOS="906" CONTENT="Kant" ID="tl_13_9" STYLEREFS="FONT0"/>
            <SP HEIGHT="52" WIDTH="20" VPOS="1041" HPOS="1065"/>
            <String HEIGHT="52" WIDTH="60" VPOS="1041" HPOS="985" CONTENT="—" ID="tl_13_10" STYLEREFS="FONT0"/>
          </TextLine>
          <TextLine ID="tl_14" BASELINE="1126" HEIGHT="60" WIDTH="895" VPOS="1066" HPOS="149">
            <String HEIGHT="60" WIDTH="250" VPOS="1066" HPOS="128" CONTENT="n’existe" ID="tl_14_1" STYLEREFS="FONT0"/>
            <SP HEIGHT="60" WIDTH="21" VPOS="1066" HPOS="378"/>
            <String HEIGHT="60" WIDTH="167" VPOS="1066" HPOS="316" CONTENT="plus" ID="tl_14_2" STYLEREFS="FONT0"/>
            <SP HEIGHT="60" WIDTH="21" VPOS="1066" HPOS="482"/>
            <String HEIGHT="60" WIDTH="208" VPOS="1066" HPOS="420" CONTENT="depuis" ID="tl_14_3" STYLEREFS="FONT0"/>
            <SP HEIGHT="60" WIDTH="21" VPOS="1066" HPOS="628"/>
            <String HEIGHT="60" WIDTH="146" VPOS="1066" HPOS="565" CONTENT="que" ID="tl_14_4" STYLEREFS="FONT0"/>
            <SP HEIGHT="60" WIDTH="21" VPOS="1066" HPOS="711"/>
            <String HEIGHT="60" WIDTH="146" VPOS="1066" HPOS="649" CONTENT="les" ID="tl_14_5" STYLEREFS="FONT0"/>
            <SP HEIGHT="60" WIDTH="21" VPOS="1066" HPOS="794"/>
            <String HEIGHT="60" WIDTH="312" VPOS="1066" HPOS="732" CONTENT="défaitistes" ID="tl_14_6" STYLEREFS="FONT0"/>
            <SP HEIGHT="60" WIDTH="21" VPOS="1066" HPOS="1044"/>
            <String HEIGHT="60" WIDTH="83" VPOS="1066" HPOS="961" CONTENT="de" ID="tl_14_7" STYLEREFS="FONT0"/>
          </TextLine>
          <TextLine ID="tl_15" BASELINE="1168" HEIGHT="55" WIDTH="896" VPOS="1113" HPOS="150">
            <String HEIGHT="55" WIDTH="239" VPOS="1113" HPOS="130" CONTENT="l’Europe" ID="tl_15_1" STYLEREFS="FONT0"/>
            <SP HEIGHT="55" WIDTH="20" VPOS="1113" HPOS="369"/>
            <String HEIGHT="55" WIDTH="119" VPOS="1113" HPOS="309" CONTENT="du" ID="tl_15_2" STYLEREFS="FONT0"/>
            <SP HEIGHT="55" WIDTH="20" VPOS="1113" HPOS="429"/>
            <String HEIGHT="55" WIDTH="219" VPOS="1113" HPOS="369" CONTENT="premier" ID="tl_15_3" STYLEREFS="FONT0"/>
            <SP HEIGHT="55" WIDTH="20" VPOS="1113" HPOS="588"/>
            <String HEIGHT="55" WIDTH="179" VPOS="1113" HPOS="528" CONTENT="quart" ID="tl_15_4" STYLEREFS="FONT0"/>
            <SP HEIGHT="55" WIDTH="20" VPOS="1113" HPOS="708"/>
            <String HEIGHT="55" WIDTH="119" VPOS="1113" HPOS="648" CONTENT="de" ID="tl_15_5" STYLEREFS="FONT0"/>
            <SP HEIGHT="55" WIDTH="20" VPOS="1113" HPOS="767"/>
            <String HEIGHT="55" WIDTH="179" VPOS="1113" HPOS="708" CONTENT="notre" ID="tl_15_6" STYLEREFS="FONT0"/>
            <SP HEIGHT="55" WIDTH="20" VPOS="1113" HPOS="887"/>
            <String HEIGHT="55" WIDTH="199" VPOS="1113" HPOS="827" CONTENT="siècle" ID="tl_15_7" STYLEREFS="FONT0"/>
            <SP HEIGHT="55" WIDTH="20" VPOS="1113" HPOS="1026"/>
            <String HEIGHT="55" WIDTH="100" VPOS="1113" HPOS="946" CONTENT="ont" ID="tl_15_8" STYLEREFS="FONT0"/>
          </TextLine>
          <TextLine ID="tl_16" BASELINE="1213" HEIGHT="59" WIDTH="898" VPOS="1154" HPOS="148">
            <String HEIGHT="59" WIDTH="168" VPOS="1154" HPOS="129" CONTENT="voulu" ID="tl_16_1" STYLEREFS="FONT0"/>
            <SP HEIGHT="59" WIDTH="19" VPOS="1154" HPOS="298"/>
            <String HEIGHT="59" WIDTH="150" VPOS="1154" HPOS="242" CONTENT="tout" ID="tl_16_2" STYLEREFS="FONT0"/>
            <SP HEIGHT="59" WIDTH="19" VPOS="1154" HPOS="391"/>
            <String HEIGHT="59" WIDTH="281" VPOS="1154" HPOS="335" CONTENT="recommencer" ID="tl_16_3" STYLEREFS="FONT0"/>
            <SP HEIGHT="59" WIDTH="19" VPOS="1154" HPOS="616"/>
            <String HEIGHT="59" WIDTH="94" VPOS="1154" HPOS="560" CONTENT="à" ID="tl_16_4" STYLEREFS="FONT0"/>
            <SP HEIGHT="59" WIDTH="19" VPOS="1154" HPOS="653"/>
            <String HEIGHT="59" WIDTH="168" VPOS="1154" HPOS="597" CONTENT="zéro." ID="tl_16_5" STYLEREFS="FONT0"/>
            <SP HEIGHT="59" WIDTH="19" VPOS="1154" HPOS="765"/>
            <String HEIGHT="59" WIDTH="243" VPOS="1154" HPOS="709" CONTENT="L’artiste" ID="tl_16_6" STYLEREFS="FONT0"/>
            <SP HEIGHT="59" WIDTH="19" VPOS="1154" HPOS="952"/>
            <String HEIGHT="59" WIDTH="168" VPOS="1154" HPOS="878" CONTENT="moderne" ID="tl_16_7" STYLEREFS="FONT0"/>
          </TextLine>
          <TextLine ID="tl_17" BASELINE="1248" HEIGHT="53" WIDTH="894" VPOS="1195" HPOS="150">
            <String HEIGHT="53" WIDTH="142" VPOS="1195" HPOS="130" CONTENT="est" ID="tl_17_1" STYLEREFS="FONT0"/>
            <SP HEIGHT="53" WIDTH="20" VPOS="1195" HPOS="272"/>
            <String HEIGHT="53" WIDTH="203" VPOS="1195" HPOS="211" CONTENT="devenu" ID="tl_17_2" STYLEREFS="FONT0"/>
            <SP HEIGHT="53" WIDTH="20" VPOS="1195" HPOS="414"/>
            <String HEIGHT="53" WIDTH="122" VPOS="1195" HPOS="353" CONTENT="le" ID="tl_17_3" STYLEREFS="FONT0"/>
            <SP HEIGHT="53" WIDTH="20" VPOS="1195" HPOS="475"/>
            <String HEIGHT="53" WIDTH="163" VPOS="1195" HPOS="414" CONTENT="seul" ID="tl_17_4" STYLEREFS="FONT0"/>
            <SP HEIGHT="53" WIDTH="20" VPOS="1195" HPOS="577"/>
            <String HEIGHT="53" WIDTH="244" VPOS="1195" HPOS="516" CONTENT="créateur" ID="tl_17_5" STYLEREFS="FONT0"/>
            <SP HEIGHT="53" WIDTH="20" VPOS="1195" HPOS="760"/>
            <String HEIGHT="53" WIDTH="122" VPOS="1195" HPOS="699" CONTENT="de" ID="tl_17_6" STYLEREFS="FONT0"/>
            <SP HEIGHT="53" WIDTH="20" VPOS="1195" HPOS="820"/>
            <String HEIGHT="53" WIDTH="142" VPOS="1195" HPOS="760" CONTENT="son" ID="tl_17_7" STYLEREFS="FONT0"/>
            <SP HEIGHT="53" WIDTH="20" VPOS="1195" HPOS="902"/>
            <String HEIGHT="53" WIDTH="203" VPOS="1195" HPOS="841" CONTENT="œuvre:" ID="tl_17_8" STYLEREFS="FONT0"/>
            <SP HEIGHT="53" WIDTH="20" VPOS="1195" HPOS="1044"/>
            <String HEIGHT="53" WIDTH="81" VPOS="1195" HPOS="963" CONTENT="il" ID="tl_17_9" STYLEREFS="FONT0"/>
          </TextLine>
          <TextLine ID="tl_18" BASELINE="1292" HEIGHT="56" WIDTH="893" VPOS="1236" HPOS="152">
            <String HEIGHT="56" WIDTH="214" VPOS="1236" HPOS="133" CONTENT="n’obéit" ID="tl_18_1" STYLEREFS="FONT0"/>
            <SP HEIGHT="56" WIDTH="19" VPOS="1236" HPOS="346"/>
            <String HEIGHT="56" WIDTH="155" VPOS="1236" HPOS="288" CONTENT="qu’à" ID="tl_18_2" STYLEREFS="FONT0"/>
            <SP HEIGHT="56" WIDTH="19" VPOS="1236" HPOS="443"/>
            <String HEIGHT="56" WIDTH="136" VPOS="1236" HPOS="385" CONTENT="son" ID="tl_18_3" STYLEREFS="FONT0"/>
            <SP HEIGHT="56" WIDTH="19" VPOS="1236" HPOS="521"/>
            <String HEIGHT="56" WIDTH="194" VPOS="1236" HPOS="463" CONTENT="propos" ID="tl_18_4" STYLEREFS="FONT0"/>
            <SP HEIGHT="56" WIDTH="19" VPOS="1236" HPOS="657"/>
            <String HEIGHT="56" WIDTH="272" VPOS="1236" HPOS="599" CONTENT="esthétique" ID="tl_18_5" STYLEREFS="FONT0"/>
            <SP HEIGHT="56" WIDTH="19" VPOS="1236" HPOS="870"/>
            <String HEIGHT="56" WIDTH="116" VPOS="1236" HPOS="812" CONTENT="et" ID="tl_18_6" STYLEREFS="FONT0"/>
            <SP HEIGHT="56" WIDTH="19" VPOS="1236" HPOS="929"/>
            <String HEIGHT="56" WIDTH="194" VPOS="1236" HPOS="851" CONTENT="celui" ID="tl_18_7" STYLEREFS="FONT0"/>
          </TextLine>
          <TextLine ID="tl_19" BASELINE="1328" HEIGHT="39" WIDTH="895" VPOS="1289" HPOS="151">
            <String HEIGHT="39" WIDTH="229" VPOS="1289" HPOS="132" CONTENT="commence" ID="tl_19_1" STYLEREFS="FONT0"/>
            <SP HEIGHT="39" WIDTH="19" VPOS="1289" HPOS="360"/>
            <String HEIGHT="39" WIDTH="114" VPOS="1289" HPOS="303" CONTENT="et" ID="tl_19_2" STYLEREFS="FONT0"/>
            <SP HEIGHT="39" WIDTH="19" VPOS="1289" HPOS="418"/>
            <String HEIGHT="39" WIDTH="171" VPOS="1289" HPOS="360" CONTENT="finit" ID="tl_19_3" STYLEREFS="FONT0"/>
            <SP HEIGHT="39" WIDTH="19" VPOS="1289" HPOS="532"/>
            <String HEIGHT="39" WIDTH="381" VPOS="1289" HPOS="475" CONTENT="irrémédiablement" ID="tl_19_4" STYLEREFS="FONT0"/>
            <SP HEIGHT="39" WIDTH="19" VPOS="1289" HPOS="856"/>
            <String HEIGHT="39" WIDTH="114" VPOS="1289" HPOS="798" CONTENT="en" ID="tl_19_5" STYLEREFS="FONT0"/>
            <SP HEIGHT="39" WIDTH="19" VPOS="1289" HPOS="913"/>
            <String HEIGHT="39" WIDTH="209" VPOS="1289" HPOS="837" CONTENT="lui" ID="tl_19_6" STYLEREFS="FONT0"/>
          </TextLine>
          <TextLine ID="tl_20" BASELINE="1377" HEIGHT="49" WIDTH="895" VPOS="1328" HPOS="153">
            <String HEIGHT="49" WIDTH="175" VPOS="1328" HPOS="131" CONTENT="Nous" ID="tl_20_1" STYLEREFS="FONT0"/>
            <SP HEIGHT="49" WIDTH="22" VPOS="1328" HPOS="306"/>
            <String HEIGHT="49" WIDTH="218" VPOS="1328" HPOS="240" CONTENT="vivons" ID="tl_20_2" STYLEREFS="FONT0"/>
            <SP HEIGHT="49" WIDTH="22" VPOS="1328" HPOS="459"/>
            <String HEIGHT="49" WIDTH="153" VPOS="1328" HPOS="393" CONTENT="une" ID="tl_20_3" STYLEREFS="FONT0"/>
            <SP HEIGHT="49" WIDTH="22" VPOS="1328" HPOS="546"/>
            <String HEIGHT="49" WIDTH="218" VPOS="1328" HPOS="480" CONTENT="époque" ID="tl_20_4" STYLEREFS="FONT0"/>
            <SP HEIGHT="49" WIDTH="22" VPOS="1328" HPOS="699"/>
            <String HEIGHT="49" WIDTH="131" VPOS="1328" HPOS="633" CONTENT="de" ID="tl_20_5" STYLEREFS="FONT0"/>
            <SP HEIGHT="49" WIDTH="22" VPOS="1328" HPOS="764"/>
            <String HEIGHT="49" WIDTH="284" VPOS="1328" HPOS="699" CONTENT="diversité" ID="tl_20_6" STYLEREFS="FONT0"/>
            <SP HEIGHT="49" WIDTH="22" VPOS="1328" HPOS="983"/>
            <String HEIGHT="49" WIDTH="131" VPOS="1328" HPOS="917" CONTENT="et" ID="tl_20_7" STYLEREFS="FONT0"/>
            <SP HEIGHT="49" WIDTH="22" VPOS="1328" HPOS="1048"/>
            <String HEIGHT="49" WIDTH="87" VPOS="1328" HPOS="961" CONTENT="de" ID="tl_20_8" STYLEREFS="FONT0"/>
          </TextLine>
          <TextLine ID="tl_21" BASELINE="1418" HEIGHT="58" WIDTH="899" VPOS="1360" HPOS="151">
            <String HEIGHT="58" WIDTH="293" VPOS="1360" HPOS="131" CONTENT="contrastes," ID="tl_21_1" STYLEREFS="FONT0"/>
            <SP HEIGHT="58" WIDTH="20" VPOS="1360" HPOS="425"/>
            <String HEIGHT="58" WIDTH="117" VPOS="1360" HPOS="366" CONTENT="et" ID="tl_21_2" STYLEREFS="FONT0"/>
            <SP HEIGHT="58" WIDTH="20" VPOS="1360" HPOS="483"/>
            <String HEIGHT="58" WIDTH="98" VPOS="1360" HPOS="425" CONTENT="—" ID="tl_21_3" STYLEREFS="FONT0"/>
            <SP HEIGHT="58" WIDTH="20" VPOS="1360" HPOS="522"/>
            <String HEIGHT="58" WIDTH="117" VPOS="1360" HPOS="464" CONTENT="on" ID="tl_21_4" STYLEREFS="FONT0"/>
            <SP HEIGHT="58" WIDTH="20" VPOS="1360" HPOS="581"/>
            <String HEIGHT="58" WIDTH="137" VPOS="1360" HPOS="522" CONTENT="l’a" ID="tl_21_5" STYLEREFS="FONT0"/>
            <SP HEIGHT="58" WIDTH="20" VPOS="1360" HPOS="659"/>
            <String HEIGHT="58" WIDTH="215" VPOS="1360" HPOS="601" CONTENT="souvent" ID="tl_21_6" STYLEREFS="FONT0"/>
            <SP HEIGHT="58" WIDTH="20" VPOS="1360" HPOS="815"/>
            <String HEIGHT="58" WIDTH="137" VPOS="1360" HPOS="757" CONTENT="dit" ID="tl_21_7" STYLEREFS="FONT0"/>
            <SP HEIGHT="58" WIDTH="20" VPOS="1360" HPOS="894"/>
            <String HEIGHT="58" WIDTH="98" VPOS="1360" HPOS="835" CONTENT="—" ID="tl_21_8" STYLEREFS="FONT0"/>
            <SP HEIGHT="58" WIDTH="20" VPOS="1360" HPOS="933"/>
            <String HEIGHT="58" WIDTH="176" VPOS="1360" HPOS="874" CONTENT="c’est" ID="tl_21_9" STYLEREFS="FONT0"/>
            <SP HEIGHT="58" WIDTH="20" VPOS="1360" HPOS="1050"/>
            <String HEIGHT="58" WIDTH="78" VPOS="1360" HPOS="972" CONTENT="le" ID="tl_21_10" STYLEREFS="FONT0"/>
          </TextLine>
          <TextLine ID="tl_22" BASELINE="1465" HEIGHT="60" WIDTH="894" VPOS="1405" HPOS="155">
            <String HEIGHT="60" WIDTH="208" VPOS="1405" HPOS="134" CONTENT="propre" ID="tl_22_1" STYLEREFS="FONT0"/>
            <SP HEIGHT="60" WIDTH="21" VPOS="1405" HPOS="342"/>
            <String HEIGHT="60" WIDTH="125" VPOS="1405" HPOS="280" CONTENT="de" ID="tl_22_2" STYLEREFS="FONT0"/>
            <SP HEIGHT="60" WIDTH="21" VPOS="1405" HPOS="404"/>
            <String HEIGHT="60" WIDTH="187" VPOS="1405" HPOS="342" CONTENT="l’art" ID="tl_22_3" STYLEREFS="FONT0"/>
            <SP HEIGHT="60" WIDTH="21" VPOS="1405" HPOS="529"/>
            <String HEIGHT="60" WIDTH="125" VPOS="1405" HPOS="467" CONTENT="de" ID="tl_22_4" STYLEREFS="FONT0"/>
            <SP HEIGHT="60" WIDTH="21" VPOS="1405" HPOS="592"/>
            <String HEIGHT="60" WIDTH="208" VPOS="1405" HPOS="529" CONTENT="porter" ID="tl_22_5" STYLEREFS="FONT0"/>
            <SP HEIGHT="60" WIDTH="21" VPOS="1405" HPOS="737"/>
            <String HEIGHT="60" WIDTH="291" VPOS="1405" HPOS="675" CONTENT="témoignage" ID="tl_22_6" STYLEREFS="FONT0"/>
            <SP HEIGHT="60" WIDTH="21" VPOS="1405" HPOS="966"/>
            <String HEIGHT="60" WIDTH="125" VPOS="1405" HPOS="903" CONTENT="de" ID="tl_22_7" STYLEREFS="FONT0"/>
            <SP HEIGHT="60" WIDTH="21" VPOS="1405" HPOS="1028"/>
            <String HEIGHT="60" WIDTH="104" VPOS="1405" HPOS="945" CONTENT="son" ID="tl_22_8" STYLEREFS="FONT0"/>
          </TextLine>
          <TextLine ID="tl_23" BASELINE="1500" HEIGHT="55" WIDTH="900" VPOS="1445" HPOS="154">
            <String HEIGHT="55" WIDTH="236" VPOS="1445" HPOS="133" CONTENT="époque." ID="tl_23_1" STYLEREFS="FONT0"/>
            <SP HEIGHT="55" WIDTH="21" VPOS="1445" HPOS="368"/>
            <String HEIGHT="55" WIDTH="236" VPOS="1445" HPOS="304" CONTENT="Comment" ID="tl_23_2" STYLEREFS="FONT0"/>
            <SP HEIGHT="55" WIDTH="21" VPOS="1445" HPOS="540"/>
            <String HEIGHT="55" WIDTH="171" VPOS="1445" HPOS="475" CONTENT="donc" ID="tl_23_3" STYLEREFS="FONT0"/>
            <SP HEIGHT="55" WIDTH="21" VPOS="1445" HPOS="647"/>
            <String HEIGHT="55" WIDTH="386" VPOS="1445" HPOS="583" CONTENT="voudrions-nous" ID="tl_23_4" STYLEREFS="FONT0"/>
            <SP HEIGHT="55" WIDTH="21" VPOS="1445" HPOS="968"/>
            <String HEIGHT="55" WIDTH="129" VPOS="1445" HPOS="904" CONTENT="un" ID="tl_23_5" STYLEREFS="FONT0"/>
            <SP HEIGHT="55" WIDTH="21" VPOS="1445" HPOS="1033"/>
            <String HEIGHT="55" WIDTH="107" VPOS="1445" HPOS="947" CONTENT="art" ID="tl_23_6" STYLEREFS="FONT0"/>
          </TextLine>
          <TextLine ID="tl_24" BASELINE="1537" HEIGHT="54" WIDTH="898" VPOS="1483" HPOS="156">
            <String HEIGHT="54" WIDTH="239" VPOS="1483" HPOS="136" CONTENT="moderne," ID="tl_24_1" STYLEREFS="FONT0"/>
            <SP HEIGHT="54" WIDTH="20" VPOS="1483" HPOS="376"/>
            <String HEIGHT="54" WIDTH="140" VPOS="1483" HPOS="316" CONTENT="qui" ID="tl_24_2" STYLEREFS="FONT0"/>
            <SP HEIGHT="54" WIDTH="20" VPOS="1483" HPOS="455"/>
            <String HEIGHT="54" WIDTH="120" VPOS="1483" HPOS="395" CONTENT="ne" ID="tl_24_3" STYLEREFS="FONT0"/>
            <SP HEIGHT="54" WIDTH="20" VPOS="1483" HPOS="515"/>
            <String HEIGHT="54" WIDTH="140" VPOS="1483" HPOS="455" CONTENT="fût" ID="tl_24_4" STYLEREFS="FONT0"/>
            <SP HEIGHT="54" WIDTH="20" VPOS="1483" HPOS="595"/>
            <String HEIGHT="54" WIDTH="120" VPOS="1483" HPOS="535" CONTENT="ni" ID="tl_24_5" STYLEREFS="FONT0"/>
            <SP HEIGHT="54" WIDTH="20" VPOS="1483" HPOS="655"/>
            <String HEIGHT="54" WIDTH="239" VPOS="1483" HPOS="595" CONTENT="multiple" ID="tl_24_6" STYLEREFS="FONT0"/>
            <SP HEIGHT="54" WIDTH="20" VPOS="1483" HPOS="834"/>
            <String HEIGHT="54" WIDTH="120" VPOS="1483" HPOS="775" CONTENT="ni" ID="tl_24_7" STYLEREFS="FONT0"/>
            <SP HEIGHT="54" WIDTH="20" VPOS="1483" HPOS="894"/>
            <String HEIGHT="54" WIDTH="239" VPOS="1483" HPOS="815" CONTENT="contradic" SUBS_TYPE="HypPart1" SUBS_CONTENT="contradictoire?" ID="tl_24_8" STYLEREFS="FONT0"/>
            <HYP CONTENT="-"/>
          </TextLine>
          <TextLine ID="tl_25" BASELINE="1587" HEIGHT="57" WIDTH="897" VPOS="1530" HPOS="156">
            <String HEIGHT="57" WIDTH="199" VPOS="1530" HPOS="136" CONTENT="toire?" SUBS_TYPE="HypPart2" SUBS_CONTENT="contradictoire?" ID="tl_25_1" STYLEREFS="FONT0"/>
            <SP HEIGHT="57" WIDTH="20" VPOS="1530" HPOS="335"/>
            <String HEIGHT="57" WIDTH="120" VPOS="1530" HPOS="276" CONTENT="Un" ID="tl_25_2" STYLEREFS="FONT0"/>
            <SP HEIGHT="57" WIDTH="20" VPOS="1530" HPOS="395"/>
            <String HEIGHT="57" WIDTH="140" VPOS="1530" HPOS="335" CONTENT="art" ID="tl_25_3" STYLEREFS="FONT0"/>
            <SP HEIGHT="57" WIDTH="20" VPOS="1530" HPOS="475"/>
            <String HEIGHT="57" WIDTH="199" VPOS="1530" HPOS="415" CONTENT="pareil" ID="tl_25_4" STYLEREFS="FONT0"/>
            <SP HEIGHT="57" WIDTH="20" VPOS="1530" HPOS="614"/>
            <String HEIGHT="57" WIDTH="120" VPOS="1530" HPOS="555" CONTENT="ne" ID="tl_25_5" STYLEREFS="FONT0"/>
            <SP HEIGHT="57" WIDTH="20" VPOS="1530" HPOS="674"/>
            <String HEIGHT="57" WIDTH="199" VPOS="1530" HPOS="614" CONTENT="serait" ID="tl_25_6" STYLEREFS="FONT0"/>
            <SP HEIGHT="57" WIDTH="20" VPOS="1530" HPOS="814"/>
            <String HEIGHT="57" WIDTH="140" VPOS="1530" HPOS="754" CONTENT="pas" ID="tl_25_7" STYLEREFS="FONT0"/>
            <SP HEIGHT="57" WIDTH="20" VPOS="1530" HPOS="894"/>
            <String HEIGHT="57" WIDTH="219" VPOS="1530" HPOS="834" CONTENT="moderne" ID="tl_25_8" STYLEREFS="FONT0"/>
            <SP HEIGHT="57" WIDTH="20" VPOS="1530" HPOS="1053"/>
            <String HEIGHT="57" WIDTH="80" VPOS="1530" HPOS="973" CONTENT="ou" ID="tl_25_9" STYLEREFS="FONT0"/>
          </TextLine>
          <TextLine ID="tl_26" BASELINE="1633" HEIGHT="54" WIDTH="312" VPOS="1579" HPOS="157">
            <String HEIGHT="54" WIDTH="104" VPOS="1579" HPOS="140" CONTENT="ne" ID="tl_26_1" STYLEREFS="FONT0"/>
            <SP HEIGHT="54" WIDTH="17" VPOS="1579" HPOS="244"/>
            <String HEIGHT="54" WIDTH="173" VPOS="1579" HPOS="192" CONTENT="serait" ID="tl_26_2" STYLEREFS="FONT0"/>
            <SP HEIGHT="54" WIDTH="17" VPOS="1579" HPOS="365"/>
            <String HEIGHT="54" WIDTH="121" VPOS="1579" HPOS="313" CONTENT="pas" ID="tl_26_3" STYLEREFS="FONT0"/>
            <SP HEIGHT="54" WIDTH="17" VPOS="1579" HPOS="434"/>
            <String HEIGHT="54" WIDTH="104" VPOS="1579" HPOS="365" CONTENT="art." ID="tl_26_4" STYLEREFS="FONT0"/>
          </TextLine>
        </TextBlock>
        <TextBlock ID="r_3_2" HEIGHT="552" WIDTH="895" VPOS="1634" HPOS="162">
          <TextLine ID="tl_27" BASELINE="1679" HEIGHT="48" WIDTH="848" VPOS="1631" HPOS="207">
            <String HEIGHT="48" WIDTH="182" VPOS="1631" HPOS="187" CONTENT="Aussi" ID="tl_27_1" STYLEREFS="FONT0"/>
            <SP HEIGHT="48" WIDTH="20" VPOS="1631" HPOS="369"/>
            <String HEIGHT="48" WIDTH="121" VPOS="1631" HPOS="308" CONTENT="ne" ID="tl_27_2" STYLEREFS="FONT0"/>
            <SP HEIGHT="48" WIDTH="20" VPOS="1631" HPOS="429"/>
            <String HEIGHT="48" WIDTH="303" VPOS="1631" HPOS="369" CONTENT="faudra-t-il" ID="tl_27_3" STYLEREFS="FONT0"/>
            <SP HEIGHT="48" WIDTH="20" VPOS="1631" HPOS="671"/>
            <String HEIGHT="48" WIDTH="141" VPOS="1631" HPOS="611" CONTENT="pas" ID="tl_27_4" STYLEREFS="FONT0"/>
            <SP HEIGHT="48" WIDTH="20" VPOS="1631" HPOS="752"/>
            <String HEIGHT="48" WIDTH="262" VPOS="1631" HPOS="692" CONTENT="s’étonner" ID="tl_27_5" STYLEREFS="FONT0"/>
            <SP HEIGHT="48" WIDTH="20" VPOS="1631" HPOS="954"/>
            <String HEIGHT="48" WIDTH="121" VPOS="1631" HPOS="893" CONTENT="si" ID="tl_27_6" STYLEREFS="FONT0"/>
            <SP HEIGHT="48" WIDTH="20" VPOS="1631" HPOS="1015"/>
            <String HEIGHT="48" WIDTH="121" VPOS="1631" HPOS="934" CONTENT="deux" ID="tl_27_7" STYLEREFS="FONT0"/>
          </TextLine>
          <TextLine ID="tl_28" BASELINE="1725" HEIGHT="57" WIDTH="901" VPOS="1668" HPOS="157">
            <String HEIGHT="57" WIDTH="205" VPOS="1668" HPOS="137" CONTENT="jeunes" ID="tl_28_1" STYLEREFS="FONT0"/>
            <SP HEIGHT="57" WIDTH="20" VPOS="1668" HPOS="341"/>
            <String HEIGHT="57" WIDTH="246" VPOS="1668" HPOS="280" CONTENT="artistes" ID="tl_28_2" STYLEREFS="FONT0"/>
            <SP HEIGHT="57" WIDTH="20" VPOS="1668" HPOS="526"/>
            <String HEIGHT="57" WIDTH="184" VPOS="1668" HPOS="464" CONTENT="comme" ID="tl_28_3" STYLEREFS="FONT0"/>
            <SP HEIGHT="57" WIDTH="20" VPOS="1668" HPOS="648"/>
            <String HEIGHT="57" WIDTH="225" VPOS="1668" HPOS="587" CONTENT="Justino" ID="tl_28_4" STYLEREFS="FONT0"/>
            <SP HEIGHT="57" WIDTH="20" VPOS="1668" HPOS="812"/>
            <String HEIGHT="57" WIDTH="184" VPOS="1668" HPOS="751" CONTENT="Alves" ID="tl_28_5" STYLEREFS="FONT0"/>
            <SP HEIGHT="57" WIDTH="20" VPOS="1668" HPOS="935"/>
            <String HEIGHT="57" WIDTH="123" VPOS="1668" HPOS="874" CONTENT="et" ID="tl_28_6" STYLEREFS="FONT0"/>
            <SP HEIGHT="57" WIDTH="20" VPOS="1668" HPOS="997"/>
            <String HEIGHT="57" WIDTH="143" VPOS="1668" HPOS="915" CONTENT="Vitor" ID="tl_28_7" STYLEREFS="FONT0"/>
          </TextLine>
          <TextLine ID="tl_29" BASELINE="1762" HEIGHT="53" WIDTH="896" VPOS="1709" HPOS="160">
            <String HEIGHT="53" WIDTH="219" VPOS="1709" HPOS="140" CONTENT="Fortes," ID="tl_29_1" STYLEREFS="FONT0"/>
            <SP HEIGHT="53" WIDTH="20" VPOS="1709" HPOS="359"/>
            <String HEIGHT="53" WIDTH="159" VPOS="1709" HPOS="299" CONTENT="bien" ID="tl_29_2" STYLEREFS="FONT0"/>
            <SP HEIGHT="53" WIDTH="20" VPOS="1709" HPOS="459"/>
            <String HEIGHT="53" WIDTH="239" VPOS="1709" HPOS="399" CONTENT="qu’ayant" ID="tl_29_3" STYLEREFS="FONT0"/>
            <SP HEIGHT="53" WIDTH="20" VPOS="1709" HPOS="638"/>
            <String HEIGHT="53" WIDTH="159" VPOS="1709" HPOS="578" CONTENT="subi" ID="tl_29_4" STYLEREFS="FONT0"/>
            <SP HEIGHT="53" WIDTH="20" VPOS="1709" HPOS="737"/>
            <String HEIGHT="53" WIDTH="119" VPOS="1709" HPOS="678" CONTENT="la" ID="tl_29_5" STYLEREFS="FONT0"/>
            <SP HEIGHT="53" WIDTH="20" VPOS="1709" HPOS="797"/>
            <String HEIGHT="53" WIDTH="159" VPOS="1709" HPOS="737" CONTENT="même" ID="tl_29_6" STYLEREFS="FONT0"/>
            <SP HEIGHT="53" WIDTH="20" VPOS="1709" HPOS="897"/>
            <String HEIGHT="53" WIDTH="239" VPOS="1709" HPOS="817" CONTENT="influence," ID="tl_29_7" STYLEREFS="FONT0"/>
          </TextLine>
          <TextLine ID="tl_30" BASELINE="1807" HEIGHT="51" WIDTH="899" VPOS="1756" HPOS="159">
            <String HEIGHT="51" WIDTH="243" VPOS="1756" HPOS="140" CONTENT="différent" ID="tl_30_1" STYLEREFS="FONT0"/>
            <SP HEIGHT="51" WIDTH="19" VPOS="1756" HPOS="384"/>
            <String HEIGHT="51" WIDTH="112" VPOS="1756" HPOS="328" CONTENT="en" ID="tl_30_2" STYLEREFS="FONT0"/>
            <SP HEIGHT="51" WIDTH="19" VPOS="1756" HPOS="440"/>
            <String HEIGHT="51" WIDTH="150" VPOS="1756" HPOS="384" CONTENT="tout" ID="tl_30_3" STYLEREFS="FONT0"/>
            <SP HEIGHT="51" WIDTH="19" VPOS="1756" HPOS="534"/>
            <String HEIGHT="51" WIDTH="187" VPOS="1756" HPOS="477" CONTENT="point." ID="tl_30_4" STYLEREFS="FONT0"/>
            <SP HEIGHT="51" WIDTH="19" VPOS="1756" HPOS="665"/>
            <String HEIGHT="51" WIDTH="206" VPOS="1756" HPOS="609" CONTENT="L’œuvre" ID="tl_30_5" STYLEREFS="FONT0"/>
            <SP HEIGHT="51" WIDTH="19" VPOS="1756" HPOS="815"/>
            <String HEIGHT="51" WIDTH="112" VPOS="1756" HPOS="758" CONTENT="du" ID="tl_30_6" STYLEREFS="FONT0"/>
            <SP HEIGHT="51" WIDTH="19" VPOS="1756" HPOS="871"/>
            <String HEIGHT="51" WIDTH="206" VPOS="1756" HPOS="815" CONTENT="peintre" ID="tl_30_7" STYLEREFS="FONT0"/>
            <SP HEIGHT="51" WIDTH="19" VPOS="1756" HPOS="1021"/>
            <String HEIGHT="51" WIDTH="112" VPOS="1756" HPOS="946" CONTENT="Jus" SUBS_TYPE="HypPart1" SUBS_CONTENT="Justino" ID="tl_30_8" STYLEREFS="FONT0"/>
            <HYP CONTENT="-"/>
          </TextLine>
          <TextLine ID="tl_31" BASELINE="1852" HEIGHT="46" WIDTH="898" VPOS="1806" HPOS="159">
            <String HEIGHT="46" WIDTH="156" VPOS="1806" HPOS="139" CONTENT="tino" SUBS_TYPE="HypPart2" SUBS_CONTENT="Justino" ID="tl_31_1" STYLEREFS="FONT0"/>
            <SP HEIGHT="46" WIDTH="20" VPOS="1806" HPOS="296"/>
            <String HEIGHT="46" WIDTH="176" VPOS="1806" HPOS="237" CONTENT="Alves" ID="tl_31_2" STYLEREFS="FONT0"/>
            <SP HEIGHT="46" WIDTH="20" VPOS="1806" HPOS="413"/>
            <String HEIGHT="46" WIDTH="234" VPOS="1806" HPOS="354" CONTENT="perturbe" ID="tl_31_3" STYLEREFS="FONT0"/>
            <SP HEIGHT="46" WIDTH="20" VPOS="1806" HPOS="588"/>
            <String HEIGHT="46" WIDTH="273" VPOS="1806" HPOS="530" CONTENT="l’harmonie" ID="tl_31_4" STYLEREFS="FONT0"/>
            <SP HEIGHT="46" WIDTH="20" VPOS="1806" HPOS="803"/>
            <String HEIGHT="46" WIDTH="176" VPOS="1806" HPOS="745" CONTENT="entre" ID="tl_31_5" STYLEREFS="FONT0"/>
            <SP HEIGHT="46" WIDTH="20" VPOS="1806" HPOS="920"/>
            <String HEIGHT="46" WIDTH="137" VPOS="1806" HPOS="862" CONTENT="une" ID="tl_31_6" STYLEREFS="FONT0"/>
            <SP HEIGHT="46" WIDTH="20" VPOS="1806" HPOS="998"/>
            <String HEIGHT="46" WIDTH="137" VPOS="1806" HPOS="920" CONTENT="forme" ID="tl_31_7" STYLEREFS="FONT0"/>
          </TextLine>
          <TextLine ID="tl_32" BASELINE="1888" HEIGHT="44" WIDTH="894" VPOS="1844" HPOS="162">
            <String HEIGHT="44" WIDTH="209" VPOS="1844" HPOS="143" CONTENT="mentale" ID="tl_32_1" STYLEREFS="FONT0"/>
            <SP HEIGHT="44" WIDTH="19" VPOS="1844" HPOS="352"/>
            <String HEIGHT="44" WIDTH="114" VPOS="1844" HPOS="295" CONTENT="et" ID="tl_32_2" STYLEREFS="FONT0"/>
            <SP HEIGHT="44" WIDTH="19" VPOS="1844" HPOS="409"/>
            <String HEIGHT="44" WIDTH="133" VPOS="1844" HPOS="352" CONTENT="les" ID="tl_32_3" STYLEREFS="FONT0"/>
            <SP HEIGHT="44" WIDTH="19" VPOS="1844" HPOS="485"/>
            <String HEIGHT="44" WIDTH="209" VPOS="1844" HPOS="428" CONTENT="données" ID="tl_32_4" STYLEREFS="FONT0"/>
            <SP HEIGHT="44" WIDTH="19" VPOS="1844" HPOS="638"/>
            <String HEIGHT="44" WIDTH="114" VPOS="1844" HPOS="580" CONTENT="du" ID="tl_32_5" STYLEREFS="FONT0"/>
            <SP HEIGHT="44" WIDTH="19" VPOS="1844" HPOS="695"/>
            <String HEIGHT="44" WIDTH="171" VPOS="1844" HPOS="638" CONTENT="monde" ID="tl_32_6" STYLEREFS="FONT0"/>
            <SP HEIGHT="44" WIDTH="19" VPOS="1844" HPOS="809"/>
            <String HEIGHT="44" WIDTH="171" VPOS="1844" HPOS="752" CONTENT="réel," ID="tl_32_7" STYLEREFS="FONT0"/>
            <SP HEIGHT="44" WIDTH="19" VPOS="1844" HPOS="923"/>
            <String HEIGHT="44" WIDTH="95" VPOS="1844" HPOS="866" CONTENT="à" ID="tl_32_8" STYLEREFS="FONT0"/>
            <SP HEIGHT="44" WIDTH="19" VPOS="1844" HPOS="961"/>
            <String HEIGHT="44" WIDTH="171" VPOS="1844" HPOS="885" CONTENT="travers" ID="tl_32_9" STYLEREFS="FONT0"/>
          </TextLine>
          <TextLine ID="tl_33" BASELINE="1933" HEIGHT="55" WIDTH="897" VPOS="1878" HPOS="161">
            <String HEIGHT="55" WIDTH="344" VPOS="1878" HPOS="142" CONTENT="l’organisation" ID="tl_33_1" STYLEREFS="FONT0"/>
            <SP HEIGHT="55" WIDTH="19" VPOS="1878" HPOS="485"/>
            <String HEIGHT="55" WIDTH="267" VPOS="1878" HPOS="428" CONTENT="esthétique" ID="tl_33_2" STYLEREFS="FONT0"/>
            <SP HEIGHT="55" WIDTH="19" VPOS="1878" HPOS="695"/>
            <String HEIGHT="55" WIDTH="134" VPOS="1878" HPOS="638" CONTENT="des" ID="tl_33_3" STYLEREFS="FONT0"/>
            <SP HEIGHT="55" WIDTH="19" VPOS="1878" HPOS="772"/>
            <String HEIGHT="55" WIDTH="191" VPOS="1878" HPOS="714" CONTENT="masses" ID="tl_33_4" STYLEREFS="FONT0"/>
            <SP HEIGHT="55" WIDTH="19" VPOS="1878" HPOS="905"/>
            <String HEIGHT="55" WIDTH="229" VPOS="1878" HPOS="829" CONTENT="statiques," ID="tl_33_5" STYLEREFS="FONT0"/>
          </TextLine>
          <TextLine ID="tl_34" BASELINE="1971" HEIGHT="42" WIDTH="897" VPOS="1929" HPOS="161">
            <String HEIGHT="42" WIDTH="239" VPOS="1929" HPOS="141" CONTENT="soumises" ID="tl_34_1" STYLEREFS="FONT0"/>
            <SP HEIGHT="42" WIDTH="20" VPOS="1929" HPOS="380"/>
            <String HEIGHT="42" WIDTH="100" VPOS="1929" HPOS="320" CONTENT="à" ID="tl_34_2" STYLEREFS="FONT0"/>
            <SP HEIGHT="42" WIDTH="20" VPOS="1929" HPOS="420"/>
            <String HEIGHT="42" WIDTH="120" VPOS="1929" HPOS="360" CONTENT="un" ID="tl_34_3" STYLEREFS="FONT0"/>
            <SP HEIGHT="42" WIDTH="20" VPOS="1929" HPOS="480"/>
            <String HEIGHT="42" WIDTH="179" VPOS="1929" HPOS="420" CONTENT="ordre" ID="tl_34_4" STYLEREFS="FONT0"/>
            <SP HEIGHT="42" WIDTH="20" VPOS="1929" HPOS="600"/>
            <String HEIGHT="42" WIDTH="319" VPOS="1929" HPOS="540" CONTENT="intellectuel" ID="tl_34_5" STYLEREFS="FONT0"/>
            <SP HEIGHT="42" WIDTH="20" VPOS="1929" HPOS="859"/>
            <String HEIGHT="42" WIDTH="120" VPOS="1929" HPOS="799" CONTENT="où" ID="tl_34_6" STYLEREFS="FONT0"/>
            <SP HEIGHT="42" WIDTH="20" VPOS="1929" HPOS="918"/>
            <String HEIGHT="42" WIDTH="120" VPOS="1929" HPOS="859" CONTENT="la" ID="tl_34_7" STYLEREFS="FONT0"/>
            <SP HEIGHT="42" WIDTH="20" VPOS="1929" HPOS="978"/>
            <String HEIGHT="42" WIDTH="159" VPOS="1929" HPOS="899" CONTENT="nature" ID="tl_34_8" STYLEREFS="FONT0"/>
          </TextLine>
          <TextLine ID="tl_35" BASELINE="2011" HEIGHT="46" WIDTH="897" VPOS="1965" HPOS="162">
            <String HEIGHT="46" WIDTH="143" VPOS="1965" HPOS="142" CONTENT="est" ID="tl_35_1" STYLEREFS="FONT0"/>
            <SP HEIGHT="46" WIDTH="20" VPOS="1965" HPOS="284"/>
            <String HEIGHT="46" WIDTH="224" VPOS="1965" HPOS="223" CONTENT="réduite" ID="tl_35_2" STYLEREFS="FONT0"/>
            <SP HEIGHT="46" WIDTH="20" VPOS="1965" HPOS="447"/>
            <String HEIGHT="46" WIDTH="102" VPOS="1965" HPOS="386" CONTENT="à" ID="tl_35_3" STYLEREFS="FONT0"/>
            <SP HEIGHT="46" WIDTH="20" VPOS="1965" HPOS="488"/>
            <String HEIGHT="46" WIDTH="122" VPOS="1965" HPOS="427" CONTENT="la" ID="tl_35_4" STYLEREFS="FONT0"/>
            <SP HEIGHT="46" WIDTH="20" VPOS="1965" HPOS="549"/>
            <String HEIGHT="46" WIDTH="204" VPOS="1965" HPOS="488" CONTENT="mesure" ID="tl_35_5" STYLEREFS="FONT0"/>
            <SP HEIGHT="46" WIDTH="20" VPOS="1965" HPOS="692"/>
            <String HEIGHT="46" WIDTH="245" VPOS="1965" HPOS="631" CONTENT="physique" ID="tl_35_6" STYLEREFS="FONT0"/>
            <SP HEIGHT="46" WIDTH="20" VPOS="1965" HPOS="876"/>
            <String HEIGHT="46" WIDTH="122" VPOS="1965" HPOS="814" CONTENT="de" ID="tl_35_7" STYLEREFS="FONT0"/>
            <SP HEIGHT="46" WIDTH="20" VPOS="1965" HPOS="937"/>
            <String HEIGHT="46" WIDTH="204" VPOS="1965" HPOS="855" CONTENT="l’homme." ID="tl_35_8" STYLEREFS="FONT0"/>
          </TextLine>
          <TextLine ID="tl_36" BASELINE="2052" HEIGHT="47" WIDTH="896" VPOS="2005" HPOS="164">
            <String HEIGHT="47" WIDTH="214" VPOS="2005" HPOS="145" CONTENT="L’œuvre" ID="tl_36_1" STYLEREFS="FONT0"/>
            <SP HEIGHT="47" WIDTH="19" VPOS="2005" HPOS="359"/>
            <String HEIGHT="47" WIDTH="117" VPOS="2005" HPOS="300" CONTENT="du" ID="tl_36_2" STYLEREFS="FONT0"/>
            <SP HEIGHT="47" WIDTH="19" VPOS="2005" HPOS="417"/>
            <String HEIGHT="47" WIDTH="214" VPOS="2005" HPOS="359" CONTENT="graveur" ID="tl_36_3" STYLEREFS="FONT0"/>
            <SP HEIGHT="47" WIDTH="19" VPOS="2005" HPOS="573"/>
            <String HEIGHT="47" WIDTH="175" VPOS="2005" HPOS="515" CONTENT="Vitor" ID="tl_36_4" STYLEREFS="FONT0"/>
            <SP HEIGHT="47" WIDTH="19" VPOS="2005" HPOS="690"/>
            <String HEIGHT="47" WIDTH="214" VPOS="2005" HPOS="631" CONTENT="Fortes," ID="tl_36_5" STYLEREFS="FONT0"/>
            <SP HEIGHT="47" WIDTH="19" VPOS="2005" HPOS="846"/>
            <String HEIGHT="47" WIDTH="117" VPOS="2005" HPOS="787" CONTENT="au" ID="tl_36_6" STYLEREFS="FONT0"/>
            <SP HEIGHT="47" WIDTH="19" VPOS="2005" HPOS="904"/>
            <String HEIGHT="47" WIDTH="234" VPOS="2005" HPOS="826" CONTENT="contraire," ID="tl_36_7" STYLEREFS="FONT0"/>
          </TextLine>
          <TextLine ID="tl_37" BASELINE="2101" HEIGHT="49" WIDTH="895" VPOS="2052" HPOS="163">
            <String HEIGHT="49" WIDTH="136" VPOS="2052" HPOS="144" CONTENT="est" ID="tl_37_1" STYLEREFS="FONT0"/>
            <SP HEIGHT="49" WIDTH="19" VPOS="2052" HPOS="280"/>
            <String HEIGHT="49" WIDTH="156" VPOS="2052" HPOS="221" CONTENT="axée" ID="tl_37_2" STYLEREFS="FONT0"/>
            <SP HEIGHT="49" WIDTH="19" VPOS="2052" HPOS="377"/>
            <String HEIGHT="49" WIDTH="156" VPOS="2052" HPOS="319" CONTENT="vers" ID="tl_37_3" STYLEREFS="FONT0"/>
            <SP HEIGHT="49" WIDTH="19" VPOS="2052" HPOS="474"/>
            <String HEIGHT="49" WIDTH="117" VPOS="2052" HPOS="416" CONTENT="la" ID="tl_37_4" STYLEREFS="FONT0"/>
            <SP HEIGHT="49" WIDTH="19" VPOS="2052" HPOS="533"/>
            <String HEIGHT="49" WIDTH="214" VPOS="2052" HPOS="474" CONTENT="liberté" ID="tl_37_5" STYLEREFS="FONT0"/>
            <SP HEIGHT="49" WIDTH="19" VPOS="2052" HPOS="688"/>
            <String HEIGHT="49" WIDTH="136" VPOS="2052" HPOS="630" CONTENT="par" ID="tl_37_6" STYLEREFS="FONT0"/>
            <SP HEIGHT="49" WIDTH="19" VPOS="2052" HPOS="766"/>
            <String HEIGHT="49" WIDTH="136" VPOS="2052" HPOS="708" CONTENT="une" ID="tl_37_7" STYLEREFS="FONT0"/>
            <SP HEIGHT="49" WIDTH="19" VPOS="2052" HPOS="844"/>
            <String HEIGHT="49" WIDTH="292" VPOS="2052" HPOS="766" CONTENT="détermination" ID="tl_37_8" STYLEREFS="FONT0"/>
          </TextLine>
          <TextLine ID="tl_38" BASELINE="2137" HEIGHT="43" WIDTH="898" VPOS="2094" HPOS="164">
            <String HEIGHT="43" WIDTH="267" VPOS="2094" HPOS="145" CONTENT="organique," ID="tl_38_1" STYLEREFS="FONT0"/>
            <SP HEIGHT="43" WIDTH="19" VPOS="2094" HPOS="412"/>
            <String HEIGHT="43" WIDTH="134" VPOS="2094" HPOS="355" CONTENT="qui" ID="tl_38_2" STYLEREFS="FONT0"/>
            <SP HEIGHT="43" WIDTH="19" VPOS="2094" HPOS="489"/>
            <String HEIGHT="43" WIDTH="115" VPOS="2094" HPOS="431" CONTENT="ne" ID="tl_38_3" STYLEREFS="FONT0"/>
            <SP HEIGHT="43" WIDTH="19" VPOS="2094" HPOS="546"/>
            <String HEIGHT="43" WIDTH="172" VPOS="2094" HPOS="489" CONTENT="tient" ID="tl_38_4" STYLEREFS="FONT0"/>
            <SP HEIGHT="43" WIDTH="19" VPOS="2094" HPOS="661"/>
            <String HEIGHT="43" WIDTH="191" VPOS="2094" HPOS="603" CONTENT="compte" ID="tl_38_5" STYLEREFS="FONT0"/>
            <SP HEIGHT="43" WIDTH="19" VPOS="2094" HPOS="795"/>
            <String HEIGHT="43" WIDTH="229" VPOS="2094" HPOS="737" CONTENT="d’aucune" ID="tl_38_6" STYLEREFS="FONT0"/>
            <SP HEIGHT="43" WIDTH="19" VPOS="2094" HPOS="966"/>
            <String HEIGHT="43" WIDTH="172" VPOS="2094" HPOS="890" CONTENT="mesure," ID="tl_38_7" STYLEREFS="FONT0"/>
          </TextLine>
          <TextLine ID="tl_39" BASELINE="2180" HEIGHT="47" WIDTH="576" VPOS="2133" HPOS="168">
            <String HEIGHT="47" WIDTH="186" VPOS="2133" HPOS="149" CONTENT="hormis" ID="tl_39_1" STYLEREFS="FONT0"/>
            <SP HEIGHT="47" WIDTH="19" VPOS="2133" HPOS="335"/>
            <String HEIGHT="47" WIDTH="167" VPOS="2133" HPOS="279" CONTENT="celle" ID="tl_39_2" STYLEREFS="FONT0"/>
            <SP HEIGHT="47" WIDTH="19" VPOS="2133" HPOS="447"/>
            <String HEIGHT="47" WIDTH="111" VPOS="2133" HPOS="391" CONTENT="du" ID="tl_39_3" STYLEREFS="FONT0"/>
            <SP HEIGHT="47" WIDTH="19" VPOS="2133" HPOS="502"/>
            <String HEIGHT="47" WIDTH="167" VPOS="2133" HPOS="447" CONTENT="geste" ID="tl_39_4" STYLEREFS="FONT0"/>
            <SP HEIGHT="47" WIDTH="19" VPOS="2133" HPOS="614"/>
            <String HEIGHT="47" WIDTH="204" VPOS="2133" HPOS="540" CONTENT="créateur." ID="tl_39_5" STYLEREFS="FONT0"/>
          </TextLine>
        </TextBlock>
        <TextBlock ID="r_3_3" HEIGHT="58" WIDTH="835" VPOS="2188" HPOS="223">
          <TextLine ID="tl_40" BASELINE="2239" HEIGHT="53" WIDTH="844" VPOS="2186" HPOS="218">
            <String HEIGHT="53" WIDTH="181" VPOS="2186" HPOS="198" CONTENT="Quant" ID="tl_40_1" STYLEREFS="FONT0"/>
            <SP HEIGHT="53" WIDTH="20" VPOS="2186" HPOS="379"/>
            <String HEIGHT="53" WIDTH="100" VPOS="2186" HPOS="318" CONTENT="à" ID="tl_40_2" STYLEREFS="FONT0"/>
            <SP HEIGHT="53" WIDTH="20" VPOS="2186" HPOS="419"/>
            <String HEIGHT="53" WIDTH="221" VPOS="2186" HPOS="359" CONTENT="Alberto" ID="tl_40_3" STYLEREFS="FONT0"/>
            <SP HEIGHT="53" WIDTH="20" VPOS="2186" HPOS="580"/>
            <String HEIGHT="53" WIDTH="261" VPOS="2186" HPOS="519" CONTENT="Carneiro," ID="tl_40_4" STYLEREFS="FONT0"/>
            <SP HEIGHT="53" WIDTH="20" VPOS="2186" HPOS="781"/>
            <String HEIGHT="53" WIDTH="121" VPOS="2186" HPOS="720" CONTENT="on" ID="tl_40_5" STYLEREFS="FONT0"/>
            <SP HEIGHT="53" WIDTH="20" VPOS="2186" HPOS="841"/>
            <String HEIGHT="53" WIDTH="241" VPOS="2186" HPOS="781" CONTENT="pourrait" ID="tl_40_6" STYLEREFS="FONT0"/>
            <SP HEIGHT="53" WIDTH="20" VPOS="2186" HPOS="1022"/>
            <String HEIGHT="53" WIDTH="121" VPOS="2186" HPOS="941" CONTENT="dire" ID="tl_40_7" STYLEREFS="FONT0"/>
          </TextLine>
        </TextBlock>
        <TextBlock ID="r_4_1" HEIGHT="29" WIDTH="45" VPOS="2288" HPOS="1016">
          <TextLine ID="tl_41" BASELINE="2326" HEIGHT="45" WIDTH="56" VPOS="2281" HPOS="1011">
            <String HEIGHT="45" WIDTH="93" VPOS="2281" HPOS="974" CONTENT="107" ID="tl_41_1" STYLEREFS="FONT0"/>
          </TextLine>
        </TextBlock>
      </PrintSpace>
    </Page>
  </Layout>
</alto>
