1101 2361
872 72 237 73 PEROU

219 456 270 69 Commissaires
438 456 219 69 généraux:
607 456 185 69 Raul
742 456 152 69 Maria
826 456 219 69 Pereira

222 509 165 60 Consul
338 509 182 60 Général
470 509 132 60 près
553 509 248 60 l’Ambassade
751 509 99 60 du
800 509 149 60 Pérou
899 509 83 60 à
916 509 132 60 Paris.

222 578 208 59 Alberto
371 578 253 59 Jochamowitz

225 621 175 69 Attaché
352 621 191 69 Culturel
495 621 127 69 près
575 621 238 69 l’Ambassade
765 621 95 69 du
813 621 143 69 Pérou
908 621 79 69 à
924 621 127 69 Paris.

185 763 173 62 L’art
300 763 251 62 péruvien,
493 763 173 62 comme
609 763 173 62 celui
724 763 116 62 de
782 763 154 62 tous
879 763 135 62 les
936 763 116 62 pays

128 800 144 68 qui
211 800 267 68 possèdent
416 800 144 68 une
498 800 226 68 culture
662 800 267 68 ancienne,
847 800 205 68 conserve

133 851 134 54 une
210 851 249 54 tradition
401 851 134 54 qui
478 851 115 54 ne
536 851 192 54 pourra
670 851 288 54 disparaître
900 851 154 54 avec
977 851 77 54 le

107 903 164 53 temps.

188 940 162 66 Mais
289 940 141 66 les
370 940 262 66 tendances
571 940 242 66 modernes
753 940 121 66 ne
794 940 262 66 s’inspirent

132 987 132 65 pas
208 987 226 65 toujours
377 987 113 65 de
434 987 226 65 celle-ci
603 987 170 65 sinon
716 987 151 65 dans
810 987 132 65 des
886 987 132 65 cas
942 987 113 65 très

134 1030 196 55 rares,
272 1030 137 55 car
350 1030 137 55 les
429 1030 196 55 écoles
566 1030 314 55 occidentales
821 1030 137 55 ont
899 1030 118 55 un
938 1030 118 55 écho

135 1071 246 53 immédiat
319 1071 144 53 sur
401 1071 144 53 nos
483 1071 246 53 artistes
668 1071 123 53 et
729 1071 123 53 un
791 1071 185 53 grand
893 1071 164 53 nombre

133 1114 226 55 d’entre
297 1114 144 55 eux
379 1114 205 55 vivent
522 1114 123 55 et
584 1114 205 55 créent
727 1114 185 55 leurs
850 1114 205 55 œuvres
973 1114 82 55 en

117 1167 175 52 Europe.

191 1203 245 62 Pourtant,
380 1203 245 62 peintres,
568 1203 283 62 sculpteurs,
776 1203 283 62 compositeurs,

140 1257 177 52 quelle
264 1257 124 52 que
335 1257 142 52 soit
424 1257 319 52 l’universalité
690 1257 106 52 de
744 1257 142 52 leur
832 1257 142 52 art,
903 1257 160 52 portent

136 1294 126 57 en
199 1294 168 57 leur
304 1294 168 57 sang
409 1294 126 57 le
472 1294 273 57 battement
682 1294 147 57 des
766 1294 294 57 traditions
976 1294 84 57 du

122 1349 153 50 Pérou.

666 1375 158 59 Raul
765 1375 178 59 Maria
864 1375 198 59 Pereira.

460 1625 253 54 PEINTURE

194 1691 202 57 Rafael
349 1691 264 57 HASTINGS
566 1691 93 57 né
612 1691 93 57 en
659 1691 124 57 1942
736 1691 78 57 à
767 1691 124 57 Lima
829 1691 155 57 (Pérou).

165 1741 187 46 1
306 1741 140 46 Objet
399 1741 218 46 artistique
570 1741 140 46 animé
664 1741 109 46 sur
726 1741 125 46 fond
804 1741 93 46 de
851 1741 187 46 paysage,
976 1741 93 46 1969

194 1780 232 42 (acrylique,
379 1780 108 42 150
441 1780 77 42 x
456 1780 108 42 150).

166 1797 184 59 2
304 1797 138 59 Objet
396 1797 169 59 inanimé
518 1797 107 59 sur
580 1797 123 59 fond
656 1797 92 59 de
702 1797 199 59 paysage..
855 1797 138 59 cette
932 1797 138 59 fois

195 1844 232 41 artistique,
380 1844 124 41 1969
457 1844 232 41 (acrylique,
643 1844 108 41 150
704 1844 77 41 x
720 1844 108 41 150).

168 1880 184 55 3
306 1880 230 55 Commentaire
490 1880 184 55 moderne,
628 1880 123 55 1969
705 1880 230 55 (acrylique,
889 1880 107 55 150
950 1880 77 55 x
966 1880 107 55 150).

444 1975 291 65 SCULPTURE

201 2043 198 56 Fabian
353 2043 244 56 SANCHEZ
552 2043 92 56 né
598 2043 92 56 en
643 2043 122 56 1935
720 2043 76 56 à
750 2043 183 56 Ayacucho
872 2043 153 56 (Pérou).

172 2096 171 38 4
300 2096 171 38 Présence
429 2096 86 38 I,
471 2096 114 38 1969
543 2096 157 38 (métal,
657 2096 100 38 160
714 2096 71 38 x
743 2096 100 38 155
800 2096 71 38 x
814 2096 100 38 160).

173 2127 171 43 5
301 2127 171 43 Présence
429 2127 100 43 II,
486 2127 114 43 1969
557 2127 157 43 (métal,
671 2127 100 43 150
728 2127 71 43 x
756 2127 100 43 120
813 2127 71 43 x
828 2127 85 43 70).

171 2154 194 44 6
316 2154 242 44 Morphologie
510 2154 97 44 de
559 2154 97 44 la
607 2154 145 44 nuit,
704 2154 129 44 1969
785 2154 242 44 (polybéton,
979 2154 113 44 210
1028 2154 48 44 x

199 2201 123 42 500
270 2201 88 42 x
287 2201 106 42 12).

996 2271 86 48 99
