1101 2361
831 49 178 61 FRANCE

131 195 114 74 35
208 195 152 74 STOP
322 195 203 74 (réalisation
487 195 64 74 à
500 195 152 74 grandeur).

175 242 96 77 Il
223 242 128 77 fait
303 242 176 77 soleil;
431 242 96 77 le
479 242 160 77 chemin
591 242 176 77 urbain,
720 242 96 77 le
768 242 192 77 parcours
896 242 128 77 campa-

170 280 160 78 gnard
277 280 124 78 que
348 280 107 78 le
401 280 178 78 groupe
526 280 178 78 «stop»
650 280 89 78 a
685 280 178 78 décidé
792 280 231 78 d’emprunter

177 313 144 76 juste
273 313 96 76 le
321 313 144 76 temps
417 313 128 76 d’un
497 313 176 76 Klaxon,
625 313 128 76 même
705 313 128 76 pas,
785 313 144 76 d’une
865 313 160 76 sonnette

174 343 95 70 de
222 343 142 70 vélo,
316 343 111 70 est
380 343 142 70 clair
475 343 126 70 dans
554 343 95 70 la
601 343 206 70 démarche,
759 343 190 70 efficace
902 343 126 70 dans
965 343 63 70 le

176 376 290 73 comportement,
415 376 222 73 vigoureux
585 376 136 73 dans
670 376 102 73 la
721 376 204 73 couleur;
875 376 153 73 après
960 376 68 73 le

179 411 167 75 premier
300 411 136 75 bruit
391 411 91 75 de
436 411 197 75 ferraille
588 411 197 75 articulé,
739 411 91 75 la
785 411 121 75 voie
860 411 106 75 est
906 411 121 75 libre;

178 441 131 76 nous
260 441 197 76 avançons
407 441 131 76 dans
489 441 115 76 les
555 441 279 76 interdictions
784 441 213 76 gentiment
932 441 98 76 sti-

180 485 168 69 pulées:
302 485 92 69 ne
348 485 107 69 pas
409 485 168 69 tourner
531 485 76 69 à
562 485 168 69 droite,
684 485 92 69 ne
730 485 107 69 pas
791 485 137 69 virer
882 485 76 69 à
898 485 137 69 gauche,

180 510 104 71 ne
232 510 122 71 pas
301 510 174 71 foncer
423 510 156 71 droit
527 510 122 71 sur
597 510 122 71 les
666 510 209 71 écoliers
823 510 191 71 timides
944 510 87 71 qui

180 546 218 73 glissent
343 546 127 73 sur
416 546 109 73 la
470 546 218 73 chaussée
634 546 200 73 humide;
779 546 109 73 la
833 546 145 73 main
924 546 109 73 de
960 546 73 73 la

182 578 158 72 petite
293 578 142 72 fille
388 578 127 72 dans
467 578 142 72 celle
562 578 95 72 du
610 578 142 72 grand
705 578 174 72 garçon,
831 578 174 72 l’image
942 578 95 72 d’un

184 610 158 74 couple
295 610 126 74 sans
373 610 205 74 problèmes
531 610 126 74 s’il
610 610 110 74 n’y
673 610 142 74 avait
767 610 95 74 le
814 610 173 74 passage
925 610 110 74 plein

183 646 107 66 de
237 646 160 66 clous
343 646 214 66 pointus,
504 646 142 66 avec
593 646 107 66 du
646 646 125 66 feu
717 646 214 66 partout,
878 646 125 66 des
931 646 107 66 feux

185 677 195 69 bariolés;
335 677 150 69 vivent
439 677 105 69 les
499 677 224 69 sémaphores;
679 677 180 69 l’orange
814 677 105 69 sur
858 677 180 69 l’oranger,

187 712 98 65 le
236 712 131 65 vert
318 712 98 65 de
367 712 181 65 l’herbe
498 712 197 65 fraïche,
646 712 98 65 le
695 712 148 65 rouge
794 712 98 65 du
843 712 148 65 sang;
942 712 98 65 on
974 712 66 65 se

186 757 127 59 paie
265 757 95 59 la
313 757 127 59 tête
392 757 222 59 stationnée
566 757 95 59 du
614 757 142 59 taxi,
709 757 127 59 puis
788 757 95 59 on
835 757 127 59 vire
899 757 142 59 obliga-

185 781 235 63 toirement,
370 781 252 63 férocement;
571 781 168 63 éclaté
689 781 101 63 en
739 781 201 63 spirale,
890 781 101 63 on
924 781 117 63 force

189 812 97 67 le
237 812 129 67 sens
318 812 210 67 interdit,
479 812 97 67 on
527 812 97 67 le
576 812 226 67 transperce
753 812 129 67 avec
834 812 145 67 cette
914 812 129 67 flèche

187 846 81 71 à
219 846 130 71 tout
300 846 162 71 faire,
414 846 243 71 magnifique,
609 846 195 71 festival
755 846 97 71 de
804 846 195 71 symboles
933 846 114 71 véné-

188 884 154 62 neux,
290 884 102 62 en
342 884 154 62 perte
444 884 102 62 de
495 884 188 62 vitesse
632 884 120 62 sur
700 884 102 62 la
752 884 154 62 route
837 884 205 62 moëlleuse;

195 917 87 61 il
238 917 116 61 fait
310 917 173 61 toujours
440 917 159 61 soleil,
556 917 87 61 la
599 917 217 61 pâquerette,
772 917 202 61 l’olivier,
917 917 130 61 l’allu-

192 947 145 66 mette
289 947 113 66 qui
353 947 129 66 sent
434 947 113 66 bon
498 947 97 66 le
547 947 113 66 pin
611 947 97 66 ne
660 947 129 66 veut
740 947 113 66 pas
805 947 242 66 s’éteindre,
982 947 65 66 la

192 981 135 60 vache
282 981 105 60 qui
342 981 105 60 rit
402 981 90 60 en
448 981 165 60 coupant
568 981 90 60 la
613 981 150 60 route,
718 981 150 60 grise,
823 981 150 60 noire,
914 981 135 60 blanche

194 1018 92 59 et
240 1018 153 59 jaune;
346 1018 92 59 il
392 1018 76 59 y
423 1018 76 59 a
453 1018 92 59 le
499 1018 137 59 cerf,
591 1018 183 59 l’oiseau
728 1018 92 59 de
774 1018 168 59 Braque,
896 1018 107 59 les
942 1018 107 59 pois-

194 1059 129 64 sons
275 1059 97 64 de
323 1059 194 64 Matisse,
468 1059 113 64 les
533 1059 177 64 canards
662 1059 145 64 verts
759 1059 113 64 aux
823 1059 145 64 dents
904 1059 145 64 jaunes.

176 1127 235 49 Responsable:

197 1159 202 56 Claude
353 1159 249 56 RUTAULT
556 1159 93 56 né
602 1159 93 56 en
649 1159 125 56 1941
727 1159 78 56 à
758 1159 187 56 Moutiers
883 1159 171 56 (France).

198 1197 216 52 Concepteur
367 1197 93 52 et
414 1197 247 52 réalisateur.
599 1197 185 52 Animation.

202 1244 239 61 Pascaline
396 1244 254 61 CUVELIER
605 1244 105 61 née
665 1244 90 61 en
710 1244 119 61 1944
784 1244 75 61 à
814 1244 134 61 Paris
889 1244 164 61 (France).

200 1285 233 53 Concepteur
383 1285 100 53 et
433 1285 266 53 réalisateur.
633 1285 233 53 Aménagement.

206 1329 192 68 Alain
350 1329 241 68 DUMONT
543 1329 96 68 né
591 1329 96 68 en
639 1329 128 68 1943
719 1329 80 68 à
751 1329 192 68 Toulouse
880 1329 176 68 (France).

207 1387 209 55 Conseiller
357 1387 149 55 musical.

208 1430 300 58 Jean-Robert
459 1430 250 58 GANAYE
659 1430 100 58 né
709 1430 100 58 en
759 1430 133 58 1946
842 1430 83 58 à
859 1430 200 58 Courbevoie

209 1480 197 54 (France).
345 1480 213 54 Photographe.

209 1519 299 59 Marie-Hélène
461 1519 284 59 MARTAGUET
698 1519 110 59 née
761 1519 95 59 en
808 1519 126 59 1945
887 1519 79 59 à
902 1519 158 59 Bordeaux

211 1573 184 50 (France).
338 1573 199 50 Journaliste.

213 1614 245 56 Jean-Marie
414 1614 230 56 MEISTER
601 1614 86 56 né
645 1614 86 56 en
688 1614 115 56 1934
760 1614 72 56 à
788 1614 173 56 Tramelan
904 1614 158 56 (Suisse).

212 1663 175 51 Peintre.
329 1663 204 51 Réalisation.

174 1763 120 44 36
254 1763 214 44 TRI-SYNTHESE
428 1763 134 44 69
508 1763 187 44 (cyclotone).

215 1825 157 35 Thème
319 1825 191 35 général
458 1825 87 35 :
493 1825 313 35 représentation
754 1825 104 35 de
806 1825 157 35 trois
893 1825 174 35 cerveaux

218 1863 191 32 humains
356 1863 156 32 ayant
461 1863 174 32 chacun
582 1863 121 32 une
652 1863 226 32 dynamique
808 1863 260 32 particulière:

221 1887 227 43 bruitages,
399 1887 244 43 projections
594 1887 244 43 lumineuses,
789 1887 244 43 mouvements,
968 1887 97 43 etc.

222 1926 169 41 Chaque
341 1926 203 41 créateur
493 1926 102 41 de
544 1926 203 41 l’équipe
696 1926 85 41 a
730 1926 237 41 représenté
917 1926 102 41 un
950 1926 119 41 «cer-

224 1964 146 43 veau»
321 1964 277 43 matérialisant
549 1964 114 43 par
614 1964 179 43 là-même
745 1964 98 43 la
793 1964 228 43 projection
972 1964 98 43 de
1005 1964 65 43 sa

225 1999 154 44 propre
332 1999 246 44 personnalité
533 1999 77 44 à
563 1999 169 44 travers
687 1999 108 44 une
748 1999 154 44 entité
841 1999 169 44 physique.

223 2043 124 41 Ces
294 2043 248 41 «cerveaux»
489 2043 106 41 se
542 2043 212 41 trouvent
701 2043 177 41 placés
824 2043 141 41 dans
913 2043 106 41 un
948 2043 124 41 envi-

225 2068 222 42 ronnement,
399 2068 127 42 lieu
478 2068 95 42 de
526 2068 174 42 passage
653 2068 190 42 intensif
795 2068 111 42 des
842 2068 222 42 spectateurs,

225 2107 176 44 ceux-ci
353 2107 144 44 étant
449 2107 176 44 appelés
576 2107 80 44 à
608 2107 223 44 participer
784 2107 80 44 à
816 2107 96 44 la
848 2107 223 44 conversation

226 2140 108 37 des
287 2140 139 37 trois
380 2140 185 37 cerveaux
518 2140 92 37 en
564 2140 200 37 répondant
718 2140 108 37 aux
780 2140 231 37 différentes
949 2140 123 37 solli-

228 2179 196 52 citations
378 2179 120 52 dont
454 2179 105 52 ils
514 2179 120 52 font
589 2179 181 52 l’objet,
725 2179 181 52 devenant
860 2179 135 52 ainsi
936 2179 135 52 acteurs

983 2252 95 55 151
