1089 2385
166 461 254 62 Commissaire
369 461 186 62 général
505 461 85 62 :
539 461 186 62 Hugo
658 461 254 62 Caballero

128 647 97 63 A
166 647 232 63 l’instar
340 647 116 63 de
398 647 116 63 ce
456 647 135 63 qui
534 647 193 63 arrive
669 647 155 63 dans
766 647 116 63 le
824 647 174 63 reste
921 647 77 63 du

74 692 201 63 monde,
215 692 141 63 les
295 692 161 63 arts
396 692 282 63 plastiques
617 692 141 63 ont
698 692 181 63 connu
819 692 121 63 au
859 692 141 63 cours

75 730 138 72 des
154 730 256 72 dernières
351 730 197 72 années
488 730 118 72 en
548 730 256 72 Argentine
744 730 138 72 une
803 730 197 72 activité

76 771 328 63 expérimentale
346 771 154 63 très
442 771 232 63 intense,
616 771 251 63 notamment
809 771 174 63 parmi
906 771 96 63 les

74 815 206 72 jeunes
219 815 268 72 artistes.
425 815 144 72 Ces
508 815 248 72 derniers
693 815 124 72 se
755 815 165 72 sont
838 815 165 72 lancés

77 858 151 60 dans
172 858 132 60 une
247 858 151 60 très
342 858 170 60 large
455 858 265 60 proportion
664 858 114 60 et
720 858 151 60 avec
815 858 132 60 une
872 858 132 60 véri-

76 905 167 56 table
188 905 204 56 avidité
336 905 148 56 dans
428 905 130 56 les
502 905 259 56 recherches
706 905 130 56 les
780 905 148 56 plus
854 905 148 56 diver-

78 940 154 65 ses,
174 940 154 65 sans
270 940 193 65 éviter
405 940 251 65 l’extrême
598 940 212 65 audace,
752 940 154 65 même
830 940 173 65 lorsque

79 985 231 62 celle-ci
252 985 212 62 pouvait
406 985 231 62 conduire
580 985 96 62 à
618 985 386 62 l’anéantissement
927 985 77 62 de

138 1081 116 65 Un
196 1081 193 65 besoin
330 1081 251 65 permanent
523 1081 270 65 d’explorer
735 1081 135 65 les
793 1081 212 65 nouvelles

81 1130 270 59 techniques
293 1130 116 59 et
350 1130 135 59 les
427 1130 250 59 nouvelles
620 1130 193 59 formes
735 1130 270 59 d’expression

83 1177 169 64 nous
188 1177 211 64 révèle
336 1177 253 64 l’esprit
525 1177 147 64 qui
610 1177 190 64 anime
736 1177 147 64 les
799 1177 211 64 nouveaux

84 1216 189 60 venus.
216 1216 113 60 Ce
273 1216 189 60 besoin
405 1216 132 60 est
481 1216 208 60 orienté
632 1216 151 60 dans
726 1216 132 60 les
783 1216 227 60 directions

87 1253 144 62 les
169 1253 164 62 plus
271 1253 246 62 variées,
456 1253 205 62 depuis
599 1253 123 62 la
661 1253 349 62 prépondérance
927 1253 82 62 de

89 1297 314 61 l’imagination
347 1297 148 61 pure
439 1297 166 61 (avec
550 1297 259 61 projection
753 1297 222 61 d’images
901 1297 111 61 sub-

87 1344 231 60 jectives
260 1344 115 60 ou
318 1344 250 60 provenant
510 1344 115 60 de
568 1344 250 60 l’univers
760 1344 250 60 onirique,
933 1344 77 60 ou

87 1392 168 52 bien
192 1392 252 52 l’emploi
381 1392 126 52 de
444 1392 126 52 la
507 1392 273 52 mécanique
718 1392 147 52 qui
802 1392 189 52 opère
907 1392 105 52 une

86 1432 376 45 transfiguration
403 1432 119 45 de
462 1432 277 45 l’humour),
680 1432 218 45 jusqu’à
838 1432 119 45 la
878 1432 138 45 péné-

88 1473 217 48 tration
246 1473 158 48 dans
345 1473 118 48 le
404 1473 177 48 monde
522 1473 335 48 technologique
798 1473 158 48 pour
877 1473 138 48 aller

89 1520 105 44 à
131 1520 126 44 la
194 1520 295 44 découverte
426 1520 147 44 des
510 1520 253 44 nouveaux
699 1520 295 44 matériaux,
910 1520 105 44 des

91 1550 252 64 nouveaux
280 1550 210 64 thèmes
427 1550 126 64 de
490 1550 252 64 création
680 1550 252 64 proposés
869 1550 147 64 par
932 1550 84 64 le

91 1598 181 50 monde
211 1598 342 50 contemporain,
493 1598 342 50 s’incorporant
774 1598 121 50 de
834 1598 121 50 la
874 1598 141 50 sorte

94 1646 94 44 à
132 1646 113 44 la
188 1646 207 44 réalité
339 1646 226 44 concrète
508 1646 151 44 dans
602 1646 226 44 laquelle
771 1646 151 44 nous
847 1646 169 44 vivons.

153 1705 162 46 Entre
261 1705 126 46 ces
333 1705 162 46 pôles
442 1705 108 46 de
496 1705 307 46 l’imagination
748 1705 108 46 et
802 1705 108 46 de
839 1705 180 46 l’inven-

94 1744 161 52 tion
194 1744 121 52 le
255 1744 201 52 nouvel
395 1744 141 52 art
476 1744 241 52 argentin
656 1744 121 52 se
717 1744 261 52 développe
897 1744 121 52 avec

97 1787 144 46 une
179 1787 185 46 force
302 1787 390 46 extraordinaire,
630 1787 103 46 à
671 1787 123 46 la
732 1787 205 46 faveur
876 1787 123 46 de
917 1787 103 46 cet

97 1826 157 49 élan
196 1826 137 49 qui
274 1826 118 49 le
333 1826 216 49 conduit
490 1826 98 49 à
529 1826 236 49 pénétrer
706 1826 118 49 de
765 1826 157 49 plus
863 1826 118 49 en
902 1826 118 49 plus

99 1875 148 45 dans
191 1875 259 45 l’inconnu:
394 1875 111 45 la
450 1875 203 45 liberté
598 1875 111 45 de
635 1875 203 45 création.

725 2181 142 75 Aldo
796 2181 231 75 Pelligrini.
