1062 2361
3 89 305 68 IRLANDE

192 472 248 51 Commissaire
391 472 182 51 général
523 472 83 51 :
556 472 198 51 Cecil
689 472 165 51 KING

151 618 108 45 Le
205 618 180 45 Comité
331 618 126 45 des
403 618 234 45 Relations
584 618 270 45 Culturelles
800 618 108 45 du
836 618 144 45 Minis-

91 665 148 49 tère
184 665 130 49 des
258 665 222 49 Affaires
425 665 278 49 Etrangères,
647 665 278 49 responsable
869 665 111 49 de
906 665 74 49 la

93 708 222 42 sélection
264 708 119 42 des
332 708 205 42 artistes
485 708 171 42 devant
605 708 256 42 représenter
792 708 188 42 l’Irlande

92 744 94 50 à
130 744 113 50 la
187 744 246 50 Biennale,
375 744 94 50 a
413 744 189 50 choisi
546 744 170 50 cette
659 744 170 50 année
772 744 113 50 le
810 744 170 50 peintre

95 792 203 48 Ballagh
242 792 111 48 et
298 792 111 48 le
353 792 240 48 sculpteur
538 792 166 48 King:
649 792 148 48 tous
742 792 148 48 deux
834 792 129 48 ont
890 792 92 48 une

92 832 236 42 vingtaine
274 832 236 42 d’années.
455 832 273 42 Auparavant,
673 832 109 42 on
728 832 164 42 avait
819 832 164 42 généra-

91 875 207 47 lement
236 875 207 47 envoyé
382 875 145 47 des
465 875 249 47 artistes
651 875 187 47 d’une
755 875 228 47 trentaine

93 916 232 46 d’années
267 916 116 46 et
325 916 135 46 qui
402 916 290 46 possédaient
634 916 155 46 déjà
731 916 135 46 une
789 916 193 46 certaine

93 955 266 54 réputation
302 955 114 54 en
340 955 190 54 Irlande.

153 1003 159 41 Cette
259 1003 159 41 fois,
365 1003 106 41 le
418 1003 159 41 choix
524 1003 88 41 a
559 1003 124 41 été
630 1003 141 41 fait
718 1003 141 41 dans
806 1003 106 41 un
842 1003 141 41 groupe

94 1048 113 40 de
151 1048 189 40 jeunes
283 1048 189 40 pleins
416 1048 113 40 de
472 1048 265 40 promesses,
680 1048 189 40 apparu
813 1048 113 40 au
851 1048 132 40 cours

93 1088 124 42 de
155 1088 145 42 ces
238 1088 270 42 dernières
446 1088 228 42 années.
612 1088 166 42 Tous
715 1088 145 42 les
798 1088 166 42 deux
881 1088 104 42 ont

95 1128 237 45 beaucoup
273 1128 198 45 voyagé
412 1128 119 45 et
471 1128 138 45 ils
550 1128 138 45 ont
629 1128 119 45 vu
688 1128 138 45 les
768 1128 198 45 œuvres
886 1128 99 45 des

94 1167 223 48 artistes
262 1167 316 48 contemporains
522 1167 130 48 les
596 1167 149 48 plus
689 1167 260 48 importants
875 1167 111 48 dans

94 1208 112 45 de
150 1208 223 45 nombreux
318 1208 205 45 musées.
466 1208 130 45 Ils
541 1208 316 45 s’intéressent
801 1208 93 45 à
820 1208 167 45 l’expé-

94 1253 203 51 rience
236 1253 122 51 et
297 1253 101 51 à
337 1253 122 51 la
398 1253 264 51 recherche
601 1253 122 51 de
662 1253 243 51 nouveaux
824 1253 162 51 moyens

94 1298 321 49 d’expression
355 1298 161 49 dans
455 1298 120 49 le
516 1298 241 49 contexte
676 1298 201 49 moderne.

419 1378 254 63 PEINTURE

146 1446 192 46 Robert
294 1446 236 46 BALLAGH
485 1446 88 46 né
529 1446 88 46 en
574 1446 118 46 1943
647 1446 74 46 à
677 1446 147 46 Dublin
765 1446 177 46 (Irlande).

117 1494 156 41 1
234 1494 130 41 Séries
326 1494 65 41 4
352 1494 78 41 n°
391 1494 78 41 8,
430 1494 104 41 1969
495 1494 196 41 (acrylique,
652 1494 91 41 127
704 1494 65 41 x
717 1494 91 41 127).

115 1531 156 36 2
232 1531 130 36 Séries
323 1531 65 36 4
349 1531 78 36 n°
388 1531 78 36 9,
427 1531 104 36 1969
492 1531 195 36 (acrylique,
648 1531 91 36 187
700 1531 65 36 x
713 1531 91 36 130).

115 1565 159 37 3
234 1565 132 37 Séries
327 1565 66 37 4
353 1565 79 37 n°
393 1565 93 37 10,
446 1565 106 37 1969
512 1565 199 37 (plastique,
671 1565 93 37 127
724 1565 66 37 x
737 1565 93 37 127).

395 1633 293 65 SCULPTURE

149 1707 165 44 Brian
273 1707 179 44 KING
411 1707 83 44 né
452 1707 83 44 en
493 1707 110 44 1942
562 1707 69 44 à
589 1707 138 44 Dublin
672 1707 165 44 (Irlande).

118 1745 149 45 4
229 1745 124 45 Shift,
317 1745 99 45 1969
379 1745 99 45 (133
441 1745 62 45 x
466 1745 87 45 133
516 1745 62 45 x
528 1745 87 45 266).

118 1785 148 38 5
229 1785 87 38 Zig
278 1785 74 38 I,
315 1785 99 38 1969
377 1785 99 38 (166
439 1785 62 38 x
464 1785 87 38 166
513 1785 62 38 x
525 1785 87 38 166).

116 1816 154 50 6
232 1816 141 50 Mirage,
334 1816 103 50 1969
398 1816 103 50 (241
462 1816 64 50 x
488 1816 90 50 241
539 1816 64 50 x
552 1816 90 50 255).

291 1885 377 64 COMPOSITION
568 1885 252 64 MUSICALE

147 1957 201 45 Fiachra
305 1957 115 45 T.W.
377 1957 216 45 TRENCH
549 1957 86 45 né
592 1957 86 45 en
636 1957 115 45 1943
707 1957 72 45 à
736 1957 144 45 Dublin
822 1957 173 45 (Irlande).

115 1999 172 38 7
243 1999 186 38 Symphonie
386 1999 114 38 pour
458 1999 200 38 orchestre,
615 1999 129 38 1967.
701 1999 157 38 Telefis
801 1999 143 38 Eireann.

468 2065 150 58 FILM

147 2129 189 56 Kieran
293 2129 218 56 HICKEY
468 2129 87 56 né
511 2129 87 56 en
555 2129 116 56 1936
628 2129 73 56 à
657 2129 146 56 Dublin
744 2129 175 56 (Irlande).

115 2174 158 56 8
234 2174 92 56 Les
286 2174 145 56 fidèles
392 2174 158 56 défunts,
511 2174 106 56 1967
577 2174 119 56 (noir
656 2174 79 56 et
695 2174 145 56 blanc),
801 2174 79 56 B.
841 2174 106 56 A.C.
893 2174 106 56 Enter.

146 2216 169 44 prises,
253 2216 139 44 Dublin.

70 2294 82 45 74
