1062 2361
-3 85 287 67 PANAMA

186 469 244 53 Commissaire
381 469 179 53 général
511 469 81 53 :
544 469 212 53 Carlos
690 469 228 53 Arboleda

189 521 209 45 Directeur
350 521 97 45 de
398 521 97 45 la
447 521 161 45 Maison
559 521 97 45 de
608 521 97 45 la
656 521 209 45 Sculpture
817 521 81 45 à
833 521 145 45 Panama.

143 653 179 47 Ruben
263 653 179 47 Lopez
382 653 119 47 et
442 653 199 47 Manuel
581 653 159 47 Adan
680 653 219 47 Vasquez
820 653 159 47 repré-

86 700 209 51 sentent
238 700 133 51 une
314 700 248 51 recherche
505 700 229 51 continue
676 700 114 51 et
733 700 209 51 sincère
867 700 114 51 dans

86 744 124 46 le
148 744 228 46 nouveau
314 744 249 46 panorama
501 744 124 46 de
563 744 187 46 l’art
688 744 270 46 panaméen.
874 744 104 46 Uun

85 781 112 53 et
141 781 205 53 l’autre
290 781 242 53 expriment
476 781 168 53 leurs
588 781 279 53 convictions
793 781 186 53 intimes,

89 826 116 52 la
147 826 213 52 plupart
302 826 116 52 du
360 826 175 52 temps
477 826 155 52 dans
574 826 116 52 un
632 826 194 52 milieu
768 826 213 52 hostile
903 826 78 52 et

85 867 273 50 apathique.
299 867 175 50 Alors
415 867 136 50 que
493 867 136 50 les
571 867 253 50 tendances
746 867 234 50 plastiques

85 906 156 51 sont
182 906 253 51 nettement
377 906 234 51 modernes
552 906 117 51 et
611 906 156 51 bien
708 906 234 51 définies
864 906 117 51 chez

88 953 124 42 le
150 953 270 42 sculpteur
358 953 187 42 Ruben
482 953 207 42 Lopez,
627 953 166 42 chez
731 953 207 42 Manuel
856 953 124 42 Adan

87 993 214 43 Vasquez
242 993 233 43 persiste
417 993 117 43 un
475 993 233 43 réalisme
650 993 136 43 qui
728 993 194 43 aspire
864 993 97 43 à
884 993 97 43 une

87 1040 317 39 communication
348 1040 242 39 picturale
535 1040 149 39 plus
628 1040 242 39 objective
814 1040 130 39 que
870 1040 112 39 sub

68 1074 171 62 jective.

147 1114 117 49 La
205 1114 253 49 technique
399 1114 272 49 insistante
613 1114 117 49 de
671 1114 175 49 Ruben
788 1114 175 49 Lopez
885 1114 97 49 lui

87 1169 204 41 permet
229 1169 122 41 de
290 1169 224 41 dégager
453 1169 143 41 des
535 1169 204 41 formes
677 1169 306 41 vigoureuses
902 1169 81 41 de

91 1200 114 45 la
148 1200 171 45 fibre
262 1200 247 45 végétale,
452 1200 190 45 tandis
585 1200 133 45 que
661 1200 190 45 Manuel
794 1200 152 45 Adan
870 1200 114 45 Vas-

88 1246 161 48 quez,
196 1246 143 48 avec
285 1246 125 48 ses
357 1246 179 48 toiles
482 1246 251 48 primitives
679 1246 108 48 et
733 1246 215 48 froides,
876 1246 108 48 nous

89 1286 161 48 offre
196 1286 125 48 une
268 1286 179 48 vision
393 1286 89 48 à
429 1286 107 48 la
482 1286 143 48 fois
572 1286 179 48 totale
697 1286 107 48 et
751 1286 232 48 fugitive,
911 1286 72 48 où

86 1328 239 47 dominent
265 1328 140 47 les
345 1328 159 47 tons
445 1328 159 47 doux
545 1328 140 47 sur
624 1328 140 47 les
704 1328 159 47 tons
784 1328 199 47 obscurs,

90 1375 143 48 pour
180 1375 161 48 faire
287 1375 179 48 naître
412 1375 161 48 cette
520 1375 233 48 sensation
699 1375 107 48 de
752 1375 215 48 solitude
896 1375 89 48 qui

92 1411 123 56 lui
163 1411 123 56 est
215 1411 315 56 caractéristique.

407 1698 254 53 PEINTURE

138 1764 213 48 Manuel
302 1764 131 48 ADAN
383 1764 262 48 VASQUEZ
597 1764 98 48 né
646 1764 98 48 en
695 1764 131 48 1934
777 1764 82 48 à
810 1764 115 48 San
859 1764 131 48 Carlos

118 1811 189 45 (Panama).

110 1843 158 56 1
228 1843 119 56 Etude
307 1843 79 56 en
347 1843 119 56 ocre,
426 1843 145 56 (huile,
531 1843 79 56 57
571 1843 66 56 x
584 1843 79 56 39).

107 1884 166 39 2
232 1884 138 39 Formes
328 1884 83 39 de
370 1884 180 39 l’espace,
508 1884 111 39 1969
577 1884 152 39 (huile,
688 1884 83 39 57
729 1884 69 39 x
743 1884 83 39 39).

109 1919 166 49 3
234 1919 208 49 Composition
400 1919 83 49 en
442 1919 138 49 rouge,
538 1919 111 49 1969
608 1919 152 49 (huile,
719 1919 83 49 98
760 1919 69 49 x
774 1919 83 49 60).

387 2018 291 68 SCULPTURE

138 2095 185 49 Ruben
276 2095 92 49 A.
322 2095 215 49 LOPEZ
491 2095 92 49 né
538 2095 92 49 en
584 2095 123 49 1935
661 2095 77 49 à
691 2095 154 49 Panama
784 2095 169 49 (Panama).

108 2144 165 38 4
232 2144 178 38 Sculpture
369 2144 82 38 I,
410 2144 110 38 1968
478 2144 137 38 (bois,
574 2144 82 38 48
616 2144 69 38 x
643 2144 82 38 20
684 2144 69 38 x
698 2144 82 38 13).

108 2174 165 43 5
232 2174 165 43 Orgueil,
355 2174 110 43 1969
424 2174 137 43 (bois,
520 2174 82 43 43
561 2174 69 43 x
589 2174 82 43 14
630 2174 69 43 x
644 2174 82 43 12).

108 2211 165 55 6
232 2211 179 55 Chilibre,
370 2211 110 55 1968
439 2211 138 55 (bois,
535 2211 83 55 79
577 2211 69 55 x
604 2211 83 55 36
646 2211 69 55 x
659 2211 83 55 20).

63 2288 82 46 96
