<alto xmlns:xsi="http://www.w3.org/2001/XMLSchema-instance" xmlns="http://www.loc.gov/standards/alto/ns-v2#" xmlns:page="http://schema.primaresearch.org/PAGE/gts/pagecontent/2013-07-15" xsi:schemaLocation="http://www.loc.gov/standards/alto/ns-v2# http://www.loc.gov/standards/alto/alto.xsd">
  <Description>
    <MeasurementUnit>mm10</MeasurementUnit>
    <sourceImageInformation>
         <fileName>Cat_Paris_1969-0016.jpg</fileName>
      </sourceImageInformation>
    <OCRProcessing ID="IdOcr">
      <ocrProcessingStep>
        <processingDateTime>2020-10-31T11:48:54.679+01:00</processingDateTime>
        <processingSoftware>
               <softwareCreator>CONTRIBUTORS</softwareCreator>
               <softwareName>pdfalto</softwareName>
               <softwareVersion>0.1</softwareVersion>
            </processingSoftware>
      </ocrProcessingStep>
    </OCRProcessing>
  </Description>
  <Styles>
   <TextStyle ID="FONT0" FONTFAMILY="unknown" FONTSIZE="unknown" FONTSTYLE=""/>
   <TextStyle ID="FONT1" FONTFAMILY="unknown" FONTSIZE="unknown" FONTSTYLE="bold"/>
   <TextStyle ID="FONT2" FONTFAMILY="unknown" FONTSIZE="unknown" FONTSTYLE="italics"/>
  </Styles>
  <Tags/>
  <Layout>
    <Page ID="Page1" PHYSICAL_IMG_NR="1" HEIGHT="2385" WIDTH="1030">
      <PrintSpace HEIGHT="2385" WIDTH="1004" VPOS="0" HPOS="1">
        <TextBlock ID="r_1_1" HEIGHT="56" WIDTH="657" VPOS="79" HPOS="275">
          <TextLine ID="tl_1" BASELINE="143" HEIGHT="71" WIDTH="667" VPOS="72" HPOS="270">
            <String HEIGHT="71" WIDTH="346" VPOS="72" HPOS="245" CONTENT="EXTRAIT" ID="tl_1_1" STYLEREFS="FONT1"/>
            <SP HEIGHT="71" WIDTH="25" VPOS="72" HPOS="591"/>
            <String HEIGHT="71" WIDTH="148" VPOS="72" HPOS="517" CONTENT="DU" ID="tl_1_2" STYLEREFS="FONT1"/>
            <SP HEIGHT="71" WIDTH="25" VPOS="72" HPOS="665"/>
            <String HEIGHT="71" WIDTH="371" VPOS="72" HPOS="566" CONTENT="REGLEMENT" ID="tl_1_3" STYLEREFS="FONT1"/>
          </TextLine>
        </TextBlock>
        <TextBlock ID="r_2_1" HEIGHT="376" WIDTH="887" VPOS="204" HPOS="58">
          <TextLine ID="tl_2" BASELINE="266" HEIGHT="69" WIDTH="888" VPOS="197" HPOS="53">
            <String HEIGHT="69" WIDTH="206" VPOS="197" HPOS="37" CONTENT="suivantes" ID="tl_2_1" STYLEREFS="FONT0"/>
            <SP HEIGHT="69" WIDTH="16" VPOS="197" HPOS="243"/>
            <String HEIGHT="69" WIDTH="143" VPOS="197" HPOS="196" CONTENT="s’ils" ID="tl_2_2" STYLEREFS="FONT0"/>
            <SP HEIGHT="69" WIDTH="16" VPOS="197" HPOS="338"/>
            <String HEIGHT="69" WIDTH="174" VPOS="197" HPOS="291" CONTENT="restent" ID="tl_2_3" STYLEREFS="FONT0"/>
            <SP HEIGHT="69" WIDTH="16" VPOS="197" HPOS="465"/>
            <String HEIGHT="69" WIDTH="127" VPOS="197" HPOS="418" CONTENT="dans" ID="tl_2_4" STYLEREFS="FONT0"/>
            <SP HEIGHT="69" WIDTH="16" VPOS="197" HPOS="545"/>
            <String HEIGHT="69" WIDTH="111" VPOS="197" HPOS="497" CONTENT="les" ID="tl_2_5" STYLEREFS="FONT0"/>
            <SP HEIGHT="69" WIDTH="16" VPOS="197" HPOS="608"/>
            <String HEIGHT="69" WIDTH="174" VPOS="197" HPOS="560" CONTENT="limites" ID="tl_2_6" STYLEREFS="FONT0"/>
            <SP HEIGHT="69" WIDTH="16" VPOS="197" HPOS="735"/>
            <String HEIGHT="69" WIDTH="143" VPOS="197" HPOS="687" CONTENT="d’âge" ID="tl_2_7" STYLEREFS="FONT0"/>
            <SP HEIGHT="69" WIDTH="16" VPOS="197" HPOS="830"/>
            <String HEIGHT="69" WIDTH="174" VPOS="197" HPOS="767" CONTENT="imposées." ID="tl_2_8" STYLEREFS="FONT0"/>
          </TextLine>
          <TextLine ID="tl_3" BASELINE="305" HEIGHT="48" WIDTH="887" VPOS="257" HPOS="55">
            <String HEIGHT="48" WIDTH="167" VPOS="257" HPOS="38" CONTENT="Chaque" ID="tl_3_1" STYLEREFS="FONT0"/>
            <SP HEIGHT="48" WIDTH="17" VPOS="257" HPOS="206"/>
            <String HEIGHT="48" WIDTH="134" VPOS="257" HPOS="155" CONTENT="pays" ID="tl_3_2" STYLEREFS="FONT0"/>
            <SP HEIGHT="48" WIDTH="17" VPOS="257" HPOS="289"/>
            <String HEIGHT="48" WIDTH="201" VPOS="257" HPOS="239" CONTENT="étranger" ID="tl_3_3" STYLEREFS="FONT0"/>
            <SP HEIGHT="48" WIDTH="17" VPOS="257" HPOS="440"/>
            <String HEIGHT="48" WIDTH="117" VPOS="257" HPOS="390" CONTENT="est" ID="tl_3_4" STYLEREFS="FONT0"/>
            <SP HEIGHT="48" WIDTH="17" VPOS="257" HPOS="507"/>
            <String HEIGHT="48" WIDTH="251" VPOS="257" HPOS="457" CONTENT="responsable" ID="tl_3_5" STYLEREFS="FONT0"/>
            <SP HEIGHT="48" WIDTH="17" VPOS="257" HPOS="708"/>
            <String HEIGHT="48" WIDTH="100" VPOS="257" HPOS="657" CONTENT="de" ID="tl_3_6" STYLEREFS="FONT0"/>
            <SP HEIGHT="48" WIDTH="17" VPOS="257" HPOS="758"/>
            <String HEIGHT="48" WIDTH="100" VPOS="257" HPOS="708" CONTENT="sa" ID="tl_3_7" STYLEREFS="FONT0"/>
            <SP HEIGHT="48" WIDTH="17" VPOS="257" HPOS="808"/>
            <String HEIGHT="48" WIDTH="201" VPOS="257" HPOS="741" CONTENT="sélection," ID="tl_3_8" STYLEREFS="FONT0"/>
          </TextLine>
          <TextLine ID="tl_4" BASELINE="337" HEIGHT="59" WIDTH="890" VPOS="278" HPOS="55">
            <String HEIGHT="59" WIDTH="125" VPOS="278" HPOS="39" CONTENT="sans" ID="tl_4_1" STYLEREFS="FONT0"/>
            <SP HEIGHT="59" WIDTH="16" VPOS="278" HPOS="164"/>
            <String HEIGHT="59" WIDTH="156" VPOS="278" HPOS="117" CONTENT="aucune" ID="tl_4_2" STYLEREFS="FONT0"/>
            <SP HEIGHT="59" WIDTH="16" VPOS="278" HPOS="274"/>
            <String HEIGHT="59" WIDTH="250" VPOS="278" HPOS="227" CONTENT="intervention" ID="tl_4_3" STYLEREFS="FONT0"/>
            <SP HEIGHT="59" WIDTH="16" VPOS="278" HPOS="477"/>
            <String HEIGHT="59" WIDTH="94" VPOS="278" HPOS="430" CONTENT="de" ID="tl_4_4" STYLEREFS="FONT0"/>
            <SP HEIGHT="59" WIDTH="16" VPOS="278" HPOS="523"/>
            <String HEIGHT="59" WIDTH="94" VPOS="278" HPOS="477" CONTENT="la" ID="tl_4_5" STYLEREFS="FONT0"/>
            <SP HEIGHT="59" WIDTH="16" VPOS="278" HPOS="570"/>
            <String HEIGHT="59" WIDTH="203" VPOS="278" HPOS="523" CONTENT="Biennale." ID="tl_4_6" STYLEREFS="FONT0"/>
            <SP HEIGHT="59" WIDTH="16" VPOS="278" HPOS="726"/>
            <String HEIGHT="59" WIDTH="203" VPOS="278" HPOS="680" CONTENT="Celle-ci," ID="tl_4_7" STYLEREFS="FONT0"/>
            <SP HEIGHT="59" WIDTH="16" VPOS="278" HPOS="883"/>
            <String HEIGHT="59" WIDTH="125" VPOS="278" HPOS="820" CONTENT="cepen" SUBS_TYPE="HypPart1" SUBS_CONTENT="cependant," ID="tl_4_8" STYLEREFS="FONT0"/>
            <HYP CONTENT="-"/>
          </TextLine>
          <TextLine ID="tl_5" BASELINE="373" HEIGHT="54" WIDTH="888" VPOS="319" HPOS="54">
            <String HEIGHT="54" WIDTH="157" VPOS="319" HPOS="37" CONTENT="dant," SUBS_TYPE="HypPart2" SUBS_CONTENT="cependant," ID="tl_5_1" STYLEREFS="FONT0"/>
            <SP HEIGHT="54" WIDTH="17" VPOS="319" HPOS="193"/>
            <String HEIGHT="54" WIDTH="139" VPOS="319" HPOS="141" CONTENT="émet" ID="tl_5_2" STYLEREFS="FONT0"/>
            <SP HEIGHT="54" WIDTH="17" VPOS="319" HPOS="280"/>
            <String HEIGHT="54" WIDTH="104" VPOS="319" HPOS="228" CONTENT="le" ID="tl_5_3" STYLEREFS="FONT0"/>
            <SP HEIGHT="54" WIDTH="17" VPOS="319" HPOS="333"/>
            <String HEIGHT="54" WIDTH="122" VPOS="319" HPOS="280" CONTENT="vœu" ID="tl_5_4" STYLEREFS="FONT0"/>
            <SP HEIGHT="54" WIDTH="17" VPOS="319" HPOS="402"/>
            <String HEIGHT="54" WIDTH="122" VPOS="319" HPOS="350" CONTENT="que" ID="tl_5_5" STYLEREFS="FONT0"/>
            <SP HEIGHT="54" WIDTH="17" VPOS="319" HPOS="472"/>
            <String HEIGHT="54" WIDTH="122" VPOS="319" HPOS="420" CONTENT="les" ID="tl_5_6" STYLEREFS="FONT0"/>
            <SP HEIGHT="54" WIDTH="17" VPOS="319" HPOS="542"/>
            <String HEIGHT="54" WIDTH="174" VPOS="319" HPOS="489" CONTENT="jeunes" ID="tl_5_7" STYLEREFS="FONT0"/>
            <SP HEIGHT="54" WIDTH="17" VPOS="319" HPOS="663"/>
            <String HEIGHT="54" WIDTH="174" VPOS="319" HPOS="611" CONTENT="soient" ID="tl_5_8" STYLEREFS="FONT0"/>
            <SP HEIGHT="54" WIDTH="17" VPOS="319" HPOS="785"/>
            <String HEIGHT="54" WIDTH="209" VPOS="319" HPOS="733" CONTENT="associés" ID="tl_5_9" STYLEREFS="FONT0"/>
            <SP HEIGHT="54" WIDTH="17" VPOS="319" HPOS="942"/>
            <String HEIGHT="54" WIDTH="70" VPOS="319" HPOS="872" CONTENT="au" ID="tl_5_10" STYLEREFS="FONT0"/>
          </TextLine>
          <TextLine ID="tl_6" BASELINE="406" HEIGHT="49" WIDTH="888" VPOS="357" HPOS="56">
            <String HEIGHT="49" WIDTH="135" VPOS="357" HPOS="41" CONTENT="choix" ID="tl_6_1" STYLEREFS="FONT0"/>
            <SP HEIGHT="49" WIDTH="15" VPOS="357" HPOS="176"/>
            <String HEIGHT="49" WIDTH="241" VPOS="357" HPOS="131" CONTENT="représentant" ID="tl_6_2" STYLEREFS="FONT0"/>
            <SP HEIGHT="49" WIDTH="15" VPOS="357" HPOS="372"/>
            <String HEIGHT="49" WIDTH="120" VPOS="357" HPOS="327" CONTENT="leur" ID="tl_6_3" STYLEREFS="FONT0"/>
            <SP HEIGHT="49" WIDTH="15" VPOS="357" HPOS="447"/>
            <String HEIGHT="49" WIDTH="120" VPOS="357" HPOS="402" CONTENT="pays" ID="tl_6_4" STYLEREFS="FONT0"/>
            <SP HEIGHT="49" WIDTH="15" VPOS="357" HPOS="523"/>
            <String HEIGHT="49" WIDTH="120" VPOS="357" HPOS="477" CONTENT="dans" ID="tl_6_5" STYLEREFS="FONT0"/>
            <SP HEIGHT="49" WIDTH="15" VPOS="357" HPOS="598"/>
            <String HEIGHT="49" WIDTH="105" VPOS="357" HPOS="553" CONTENT="les" ID="tl_6_6" STYLEREFS="FONT0"/>
            <SP HEIGHT="49" WIDTH="15" VPOS="357" HPOS="658"/>
            <String HEIGHT="49" WIDTH="226" VPOS="357" HPOS="613" CONTENT="différentes" ID="tl_6_7" STYLEREFS="FONT0"/>
            <SP HEIGHT="49" WIDTH="15" VPOS="357" HPOS="839"/>
            <String HEIGHT="49" WIDTH="166" VPOS="357" HPOS="778" CONTENT="sections." ID="tl_6_8" STYLEREFS="FONT0"/>
          </TextLine>
          <TextLine ID="tl_7" BASELINE="449" HEIGHT="54" WIDTH="888" VPOS="395" HPOS="57">
            <String HEIGHT="54" WIDTH="101" VPOS="395" HPOS="40" CONTENT="Le" ID="tl_7_1" STYLEREFS="FONT0"/>
            <SP HEIGHT="54" WIDTH="17" VPOS="395" HPOS="141"/>
            <String HEIGHT="54" WIDTH="184" VPOS="395" HPOS="91" CONTENT="Conseil" ID="tl_7_2" STYLEREFS="FONT0"/>
            <SP HEIGHT="54" WIDTH="17" VPOS="395" HPOS="275"/>
            <String HEIGHT="54" WIDTH="335" VPOS="395" HPOS="225" CONTENT="d’Administration" ID="tl_7_3" STYLEREFS="FONT0"/>
            <SP HEIGHT="54" WIDTH="17" VPOS="395" HPOS="560"/>
            <String HEIGHT="54" WIDTH="101" VPOS="395" HPOS="509" CONTENT="se" ID="tl_7_4" STYLEREFS="FONT0"/>
            <SP HEIGHT="54" WIDTH="17" VPOS="395" HPOS="610"/>
            <String HEIGHT="54" WIDTH="201" VPOS="395" HPOS="560" CONTENT="réserve," ID="tl_7_5" STYLEREFS="FONT0"/>
            <SP HEIGHT="54" WIDTH="17" VPOS="395" HPOS="761"/>
            <String HEIGHT="54" WIDTH="235" VPOS="395" HPOS="710" CONTENT="cependant," ID="tl_7_6" STYLEREFS="FONT0"/>
            <SP HEIGHT="54" WIDTH="17" VPOS="395" HPOS="945"/>
            <String HEIGHT="54" WIDTH="67" VPOS="395" HPOS="878" CONTENT="la" ID="tl_7_7" STYLEREFS="FONT0"/>
          </TextLine>
          <TextLine ID="tl_8" BASELINE="483" HEIGHT="58" WIDTH="892" VPOS="425" HPOS="56">
            <String HEIGHT="58" WIDTH="169" VPOS="425" HPOS="41" CONTENT="faculté" ID="tl_8_1" STYLEREFS="FONT0"/>
            <SP HEIGHT="58" WIDTH="15" VPOS="425" HPOS="210"/>
            <String HEIGHT="58" WIDTH="200" VPOS="425" HPOS="164" CONTENT="d’exclure" ID="tl_8_2" STYLEREFS="FONT0"/>
            <SP HEIGHT="58" WIDTH="15" VPOS="425" HPOS="364"/>
            <String HEIGHT="58" WIDTH="92" VPOS="425" HPOS="317" CONTENT="de" ID="tl_8_3" STYLEREFS="FONT0"/>
            <SP HEIGHT="58" WIDTH="15" VPOS="425" HPOS="410"/>
            <String HEIGHT="58" WIDTH="92" VPOS="425" HPOS="364" CONTENT="la" ID="tl_8_4" STYLEREFS="FONT0"/>
            <SP HEIGHT="58" WIDTH="15" VPOS="425" HPOS="456"/>
            <String HEIGHT="58" WIDTH="185" VPOS="425" HPOS="410" CONTENT="Biennale" ID="tl_8_5" STYLEREFS="FONT0"/>
            <SP HEIGHT="58" WIDTH="15" VPOS="425" HPOS="594"/>
            <String HEIGHT="58" WIDTH="108" VPOS="425" HPOS="548" CONTENT="les" ID="tl_8_6" STYLEREFS="FONT0"/>
            <SP HEIGHT="58" WIDTH="15" VPOS="425" HPOS="656"/>
            <String HEIGHT="58" WIDTH="154" VPOS="425" HPOS="610" CONTENT="œuvres" ID="tl_8_7" STYLEREFS="FONT0"/>
            <SP HEIGHT="58" WIDTH="15" VPOS="425" HPOS="763"/>
            <String HEIGHT="58" WIDTH="108" VPOS="425" HPOS="717" CONTENT="qui" ID="tl_8_8" STYLEREFS="FONT0"/>
            <SP HEIGHT="58" WIDTH="15" VPOS="425" HPOS="825"/>
            <String HEIGHT="58" WIDTH="185" VPOS="425" HPOS="763" CONTENT="pourraient" ID="tl_8_9" STYLEREFS="FONT0"/>
          </TextLine>
          <TextLine ID="tl_9" BASELINE="515" HEIGHT="53" WIDTH="891" VPOS="462" HPOS="57">
            <String HEIGHT="53" WIDTH="132" VPOS="462" HPOS="41" CONTENT="être" ID="tl_9_1" STYLEREFS="FONT0"/>
            <SP HEIGHT="53" WIDTH="17" VPOS="462" HPOS="173"/>
            <String HEIGHT="53" WIDTH="248" VPOS="462" HPOS="123" CONTENT="considérées" ID="tl_9_2" STYLEREFS="FONT0"/>
            <SP HEIGHT="53" WIDTH="17" VPOS="462" HPOS="371"/>
            <String HEIGHT="53" WIDTH="149" VPOS="462" HPOS="321" CONTENT="comme" ID="tl_9_3" STYLEREFS="FONT0"/>
            <SP HEIGHT="53" WIDTH="17" VPOS="462" HPOS="470"/>
            <String HEIGHT="53" WIDTH="248" VPOS="462" HPOS="420" CONTENT="offensantes" ID="tl_9_4" STYLEREFS="FONT0"/>
            <SP HEIGHT="53" WIDTH="17" VPOS="462" HPOS="668"/>
            <String HEIGHT="53" WIDTH="132" VPOS="462" HPOS="618" CONTENT="pour" ID="tl_9_5" STYLEREFS="FONT0"/>
            <SP HEIGHT="53" WIDTH="17" VPOS="462" HPOS="750"/>
            <String HEIGHT="53" WIDTH="99" VPOS="462" HPOS="701" CONTENT="la" ID="tl_9_6" STYLEREFS="FONT0"/>
            <SP HEIGHT="53" WIDTH="17" VPOS="462" HPOS="800"/>
            <String HEIGHT="53" WIDTH="182" VPOS="462" HPOS="750" CONTENT="morale," ID="tl_9_7" STYLEREFS="FONT0"/>
            <SP HEIGHT="53" WIDTH="17" VPOS="462" HPOS="932"/>
            <String HEIGHT="53" WIDTH="83" VPOS="462" HPOS="866" CONTENT="les" ID="tl_9_8" STYLEREFS="FONT0"/>
          </TextLine>
          <TextLine ID="tl_10" BASELINE="548" HEIGHT="56" WIDTH="891" VPOS="492" HPOS="59">
            <String HEIGHT="56" WIDTH="275" VPOS="492" HPOS="43" CONTENT="institutions," ID="tl_10_1" STYLEREFS="FONT0"/>
            <SP HEIGHT="56" WIDTH="16" VPOS="492" HPOS="318"/>
            <String HEIGHT="56" WIDTH="113" VPOS="492" HPOS="270" CONTENT="les" ID="tl_10_2" STYLEREFS="FONT0"/>
            <SP HEIGHT="56" WIDTH="16" VPOS="492" HPOS="383"/>
            <String HEIGHT="56" WIDTH="227" VPOS="492" HPOS="334" CONTENT="sentiments" ID="tl_10_3" STYLEREFS="FONT0"/>
            <SP HEIGHT="56" WIDTH="16" VPOS="492" HPOS="561"/>
            <String HEIGHT="56" WIDTH="211" VPOS="492" HPOS="513" CONTENT="religieux" ID="tl_10_4" STYLEREFS="FONT0"/>
            <SP HEIGHT="56" WIDTH="16" VPOS="492" HPOS="723"/>
            <String HEIGHT="56" WIDTH="97" VPOS="492" HPOS="675" CONTENT="ou" ID="tl_10_5" STYLEREFS="FONT0"/>
            <SP HEIGHT="56" WIDTH="16" VPOS="492" HPOS="772"/>
            <String HEIGHT="56" WIDTH="211" VPOS="492" HPOS="723" CONTENT="nationaux" ID="tl_10_6" STYLEREFS="FONT0"/>
            <SP HEIGHT="56" WIDTH="16" VPOS="492" HPOS="934"/>
            <String HEIGHT="56" WIDTH="81" VPOS="492" HPOS="869" CONTENT="des" ID="tl_10_7" STYLEREFS="FONT0"/>
          </TextLine>
          <TextLine ID="tl_11" BASELINE="591" HEIGHT="51" WIDTH="243" VPOS="540" HPOS="57">
            <String HEIGHT="51" WIDTH="213" VPOS="540" HPOS="42" CONTENT="différents" ID="tl_11_1" STYLEREFS="FONT0"/>
            <SP HEIGHT="51" WIDTH="15" VPOS="540" HPOS="254"/>
            <String HEIGHT="51" WIDTH="106" VPOS="540" HPOS="194" CONTENT="pays." ID="tl_11_2" STYLEREFS="FONT0"/>
          </TextLine>
        </TextBlock>
        <TextBlock ID="r_2_2" HEIGHT="47" WIDTH="575" VPOS="616" HPOS="65">
          <TextLine ID="tl_12" BASELINE="664" HEIGHT="53" WIDTH="584" VPOS="611" HPOS="60">
            <String HEIGHT="53" WIDTH="184" VPOS="611" HPOS="43" CONTENT="Article" ID="tl_12_1" STYLEREFS="FONT0"/>
            <SP HEIGHT="53" WIDTH="17" VPOS="611" HPOS="227"/>
            <String HEIGHT="53" WIDTH="83" VPOS="611" HPOS="177" CONTENT="5" ID="tl_12_2" STYLEREFS="FONT0"/>
            <SP HEIGHT="53" WIDTH="17" VPOS="611" HPOS="260"/>
            <String HEIGHT="53" WIDTH="83" VPOS="611" HPOS="210" CONTENT="—" ID="tl_12_3" STYLEREFS="FONT0"/>
            <SP HEIGHT="53" WIDTH="17" VPOS="611" HPOS="294"/>
            <String HEIGHT="53" WIDTH="184" VPOS="611" HPOS="244" CONTENT="Bourses" ID="tl_12_4" STYLEREFS="FONT0"/>
            <SP HEIGHT="53" WIDTH="17" VPOS="611" HPOS="427"/>
            <String HEIGHT="53" WIDTH="100" VPOS="611" HPOS="377" CONTENT="et" ID="tl_12_5" STYLEREFS="FONT0"/>
            <SP HEIGHT="53" WIDTH="17" VPOS="611" HPOS="477"/>
            <String HEIGHT="53" WIDTH="234" VPOS="611" HPOS="410" CONTENT="récompenses." ID="tl_12_6" STYLEREFS="FONT0"/>
          </TextLine>
        </TextBlock>
        <TextBlock ID="r_2_3" HEIGHT="255" WIDTH="886" VPOS="665" HPOS="67">
          <TextLine ID="tl_13" BASELINE="721" HEIGHT="70" WIDTH="892" VPOS="651" HPOS="62">
            <String HEIGHT="70" WIDTH="132" VPOS="651" HPOS="45" CONTENT="Pour" ID="tl_13_1" STYLEREFS="FONT0"/>
            <SP HEIGHT="70" WIDTH="17" VPOS="651" HPOS="178"/>
            <String HEIGHT="70" WIDTH="165" VPOS="651" HPOS="128" CONTENT="chaque" ID="tl_13_2" STYLEREFS="FONT0"/>
            <SP HEIGHT="70" WIDTH="17" VPOS="651" HPOS="293"/>
            <String HEIGHT="70" WIDTH="198" VPOS="651" HPOS="244" CONTENT="section," ID="tl_13_3" STYLEREFS="FONT0"/>
            <SP HEIGHT="70" WIDTH="17" VPOS="651" HPOS="442"/>
            <String HEIGHT="70" WIDTH="99" VPOS="651" HPOS="392" CONTENT="un" ID="tl_13_4" STYLEREFS="FONT0"/>
            <SP HEIGHT="70" WIDTH="17" VPOS="651" HPOS="491"/>
            <String HEIGHT="70" WIDTH="132" VPOS="651" HPOS="442" CONTENT="jury" ID="tl_13_5" STYLEREFS="FONT0"/>
            <SP HEIGHT="70" WIDTH="17" VPOS="651" HPOS="574"/>
            <String HEIGHT="70" WIDTH="297" VPOS="651" HPOS="525" CONTENT="international," ID="tl_13_6" STYLEREFS="FONT0"/>
            <SP HEIGHT="70" WIDTH="17" VPOS="651" HPOS="822"/>
            <String HEIGHT="70" WIDTH="182" VPOS="651" HPOS="772" CONTENT="composé" ID="tl_13_7" STYLEREFS="FONT0"/>
            <SP HEIGHT="70" WIDTH="17" VPOS="651" HPOS="954"/>
            <String HEIGHT="70" WIDTH="66" VPOS="651" HPOS="888" CONTENT="de" ID="tl_13_8" STYLEREFS="FONT0"/>
          </TextLine>
          <TextLine ID="tl_14" BASELINE="756" HEIGHT="62" WIDTH="892" VPOS="694" HPOS="62">
            <String HEIGHT="62" WIDTH="281" VPOS="694" HPOS="45" CONTENT="personnalités" ID="tl_14_1" STYLEREFS="FONT0"/>
            <SP HEIGHT="62" WIDTH="17" VPOS="694" HPOS="326"/>
            <String HEIGHT="62" WIDTH="182" VPOS="694" HPOS="277" CONTENT="nommées" ID="tl_14_2" STYLEREFS="FONT0"/>
            <SP HEIGHT="62" WIDTH="17" VPOS="694" HPOS="458"/>
            <String HEIGHT="62" WIDTH="116" VPOS="694" HPOS="409" CONTENT="par" ID="tl_14_3" STYLEREFS="FONT0"/>
            <SP HEIGHT="62" WIDTH="17" VPOS="694" HPOS="525"/>
            <String HEIGHT="62" WIDTH="99" VPOS="694" HPOS="475" CONTENT="le" ID="tl_14_4" STYLEREFS="FONT0"/>
            <SP HEIGHT="62" WIDTH="17" VPOS="694" HPOS="574"/>
            <String HEIGHT="62" WIDTH="182" VPOS="694" HPOS="525" CONTENT="Conseil" ID="tl_14_5" STYLEREFS="FONT0"/>
            <SP HEIGHT="62" WIDTH="17" VPOS="694" HPOS="706"/>
            <String HEIGHT="62" WIDTH="314" VPOS="694" HPOS="640" CONTENT="d’Administration," ID="tl_14_6" STYLEREFS="FONT0"/>
          </TextLine>
          <TextLine ID="tl_15" BASELINE="789" HEIGHT="52" WIDTH="891" VPOS="737" HPOS="63">
            <String HEIGHT="52" WIDTH="95" VPOS="737" HPOS="47" CONTENT="se" ID="tl_15_1" STYLEREFS="FONT0"/>
            <SP HEIGHT="52" WIDTH="16" VPOS="737" HPOS="143"/>
            <String HEIGHT="52" WIDTH="175" VPOS="737" HPOS="95" CONTENT="réunira" ID="tl_15_2" STYLEREFS="FONT0"/>
            <SP HEIGHT="52" WIDTH="16" VPOS="737" HPOS="270"/>
            <String HEIGHT="52" WIDTH="175" VPOS="737" HPOS="222" CONTENT="pendant" ID="tl_15_3" STYLEREFS="FONT0"/>
            <SP HEIGHT="52" WIDTH="16" VPOS="737" HPOS="397"/>
            <String HEIGHT="52" WIDTH="95" VPOS="737" HPOS="349" CONTENT="la" ID="tl_15_4" STYLEREFS="FONT0"/>
            <SP HEIGHT="52" WIDTH="16" VPOS="737" HPOS="445"/>
            <String HEIGHT="52" WIDTH="191" VPOS="737" HPOS="397" CONTENT="Biennale" ID="tl_15_5" STYLEREFS="FONT0"/>
            <SP HEIGHT="52" WIDTH="16" VPOS="737" HPOS="588"/>
            <String HEIGHT="52" WIDTH="95" VPOS="737" HPOS="540" CONTENT="et" ID="tl_15_6" STYLEREFS="FONT0"/>
            <SP HEIGHT="52" WIDTH="16" VPOS="737" HPOS="636"/>
            <String HEIGHT="52" WIDTH="223" VPOS="737" HPOS="588" CONTENT="attribuera" ID="tl_15_7" STYLEREFS="FONT0"/>
            <SP HEIGHT="52" WIDTH="16" VPOS="737" HPOS="811"/>
            <String HEIGHT="52" WIDTH="111" VPOS="737" HPOS="763" CONTENT="des" ID="tl_15_8" STYLEREFS="FONT0"/>
            <SP HEIGHT="52" WIDTH="16" VPOS="737" HPOS="874"/>
            <String HEIGHT="52" WIDTH="143" VPOS="737" HPOS="811" CONTENT="bourses" ID="tl_15_9" STYLEREFS="FONT0"/>
          </TextLine>
          <TextLine ID="tl_16" BASELINE="821" HEIGHT="47" WIDTH="892" VPOS="774" HPOS="64">
            <String HEIGHT="47" WIDTH="101" VPOS="774" HPOS="47" CONTENT="et" ID="tl_16_1" STYLEREFS="FONT0"/>
            <SP HEIGHT="47" WIDTH="17" VPOS="774" HPOS="148"/>
            <String HEIGHT="47" WIDTH="252" VPOS="774" HPOS="98" CONTENT="récompenses" ID="tl_16_2" STYLEREFS="FONT0"/>
            <SP HEIGHT="47" WIDTH="17" VPOS="774" HPOS="350"/>
            <String HEIGHT="47" WIDTH="118" VPOS="774" HPOS="300" CONTENT="aux" ID="tl_16_3" STYLEREFS="FONT0"/>
            <SP HEIGHT="47" WIDTH="17" VPOS="774" HPOS="417"/>
            <String HEIGHT="47" WIDTH="202" VPOS="774" HPOS="367" CONTENT="artistes" ID="tl_16_4" STYLEREFS="FONT0"/>
            <SP HEIGHT="47" WIDTH="17" VPOS="774" HPOS="569"/>
            <String HEIGHT="47" WIDTH="219" VPOS="774" HPOS="518" CONTENT="étrangers" ID="tl_16_5" STYLEREFS="FONT0"/>
            <SP HEIGHT="47" WIDTH="17" VPOS="774" HPOS="737"/>
            <String HEIGHT="47" WIDTH="101" VPOS="774" HPOS="687" CONTENT="et" ID="tl_16_6" STYLEREFS="FONT0"/>
            <SP HEIGHT="47" WIDTH="17" VPOS="774" HPOS="788"/>
            <String HEIGHT="47" WIDTH="219" VPOS="774" HPOS="737" CONTENT="français." ID="tl_16_7" STYLEREFS="FONT0"/>
            <SP HEIGHT="47" WIDTH="17" VPOS="774" HPOS="956"/>
            <String HEIGHT="47" WIDTH="67" VPOS="774" HPOS="889" CONTENT="Ce" ID="tl_16_8" STYLEREFS="FONT0"/>
          </TextLine>
          <TextLine ID="tl_17" BASELINE="857" HEIGHT="60" WIDTH="895" VPOS="797" HPOS="63">
            <String HEIGHT="60" WIDTH="143" VPOS="797" HPOS="45" CONTENT="jury" ID="tl_17_1" STYLEREFS="FONT0"/>
            <SP HEIGHT="60" WIDTH="18" VPOS="797" HPOS="188"/>
            <String HEIGHT="60" WIDTH="143" VPOS="797" HPOS="135" CONTENT="sera" ID="tl_17_2" STYLEREFS="FONT0"/>
            <SP HEIGHT="60" WIDTH="18" VPOS="797" HPOS="278"/>
            <String HEIGHT="60" WIDTH="197" VPOS="797" HPOS="224" CONTENT="composé" ID="tl_17_3" STYLEREFS="FONT0"/>
            <SP HEIGHT="60" WIDTH="18" VPOS="797" HPOS="421"/>
            <String HEIGHT="60" WIDTH="143" VPOS="797" HPOS="367" CONTENT="d’au" ID="tl_17_4" STYLEREFS="FONT0"/>
            <SP HEIGHT="60" WIDTH="18" VPOS="797" HPOS="511"/>
            <String HEIGHT="60" WIDTH="161" VPOS="797" HPOS="457" CONTENT="moins" ID="tl_17_5" STYLEREFS="FONT0"/>
            <SP HEIGHT="60" WIDTH="18" VPOS="797" HPOS="618"/>
            <String HEIGHT="60" WIDTH="143" VPOS="797" HPOS="564" CONTENT="deux" ID="tl_17_6" STYLEREFS="FONT0"/>
            <SP HEIGHT="60" WIDTH="18" VPOS="797" HPOS="707"/>
            <String HEIGHT="60" WIDTH="161" VPOS="797" HPOS="654" CONTENT="tiers" ID="tl_17_7" STYLEREFS="FONT0"/>
            <SP HEIGHT="60" WIDTH="18" VPOS="797" HPOS="815"/>
            <String HEIGHT="60" WIDTH="107" VPOS="797" HPOS="761" CONTENT="de" ID="tl_17_8" STYLEREFS="FONT0"/>
            <SP HEIGHT="60" WIDTH="18" VPOS="797" HPOS="869"/>
            <String HEIGHT="60" WIDTH="161" VPOS="797" HPOS="797" CONTENT="membres" ID="tl_17_9" STYLEREFS="FONT0"/>
          </TextLine>
          <TextLine ID="tl_18" BASELINE="884" HEIGHT="51" WIDTH="893" VPOS="833" HPOS="65">
            <String HEIGHT="51" WIDTH="245" VPOS="833" HPOS="47" CONTENT="étrangers." ID="tl_18_1" STYLEREFS="FONT0"/>
            <SP HEIGHT="51" WIDTH="18" VPOS="833" HPOS="293"/>
            <String HEIGHT="51" WIDTH="123" VPOS="833" HPOS="240" CONTENT="Les" ID="tl_18_2" STYLEREFS="FONT0"/>
            <SP HEIGHT="51" WIDTH="18" VPOS="833" HPOS="363"/>
            <String HEIGHT="51" WIDTH="280" VPOS="833" HPOS="310" CONTENT="commissaires" ID="tl_18_3" STYLEREFS="FONT0"/>
            <SP HEIGHT="51" WIDTH="18" VPOS="833" HPOS="590"/>
            <String HEIGHT="51" WIDTH="210" VPOS="833" HPOS="538" CONTENT="généraux" ID="tl_18_4" STYLEREFS="FONT0"/>
            <SP HEIGHT="51" WIDTH="18" VPOS="833" HPOS="748"/>
            <String HEIGHT="51" WIDTH="105" VPOS="833" HPOS="695" CONTENT="de" ID="tl_18_5" STYLEREFS="FONT0"/>
            <SP HEIGHT="51" WIDTH="18" VPOS="833" HPOS="800"/>
            <String HEIGHT="51" WIDTH="175" VPOS="833" HPOS="748" CONTENT="chaque" ID="tl_18_6" STYLEREFS="FONT0"/>
            <SP HEIGHT="51" WIDTH="18" VPOS="833" HPOS="923"/>
            <String HEIGHT="51" WIDTH="105" VPOS="833" HPOS="853" CONTENT="pays" ID="tl_18_7" STYLEREFS="FONT0"/>
          </TextLine>
          <TextLine ID="tl_19" BASELINE="918" HEIGHT="47" WIDTH="612" VPOS="871" HPOS="67">
            <String HEIGHT="47" WIDTH="94" VPOS="871" HPOS="51" CONTENT="ne" ID="tl_19_1" STYLEREFS="FONT0"/>
            <SP HEIGHT="47" WIDTH="16" VPOS="871" HPOS="145"/>
            <String HEIGHT="47" WIDTH="188" VPOS="871" HPOS="98" CONTENT="pourront" ID="tl_19_2" STYLEREFS="FONT0"/>
            <SP HEIGHT="47" WIDTH="16" VPOS="871" HPOS="287"/>
            <String HEIGHT="47" WIDTH="110" VPOS="871" HPOS="240" CONTENT="pas" ID="tl_19_3" STYLEREFS="FONT0"/>
            <SP HEIGHT="47" WIDTH="16" VPOS="871" HPOS="349"/>
            <String HEIGHT="47" WIDTH="141" VPOS="871" HPOS="302" CONTENT="faire" ID="tl_19_4" STYLEREFS="FONT0"/>
            <SP HEIGHT="47" WIDTH="16" VPOS="871" HPOS="444"/>
            <String HEIGHT="47" WIDTH="157" VPOS="871" HPOS="397" CONTENT="partie" ID="tl_19_5" STYLEREFS="FONT0"/>
            <SP HEIGHT="47" WIDTH="16" VPOS="871" HPOS="553"/>
            <String HEIGHT="47" WIDTH="110" VPOS="871" HPOS="506" CONTENT="des" ID="tl_19_6" STYLEREFS="FONT0"/>
            <SP HEIGHT="47" WIDTH="16" VPOS="871" HPOS="616"/>
            <String HEIGHT="47" WIDTH="126" VPOS="871" HPOS="553" CONTENT="jurys." ID="tl_19_7" STYLEREFS="FONT0"/>
          </TextLine>
        </TextBlock>
        <TextBlock ID="r_2_4" HEIGHT="53" WIDTH="880" VPOS="914" HPOS="74">
          <TextLine ID="tl_20" BASELINE="967" HEIGHT="58" WIDTH="890" VPOS="909" HPOS="69">
            <String HEIGHT="58" WIDTH="109" VPOS="909" HPOS="53" CONTENT="Les" ID="tl_20_1" STYLEREFS="FONT0"/>
            <SP HEIGHT="58" WIDTH="16" VPOS="909" HPOS="163"/>
            <String HEIGHT="58" WIDTH="203" VPOS="909" HPOS="116" CONTENT="décisions" ID="tl_20_2" STYLEREFS="FONT0"/>
            <SP HEIGHT="58" WIDTH="16" VPOS="909" HPOS="319"/>
            <String HEIGHT="58" WIDTH="109" VPOS="909" HPOS="272" CONTENT="des" ID="tl_20_3" STYLEREFS="FONT0"/>
            <SP HEIGHT="58" WIDTH="16" VPOS="909" HPOS="381"/>
            <String HEIGHT="58" WIDTH="141" VPOS="909" HPOS="334" CONTENT="jurys" ID="tl_20_4" STYLEREFS="FONT0"/>
            <SP HEIGHT="58" WIDTH="16" VPOS="909" HPOS="475"/>
            <String HEIGHT="58" WIDTH="281" VPOS="909" HPOS="428" CONTENT="internationaux" ID="tl_20_5" STYLEREFS="FONT0"/>
            <SP HEIGHT="58" WIDTH="16" VPOS="909" HPOS="709"/>
            <String HEIGHT="58" WIDTH="125" VPOS="909" HPOS="662" CONTENT="sont" ID="tl_20_6" STYLEREFS="FONT0"/>
            <SP HEIGHT="58" WIDTH="16" VPOS="909" HPOS="787"/>
            <String HEIGHT="58" WIDTH="125" VPOS="909" HPOS="740" CONTENT="sans" ID="tl_20_7" STYLEREFS="FONT0"/>
            <SP HEIGHT="58" WIDTH="16" VPOS="909" HPOS="865"/>
            <String HEIGHT="58" WIDTH="156" VPOS="909" HPOS="803" CONTENT="recours." ID="tl_20_8" STYLEREFS="FONT0"/>
          </TextLine>
        </TextBlock>
        <TextBlock ID="r_2_5" HEIGHT="189" WIDTH="884" VPOS="959" HPOS="74">
          <TextLine ID="tl_21" BASELINE="1019" HEIGHT="68" WIDTH="890" VPOS="951" HPOS="69">
            <String HEIGHT="68" WIDTH="111" VPOS="951" HPOS="53" CONTENT="Les" ID="tl_21_1" STYLEREFS="FONT0"/>
            <SP HEIGHT="68" WIDTH="16" VPOS="951" HPOS="164"/>
            <String HEIGHT="68" WIDTH="143" VPOS="951" HPOS="117" CONTENT="jurys" ID="tl_21_2" STYLEREFS="FONT0"/>
            <SP HEIGHT="68" WIDTH="16" VPOS="951" HPOS="260"/>
            <String HEIGHT="68" WIDTH="111" VPOS="951" HPOS="212" CONTENT="ont" ID="tl_21_3" STYLEREFS="FONT0"/>
            <SP HEIGHT="68" WIDTH="16" VPOS="951" HPOS="323"/>
            <String HEIGHT="68" WIDTH="95" VPOS="951" HPOS="276" CONTENT="la" ID="tl_21_4" STYLEREFS="FONT0"/>
            <SP HEIGHT="68" WIDTH="16" VPOS="951" HPOS="371"/>
            <String HEIGHT="68" WIDTH="175" VPOS="951" HPOS="323" CONTENT="faculté" ID="tl_21_5" STYLEREFS="FONT0"/>
            <SP HEIGHT="68" WIDTH="16" VPOS="951" HPOS="498"/>
            <String HEIGHT="68" WIDTH="95" VPOS="951" HPOS="450" CONTENT="de" ID="tl_21_6" STYLEREFS="FONT0"/>
            <SP HEIGHT="68" WIDTH="16" VPOS="951" HPOS="546"/>
            <String HEIGHT="68" WIDTH="223" VPOS="951" HPOS="498" CONTENT="s’abstenir" ID="tl_21_7" STYLEREFS="FONT0"/>
            <SP HEIGHT="68" WIDTH="16" VPOS="951" HPOS="721"/>
            <String HEIGHT="68" WIDTH="95" VPOS="951" HPOS="673" CONTENT="de" ID="tl_21_8" STYLEREFS="FONT0"/>
            <SP HEIGHT="68" WIDTH="16" VPOS="951" HPOS="768"/>
            <String HEIGHT="68" WIDTH="223" VPOS="951" HPOS="721" CONTENT="distribuer" ID="tl_21_9" STYLEREFS="FONT0"/>
            <SP HEIGHT="68" WIDTH="16" VPOS="951" HPOS="943"/>
            <String HEIGHT="68" WIDTH="79" VPOS="951" HPOS="880" CONTENT="les" ID="tl_21_10" STYLEREFS="FONT0"/>
          </TextLine>
          <TextLine ID="tl_22" BASELINE="1047" HEIGHT="56" WIDTH="893" VPOS="991" HPOS="70">
            <String HEIGHT="56" WIDTH="253" VPOS="991" HPOS="53" CONTENT="récompenses" ID="tl_22_1" STYLEREFS="FONT0"/>
            <SP HEIGHT="56" WIDTH="17" VPOS="991" HPOS="306"/>
            <String HEIGHT="56" WIDTH="185" VPOS="991" HPOS="255" CONTENT="prêvues" ID="tl_22_2" STYLEREFS="FONT0"/>
            <SP HEIGHT="56" WIDTH="17" VPOS="991" HPOS="441"/>
            <String HEIGHT="56" WIDTH="118" VPOS="991" HPOS="390" CONTENT="et," ID="tl_22_3" STYLEREFS="FONT0"/>
            <SP HEIGHT="56" WIDTH="17" VPOS="991" HPOS="508"/>
            <String HEIGHT="56" WIDTH="135" VPOS="991" HPOS="458" CONTENT="dans" ID="tl_22_4" STYLEREFS="FONT0"/>
            <SP HEIGHT="56" WIDTH="17" VPOS="991" HPOS="592"/>
            <String HEIGHT="56" WIDTH="101" VPOS="991" HPOS="542" CONTENT="ce" ID="tl_22_5" STYLEREFS="FONT0"/>
            <SP HEIGHT="56" WIDTH="17" VPOS="991" HPOS="643"/>
            <String HEIGHT="56" WIDTH="135" VPOS="991" HPOS="592" CONTENT="cas," ID="tl_22_6" STYLEREFS="FONT0"/>
            <SP HEIGHT="56" WIDTH="17" VPOS="991" HPOS="727"/>
            <String HEIGHT="56" WIDTH="185" VPOS="991" HPOS="677" CONTENT="peuvent" ID="tl_22_7" STYLEREFS="FONT0"/>
            <SP HEIGHT="56" WIDTH="17" VPOS="991" HPOS="862"/>
            <String HEIGHT="56" WIDTH="168" VPOS="991" HPOS="795" CONTENT="proposer" ID="tl_22_8" STYLEREFS="FONT0"/>
          </TextLine>
          <TextLine ID="tl_23" BASELINE="1079" HEIGHT="54" WIDTH="894" VPOS="1025" HPOS="68">
            <String HEIGHT="54" WIDTH="110" VPOS="1025" HPOS="52" CONTENT="que" ID="tl_23_1" STYLEREFS="FONT0"/>
            <SP HEIGHT="54" WIDTH="16" VPOS="1025" HPOS="162"/>
            <String HEIGHT="54" WIDTH="110" VPOS="1025" HPOS="115" CONTENT="les" ID="tl_23_2" STYLEREFS="FONT0"/>
            <SP HEIGHT="54" WIDTH="16" VPOS="1025" HPOS="225"/>
            <String HEIGHT="54" WIDTH="157" VPOS="1025" HPOS="178" CONTENT="sommes" ID="tl_23_3" STYLEREFS="FONT0"/>
            <SP HEIGHT="54" WIDTH="16" VPOS="1025" HPOS="335"/>
            <String HEIGHT="54" WIDTH="173" VPOS="1025" HPOS="288" CONTENT="rendues" ID="tl_23_4" STYLEREFS="FONT0"/>
            <SP HEIGHT="54" WIDTH="16" VPOS="1025" HPOS="460"/>
            <String HEIGHT="54" WIDTH="141" VPOS="1025" HPOS="413" CONTENT="ainsi" ID="tl_23_5" STYLEREFS="FONT0"/>
            <SP HEIGHT="54" WIDTH="16" VPOS="1025" HPOS="554"/>
            <String HEIGHT="54" WIDTH="235" VPOS="1025" HPOS="507" CONTENT="disponibles" ID="tl_23_6" STYLEREFS="FONT0"/>
            <SP HEIGHT="54" WIDTH="16" VPOS="1025" HPOS="742"/>
            <String HEIGHT="54" WIDTH="157" VPOS="1025" HPOS="695" CONTENT="soient" ID="tl_23_7" STYLEREFS="FONT0"/>
            <SP HEIGHT="54" WIDTH="16" VPOS="1025" HPOS="852"/>
            <String HEIGHT="54" WIDTH="173" VPOS="1025" HPOS="789" CONTENT="utilisées" ID="tl_23_8" STYLEREFS="FONT0"/>
          </TextLine>
          <TextLine ID="tl_24" BASELINE="1111" HEIGHT="45" WIDTH="891" VPOS="1066" HPOS="70">
            <String HEIGHT="45" WIDTH="125" VPOS="1066" HPOS="54" CONTENT="sous" ID="tl_24_1" STYLEREFS="FONT0"/>
            <SP HEIGHT="45" WIDTH="16" VPOS="1066" HPOS="179"/>
            <String HEIGHT="45" WIDTH="109" VPOS="1066" HPOS="133" CONTENT="une" ID="tl_24_2" STYLEREFS="FONT0"/>
            <SP HEIGHT="45" WIDTH="16" VPOS="1066" HPOS="242"/>
            <String HEIGHT="45" WIDTH="141" VPOS="1066" HPOS="195" CONTENT="autre" ID="tl_24_3" STYLEREFS="FONT0"/>
            <SP HEIGHT="45" WIDTH="16" VPOS="1066" HPOS="336"/>
            <String HEIGHT="45" WIDTH="141" VPOS="1066" HPOS="289" CONTENT="forme" ID="tl_24_4" STYLEREFS="FONT0"/>
            <SP HEIGHT="45" WIDTH="16" VPOS="1066" HPOS="430"/>
            <String HEIGHT="45" WIDTH="94" VPOS="1066" HPOS="383" CONTENT="au" ID="tl_24_5" STYLEREFS="FONT0"/>
            <SP HEIGHT="45" WIDTH="16" VPOS="1066" HPOS="476"/>
            <String HEIGHT="45" WIDTH="156" VPOS="1066" HPOS="430" CONTENT="profit" ID="tl_24_6" STYLEREFS="FONT0"/>
            <SP HEIGHT="45" WIDTH="16" VPOS="1066" HPOS="586"/>
            <String HEIGHT="45" WIDTH="125" VPOS="1066" HPOS="539" CONTENT="d’un" ID="tl_24_7" STYLEREFS="FONT0"/>
            <SP HEIGHT="45" WIDTH="16" VPOS="1066" HPOS="664"/>
            <String HEIGHT="45" WIDTH="94" VPOS="1066" HPOS="617" CONTENT="ou" ID="tl_24_8" STYLEREFS="FONT0"/>
            <SP HEIGHT="45" WIDTH="16" VPOS="1066" HPOS="711"/>
            <String HEIGHT="45" WIDTH="203" VPOS="1066" HPOS="664" CONTENT="plusieurs" ID="tl_24_9" STYLEREFS="FONT0"/>
            <SP HEIGHT="45" WIDTH="16" VPOS="1066" HPOS="867"/>
            <String HEIGHT="45" WIDTH="156" VPOS="1066" HPOS="805" CONTENT="artistes" ID="tl_24_10" STYLEREFS="FONT0"/>
          </TextLine>
          <TextLine ID="tl_25" BASELINE="1158" HEIGHT="50" WIDTH="190" VPOS="1108" HPOS="71">
            <String HEIGHT="50" WIDTH="219" VPOS="1108" HPOS="42" CONTENT="participants." ID="tl_25_1" STYLEREFS="FONT0"/>
          </TextLine>
        </TextBlock>
        <TextBlock ID="r_2_6" HEIGHT="83" WIDTH="883" VPOS="1140" HPOS="77">
          <TextLine ID="tl_26" BASELINE="1191" HEIGHT="52" WIDTH="891" VPOS="1139" HPOS="74">
            <String HEIGHT="52" WIDTH="92" VPOS="1139" HPOS="59" CONTENT="Le" ID="tl_26_1" STYLEREFS="FONT0"/>
            <SP HEIGHT="52" WIDTH="15" VPOS="1139" HPOS="151"/>
            <String HEIGHT="52" WIDTH="169" VPOS="1139" HPOS="105" CONTENT="nombre," ID="tl_26_2" STYLEREFS="FONT0"/>
            <SP HEIGHT="52" WIDTH="15" VPOS="1139" HPOS="274"/>
            <String HEIGHT="52" WIDTH="92" VPOS="1139" HPOS="228" CONTENT="la" ID="tl_26_3" STYLEREFS="FONT0"/>
            <SP HEIGHT="52" WIDTH="15" VPOS="1139" HPOS="320"/>
            <String HEIGHT="52" WIDTH="230" VPOS="1139" HPOS="274" CONTENT="répartition" ID="tl_26_4" STYLEREFS="FONT0"/>
            <SP HEIGHT="52" WIDTH="15" VPOS="1139" HPOS="504"/>
            <String HEIGHT="52" WIDTH="92" VPOS="1139" HPOS="458" CONTENT="et" ID="tl_26_5" STYLEREFS="FONT0"/>
            <SP HEIGHT="52" WIDTH="15" VPOS="1139" HPOS="550"/>
            <String HEIGHT="52" WIDTH="92" VPOS="1139" HPOS="504" CONTENT="le" ID="tl_26_6" STYLEREFS="FONT0"/>
            <SP HEIGHT="52" WIDTH="15" VPOS="1139" HPOS="596"/>
            <String HEIGHT="52" WIDTH="169" VPOS="1139" HPOS="550" CONTENT="montant" ID="tl_26_7" STYLEREFS="FONT0"/>
            <SP HEIGHT="52" WIDTH="15" VPOS="1139" HPOS="719"/>
            <String HEIGHT="52" WIDTH="108" VPOS="1139" HPOS="673" CONTENT="des" ID="tl_26_8" STYLEREFS="FONT0"/>
            <SP HEIGHT="52" WIDTH="15" VPOS="1139" HPOS="781"/>
            <String HEIGHT="52" WIDTH="169" VPOS="1139" HPOS="735" CONTENT="bourses" ID="tl_26_9" STYLEREFS="FONT0"/>
            <SP HEIGHT="52" WIDTH="15" VPOS="1139" HPOS="904"/>
            <String HEIGHT="52" WIDTH="123" VPOS="1139" HPOS="842" CONTENT="seront" ID="tl_26_10" STYLEREFS="FONT0"/>
          </TextLine>
          <TextLine ID="tl_27" BASELINE="1234" HEIGHT="50" WIDTH="324" VPOS="1184" HPOS="71">
            <String HEIGHT="50" WIDTH="139" VPOS="1184" HPOS="56" CONTENT="fixés" ID="tl_27_1" STYLEREFS="FONT0"/>
            <SP HEIGHT="50" WIDTH="15" VPOS="1184" HPOS="194"/>
            <String HEIGHT="50" WIDTH="262" VPOS="1184" HPOS="133" CONTENT="ultérieurement." ID="tl_27_2" STYLEREFS="FONT0"/>
          </TextLine>
        </TextBlock>
        <TextBlock ID="r_2_7" HEIGHT="155" WIDTH="883" VPOS="1219" HPOS="79">
          <TextLine ID="tl_28" BASELINE="1270" HEIGHT="59" WIDTH="892" VPOS="1211" HPOS="75">
            <String HEIGHT="59" WIDTH="118" VPOS="1211" HPOS="58" CONTENT="Les" ID="tl_28_1" STYLEREFS="FONT0"/>
            <SP HEIGHT="59" WIDTH="17" VPOS="1211" HPOS="176"/>
            <String HEIGHT="59" WIDTH="185" VPOS="1211" HPOS="125" CONTENT="bourses" ID="tl_28_2" STYLEREFS="FONT0"/>
            <SP HEIGHT="59" WIDTH="17" VPOS="1211" HPOS="311"/>
            <String HEIGHT="59" WIDTH="219" VPOS="1211" HPOS="260" CONTENT="destinées" ID="tl_28_3" STYLEREFS="FONT0"/>
            <SP HEIGHT="59" WIDTH="17" VPOS="1211" HPOS="479"/>
            <String HEIGHT="59" WIDTH="118" VPOS="1211" HPOS="428" CONTENT="aux" ID="tl_28_4" STYLEREFS="FONT0"/>
            <SP HEIGHT="59" WIDTH="17" VPOS="1211" HPOS="546"/>
            <String HEIGHT="59" WIDTH="219" VPOS="1211" HPOS="496" CONTENT="étrangers" ID="tl_28_5" STYLEREFS="FONT0"/>
            <SP HEIGHT="59" WIDTH="17" VPOS="1211" HPOS="715"/>
            <String HEIGHT="59" WIDTH="168" VPOS="1211" HPOS="664" CONTENT="seront" ID="tl_28_6" STYLEREFS="FONT0"/>
            <SP HEIGHT="59" WIDTH="17" VPOS="1211" HPOS="832"/>
            <String HEIGHT="59" WIDTH="202" VPOS="1211" HPOS="765" CONTENT="attribuées" ID="tl_28_7" STYLEREFS="FONT0"/>
          </TextLine>
          <TextLine ID="tl_29" BASELINE="1307" HEIGHT="56" WIDTH="892" VPOS="1251" HPOS="74">
            <String HEIGHT="56" WIDTH="130" VPOS="1251" HPOS="58" CONTENT="sans" ID="tl_29_1" STYLEREFS="FONT0"/>
            <SP HEIGHT="56" WIDTH="16" VPOS="1251" HPOS="188"/>
            <String HEIGHT="56" WIDTH="146" VPOS="1251" HPOS="139" CONTENT="tenir" ID="tl_29_2" STYLEREFS="FONT0"/>
            <SP HEIGHT="56" WIDTH="16" VPOS="1251" HPOS="285"/>
            <String HEIGHT="56" WIDTH="162" VPOS="1251" HPOS="236" CONTENT="compte" ID="tl_29_3" STYLEREFS="FONT0"/>
            <SP HEIGHT="56" WIDTH="16" VPOS="1251" HPOS="398"/>
            <String HEIGHT="56" WIDTH="146" VPOS="1251" HPOS="350" CONTENT="d’une" ID="tl_29_4" STYLEREFS="FONT0"/>
            <SP HEIGHT="56" WIDTH="16" VPOS="1251" HPOS="496"/>
            <String HEIGHT="56" WIDTH="243" VPOS="1251" HPOS="447" CONTENT="répartition" ID="tl_29_5" STYLEREFS="FONT0"/>
            <SP HEIGHT="56" WIDTH="16" VPOS="1251" HPOS="690"/>
            <String HEIGHT="56" WIDTH="114" VPOS="1251" HPOS="642" CONTENT="par" ID="tl_29_6" STYLEREFS="FONT0"/>
            <SP HEIGHT="56" WIDTH="16" VPOS="1251" HPOS="755"/>
            <String HEIGHT="56" WIDTH="259" VPOS="1251" HPOS="707" CONTENT="nationalité;" ID="tl_29_7" STYLEREFS="FONT0"/>
            <SP HEIGHT="56" WIDTH="16" VPOS="1251" HPOS="966"/>
            <String HEIGHT="56" WIDTH="65" VPOS="1251" HPOS="901" CONTENT="il" ID="tl_29_8" STYLEREFS="FONT0"/>
          </TextLine>
          <TextLine ID="tl_30" BASELINE="1336" HEIGHT="48" WIDTH="890" VPOS="1288" HPOS="76">
            <String HEIGHT="48" WIDTH="111" VPOS="1288" HPOS="60" CONTENT="n’y" ID="tl_30_1" STYLEREFS="FONT0"/>
            <SP HEIGHT="48" WIDTH="16" VPOS="1288" HPOS="171"/>
            <String HEIGHT="48" WIDTH="127" VPOS="1288" HPOS="124" CONTENT="aura" ID="tl_30_2" STYLEREFS="FONT0"/>
            <SP HEIGHT="48" WIDTH="16" VPOS="1288" HPOS="251"/>
            <String HEIGHT="48" WIDTH="111" VPOS="1288" HPOS="203" CONTENT="nul" ID="tl_30_3" STYLEREFS="FONT0"/>
            <SP HEIGHT="48" WIDTH="16" VPOS="1288" HPOS="314"/>
            <String HEIGHT="48" WIDTH="254" VPOS="1288" HPOS="267" CONTENT="inconvénient" ID="tl_30_4" STYLEREFS="FONT0"/>
            <SP HEIGHT="48" WIDTH="16" VPOS="1288" HPOS="521"/>
            <String HEIGHT="48" WIDTH="79" VPOS="1288" HPOS="473" CONTENT="à" ID="tl_30_5" STYLEREFS="FONT0"/>
            <SP HEIGHT="48" WIDTH="16" VPOS="1288" HPOS="553"/>
            <String HEIGHT="48" WIDTH="95" VPOS="1288" HPOS="505" CONTENT="ce" ID="tl_30_6" STYLEREFS="FONT0"/>
            <SP HEIGHT="48" WIDTH="16" VPOS="1288" HPOS="600"/>
            <String HEIGHT="48" WIDTH="159" VPOS="1288" HPOS="553" CONTENT="qu’une" ID="tl_30_7" STYLEREFS="FONT0"/>
            <SP HEIGHT="48" WIDTH="16" VPOS="1288" HPOS="712"/>
            <String HEIGHT="48" WIDTH="127" VPOS="1288" HPOS="664" CONTENT="même" ID="tl_30_8" STYLEREFS="FONT0"/>
            <SP HEIGHT="48" WIDTH="16" VPOS="1288" HPOS="791"/>
            <String HEIGHT="48" WIDTH="238" VPOS="1288" HPOS="728" CONTENT="participation" ID="tl_30_9" STYLEREFS="FONT0"/>
          </TextLine>
          <TextLine ID="tl_31" BASELINE="1381" HEIGHT="56" WIDTH="578" VPOS="1325" HPOS="77">
            <String HEIGHT="56" WIDTH="209" VPOS="1325" HPOS="61" CONTENT="étrangère" ID="tl_31_1" STYLEREFS="FONT0"/>
            <SP HEIGHT="56" WIDTH="16" VPOS="1325" HPOS="270"/>
            <String HEIGHT="56" WIDTH="161" VPOS="1325" HPOS="221" CONTENT="compte" ID="tl_31_2" STYLEREFS="FONT0"/>
            <SP HEIGHT="56" WIDTH="16" VPOS="1325" HPOS="382"/>
            <String HEIGHT="56" WIDTH="209" VPOS="1325" HPOS="334" CONTENT="plusieurs" ID="tl_31_3" STYLEREFS="FONT0"/>
            <SP HEIGHT="56" WIDTH="16" VPOS="1325" HPOS="543"/>
            <String HEIGHT="56" WIDTH="177" VPOS="1325" HPOS="478" CONTENT="lauréats." ID="tl_31_4" STYLEREFS="FONT0"/>
          </TextLine>
        </TextBlock>
        <TextBlock ID="r_2_8" HEIGHT="259" WIDTH="886" VPOS="1366" HPOS="82">
          <TextLine ID="tl_32" BASELINE="1423" HEIGHT="65" WIDTH="891" VPOS="1358" HPOS="80">
            <String HEIGHT="65" WIDTH="108" VPOS="1358" HPOS="65" CONTENT="Les" ID="tl_32_1" STYLEREFS="FONT0"/>
            <SP HEIGHT="65" WIDTH="15" VPOS="1358" HPOS="172"/>
            <String HEIGHT="65" WIDTH="184" VPOS="1358" HPOS="126" CONTENT="artistes" ID="tl_32_2" STYLEREFS="FONT0"/>
            <SP HEIGHT="65" WIDTH="15" VPOS="1358" HPOS="310"/>
            <String HEIGHT="65" WIDTH="138" VPOS="1358" HPOS="264" CONTENT="ayant" ID="tl_32_3" STYLEREFS="FONT0"/>
            <SP HEIGHT="65" WIDTH="15" VPOS="1358" HPOS="403"/>
            <String HEIGHT="65" WIDTH="154" VPOS="1358" HPOS="357" CONTENT="obtenu" ID="tl_32_4" STYLEREFS="FONT0"/>
            <SP HEIGHT="65" WIDTH="15" VPOS="1358" HPOS="510"/>
            <String HEIGHT="65" WIDTH="123" VPOS="1358" HPOS="464" CONTENT="hors" ID="tl_32_5" STYLEREFS="FONT0"/>
            <SP HEIGHT="65" WIDTH="15" VPOS="1358" HPOS="587"/>
            <String HEIGHT="65" WIDTH="92" VPOS="1358" HPOS="541" CONTENT="de" ID="tl_32_6" STYLEREFS="FONT0"/>
            <SP HEIGHT="65" WIDTH="15" VPOS="1358" HPOS="633"/>
            <String HEIGHT="65" WIDTH="92" VPOS="1358" HPOS="587" CONTENT="la" ID="tl_32_7" STYLEREFS="FONT0"/>
            <SP HEIGHT="65" WIDTH="15" VPOS="1358" HPOS="679"/>
            <String HEIGHT="65" WIDTH="184" VPOS="1358" HPOS="633" CONTENT="Biennale" ID="tl_32_8" STYLEREFS="FONT0"/>
            <SP HEIGHT="65" WIDTH="15" VPOS="1358" HPOS="817"/>
            <String HEIGHT="65" WIDTH="108" VPOS="1358" HPOS="771" CONTENT="des" ID="tl_32_9" STYLEREFS="FONT0"/>
            <SP HEIGHT="65" WIDTH="15" VPOS="1358" HPOS="879"/>
            <String HEIGHT="65" WIDTH="154" VPOS="1358" HPOS="817" CONTENT="distinc" SUBS_TYPE="HypPart1" SUBS_CONTENT="distinctions" ID="tl_32_10" STYLEREFS="FONT0"/>
            <HYP CONTENT="-"/>
          </TextLine>
          <TextLine ID="tl_33" BASELINE="1454" HEIGHT="60" WIDTH="892" VPOS="1394" HPOS="78">
            <String HEIGHT="60" WIDTH="143" VPOS="1394" HPOS="62" CONTENT="tions" SUBS_TYPE="HypPart2" SUBS_CONTENT="distinctions" ID="tl_33_1" STYLEREFS="FONT0"/>
            <SP HEIGHT="60" WIDTH="16" VPOS="1394" HPOS="205"/>
            <String HEIGHT="60" WIDTH="223" VPOS="1394" HPOS="158" CONTENT="nationales" ID="tl_33_2" STYLEREFS="FONT0"/>
            <SP HEIGHT="60" WIDTH="16" VPOS="1394" HPOS="381"/>
            <String HEIGHT="60" WIDTH="96" VPOS="1394" HPOS="333" CONTENT="ou" ID="tl_33_3" STYLEREFS="FONT0"/>
            <SP HEIGHT="60" WIDTH="16" VPOS="1394" HPOS="428"/>
            <String HEIGHT="60" WIDTH="319" VPOS="1394" HPOS="381" CONTENT="internationales," ID="tl_33_4" STYLEREFS="FONT0"/>
            <SP HEIGHT="60" WIDTH="16" VPOS="1394" HPOS="699"/>
            <String HEIGHT="60" WIDTH="96" VPOS="1394" HPOS="651" CONTENT="ou" ID="tl_33_5" STYLEREFS="FONT0"/>
            <SP HEIGHT="60" WIDTH="16" VPOS="1394" HPOS="747"/>
            <String HEIGHT="60" WIDTH="143" VPOS="1394" HPOS="699" CONTENT="ayant" ID="tl_33_6" STYLEREFS="FONT0"/>
            <SP HEIGHT="60" WIDTH="16" VPOS="1394" HPOS="843"/>
            <String HEIGHT="60" WIDTH="159" VPOS="1394" HPOS="795" CONTENT="acquis" ID="tl_33_7" STYLEREFS="FONT0"/>
            <SP HEIGHT="60" WIDTH="16" VPOS="1394" HPOS="954"/>
            <String HEIGHT="60" WIDTH="80" VPOS="1394" HPOS="890" CONTENT="une" ID="tl_33_8" STYLEREFS="FONT0"/>
          </TextLine>
          <TextLine ID="tl_34" BASELINE="1486" HEIGHT="55" WIDTH="894" VPOS="1431" HPOS="77">
            <String HEIGHT="55" WIDTH="202" VPOS="1431" HPOS="60" CONTENT="certaine" ID="tl_34_1" STYLEREFS="FONT0"/>
            <SP HEIGHT="55" WIDTH="17" VPOS="1431" HPOS="263"/>
            <String HEIGHT="55" WIDTH="236" VPOS="1431" HPOS="212" CONTENT="notoriété," ID="tl_34_2" STYLEREFS="FONT0"/>
            <SP HEIGHT="55" WIDTH="17" VPOS="1431" HPOS="448"/>
            <String HEIGHT="55" WIDTH="101" VPOS="1431" HPOS="397" CONTENT="ne" ID="tl_34_3" STYLEREFS="FONT0"/>
            <SP HEIGHT="55" WIDTH="17" VPOS="1431" HPOS="499"/>
            <String HEIGHT="55" WIDTH="169" VPOS="1431" HPOS="448" CONTENT="seront" ID="tl_34_4" STYLEREFS="FONT0"/>
            <SP HEIGHT="55" WIDTH="17" VPOS="1431" HPOS="617"/>
            <String HEIGHT="55" WIDTH="118" VPOS="1431" HPOS="566" CONTENT="pas" ID="tl_34_5" STYLEREFS="FONT0"/>
            <SP HEIGHT="55" WIDTH="17" VPOS="1431" HPOS="684"/>
            <String HEIGHT="55" WIDTH="169" VPOS="1431" HPOS="634" CONTENT="exclus" ID="tl_34_6" STYLEREFS="FONT0"/>
            <SP HEIGHT="55" WIDTH="17" VPOS="1431" HPOS="802"/>
            <String HEIGHT="55" WIDTH="101" VPOS="1431" HPOS="752" CONTENT="de" ID="tl_34_7" STYLEREFS="FONT0"/>
            <SP HEIGHT="55" WIDTH="17" VPOS="1431" HPOS="853"/>
            <String HEIGHT="55" WIDTH="101" VPOS="1431" HPOS="802" CONTENT="la" ID="tl_34_8" STYLEREFS="FONT0"/>
            <SP HEIGHT="55" WIDTH="17" VPOS="1431" HPOS="904"/>
            <String HEIGHT="55" WIDTH="135" VPOS="1431" HPOS="836" CONTENT="compé" SUBS_TYPE="HypPart1" SUBS_CONTENT="compétition." ID="tl_34_9" STYLEREFS="FONT0"/>
            <HYP CONTENT="-"/>
          </TextLine>
          <TextLine ID="tl_35" BASELINE="1519" HEIGHT="53" WIDTH="892" VPOS="1466" HPOS="79">
            <String HEIGHT="53" WIDTH="169" VPOS="1466" HPOS="64" CONTENT="tition." SUBS_TYPE="HypPart2" SUBS_CONTENT="compétition." ID="tl_35_1" STYLEREFS="FONT0"/>
            <SP HEIGHT="53" WIDTH="15" VPOS="1466" HPOS="233"/>
            <String HEIGHT="53" WIDTH="215" VPOS="1466" HPOS="187" CONTENT="Cependant," ID="tl_35_2" STYLEREFS="FONT0"/>
            <SP HEIGHT="53" WIDTH="15" VPOS="1466" HPOS="402"/>
            <String HEIGHT="53" WIDTH="108" VPOS="1466" HPOS="356" CONTENT="les" ID="tl_35_3" STYLEREFS="FONT0"/>
            <SP HEIGHT="53" WIDTH="15" VPOS="1466" HPOS="463"/>
            <String HEIGHT="53" WIDTH="185" VPOS="1466" HPOS="417" CONTENT="artistes" ID="tl_35_4" STYLEREFS="FONT0"/>
            <SP HEIGHT="53" WIDTH="15" VPOS="1466" HPOS="602"/>
            <String HEIGHT="53" WIDTH="138" VPOS="1466" HPOS="556" CONTENT="ayant" ID="tl_35_5" STYLEREFS="FONT0"/>
            <SP HEIGHT="53" WIDTH="15" VPOS="1466" HPOS="694"/>
            <String HEIGHT="53" WIDTH="200" VPOS="1466" HPOS="648" CONTENT="bénéficié" ID="tl_35_6" STYLEREFS="FONT0"/>
            <SP HEIGHT="53" WIDTH="15" VPOS="1466" HPOS="848"/>
            <String HEIGHT="53" WIDTH="92" VPOS="1466" HPOS="802" CONTENT="de" ID="tl_35_7" STYLEREFS="FONT0"/>
            <SP HEIGHT="53" WIDTH="15" VPOS="1466" HPOS="894"/>
            <String HEIGHT="53" WIDTH="138" VPOS="1466" HPOS="833" CONTENT="bourses" ID="tl_35_8" STYLEREFS="FONT0"/>
          </TextLine>
          <TextLine ID="tl_36" BASELINE="1558" HEIGHT="60" WIDTH="892" VPOS="1498" HPOS="80">
            <String HEIGHT="60" WIDTH="105" VPOS="1498" HPOS="63" CONTENT="ou" ID="tl_36_1" STYLEREFS="FONT0"/>
            <SP HEIGHT="60" WIDTH="17" VPOS="1498" HPOS="167"/>
            <String HEIGHT="60" WIDTH="105" VPOS="1498" HPOS="115" CONTENT="de" ID="tl_36_2" STYLEREFS="FONT0"/>
            <SP HEIGHT="60" WIDTH="17" VPOS="1498" HPOS="220"/>
            <String HEIGHT="60" WIDTH="262" VPOS="1498" HPOS="167" CONTENT="récompenses" ID="tl_36_3" STYLEREFS="FONT0"/>
            <SP HEIGHT="60" WIDTH="17" VPOS="1498" HPOS="430"/>
            <String HEIGHT="60" WIDTH="87" VPOS="1498" HPOS="377" CONTENT="à" ID="tl_36_4" STYLEREFS="FONT0"/>
            <SP HEIGHT="60" WIDTH="17" VPOS="1498" HPOS="465"/>
            <String HEIGHT="60" WIDTH="157" VPOS="1498" HPOS="412" CONTENT="l’une" ID="tl_36_5" STYLEREFS="FONT0"/>
            <SP HEIGHT="60" WIDTH="17" VPOS="1498" HPOS="570"/>
            <String HEIGHT="60" WIDTH="122" VPOS="1498" HPOS="517" CONTENT="des" ID="tl_36_6" STYLEREFS="FONT0"/>
            <SP HEIGHT="60" WIDTH="17" VPOS="1498" HPOS="640"/>
            <String HEIGHT="60" WIDTH="262" VPOS="1498" HPOS="587" CONTENT="précédentes" ID="tl_36_7" STYLEREFS="FONT0"/>
            <SP HEIGHT="60" WIDTH="17" VPOS="1498" HPOS="850"/>
            <String HEIGHT="60" WIDTH="192" VPOS="1498" HPOS="780" CONTENT="Biennales" ID="tl_36_8" STYLEREFS="FONT0"/>
          </TextLine>
          <TextLine ID="tl_37" BASELINE="1587" HEIGHT="52" WIDTH="891" VPOS="1535" HPOS="81">
            <String HEIGHT="52" WIDTH="101" VPOS="1535" HPOS="64" CONTENT="ne" ID="tl_37_1" STYLEREFS="FONT0"/>
            <SP HEIGHT="52" WIDTH="17" VPOS="1535" HPOS="165"/>
            <String HEIGHT="52" WIDTH="202" VPOS="1535" HPOS="115" CONTENT="pourront" ID="tl_37_2" STYLEREFS="FONT0"/>
            <SP HEIGHT="52" WIDTH="17" VPOS="1535" HPOS="316"/>
            <String HEIGHT="52" WIDTH="185" VPOS="1535" HPOS="266" CONTENT="obtenir" ID="tl_37_3" STYLEREFS="FONT0"/>
            <SP HEIGHT="52" WIDTH="17" VPOS="1535" HPOS="451"/>
            <String HEIGHT="52" WIDTH="118" VPOS="1535" HPOS="400" CONTENT="une" ID="tl_37_4" STYLEREFS="FONT0"/>
            <SP HEIGHT="52" WIDTH="17" VPOS="1535" HPOS="518"/>
            <String HEIGHT="52" WIDTH="168" VPOS="1535" HPOS="468" CONTENT="bourse" ID="tl_37_5" STYLEREFS="FONT0"/>
            <SP HEIGHT="52" WIDTH="17" VPOS="1535" HPOS="636"/>
            <String HEIGHT="52" WIDTH="101" VPOS="1535" HPOS="585" CONTENT="ou" ID="tl_37_6" STYLEREFS="FONT0"/>
            <SP HEIGHT="52" WIDTH="17" VPOS="1535" HPOS="686"/>
            <String HEIGHT="52" WIDTH="118" VPOS="1535" HPOS="636" CONTENT="une" ID="tl_37_7" STYLEREFS="FONT0"/>
            <SP HEIGHT="52" WIDTH="17" VPOS="1535" HPOS="753"/>
            <String HEIGHT="52" WIDTH="235" VPOS="1535" HPOS="703" CONTENT="récompense" ID="tl_37_8" STYLEREFS="FONT0"/>
            <SP HEIGHT="52" WIDTH="17" VPOS="1535" HPOS="938"/>
            <String HEIGHT="52" WIDTH="101" VPOS="1535" HPOS="871" CONTENT="dans" ID="tl_37_9" STYLEREFS="FONT0"/>
          </TextLine>
          <TextLine ID="tl_38" BASELINE="1632" HEIGHT="50" WIDTH="319" VPOS="1582" HPOS="84">
            <String HEIGHT="50" WIDTH="106" VPOS="1582" HPOS="66" CONTENT="la" ID="tl_38_1" STYLEREFS="FONT0"/>
            <SP HEIGHT="50" WIDTH="18" VPOS="1582" HPOS="173"/>
            <String HEIGHT="50" WIDTH="142" VPOS="1582" HPOS="119" CONTENT="même" ID="tl_38_2" STYLEREFS="FONT0"/>
            <SP HEIGHT="50" WIDTH="18" VPOS="1582" HPOS="261"/>
            <String HEIGHT="50" WIDTH="213" VPOS="1582" HPOS="190" CONTENT="technique." ID="tl_38_3" STYLEREFS="FONT0"/>
          </TextLine>
        </TextBlock>
        <TextBlock ID="r_2_9" HEIGHT="190" WIDTH="883" VPOS="1615" HPOS="90">
          <TextLine ID="tl_39" BASELINE="1667" HEIGHT="60" WIDTH="891" VPOS="1607" HPOS="85">
            <String HEIGHT="60" WIDTH="116" VPOS="1607" HPOS="69" CONTENT="Les" ID="tl_39_1" STYLEREFS="FONT0"/>
            <SP HEIGHT="60" WIDTH="17" VPOS="1607" HPOS="184"/>
            <String HEIGHT="60" WIDTH="182" VPOS="1607" HPOS="135" CONTENT="bourses" ID="tl_39_2" STYLEREFS="FONT0"/>
            <SP HEIGHT="60" WIDTH="17" VPOS="1607" HPOS="316"/>
            <String HEIGHT="60" WIDTH="132" VPOS="1607" HPOS="267" CONTENT="sont" ID="tl_39_3" STYLEREFS="FONT0"/>
            <SP HEIGHT="60" WIDTH="17" VPOS="1607" HPOS="399"/>
            <String HEIGHT="60" WIDTH="215" VPOS="1607" HPOS="349" CONTENT="accordées" ID="tl_39_4" STYLEREFS="FONT0"/>
            <SP HEIGHT="60" WIDTH="17" VPOS="1607" HPOS="564"/>
            <String HEIGHT="60" WIDTH="116" VPOS="1607" HPOS="514" CONTENT="aux" ID="tl_39_5" STYLEREFS="FONT0"/>
            <SP HEIGHT="60" WIDTH="17" VPOS="1607" HPOS="630"/>
            <String HEIGHT="60" WIDTH="198" VPOS="1607" HPOS="580" CONTENT="lauréats" ID="tl_39_6" STYLEREFS="FONT0"/>
            <SP HEIGHT="60" WIDTH="17" VPOS="1607" HPOS="778"/>
            <String HEIGHT="60" WIDTH="215" VPOS="1607" HPOS="729" CONTENT="étrangers" ID="tl_39_7" STYLEREFS="FONT0"/>
            <SP HEIGHT="60" WIDTH="17" VPOS="1607" HPOS="943"/>
            <String HEIGHT="60" WIDTH="99" VPOS="1607" HPOS="877" CONTENT="pour" ID="tl_39_8" STYLEREFS="FONT0"/>
          </TextLine>
          <TextLine ID="tl_40" BASELINE="1702" HEIGHT="62" WIDTH="891" VPOS="1640" HPOS="85">
            <String HEIGHT="62" WIDTH="127" VPOS="1640" HPOS="69" CONTENT="leur" ID="tl_40_1" STYLEREFS="FONT0"/>
            <SP HEIGHT="62" WIDTH="16" VPOS="1640" HPOS="196"/>
            <String HEIGHT="62" WIDTH="207" VPOS="1640" HPOS="149" CONTENT="permettre" ID="tl_40_2" STYLEREFS="FONT0"/>
            <SP HEIGHT="62" WIDTH="16" VPOS="1640" HPOS="355"/>
            <String HEIGHT="62" WIDTH="95" VPOS="1640" HPOS="308" CONTENT="de" ID="tl_40_3" STYLEREFS="FONT0"/>
            <SP HEIGHT="62" WIDTH="16" VPOS="1640" HPOS="403"/>
            <String HEIGHT="62" WIDTH="143" VPOS="1640" HPOS="355" CONTENT="faire" ID="tl_40_4" STYLEREFS="FONT0"/>
            <SP HEIGHT="62" WIDTH="16" VPOS="1640" HPOS="499"/>
            <String HEIGHT="62" WIDTH="95" VPOS="1640" HPOS="451" CONTENT="en" ID="tl_40_5" STYLEREFS="FONT0"/>
            <SP HEIGHT="62" WIDTH="16" VPOS="1640" HPOS="546"/>
            <String HEIGHT="62" WIDTH="159" VPOS="1640" HPOS="499" CONTENT="France" ID="tl_40_6" STYLEREFS="FONT0"/>
            <SP HEIGHT="62" WIDTH="16" VPOS="1640" HPOS="658"/>
            <String HEIGHT="62" WIDTH="95" VPOS="1640" HPOS="610" CONTENT="un" ID="tl_40_7" STYLEREFS="FONT0"/>
            <SP HEIGHT="62" WIDTH="16" VPOS="1640" HPOS="706"/>
            <String HEIGHT="62" WIDTH="159" VPOS="1640" HPOS="658" CONTENT="séjour" ID="tl_40_8" STYLEREFS="FONT0"/>
            <SP HEIGHT="62" WIDTH="16" VPOS="1640" HPOS="817"/>
            <String HEIGHT="62" WIDTH="95" VPOS="1640" HPOS="769" CONTENT="de" ID="tl_40_9" STYLEREFS="FONT0"/>
            <SP HEIGHT="62" WIDTH="16" VPOS="1640" HPOS="865"/>
            <String HEIGHT="62" WIDTH="175" VPOS="1640" HPOS="801" CONTENT="plusieurs" ID="tl_40_10" STYLEREFS="FONT0"/>
          </TextLine>
          <TextLine ID="tl_41" BASELINE="1737" HEIGHT="57" WIDTH="890" VPOS="1680" HPOS="85">
            <String HEIGHT="57" WIDTH="143" VPOS="1680" HPOS="69" CONTENT="mois." ID="tl_41_1" STYLEREFS="FONT0"/>
            <SP HEIGHT="57" WIDTH="16" VPOS="1680" HPOS="212"/>
            <String HEIGHT="57" WIDTH="143" VPOS="1680" HPOS="164" CONTENT="Elles" ID="tl_41_2" STYLEREFS="FONT0"/>
            <SP HEIGHT="57" WIDTH="16" VPOS="1680" HPOS="308"/>
            <String HEIGHT="57" WIDTH="127" VPOS="1680" HPOS="260" CONTENT="sont" ID="tl_41_3" STYLEREFS="FONT0"/>
            <SP HEIGHT="57" WIDTH="16" VPOS="1680" HPOS="387"/>
            <String HEIGHT="57" WIDTH="175" VPOS="1680" HPOS="339" CONTENT="versées" ID="tl_41_4" STYLEREFS="FONT0"/>
            <SP HEIGHT="57" WIDTH="16" VPOS="1680" HPOS="514"/>
            <String HEIGHT="57" WIDTH="286" VPOS="1680" HPOS="466" CONTENT="mensuellement." ID="tl_41_5" STYLEREFS="FONT0"/>
            <SP HEIGHT="57" WIDTH="16" VPOS="1680" HPOS="753"/>
            <String HEIGHT="57" WIDTH="95" VPOS="1680" HPOS="705" CONTENT="Ce" ID="tl_41_6" STYLEREFS="FONT0"/>
            <SP HEIGHT="57" WIDTH="16" VPOS="1680" HPOS="800"/>
            <String HEIGHT="57" WIDTH="159" VPOS="1680" HPOS="753" CONTENT="séjour" ID="tl_41_7" STYLEREFS="FONT0"/>
            <SP HEIGHT="57" WIDTH="16" VPOS="1680" HPOS="911"/>
            <String HEIGHT="57" WIDTH="127" VPOS="1680" HPOS="848" CONTENT="pourra" ID="tl_41_8" STYLEREFS="FONT0"/>
          </TextLine>
          <TextLine ID="tl_42" BASELINE="1766" HEIGHT="56" WIDTH="892" VPOS="1710" HPOS="85">
            <String HEIGHT="56" WIDTH="125" VPOS="1710" HPOS="69" CONTENT="être" ID="tl_42_1" STYLEREFS="FONT0"/>
            <SP HEIGHT="56" WIDTH="16" VPOS="1710" HPOS="195"/>
            <String HEIGHT="56" WIDTH="188" VPOS="1710" HPOS="148" CONTENT="effectué" ID="tl_42_2" STYLEREFS="FONT0"/>
            <SP HEIGHT="56" WIDTH="16" VPOS="1710" HPOS="335"/>
            <String HEIGHT="56" WIDTH="94" VPOS="1710" HPOS="288" CONTENT="en" ID="tl_42_3" STYLEREFS="FONT0"/>
            <SP HEIGHT="56" WIDTH="16" VPOS="1710" HPOS="382"/>
            <String HEIGHT="56" WIDTH="110" VPOS="1710" HPOS="335" CONTENT="une" ID="tl_42_4" STYLEREFS="FONT0"/>
            <SP HEIGHT="56" WIDTH="16" VPOS="1710" HPOS="445"/>
            <String HEIGHT="56" WIDTH="94" VPOS="1710" HPOS="398" CONTENT="ou" ID="tl_42_5" STYLEREFS="FONT0"/>
            <SP HEIGHT="56" WIDTH="16" VPOS="1710" HPOS="492"/>
            <String HEIGHT="56" WIDTH="203" VPOS="1710" HPOS="445" CONTENT="plusieurs" ID="tl_42_6" STYLEREFS="FONT0"/>
            <SP HEIGHT="56" WIDTH="16" VPOS="1710" HPOS="648"/>
            <String HEIGHT="56" WIDTH="125" VPOS="1710" HPOS="601" CONTENT="fois" ID="tl_42_7" STYLEREFS="FONT0"/>
            <SP HEIGHT="56" WIDTH="16" VPOS="1710" HPOS="727"/>
            <String HEIGHT="56" WIDTH="78" VPOS="1710" HPOS="680" CONTENT="à" ID="tl_42_8" STYLEREFS="FONT0"/>
            <SP HEIGHT="56" WIDTH="16" VPOS="1710" HPOS="758"/>
            <String HEIGHT="56" WIDTH="203" VPOS="1710" HPOS="711" CONTENT="condition" ID="tl_42_9" STYLEREFS="FONT0"/>
            <SP HEIGHT="56" WIDTH="16" VPOS="1710" HPOS="914"/>
            <String HEIGHT="56" WIDTH="125" VPOS="1710" HPOS="852" CONTENT="d’être" ID="tl_42_10" STYLEREFS="FONT0"/>
          </TextLine>
          <TextLine ID="tl_43" BASELINE="1802" HEIGHT="52" WIDTH="799" VPOS="1750" HPOS="87">
            <String HEIGHT="52" WIDTH="141" VPOS="1750" HPOS="71" CONTENT="situé" ID="tl_43_1" STYLEREFS="FONT0"/>
            <SP HEIGHT="52" WIDTH="16" VPOS="1750" HPOS="212"/>
            <String HEIGHT="52" WIDTH="141" VPOS="1750" HPOS="165" CONTENT="avant" ID="tl_43_2" STYLEREFS="FONT0"/>
            <SP HEIGHT="52" WIDTH="16" VPOS="1750" HPOS="306"/>
            <String HEIGHT="52" WIDTH="282" VPOS="1750" HPOS="259" CONTENT="l’inauguration" ID="tl_43_3" STYLEREFS="FONT0"/>
            <SP HEIGHT="52" WIDTH="16" VPOS="1750" HPOS="541"/>
            <String HEIGHT="52" WIDTH="94" VPOS="1750" HPOS="494" CONTENT="de" ID="tl_43_4" STYLEREFS="FONT0"/>
            <SP HEIGHT="52" WIDTH="16" VPOS="1750" HPOS="588"/>
            <String HEIGHT="52" WIDTH="94" VPOS="1750" HPOS="541" CONTENT="la" ID="tl_43_5" STYLEREFS="FONT0"/>
            <SP HEIGHT="52" WIDTH="16" VPOS="1750" HPOS="635"/>
            <String HEIGHT="52" WIDTH="188" VPOS="1750" HPOS="588" CONTENT="Biennale" ID="tl_43_6" STYLEREFS="FONT0"/>
            <SP HEIGHT="52" WIDTH="16" VPOS="1750" HPOS="776"/>
            <String HEIGHT="52" WIDTH="172" VPOS="1750" HPOS="714" CONTENT="suivante." ID="tl_43_7" STYLEREFS="FONT0"/>
          </TextLine>
        </TextBlock>
        <TextBlock ID="r_2_10" HEIGHT="153" WIDTH="886" VPOS="1793" HPOS="93">
          <TextLine ID="tl_44" BASELINE="1845" HEIGHT="64" WIDTH="894" VPOS="1781" HPOS="87">
            <String HEIGHT="64" WIDTH="164" VPOS="1781" HPOS="69" CONTENT="Après" ID="tl_44_1" STYLEREFS="FONT0"/>
            <SP HEIGHT="64" WIDTH="18" VPOS="1781" HPOS="233"/>
            <String HEIGHT="64" WIDTH="182" VPOS="1781" HPOS="178" CONTENT="accord" ID="tl_44_2" STYLEREFS="FONT0"/>
            <SP HEIGHT="64" WIDTH="18" VPOS="1781" HPOS="361"/>
            <String HEIGHT="64" WIDTH="109" VPOS="1781" HPOS="306" CONTENT="de" ID="tl_44_3" STYLEREFS="FONT0"/>
            <SP HEIGHT="64" WIDTH="18" VPOS="1781" HPOS="415"/>
            <String HEIGHT="64" WIDTH="109" VPOS="1781" HPOS="361" CONTENT="la" ID="tl_44_4" STYLEREFS="FONT0"/>
            <SP HEIGHT="64" WIDTH="18" VPOS="1781" HPOS="470"/>
            <String HEIGHT="64" WIDTH="237" VPOS="1781" HPOS="415" CONTENT="Biennale," ID="tl_44_5" STYLEREFS="FONT0"/>
            <SP HEIGHT="64" WIDTH="18" VPOS="1781" HPOS="653"/>
            <String HEIGHT="64" WIDTH="109" VPOS="1781" HPOS="598" CONTENT="un" ID="tl_44_6" STYLEREFS="FONT0"/>
            <SP HEIGHT="64" WIDTH="18" VPOS="1781" HPOS="707"/>
            <String HEIGHT="64" WIDTH="201" VPOS="1781" HPOS="653" CONTENT="certain" ID="tl_44_7" STYLEREFS="FONT0"/>
            <SP HEIGHT="64" WIDTH="18" VPOS="1781" HPOS="853"/>
            <String HEIGHT="64" WIDTH="182" VPOS="1781" HPOS="799" CONTENT="nombre" ID="tl_44_8" STYLEREFS="FONT0"/>
            <SP HEIGHT="64" WIDTH="18" VPOS="1781" HPOS="981"/>
            <String HEIGHT="64" WIDTH="73" VPOS="1781" HPOS="908" CONTENT="de" ID="tl_44_9" STYLEREFS="FONT0"/>
          </TextLine>
          <TextLine ID="tl_45" BASELINE="1883" HEIGHT="60" WIDTH="891" VPOS="1823" HPOS="90">
            <String HEIGHT="60" WIDTH="185" VPOS="1823" HPOS="73" CONTENT="bourses" ID="tl_45_1" STYLEREFS="FONT0"/>
            <SP HEIGHT="60" WIDTH="17" VPOS="1823" HPOS="258"/>
            <String HEIGHT="60" WIDTH="101" VPOS="1823" HPOS="208" CONTENT="ou" ID="tl_45_2" STYLEREFS="FONT0"/>
            <SP HEIGHT="60" WIDTH="17" VPOS="1823" HPOS="309"/>
            <String HEIGHT="60" WIDTH="101" VPOS="1823" HPOS="258" CONTENT="de" ID="tl_45_3" STYLEREFS="FONT0"/>
            <SP HEIGHT="60" WIDTH="17" VPOS="1823" HPOS="359"/>
            <String HEIGHT="60" WIDTH="252" VPOS="1823" HPOS="309" CONTENT="récompenses" ID="tl_45_4" STYLEREFS="FONT0"/>
            <SP HEIGHT="60" WIDTH="17" VPOS="1823" HPOS="561"/>
            <String HEIGHT="60" WIDTH="202" VPOS="1823" HPOS="510" CONTENT="offertes" ID="tl_45_5" STYLEREFS="FONT0"/>
            <SP HEIGHT="60" WIDTH="17" VPOS="1823" HPOS="712"/>
            <String HEIGHT="60" WIDTH="118" VPOS="1823" HPOS="662" CONTENT="par" ID="tl_45_6" STYLEREFS="FONT0"/>
            <SP HEIGHT="60" WIDTH="17" VPOS="1823" HPOS="779"/>
            <String HEIGHT="60" WIDTH="118" VPOS="1823" HPOS="729" CONTENT="des" ID="tl_45_7" STYLEREFS="FONT0"/>
            <SP HEIGHT="60" WIDTH="17" VPOS="1823" HPOS="847"/>
            <String HEIGHT="60" WIDTH="202" VPOS="1823" HPOS="779" CONTENT="organismes" ID="tl_45_8" STYLEREFS="FONT0"/>
          </TextLine>
          <TextLine ID="tl_46" BASELINE="1914" HEIGHT="54" WIDTH="893" VPOS="1860" HPOS="90">
            <String HEIGHT="54" WIDTH="197" VPOS="1860" HPOS="75" CONTENT="officiels" ID="tl_46_1" STYLEREFS="FONT0"/>
            <SP HEIGHT="54" WIDTH="15" VPOS="1860" HPOS="272"/>
            <String HEIGHT="54" WIDTH="91" VPOS="1860" HPOS="226" CONTENT="ou" ID="tl_46_2" STYLEREFS="FONT0"/>
            <SP HEIGHT="54" WIDTH="15" VPOS="1860" HPOS="317"/>
            <String HEIGHT="54" WIDTH="166" VPOS="1860" HPOS="272" CONTENT="privés," ID="tl_46_3" STYLEREFS="FONT0"/>
            <SP HEIGHT="54" WIDTH="15" VPOS="1860" HPOS="438"/>
            <String HEIGHT="54" WIDTH="197" VPOS="1860" HPOS="393" CONTENT="étrangers" ID="tl_46_4" STYLEREFS="FONT0"/>
            <SP HEIGHT="54" WIDTH="15" VPOS="1860" HPOS="589"/>
            <String HEIGHT="54" WIDTH="91" VPOS="1860" HPOS="544" CONTENT="ou" ID="tl_46_5" STYLEREFS="FONT0"/>
            <SP HEIGHT="54" WIDTH="15" VPOS="1860" HPOS="635"/>
            <String HEIGHT="54" WIDTH="197" VPOS="1860" HPOS="589" CONTENT="français," ID="tl_46_6" STYLEREFS="FONT0"/>
            <SP HEIGHT="54" WIDTH="15" VPOS="1860" HPOS="786"/>
            <String HEIGHT="54" WIDTH="182" VPOS="1860" HPOS="741" CONTENT="pourront" ID="tl_46_7" STYLEREFS="FONT0"/>
            <SP HEIGHT="54" WIDTH="15" VPOS="1860" HPOS="922"/>
            <String HEIGHT="54" WIDTH="121" VPOS="1860" HPOS="862" CONTENT="égale" SUBS_TYPE="HypPart1" SUBS_CONTENT="également" ID="tl_46_8" STYLEREFS="FONT0"/>
            <HYP CONTENT="-"/>
          </TextLine>
          <TextLine ID="tl_47" BASELINE="1954" HEIGHT="45" WIDTH="338" VPOS="1909" HPOS="92">
            <String HEIGHT="45" WIDTH="135" VPOS="1909" HPOS="75" CONTENT="ment" SUBS_TYPE="HypPart2" SUBS_CONTENT="également" ID="tl_47_1" STYLEREFS="FONT0"/>
            <SP HEIGHT="45" WIDTH="17" VPOS="1909" HPOS="210"/>
            <String HEIGHT="45" WIDTH="135" VPOS="1909" HPOS="160" CONTENT="être" ID="tl_47_2" STYLEREFS="FONT0"/>
            <SP HEIGHT="45" WIDTH="17" VPOS="1909" HPOS="295"/>
            <String HEIGHT="45" WIDTH="203" VPOS="1909" HPOS="227" CONTENT="décernées." ID="tl_47_3" STYLEREFS="FONT0"/>
          </TextLine>
        </TextBlock>
        <TextBlock ID="r_2_11" HEIGHT="301" WIDTH="888" VPOS="1940" HPOS="98">
          <TextLine ID="tl_48" BASELINE="2002" HEIGHT="63" WIDTH="890" VPOS="1939" HPOS="94">
            <String HEIGHT="63" WIDTH="122" VPOS="1939" HPOS="77" CONTENT="Les" ID="tl_48_1" STYLEREFS="FONT0"/>
            <SP HEIGHT="63" WIDTH="17" VPOS="1939" HPOS="199"/>
            <String HEIGHT="63" WIDTH="209" VPOS="1939" HPOS="146" CONTENT="artistes" ID="tl_48_2" STYLEREFS="FONT0"/>
            <SP HEIGHT="63" WIDTH="17" VPOS="1939" HPOS="356"/>
            <String HEIGHT="63" WIDTH="157" VPOS="1939" HPOS="303" CONTENT="ayant" ID="tl_48_3" STYLEREFS="FONT0"/>
            <SP HEIGHT="63" WIDTH="17" VPOS="1939" HPOS="460"/>
            <String HEIGHT="63" WIDTH="175" VPOS="1939" HPOS="408" CONTENT="obtenu" ID="tl_48_4" STYLEREFS="FONT0"/>
            <SP HEIGHT="63" WIDTH="17" VPOS="1939" HPOS="583"/>
            <String HEIGHT="63" WIDTH="122" VPOS="1939" HPOS="530" CONTENT="une" ID="tl_48_5" STYLEREFS="FONT0"/>
            <SP HEIGHT="63" WIDTH="17" VPOS="1939" HPOS="652"/>
            <String HEIGHT="63" WIDTH="175" VPOS="1939" HPOS="600" CONTENT="bourse" ID="tl_48_6" STYLEREFS="FONT0"/>
            <SP HEIGHT="63" WIDTH="17" VPOS="1939" HPOS="775"/>
            <String HEIGHT="63" WIDTH="105" VPOS="1939" HPOS="722" CONTENT="ou" ID="tl_48_7" STYLEREFS="FONT0"/>
            <SP HEIGHT="63" WIDTH="17" VPOS="1939" HPOS="827"/>
            <String HEIGHT="63" WIDTH="122" VPOS="1939" HPOS="775" CONTENT="une" ID="tl_48_8" STYLEREFS="FONT0"/>
            <SP HEIGHT="63" WIDTH="17" VPOS="1939" HPOS="897"/>
            <String HEIGHT="63" WIDTH="157" VPOS="1939" HPOS="827" CONTENT="mention" ID="tl_48_9" STYLEREFS="FONT0"/>
          </TextLine>
          <TextLine ID="tl_49" BASELINE="2032" HEIGHT="59" WIDTH="891" VPOS="1973" HPOS="93">
            <String HEIGHT="59" WIDTH="125" VPOS="1973" HPOS="77" CONTENT="sont" ID="tl_49_1" STYLEREFS="FONT0"/>
            <SP HEIGHT="59" WIDTH="16" VPOS="1973" HPOS="202"/>
            <String HEIGHT="59" WIDTH="141" VPOS="1973" HPOS="156" CONTENT="tenus" ID="tl_49_2" STYLEREFS="FONT0"/>
            <SP HEIGHT="59" WIDTH="16" VPOS="1973" HPOS="296"/>
            <String HEIGHT="59" WIDTH="94" VPOS="1973" HPOS="249" CONTENT="de" ID="tl_49_3" STYLEREFS="FONT0"/>
            <SP HEIGHT="59" WIDTH="16" VPOS="1973" HPOS="343"/>
            <String HEIGHT="59" WIDTH="172" VPOS="1973" HPOS="296" CONTENT="laisser" ID="tl_49_4" STYLEREFS="FONT0"/>
            <SP HEIGHT="59" WIDTH="16" VPOS="1973" HPOS="468"/>
            <String HEIGHT="59" WIDTH="109" VPOS="1973" HPOS="421" CONTENT="une" ID="tl_49_5" STYLEREFS="FONT0"/>
            <SP HEIGHT="59" WIDTH="16" VPOS="1973" HPOS="531"/>
            <String HEIGHT="59" WIDTH="94" VPOS="1973" HPOS="484" CONTENT="ou" ID="tl_49_6" STYLEREFS="FONT0"/>
            <SP HEIGHT="59" WIDTH="16" VPOS="1973" HPOS="578"/>
            <String HEIGHT="59" WIDTH="125" VPOS="1973" HPOS="531" CONTENT="deux" ID="tl_49_7" STYLEREFS="FONT0"/>
            <SP HEIGHT="59" WIDTH="16" VPOS="1973" HPOS="656"/>
            <String HEIGHT="59" WIDTH="156" VPOS="1973" HPOS="609" CONTENT="œuvres" ID="tl_49_8" STYLEREFS="FONT0"/>
            <SP HEIGHT="59" WIDTH="16" VPOS="1973" HPOS="765"/>
            <String HEIGHT="59" WIDTH="78" VPOS="1973" HPOS="718" CONTENT="à" ID="tl_49_9" STYLEREFS="FONT0"/>
            <SP HEIGHT="59" WIDTH="16" VPOS="1973" HPOS="796"/>
            <String HEIGHT="59" WIDTH="94" VPOS="1973" HPOS="750" CONTENT="la" ID="tl_49_10" STYLEREFS="FONT0"/>
            <SP HEIGHT="59" WIDTH="16" VPOS="1973" HPOS="843"/>
            <String HEIGHT="59" WIDTH="203" VPOS="1973" HPOS="781" CONTENT="disposition" ID="tl_49_11" STYLEREFS="FONT0"/>
          </TextLine>
          <TextLine ID="tl_50" BASELINE="2068" HEIGHT="65" WIDTH="893" VPOS="2003" HPOS="94">
            <String HEIGHT="65" WIDTH="91" VPOS="2003" HPOS="79" CONTENT="de" ID="tl_50_1" STYLEREFS="FONT0"/>
            <SP HEIGHT="65" WIDTH="15" VPOS="2003" HPOS="170"/>
            <String HEIGHT="65" WIDTH="91" VPOS="2003" HPOS="124" CONTENT="la" ID="tl_50_2" STYLEREFS="FONT0"/>
            <SP HEIGHT="65" WIDTH="15" VPOS="2003" HPOS="215"/>
            <String HEIGHT="65" WIDTH="182" VPOS="2003" HPOS="170" CONTENT="Biennale" ID="tl_50_3" STYLEREFS="FONT0"/>
            <SP HEIGHT="65" WIDTH="15" VPOS="2003" HPOS="351"/>
            <String HEIGHT="65" WIDTH="121" VPOS="2003" HPOS="306" CONTENT="pour" ID="tl_50_4" STYLEREFS="FONT0"/>
            <SP HEIGHT="65" WIDTH="15" VPOS="2003" HPOS="427"/>
            <String HEIGHT="65" WIDTH="212" VPOS="2003" HPOS="382" CONTENT="participer" ID="tl_50_5" STYLEREFS="FONT0"/>
            <SP HEIGHT="65" WIDTH="15" VPOS="2003" HPOS="593"/>
            <String HEIGHT="65" WIDTH="106" VPOS="2003" HPOS="548" CONTENT="aux" ID="tl_50_6" STYLEREFS="FONT0"/>
            <SP HEIGHT="65" WIDTH="15" VPOS="2003" HPOS="654"/>
            <String HEIGHT="65" WIDTH="227" VPOS="2003" HPOS="609" CONTENT="expositions" ID="tl_50_7" STYLEREFS="FONT0"/>
            <SP HEIGHT="65" WIDTH="15" VPOS="2003" HPOS="836"/>
            <String HEIGHT="65" WIDTH="106" VPOS="2003" HPOS="790" CONTENT="des" ID="tl_50_8" STYLEREFS="FONT0"/>
            <SP HEIGHT="65" WIDTH="15" VPOS="2003" HPOS="896"/>
            <String HEIGHT="65" WIDTH="151" VPOS="2003" HPOS="836" CONTENT="lauréats" ID="tl_50_9" STYLEREFS="FONT0"/>
          </TextLine>
          <TextLine ID="tl_51" BASELINE="2100" HEIGHT="62" WIDTH="893" VPOS="2038" HPOS="95">
            <String HEIGHT="62" WIDTH="116" VPOS="2038" HPOS="78" CONTENT="que" ID="tl_51_1" STYLEREFS="FONT0"/>
            <SP HEIGHT="62" WIDTH="17" VPOS="2038" HPOS="194"/>
            <String HEIGHT="62" WIDTH="198" VPOS="2038" HPOS="145" CONTENT="celle-ci" ID="tl_51_2" STYLEREFS="FONT0"/>
            <SP HEIGHT="62" WIDTH="17" VPOS="2038" HPOS="343"/>
            <String HEIGHT="62" WIDTH="132" VPOS="2038" HPOS="293" CONTENT="peut" ID="tl_51_3" STYLEREFS="FONT0"/>
            <SP HEIGHT="62" WIDTH="17" VPOS="2038" HPOS="426"/>
            <String HEIGHT="62" WIDTH="215" VPOS="2038" HPOS="376" CONTENT="organiser" ID="tl_51_4" STYLEREFS="FONT0"/>
            <SP HEIGHT="62" WIDTH="17" VPOS="2038" HPOS="591"/>
            <String HEIGHT="62" WIDTH="99" VPOS="2038" HPOS="542" CONTENT="en" ID="tl_51_5" STYLEREFS="FONT0"/>
            <SP HEIGHT="62" WIDTH="17" VPOS="2038" HPOS="641"/>
            <String HEIGHT="62" WIDTH="165" VPOS="2038" HPOS="591" CONTENT="France" ID="tl_51_6" STYLEREFS="FONT0"/>
            <SP HEIGHT="62" WIDTH="17" VPOS="2038" HPOS="756"/>
            <String HEIGHT="62" WIDTH="99" VPOS="2038" HPOS="707" CONTENT="ou" ID="tl_51_7" STYLEREFS="FONT0"/>
            <SP HEIGHT="62" WIDTH="17" VPOS="2038" HPOS="806"/>
            <String HEIGHT="62" WIDTH="83" VPOS="2038" HPOS="756" CONTENT="à" ID="tl_51_8" STYLEREFS="FONT0"/>
            <SP HEIGHT="62" WIDTH="17" VPOS="2038" HPOS="839"/>
            <String HEIGHT="62" WIDTH="215" VPOS="2038" HPOS="773" CONTENT="l’étranger." ID="tl_51_9" STYLEREFS="FONT0"/>
          </TextLine>
          <TextLine ID="tl_52" BASELINE="2143" HEIGHT="64" WIDTH="893" VPOS="2079" HPOS="97">
            <String HEIGHT="64" WIDTH="103" VPOS="2079" HPOS="80" CONTENT="Si" ID="tl_52_1" STYLEREFS="FONT0"/>
            <SP HEIGHT="64" WIDTH="17" VPOS="2079" HPOS="183"/>
            <String HEIGHT="64" WIDTH="120" VPOS="2079" HPOS="131" CONTENT="ces" ID="tl_52_2" STYLEREFS="FONT0"/>
            <SP HEIGHT="64" WIDTH="17" VPOS="2079" HPOS="252"/>
            <String HEIGHT="64" WIDTH="172" VPOS="2079" HPOS="200" CONTENT="œuvres" ID="tl_52_3" STYLEREFS="FONT0"/>
            <SP HEIGHT="64" WIDTH="17" VPOS="2079" HPOS="372"/>
            <String HEIGHT="64" WIDTH="155" VPOS="2079" HPOS="320" CONTENT="n’ont" ID="tl_52_4" STYLEREFS="FONT0"/>
            <SP HEIGHT="64" WIDTH="17" VPOS="2079" HPOS="475"/>
            <String HEIGHT="64" WIDTH="120" VPOS="2079" HPOS="423" CONTENT="pas" ID="tl_52_5" STYLEREFS="FONT0"/>
            <SP HEIGHT="64" WIDTH="17" VPOS="2079" HPOS="544"/>
            <String HEIGHT="64" WIDTH="120" VPOS="2079" HPOS="492" CONTENT="été" ID="tl_52_6" STYLEREFS="FONT0"/>
            <SP HEIGHT="64" WIDTH="17" VPOS="2079" HPOS="612"/>
            <String HEIGHT="64" WIDTH="206" VPOS="2079" HPOS="561" CONTENT="achetées" ID="tl_52_7" STYLEREFS="FONT0"/>
            <SP HEIGHT="64" WIDTH="17" VPOS="2079" HPOS="767"/>
            <String HEIGHT="64" WIDTH="103" VPOS="2079" HPOS="715" CONTENT="au" ID="tl_52_8" STYLEREFS="FONT0"/>
            <SP HEIGHT="64" WIDTH="17" VPOS="2079" HPOS="818"/>
            <String HEIGHT="64" WIDTH="155" VPOS="2079" HPOS="767" CONTENT="cours" ID="tl_52_9" STYLEREFS="FONT0"/>
            <SP HEIGHT="64" WIDTH="17" VPOS="2079" HPOS="921"/>
            <String HEIGHT="64" WIDTH="103" VPOS="2079" HPOS="870" CONTENT="de" ID="tl_52_10" STYLEREFS="FONT0"/>
            <SP HEIGHT="64" WIDTH="17" VPOS="2079" HPOS="973"/>
            <String HEIGHT="64" WIDTH="86" VPOS="2079" HPOS="904" CONTENT="ces" ID="tl_52_11" STYLEREFS="FONT0"/>
          </TextLine>
          <TextLine ID="tl_53" BASELINE="2180" HEIGHT="67" WIDTH="893" VPOS="2113" HPOS="97">
            <String HEIGHT="67" WIDTH="220" VPOS="2113" HPOS="82" CONTENT="expositions" ID="tl_53_1" STYLEREFS="FONT0"/>
            <SP HEIGHT="67" WIDTH="15" VPOS="2113" HPOS="302"/>
            <String HEIGHT="67" WIDTH="234" VPOS="2113" HPOS="258" CONTENT="itinérantes," ID="tl_53_2" STYLEREFS="FONT0"/>
            <SP HEIGHT="67" WIDTH="15" VPOS="2113" HPOS="492"/>
            <String HEIGHT="67" WIDTH="132" VPOS="2113" HPOS="448" CONTENT="elles" ID="tl_53_3" STYLEREFS="FONT0"/>
            <SP HEIGHT="67" WIDTH="15" VPOS="2113" HPOS="580"/>
            <String HEIGHT="67" WIDTH="146" VPOS="2113" HPOS="536" CONTENT="seront" ID="tl_53_4" STYLEREFS="FONT0"/>
            <SP HEIGHT="67" WIDTH="15" VPOS="2113" HPOS="683"/>
            <String HEIGHT="67" WIDTH="190" VPOS="2113" HPOS="639" CONTENT="renvoyées" ID="tl_53_5" STYLEREFS="FONT0"/>
            <SP HEIGHT="67" WIDTH="15" VPOS="2113" HPOS="829"/>
            <String HEIGHT="67" WIDTH="102" VPOS="2113" HPOS="785" CONTENT="aux" ID="tl_53_6" STYLEREFS="FONT0"/>
            <SP HEIGHT="67" WIDTH="15" VPOS="2113" HPOS="888"/>
            <String HEIGHT="67" WIDTH="161" VPOS="2113" HPOS="829" CONTENT="artistes," ID="tl_53_7" STYLEREFS="FONT0"/>
          </TextLine>
          <TextLine ID="tl_54" BASELINE="2213" HEIGHT="65" WIDTH="896" VPOS="2148" HPOS="95">
            <String HEIGHT="65" WIDTH="125" VPOS="2148" HPOS="77" CONTENT="aux" ID="tl_54_1" STYLEREFS="FONT0"/>
            <SP HEIGHT="65" WIDTH="18" VPOS="2148" HPOS="203"/>
            <String HEIGHT="65" WIDTH="161" VPOS="2148" HPOS="149" CONTENT="frais" ID="tl_54_2" STYLEREFS="FONT0"/>
            <SP HEIGHT="65" WIDTH="18" VPOS="2148" HPOS="310"/>
            <String HEIGHT="65" WIDTH="108" VPOS="2148" HPOS="256" CONTENT="de" ID="tl_54_3" STYLEREFS="FONT0"/>
            <SP HEIGHT="65" WIDTH="18" VPOS="2148" HPOS="364"/>
            <String HEIGHT="65" WIDTH="108" VPOS="2148" HPOS="310" CONTENT="la" ID="tl_54_4" STYLEREFS="FONT0"/>
            <SP HEIGHT="65" WIDTH="18" VPOS="2148" HPOS="418"/>
            <String HEIGHT="65" WIDTH="233" VPOS="2148" HPOS="364" CONTENT="Biennale," ID="tl_54_5" STYLEREFS="FONT0"/>
            <SP HEIGHT="65" WIDTH="18" VPOS="2148" HPOS="597"/>
            <String HEIGHT="65" WIDTH="143" VPOS="2148" HPOS="543" CONTENT="dans" ID="tl_54_6" STYLEREFS="FONT0"/>
            <SP HEIGHT="65" WIDTH="18" VPOS="2148" HPOS="686"/>
            <String HEIGHT="65" WIDTH="108" VPOS="2148" HPOS="633" CONTENT="un" ID="tl_54_7" STYLEREFS="FONT0"/>
            <SP HEIGHT="65" WIDTH="18" VPOS="2148" HPOS="740"/>
            <String HEIGHT="65" WIDTH="161" VPOS="2148" HPOS="686" CONTENT="délai" ID="tl_54_8" STYLEREFS="FONT0"/>
            <SP HEIGHT="65" WIDTH="18" VPOS="2148" HPOS="848"/>
            <String HEIGHT="65" WIDTH="197" VPOS="2148" HPOS="794" CONTENT="maximum" ID="tl_54_9" STYLEREFS="FONT0"/>
            <SP HEIGHT="65" WIDTH="18" VPOS="2148" HPOS="991"/>
            <String HEIGHT="65" WIDTH="72" VPOS="2148" HPOS="919" CONTENT="de" ID="tl_54_10" STYLEREFS="FONT0"/>
          </TextLine>
          <TextLine ID="tl_55" BASELINE="2252" HEIGHT="43" WIDTH="151" VPOS="2209" HPOS="97">
            <String HEIGHT="43" WIDTH="134" VPOS="2209" HPOS="80" CONTENT="deux" ID="tl_55_1" STYLEREFS="FONT0"/>
            <SP HEIGHT="43" WIDTH="17" VPOS="2209" HPOS="214"/>
            <String HEIGHT="43" WIDTH="101" VPOS="2209" HPOS="147" CONTENT="ans." ID="tl_55_2" STYLEREFS="FONT0"/>
          </TextLine>
        </TextBlock>
        <TextBlock ID="r_3_1" HEIGHT="27" WIDTH="29" VPOS="2270" HPOS="961">
          <TextLine ID="tl_56" BASELINE="2309" HEIGHT="46" WIDTH="38" VPOS="2263" HPOS="957">
            <String HEIGHT="46" WIDTH="76" VPOS="2263" HPOS="919" CONTENT="15" ID="tl_56_1" STYLEREFS="FONT0"/>
          </TextLine>
        </TextBlock>
        <GraphicalElement ID="r_4" HEIGHT="32" WIDTH="728" VPOS="0" HPOS="277"/>
        <GraphicalElement ID="r_5" HEIGHT="25" WIDTH="616" VPOS="2360" HPOS="1"/>
      </PrintSpace>
    </Page>
  </Layout>
</alto>
