1101 2361
163 247 228 69 Philippe
345 247 213 69 GAREL
512 247 91 69 né
557 247 91 69 en
603 247 121 69 1945
679 247 76 69 à
709 247 213 69 Trébeurden
861 247 167 69 (France).

166 304 182 71 Hervé
302 304 258 71 BERREHAR
515 304 91 71 né
560 304 91 71 en
606 304 121 71 1942
681 304 76 71 à
712 304 212 71 Plomodiern
863 304 167 71 (France).

163 357 284 71 JEAN-PIERRE
400 357 237 71 SALAUN
589 357 95 71 né
637 357 95 71 en
684 357 126 71 1942
763 357 79 71 à
779 357 252 71 Cagnes

120 483 204 63 27
278 483 126 63 MIND
356 483 252 63 EMANCIPATION
561 483 126 63 CELL
624 483 204 63 (maquette).

166 524 153 54 Ecole
268 524 119 54 des
336 524 238 54 Beaux-Arts
523 524 102 54 de
557 524 187 54 Besançon.

170 561 102 70 La
221 561 187 70 cellule
357 561 102 70 de
409 561 256 70 défoulement
613 561 119 70 est
681 561 102 70 un
732 561 153 70 moyen
835 561 102 70 de
869 561 170 70 s’expri-

171 613 112 52 mer
235 613 209 52 librement
396 613 80 52 à
428 613 160 52 partir
540 613 128 52 d’un
620 613 176 52 élément
733 613 176 52 matériel.

172 635 137 62 Dans
257 635 154 62 notre
360 635 137 62 idée
445 635 102 62 de
496 635 273 62 défoulement,
718 635 188 62 l’homme
855 635 137 62 doit
923 635 120 62 avoir

172 673 100 62 la
222 673 251 62 possibilité
423 673 100 62 de
473 673 184 62 réduire
607 673 100 62 ou
657 673 217 62 augmenter
808 673 234 62 perceptible-

173 709 131 55 ment
255 709 115 55 son
320 709 164 55 espace
435 709 164 55 vital,
550 709 148 55 créer
648 709 115 55 des
714 709 164 55 formes
829 709 180 55 variées
944 709 98 55 avec

173 740 102 60 le
224 740 204 60 matériau
377 740 119 60 des
445 740 170 60 parois
564 740 102 60 de
616 740 153 60 notre
718 740 153 60 «mind
803 740 238 60 emancipation

174 775 177 60 cell»,
298 775 106 60 et
351 775 106 60 de
405 775 106 60 se
458 775 195 60 trouver
599 775 159 60 ainsi
706 775 142 60 dans
794 775 106 60 le
847 775 177 60 milieu
953 775 89 60 qui

175 815 229 56 correspond
354 815 82 56 à
387 815 114 56 son
452 815 131 56 état
517 815 180 56 d’esprit.

175 825 137 72 Pour
260 825 120 72 des
329 825 188 72 raisons
466 825 257 72 techniques,
671 825 103 72 la
722 825 188 72 cellule
859 825 120 72 est
910 825 137 72 placée

175 873 84 63 à
209 873 251 63 l’intérieur
410 873 134 63 d’un
494 873 168 63 volume
611 873 268 63 sphéroïdique
812 873 235 63 transparent.

181 970 210 65 Jean-Luc
346 970 225 65 JOANNE
526 970 90 65 né
571 970 90 65 en
616 970 120 65 1945
690 970 75 65 à
720 970 225 65 Chevanceaux
885 970 165 65 (France).

184 1065 232 58 Catherine
372 1065 232 58 BOIGEOL
560 1065 101 58 née
618 1065 87 58 en
661 1065 116 58 1949
734 1065 72 58 à
763 1065 188 58 Giromagny
893 1065 159 58 (France).

186 1152 265 65 Jean-Pierre
407 1152 250 65 BRETECHE
613 1152 88 65 né
657 1152 88 65 en
702 1152 118 65 1946
775 1152 74 65 à
805 1152 147 65 Nantes
893 1152 162 65 (France).

188 1259 205 47 Sonia
341 1259 324 47 CHATAIGNER
614 1259 119 47 née
683 1259 102 47 en
734 1259 136 47 1946
819 1259 85 47 à
836 1259 222 47 Fouquebrune

189 1302 201 54 (France).
328 1302 139 54 Design.

192 1339 205 62 Pierre
350 1339 237 62 VIELLET
539 1339 95 62 né
587 1339 95 62 en
634 1339 126 62 1947
713 1339 79 62 à
744 1339 126 62 Lahr
823 1339 95 62 en
871 1339 126 62 Bade
934 1339 126 62 (Alle-

191 1392 187 53 magne).
310 1392 204 53 Graphisme.

144 1469 148 49 29
242 1469 198 49 MONUMENT
391 1469 99 49 AU
440 1469 165 49 SOLDAT
555 1469 214 49 CONNU
720 1469 264 49 (réalisation
934 1469 82 49 à
951 1469 115 49 gran

192 1564 109 40 Ce
246 1564 218 40 monument
410 1564 236 40 incorpore
592 1564 127 40 les
665 1564 218 40 éléments
829 1564 127 40 que
883 1564 182 40 pourrait

197 1599 177 39 utiliser
330 1599 221 39 aujourd’hui
506 1599 191 39 l’artiste
654 1599 206 39 populaire,
816 1599 236 39 c’est-à-dire
992 1599 74 39 des

195 1625 205 45 symboles
349 1625 103 45 et
400 1625 171 45 objets
520 1625 188 45 prenant
657 1625 120 45 une
726 1625 171 45 valeur
845 1625 205 45 mythique
982 1625 86 45 par

195 1659 117 45 les
262 1659 319 45 représentations
531 1659 117 45 qui
598 1659 101 45 en
648 1659 134 45 sont
732 1659 185 45 faites,
867 1659 117 45 par
917 1659 151 45 exemple

194 1695 125 48 par
266 1695 339 48 l’intermédiaire
551 1695 125 48 des
622 1695 321 48 communications
890 1695 107 48 de
925 1695 143 48 masses

197 1730 226 51 (journaux,
375 1730 258 51 télévisions,
584 1730 162 51 etc.),
698 1730 129 51 puis
778 1730 97 51 un
827 1730 129 51 sens
891 1730 178 51 différent

197 1760 171 45 encore
316 1760 239 45 lorsqu’ils
504 1760 137 45 sont
590 1760 171 45 inclus
709 1760 137 45 dans
795 1760 102 45 un
846 1760 205 45 ensemble
983 1760 85 45 tel

196 1796 110 45 que
259 1796 188 45 celui-ci
400 1796 110 45 par
462 1796 141 45 l’art
556 1796 219 45 populaire.
729 1796 157 45 Ainsi,
838 1796 94 45 la
885 1796 141 45 forme
963 1796 110 45 géné-

199 1829 137 40 rale
284 1829 102 40 du
336 1829 205 40 monument
489 1829 137 40 peut
575 1829 188 40 évoquer
711 1829 154 40 aussi
814 1829 137 40 bien
899 1829 120 40 une
950 1829 120 40 fusée

201 1858 86 46 —
235 1858 309 46 représentation
493 1858 206 46 actuelle
647 1858 86 46 —
681 1858 154 46 qu’un
784 1858 189 46 phallus
922 1858 86 46 —
939 1858 137 46 repré-

200 1886 232 49 sentation
378 1886 232 49 mythique.
556 1886 107 49 De
610 1886 160 49 même,
717 1886 107 49 un
770 1886 196 49 élément
895 1886 178 49 emprunté

199 1927 95 44 à
237 1927 114 44 la
294 1927 209 44 science
446 1927 209 44 moderne
598 1927 95 44 —
636 1927 114 44 un
692 1927 152 44 cœur
787 1927 190 44 greffé
920 1927 95 44 —
939 1927 133 44 prend

208 1959 108 48 une
269 1959 185 48 nouvelle
408 1959 170 48 valeur,
532 1959 232 48 folklorique
718 1959 93 48 et
764 1959 201 48 poétique,
903 1959 170 48 lorsqu’il

205 2000 107 41 est
266 2000 199 41 confronté
419 2000 76 41 à
449 2000 214 41 l’ensemble
617 2000 107 41 des
679 2000 153 41 autres
786 2000 183 41 éléments
908 2000 168 41 utilisés.

204 2053 256 51 Responsable
408 2053 102 51 de
443 2053 187 51 l’équipe:

204 2084 222 55 Alberto
379 2084 317 55 QUINTANILLA
648 2084 95 55 né
696 2084 95 55 en
743 2084 127 55 1934
822 2084 79 55 à
854 2084 127 55 Lima
917 2084 159 55 (Pérou).

208 2187 168 44 Paul
330 2187 199 44 BAUD
483 2187 92 44 né
529 2187 92 44 en
575 2187 122 44 1943
651 2187 76 44 à
682 2187 138 44 Paris
773 2187 199 44 (France).
911 2187 168 44 Musicien.
