1089 2385
146 445 264 82 Commissaire
357 445 193 82 général
498 445 88 82 :
533 445 246 82 Francis
726 445 105 82 De
762 445 193 82 Lulle

146 504 147 67 Chef
237 504 110 67 du
293 504 202 67 Service
440 504 110 67 de
495 504 257 67 Propagande
697 504 257 67 Artistique
881 504 73 67 au

150 540 221 67 Ministère
320 540 102 67 de
371 540 102 67 la
422 540 187 67 Culture
558 540 85 67 à
575 540 204 67 Bruxelles.

109 648 174 75 Trois
225 648 193 75 jeunes
360 648 232 75 artistes
534 648 116 75 de
592 648 155 75 Gand
689 648 116 75 se
747 648 155 75 sont
825 648 135 75 asso-

59 687 147 80 ciés
151 687 147 80 pour
243 687 221 80 réaliser
408 687 110 80 un
463 687 202 80 travail
610 687 258 80 collectif,
813 687 147 80 mais
886 687 74 80 où

62 729 216 75 apparaît
224 729 235 75 néanmoins
405 729 253 75 clairement
603 729 162 75 toute
693 729 271 75 l’originalité

62 789 107 59 de
116 789 142 59 leur
205 789 178 59 apport
312 789 232 59 individuel.

112 816 146 68 Van
195 816 146 68 Den
279 816 229 68 Abbeel,
445 816 250 68 Plompen,
632 816 146 68 Van
715 816 187 68 Snick
840 816 125 68 et
882 816 83 68 le

64 863 231 66 cinéaste
237 863 250 66 Liefooghe
430 863 96 66 —
468 863 135 66 qui
545 863 212 66 réalisa
699 863 116 66 un
757 863 154 66 film
834 863 135 66 expé-

67 896 225 81 rimental
236 896 132 81 sur
311 896 169 81 cette
424 896 263 81 entreprise
631 896 263 81 collective
837 896 94 81 —
856 896 113 81 font

67 943 192 77 partie
201 943 115 77 de
259 943 173 77 cette
374 943 288 77 remarquable
605 943 173 77 Ecole
720 943 231 77 gantoise
874 943 96 77 qui

69 988 184 65 depuis
197 988 184 65 longue
326 988 147 65 date
418 988 221 65 témoigne
584 988 110 65 de
639 988 110 65 la
694 988 221 65 vitalité
860 988 110 65 et
896 988 74 65 du

69 1040 249 55 dynamisme
260 1040 115 55 de
317 1040 172 55 l’art
413 1040 153 55 belge.

123 1074 142 63 Sur
204 1074 122 63 le
265 1074 162 63 plan
366 1074 304 63 individuel,
609 1074 122 63 le
670 1074 223 63 peintre
812 1074 162 63 Roquet

73 1116 192 70 montre
207 1116 134 70 des
284 1116 192 70 œuvres
418 1116 134 70 qui
495 1116 249 70 reflètent
686 1116 115 70 un
725 1116 249 70 surréalisme

74 1161 221 58 onirique
240 1161 111 58 et
295 1161 277 58 biologique.
516 1161 111 58 Le
571 1161 240 58 sculpteur
756 1161 184 58 Souply
866 1161 111 58 tra-

74 1207 188 61 vaille
206 1207 113 61 le
262 1207 169 61 métal
374 1207 150 61 dans
468 1207 113 61 un
525 1207 188 61 esprit
637 1207 338 61 constructiviste,

76 1252 244 50 cependant
264 1252 132 50 que
339 1252 113 50 le
396 1252 207 50 graveur
546 1252 113 50 De
602 1252 169 50 Guide
715 1252 94 50 a
753 1252 150 50 déjà
828 1252 150 50 démon-

75 1292 134 55 tré
152 1292 153 55 dans
247 1292 134 55 les
324 1292 345 55 confrontations
612 1292 364 55 internationales
899 1292 77 55 la

81 1341 214 57 maturité
242 1341 107 57 de
296 1341 125 57 son
349 1341 161 57 talent.

632 1368 212 58 Francis
786 1368 116 58 De
825 1368 154 58 Lulle.

133 1556 208 57 Maurice
296 1556 223 57 ROQUET
475 1556 89 57 né
519 1556 89 57 en
564 1556 119 57 1938
638 1556 74 57 à
668 1556 134 57 Liège
742 1556 193 57 (Belgique).

106 1609 304 45 1Triptyque
366 1609 101 45 XI,
424 1609 116 45 1968
496 1609 188 45 (pigments
641 1609 101 45 sur
699 1609 159 45 carton,
814 1609 101 45 102
872 1609 72 45 x
887 1609 101 45 219).

107 1649 168 42 2
233 1649 210 42 Composition
401 1649 98 42 VI,
457 1649 112 42 1969
527 1649 182 42 (pigments
667 1649 98 42 sur
723 1649 154 42 carton,
835 1649 84 42 73
877 1649 70 42 x
891 1649 98 42 100).

109 1682 165 46 3
233 1682 206 46 Composition
398 1682 110 46 VII,
467 1682 110 46 1969
536 1682 179 46 (pigments
673 1682 96 46 sur
729 1682 151 46 carton,
839 1682 83 46 73
880 1682 69 46 x
894 1682 96 46 100).

143 1840 166 45 Emile
267 1840 207 45 SOUPLY
433 1840 83 45 né
474 1840 83 45 en
516 1840 110 45 1935
585 1840 69 45 à
612 1840 179 45 Charleroi
737 1840 179 45 (Belgique).

114 1884 194 38 4N°
266 1884 97 38 31,
322 1884 111 38 1966
391 1884 152 38 (acier,
502 1884 97 38 177
557 1884 69 38 x
585 1884 97 38 145
640 1884 69 38 x
654 1884 97 38 162).

116 1920 194 43 5N°
268 1920 97 43 38,
324 1920 111 43 1969
393 1920 152 43 (acier,
503 1920 97 43 230
558 1920 69 43 x
586 1920 97 43 250
641 1920 69 43 x
655 1920 97 43 380).

119 1954 193 44 6N°
271 1954 96 44 39,
326 1954 110 44 1969
395 1954 152 44 (acier,
505 1954 96 44 200
560 1954 69 44 x
588 1954 96 44 200
643 1954 69 44 x
657 1954 96 44 200).

151 2094 199 49 Frédéric
307 2094 85 49 DE
350 2094 199 49 GUIDE
506 2094 85 49 né
549 2094 85 49 en
592 2094 114 49 1940
663 2094 71 49 à
691 2094 185 49 Etterbeek
819 2094 185 49 (Belgique).

124 2151 151 47 7
234 2151 233 47 Métamorphose,
425 2151 110 47 1969
494 2151 205 47 (eau-forte,
658 2151 82 47 75
699 2151 68 47 x
713 2151 82 47 52).

126 2184 155 44 8
242 2184 77 44 Le
281 2184 142 44 mirage,
384 2184 103 44 1969
449 2184 194 44 (eau-forte,
604 2184 77 44 75
643 2184 65 44 x
656 2184 77 44 52).

125 2218 169 60 9
252 2218 127 60 Monde
336 2218 169 60 inconnu,
463 2218 113 60 1969
534 2218 212 60 (eau-forte,
703 2218 85 60 45
745 2218 71 60 x
759 2218 71 60 63)
