1062 2361
-27 78 667 73 GRANDE

182 456 283 69 Commissaire
408 456 207 69 général
559 456 94 69 :
597 456 245 69 Lilian
766 456 302 69 Somerville

182 516 296 55 Directrice
414 516 127 55 du
478 516 317 55 Département
731 516 148 55 des
816 516 296 55 Beaux-Arts

172 559 173 51 du
259 559 318 51 British
490 559 318 51 Council
721 559 145 51 à
779 559 347 51 Londres.

140 681 197 51 Chacun
278 681 138 51 des
357 681 177 51 trois
475 681 237 51 artistes
653 681 138 51 qui
732 681 315 51 représentent
988 681 118 51 la

80 723 391 47 Grande-Bretagne
410 723 103 47 à
451 723 123 47 la
512 723 226 47 Sixième
677 723 247 47 Biennale
862 723 123 47 de
924 723 185 47 Paris

84 771 193 46 désire
219 771 212 46 attirer
373 771 290 46 l’attention
605 771 135 46 sur
682 771 116 46 la
740 771 193 46 nature
875 771 154 46 même
971 771 135 46 des

79 811 276 43 éléments
286 811 299 43 physiques
516 811 161 43 qui
608 811 299 43 composent
838 811 161 43 son
907 811 161 43 œuve.

81 846 161 50 Tous
182 846 141 50 les
262 846 181 50 trois
383 846 141 50 ont
464 846 121 50 un
524 846 181 50 grand
645 846 181 50 souci
766 846 121 50 de
826 846 201 50 clarté
947 846 121 50 for-

83 892 185 41 melle
207 892 123 41 et
268 892 205 41 chacun
412 892 226 41 d’entre
576 892 144 41 eux
658 892 226 41 utilise
822 892 144 41 les
904 892 205 41 lignes

80 932 207 51 comme
218 932 161 51 des
310 932 230 51 moyens
471 932 138 51 de
540 932 299 51 délimiter
769 932 276 51 l’espace
976 932 138 51 ou

25 977 482 44 la
266 977 963 44 surface.

138 1015 162 53 John
239 1015 202 53 Walker
380 1015 263 53 travaille
583 1015 142 53 sur
664 1015 142 53 une
744 1015 202 53 grande
886 1015 222 53 échelle

82 1061 129 49 et
146 1061 236 49 chacune
317 1061 129 49 de
382 1061 150 49 ses
468 1061 279 49 peintures
682 1061 150 49 est
768 1061 343 49 expérimentée

81 1101 124 51 en
143 1101 165 51 tant
246 1101 412 51 qu’environnement
597 1101 103 51 :
638 1101 124 51 un
700 1101 206 51 simple
824 1101 144 51 champ

83 1149 151 46 dans
177 1149 189 46 lequel
310 1149 132 46 des
385 1149 226 46 éléments
555 1149 283 46 étrangement
781 1149 189 46 formés
895 1149 75 46 se

85 1187 253 51 déploient,
284 1187 199 51 parfois
429 1187 109 51 de
483 1187 163 51 façon
591 1187 145 51 très
682 1187 199 51 isolée,
808 1187 163 51 parfois

84 1232 116 43 en
142 1232 116 43 se
200 1232 309 43 chevauchant,
451 1232 116 43 ou
509 1232 154 43 même
605 1232 116 43 en
644 1232 328 43 s’obscurcissant

84 1267 384 50 réciproquement.
407 1267 121 50 Le
468 1267 283 50 spectateur
690 1267 121 50 en
751 1267 202 50 reçoit
872 1267 101 50 une

86 1311 270 52 impression
298 1311 116 52 de
356 1311 231 52 distance
529 1311 212 52 ambigué
684 1311 135 52 ou,
761 1311 96 52 à
780 1311 193 52 certains

83 1355 248 43 moments,
270 1355 124 43 de
332 1355 166 43 gros
435 1355 166 43 plan
539 1355 269 43 étonnant.
745 1355 186 43 Comme
849 1355 124 43 dans

85 1395 127 47 le
148 1395 233 47 cubisme
318 1395 127 47 de
381 1395 233 47 Picasso
551 1395 127 47 et
614 1395 127 47 de
678 1395 212 47 Braque
826 1395 127 47 ou
868 1395 106 47 les

81 1437 327 45 assemblages
343 1437 131 45 de
408 1437 196 45 Johns
539 1437 131 45 et
604 1437 370 45 Rauschenberg,
887 1437 87 45 la

81 1478 234 50 variété
251 1478 149 50 des
336 1478 298 50 techniques
571 1478 149 50 que
656 1478 213 50 Walker
784 1478 192 50 emploie

84 1524 271 46 renouvelle
297 1524 194 46 chaque
432 1524 213 46 élément
587 1524 136 46 mis
665 1524 116 46 en
723 1524 194 46 relief
859 1524 116 46 et
897 1524 78 46 la

86 1560 254 52 neutralité
285 1560 109 52 de
340 1560 109 52 la
394 1560 200 52 surface
540 1560 218 52 portante
703 1560 109 52 du
757 1560 218 52 tableau.
902 1560 73 52 Il

84 1617 233 35 applique
258 1617 116 35 sa
316 1617 233 35 peinture
491 1617 116 35 de
549 1617 291 35 différentes
763 1617 213 35 manières,

85 1649 143 46 soit
174 1649 143 46 sous
264 1649 161 46 forme
371 1649 107 46 de
424 1649 196 46 taches,
567 1649 89 46 à
602 1649 107 46 la
656 1649 178 46 brosse
781 1649 107 46 en
816 1649 161 46 effleu-

85 1689 149 52 rant
178 1689 111 52 la
234 1689 223 52 surface,
401 1689 111 52 en
457 1689 111 52 la
513 1689 223 52 laissant
680 1689 186 52 tomber
810 1689 186 52 goutte
921 1689 56 52 à

85 1735 185 48 goutte,
220 1735 135 48 soit
304 1735 101 48 en
355 1735 101 48 la
405 1735 253 48 vaporisant.
607 1735 101 48 Il
658 1735 185 48 utilise
793 1735 101 48 le
826 1735 152 48 collage

84 1768 114 52 et
141 1768 152 52 même
236 1768 229 52 l’imite,
408 1768 152 52 mais
503 1768 114 52 sa
560 1768 209 52 couleur
712 1768 133 52 est
770 1768 209 52 tellement

87 1813 255 50 inattendue
287 1813 109 50 et
342 1813 273 50 descriptive
561 1813 128 50 que
634 1813 109 50 la
688 1813 255 50 révélation
871 1813 109 50 phy-

84 1858 168 51 sique
196 1858 205 51 devient
346 1858 112 51 le
402 1858 224 51 véhicule
569 1858 280 51 d’illusions
775 1858 205 51 complexes

83 1898 112 44 de
139 1898 243 44 l’espace,
326 1898 112 44 de
382 1898 112 44 la
438 1898 299 44 perspective,
681 1898 112 44 du
737 1898 187 44 volume
868 1898 112 44 et
905 1898 75 44 de

87 1939 110 54 la
142 1939 256 54 pesanteur.
343 1939 110 54 Il
397 1939 164 54 donne
507 1939 201 54 souvent
653 1939 91 54 à
690 1939 110 54 la
744 1939 183 54 partie
854 1939 128 54 infé-

84 1984 191 47 rieure
217 1984 114 47 de
275 1984 114 47 sa
332 1984 172 47 toile
446 1984 133 47 une
522 1984 267 47 importance
732 1984 133 47 peu
789 1984 191 47 commune:

81 2022 189 60 c’est
207 2022 126 60 un
270 2022 210 60 niveau
416 2022 168 60 fixe
521 2022 147 60 sur
605 2022 210 60 lequel
752 2022 147 60 les
814 2022 168 60 formes

82 2064 274 47 s’appuient
298 2064 118 47 et
357 2064 235 47 semblent
533 2064 118 47 se
592 2064 235 47 reposer,
749 2064 235 47 accentuant

82 2114 176 51 ainsi
200 2114 137 51 une
278 2114 255 51 sensation
474 2114 215 51 intense
631 2114 117 51 de
689 2114 235 51 pression
866 2114 117 51 et
905 2114 78 51 de

63 2154 179 56 gravité.

144 2185 112 73 De
200 2185 112 73 la
256 2185 149 73 même
349 2185 224 73 manière,
517 2185 130 73 les
592 2185 261 73 sculptures
797 2185 112 73 de
834 2185 149 73 Roland

58 2293 88 49 62
