1062 2361
-4 79 278 70 FRANCE

115 208 252 55 Responsable:

135 253 190 71 Robert
282 253 219 71 MASSOL
457 253 88 71 né
501 253 88 71 en
545 253 117 71 1941
618 253 73 71 à
647 253 117 71 Sète
720 253 190 71 (France).
852 253 117 71 Archi.

116 295 124 40 tecte.

133 344 215 68 Claudine
305 344 229 68 BRUNAUD
491 344 100 68 née
548 344 86 68 en
591 344 115 68 1943
663 344 72 68 à
692 344 186 68 Vincennes
821 344 143 68 (France)

117 387 156 51 Peintre.

130 445 201 60 Jeanne
284 445 278 60 LEVASSEUR
516 445 108 60 née
578 445 93 60 en
624 445 124 60 1941
701 445 77 60 à
732 445 139 60 Nîmes
809 445 155 60 (France)

113 480 204 43 Architecte.

129 536 214 62 Claire
293 536 247 62 NADAUD
491 536 115 62 née
557 536 99 62 en
606 536 132 62 1944
688 536 82 62 à
721 536 148 62 Paris
803 536 165 62 (France)

112 573 196 46 Sculpteur.

129 619 248 64 Françoise
331 619 233 64 PICARD
518 619 109 64 née
580 619 93 64 en
626 619 124 64 1944
704 619 78 64 à
735 619 124 64 Lyon
797 619 171 64 (France).

127 667 147 56 Ecole
225 667 115 56 des
290 667 131 56 Arts
356 667 213 56 Décoratifs.

129 720 168 62 Rafi
251 720 259 62 TOUMAYAN
464 720 92 62 né
510 720 92 62 en
556 720 122 62 1944
632 720 76 62 à
663 720 198 62 Marseille
800 720 168 62 (France).

111 759 237 46 Photographe.

78 859 132 57 25
166 859 367 57 LIEU-ECHAPPATOIRE
489 859 235 57 (réalisation
679 859 73 57 à
694 859 176 57 grandeur).

126 914 97 63 La
174 914 162 63 nature
288 914 162 63 recèle
401 914 114 63 une
466 914 162 63 grande
580 914 211 63 puissance
742 914 227 63 évocatrice
904 914 65 63 et

127 955 292 60 l’imagination,
370 955 130 60 sous
451 955 113 60 son
516 955 227 60 impulsion,
694 955 97 60 se
742 955 113 60 met
807 955 97 60 en
839 955 130 60 mouve-

122 995 155 50 ment:
225 995 224 50 pulsation
398 995 104 50 de
450 995 104 50 la
501 995 207 50 lumière,
657 995 190 50 murmure
795 995 104 50 de
829 995 138 50 l’eau,

122 1027 260 50 transparence
333 1027 98 50 de
382 1027 212 50 l’espace,
545 1027 130 50 sont
626 1027 163 50 autant
740 1027 98 50 de
773 1027 195 50 mouvements

120 1060 100 61 où
170 1060 183 61 l’homme
303 1060 150 61 puise
403 1060 116 61 ses
469 1060 183 61 sources
602 1060 183 61 vitales
735 1060 133 61 pour
802 1060 166 61 épanouir

121 1095 112 42 ses
169 1095 209 42 sensations.

123 1130 165 64 L’idée
238 1130 82 64 :
271 1130 362 64 Lieu-échappatoire.
584 1130 181 64 Symbole
715 1130 99 64 de
748 1130 99 64 vie.

120 1167 271 68 Transparence
340 1167 102 68 de
391 1167 102 68 la
442 1167 169 68 nature
560 1167 136 68 dans
645 1167 220 68 l’espace.
798 1167 169 68 Lumière.

118 1215 295 40 Approximation
361 1215 104 40 du
413 1215 156 40 rêve.
517 1215 174 40 Calme.
621 1215 191 40 Quiétude.

121 1248 215 51 Matériaux:
290 1248 123 51 cage
367 1248 92 51 de
413 1248 138 51 verre
505 1248 246 51 transparent.
705 1248 200 51 Altuglass
843 1248 123 51 trans

102 1286 145 43 parent.

119 1324 116 69 Eau
186 1324 116 69 par
252 1324 233 69 pulsation.
435 1324 249 69 Végétation.
618 1324 183 69 Lumières.

116 1378 249 50 Responsable
299 1378 50 50 :

118 1427 219 50 Béatrice
294 1427 278 50 CASADESSUS
528 1427 102 50 née
586 1427 88 50 en
630 1427 117 50 1942
703 1427 73 50 à
732 1427 132 50 Paris
805 1427 161 50 (France).

116 1466 227 59 Conception
294 1466 97 59 et
327 1466 227 59 réalisation.

118 1523 205 58 Bernard
279 1523 292 58 LE-NGOC-HUE
528 1523 88 58 né
571 1523 88 58 en
615 1523 117 58 1936
688 1523 73 58 à
718 1523 132 58 Hanoï
791 1523 175 58 (Vietnam).

115 1559 225 46 Conception
291 1559 96 46 et
323 1559 225 46 réalisation.

114 1604 236 55 Philippe
303 1604 220 55 THILL
476 1604 94 55 né
523 1604 94 55 en
571 1604 126 55 1937
649 1604 79 55 à
665 1604 299 55 Saint

111 1649 209 58 (France).
271 1649 225 58 Conception
448 1649 96 58 et
496 1649 241 58 réalisation
672 1649 193 58 technique.

62 1756 127 56 26
147 1756 241 56 MEDIATION
345 1756 226 56 (réalisation
529 1756 71 56 à
543 1756 170 56 grandeur).

107 1816 165 48 Contre
223 1816 99 48 la
273 1816 248 48 ségrégation
471 1816 116 48 des
537 1816 198 48 méthodes
686 1816 231 48 visuelles,
851 1816 116 48 audi-

109 1855 145 43 tives,
210 1855 174 43 tactiles
341 1855 87 43 et
384 1855 218 43 olfactives,
558 1855 102 43 qui
616 1855 203 43 sclérosent
776 1855 87 43 la
805 1855 160 43 création.

107 1890 168 41 Contre
225 1890 101 41 le
275 1890 218 41 spectacle
443 1890 168 41 passif
561 1890 118 41 qui
628 1890 202 41 minimise
779 1890 101 41 le
830 1890 134 41 rôle
897 1890 67 41 du

103 1929 249 45 spectateur.
303 1929 166 45 Contre
419 1929 100 45 le
469 1929 233 45 dogmatisme
651 1929 216 45 entourant
818 1929 100 45 la
851 1929 116 45 créa-

104 1958 126 44 tion
183 1958 94 44 et
230 1958 94 44 le
261 1958 173 44 créateur.

106 1994 114 45 «La
171 1994 227 45 domination
349 1994 130 45 d’un
430 1994 130 45 seul
512 1994 130 45 sens
593 1994 114 45 est
658 1994 114 45 une
723 1994 179 45 recette
836 1994 130 45 d’hyp-

102 2033 144 51 nose
192 2033 108 51 et
246 2033 234 51 n’importe
426 2033 180 51 lequel
552 2033 126 51 des
624 2033 144 51 sens
714 2033 144 51 peut
804 2033 180 51 servir
912 2033 54 51 à

101 2063 208 42 enfermer
257 2063 121 42 une
326 2063 191 42 culture
465 2063 139 42 dans
551 2063 104 42 le
603 2063 225 42 sommeil.»
776 2063 121 42 Mac
828 2063 139 42 Luhan.

101 2101 166 41 Objets
218 2101 250 41 interactifs
418 2101 233 41 réagissant
601 2101 83 41 à
634 2101 250 41 l’influence
834 2101 100 41 de
867 2101 100 41 leur

100 2134 306 38 environnement.
355 2134 204 38 L’action
508 2134 119 38 des
575 2134 272 38 participants
779 2134 187 38 détermine

104 2163 146 43 leurs
201 2163 179 43 propres
331 2163 228 43 réactions.
510 2163 114 43 Cet
575 2163 195 43 ensemble
721 2163 114 43 n’a
786 2163 130 43 donc
851 2163 114 43 qu’un

100 2198 130 48 rôle
181 2198 98 48 de
214 2198 195 48 médiateur.

27 2274 98 49 146
