1062 2361
-1 77 313 74 HONGRIE

186 472 256 50 Commissaire
391 472 188 50 général
527 472 85 50 :
561 472 222 50 Sandor
714 472 239 50 Hemberge

188 518 206 46 Directeur
347 518 95 46 de
394 518 95 46 la
442 518 174 46 Section
553 518 190 46 artistique

188 560 94 40 de
235 560 220 40 l’Institut
408 560 110 40 des
471 560 204 40 Relations
613 560 220 40 Culturelles.

144 685 92 52 A
180 685 111 52 la
236 685 185 52 sortie
365 685 111 52 de
421 685 203 52 l’Ecole
568 685 259 52 Supérieure
771 685 129 52 des
827 685 129 52 Beaux

88 734 156 48 Arts,
192 734 104 48 la
244 734 191 48 plupart
383 734 122 48 des
452 734 174 48 élèves
574 734 104 48 se
626 734 208 48 retrouve
782 734 104 48 au
817 734 139 48 Studio

87 778 138 44 des
166 778 198 44 Jeunes
305 778 237 44 Artistes
483 778 138 44 que
562 778 316 44 subventionne
799 778 158 44 lEtat.

87 819 194 50 Chaque
222 819 194 50 année,
358 819 116 50 la
416 819 194 50 grande
551 819 271 50 exposition
764 819 116 50 du
803 819 155 50 Studio

89 859 174 50 permet
210 859 104 50 de
263 859 174 50 passer
385 859 104 50 en
437 859 157 50 revue
541 859 244 50 l’activité
733 859 104 50 de
785 859 122 50 ses
837 859 122 50 adhé-

88 908 160 46 rents
195 908 107 46 et
248 908 124 46 les
319 908 142 46 plus
408 908 160 46 doués
515 908 267 46 bénéficient
728 908 160 46 d’une
817 908 142 46 bourse

86 942 109 52 de
140 942 164 52 trois
249 942 145 52 ans.
340 942 127 52 Les
413 942 164 52 trois
522 942 218 52 artistes
685 942 236 52 présentés
867 942 91 52 à
885 942 73 52 la

87 984 233 55 Biennale
261 984 116 55 de
319 984 174 55 Paris
436 984 155 55 sont
533 984 213 55 membres
688 984 116 55 du
746 984 213 55 Studio;
881 984 78 55 is

88 1037 119 45 ont
156 1037 222 45 participé
327 1037 85 45 à
361 1037 273 45 l’exposition
583 1037 102 45 de
634 1037 136 45 1969
719 1037 102 45 et
770 1037 119 45 ont
822 1037 136 45 obtent

87 1067 165 50 cette
179 1067 165 50 bourse.

144 1113 143 42 Par
225 1113 143 42 son
307 1113 285 42 romantisme
531 1113 183 42 sobre
653 1113 122 42 et
714 1113 143 42 son
796 1113 163 42 sens
877 1113 82 42 du

86 1156 190 46 décor,
219 1156 171 46 Gabor
333 1156 171 46 Bencs
447 1156 266 46 représente
656 1156 114 46 un
713 1156 209 46 courant
846 1156 114 46 par-

87 1197 210 46 ticulier
244 1197 105 46 de
296 1197 105 46 la
349 1197 210 46 peinture
506 1197 227 46 hongroise
680 1197 227 46 actuelle.
838 1197 122 46 Fran-

85 1239 219 48 chement
244 1239 278 48 figuratif,
463 1239 139 48 son
542 1239 199 48 espace
682 1239 219 48 découpé
821 1239 139 48 comme

89 1285 105 38 un
141 1285 192 38 collage
280 1285 157 38 peint
385 1285 227 38 transpose
560 1285 105 38 la
612 1285 192 38 réalité
752 1285 140 38 sans
821 1285 140 38 renon-

86 1329 130 45 cer
161 1329 130 45 aux
235 1329 242 45 conquêtes
421 1329 112 45 de
477 1329 167 45 l’art
589 1329 223 45 abstrait
756 1329 205 45 donnant
887 1329 74 45 la

85 1365 228 48 primauté
256 1365 95 48 à
294 1365 304 48 l’expression
540 1365 133 48 des
597 1365 209 48 couleurs.

142 1404 149 46 Huba
236 1404 261 46 Balvanyos,
441 1404 261 46 pratiquant
646 1404 131 46 les
721 1404 205 46 grandes
851 1404 112 46 tra-

83 1446 201 43 ditions
229 1446 110 43 de
284 1446 110 43 la
339 1446 219 43 gravure,
503 1446 201 43 intègre
649 1446 91 43 à
686 1446 128 43 son
741 1446 219 43 expression

80 1491 147 39 des
164 1491 252 39 procédés
353 1491 126 39 et
416 1491 126 39 un
479 1491 231 39 langage
646 1491 273 39 conformes
856 1491 105 39 à
877 1491 84 39 un

82 1534 196 38 esprit
220 1534 235 38 moderne.
396 1534 137 38 Ses
474 1534 333 38 lithographies
729 1534 235 38 témoignent

80 1576 177 42 d’une
198 1576 255 42 technique
394 1576 216 42 solide,
551 1576 177 42 aussi
669 1576 157 42 bien
767 1576 137 42 que
826 1576 137 42 d’une

81 1616 173 45 veine
196 1616 250 45 satirique
388 1616 115 45 et
446 1616 269 45 moraliste.
657 1616 288 45 L’épuration
868 1616 96 45 des

83 1657 202 41 moyens,
230 1657 110 41 la
285 1657 257 41 simplicité
487 1657 110 41 de
542 1657 110 41 la
597 1657 275 41 réalisation
817 1657 147 41 vont
891 1657 73 41 de

81 1701 153 48 pair
177 1701 153 48 avec
272 1701 115 48 la
330 1701 192 48 clarté
464 1701 230 48 toujours
636 1701 268 48 croissante
847 1701 115 48 de
885 1701 77 48 la

80 1740 204 56 pensée
202 1740 225 56 exprimée.

137 1781 121 49 Le
197 1781 141 49 nom
278 1781 121 49 du
338 1781 262 49 sculpteur
540 1781 222 49 Andreas
681 1781 282 49 Papachristos

75 1827 104 57 —
117 1827 145 57 qui
200 1827 207 57 depuis
345 1827 249 57 dix-neuf
531 1827 145 57 ans
614 1827 145 57 vit
697 1827 124 57 en
759 1827 228 57 Hongrie
904 1827 62 57 —

83 1866 169 59 laisse
202 1866 186 59 deviner
337 1866 119 59 son
405 1866 186 59 origine
540 1866 203 59 grecque.
693 1866 102 59 La
727 1866 237 59 civilisation

79 1907 253 44 hellénique
278 1907 181 44 s’unit
405 1907 145 44 dans
495 1907 127 44 son
568 1907 127 44 art
640 1907 127 44 aux
713 1907 253 44 traditions
894 1907 72 44 de

78 1951 109 46 sa
132 1951 217 46 nouvelle
295 1951 199 46 patrie,
440 1951 199 46 surtout
584 1951 181 46 celles
711 1951 109 46 de
747 1951 217 46 l’ancienne

79 1996 250 43 Pannonie.
271 1996 135 43 Ses
348 1996 270 43 sculptures
560 1996 116 43 se
618 1996 328 43 caractérisent
869 1996 96 43 par

77 2037 116 54 de
135 2037 213 54 grandes
289 2037 193 54 formes
425 2037 193 54 lisses
560 2037 116 54 et
618 2037 232 54 bombées.
792 2037 155 54 Mais
869 2037 97 54 les

78 2075 139 53 deux
165 2075 157 53 têtes
269 2075 244 53 présentées
460 2075 209 53 laissent
617 2075 209 53 pourtant
774 2075 139 53 voir
843 2075 122 53 qu’il

77 2121 145 55 aime
168 2121 290 55 l’expression
403 2121 218 55 rustique
567 2121 109 55 de
621 2121 236 55 certaines
785 2121 181 55 surfaces

55 2160 236 55 façonnées.

689 2203 184 55 Sandor
799 2203 166 55 Kontha.

53 2286 84 49 68
