1066 2361
768 42 193 62 CUBA

40 173 112 107 en
96 173 167 107 juger
208 173 149 107 dans
301 173 130 107 les
375 173 186 107 œuvres
505 173 112 107 de
561 173 223 107 Brouwer,
710 173 186 107 Farinas,

40 249 196 81 Berroa,
183 249 232 81 Fernandez
362 249 107 81 et
397 249 161 81 Valera.

88 270 118 108 Le
147 270 217 108 cinéma,
305 270 276 108 également,
522 270 178 108 tente
641 270 138 108 une
700 270 197 108 synthèse

44 326 148 94 entre
142 326 99 94 la
191 326 181 94 réalité
323 326 214 94 nationale
487 326 99 94 et
537 326 99 94 la
586 326 214 94 recherche
734 326 164 94 inquiète

41 364 149 98 d’un
134 364 205 98 nouveau
283 364 223 98 langage,
451 364 130 98 qui
526 364 223 98 assimile
693 364 112 98 de
730 364 168 98 manière

43 419 215 84 critique
204 419 268 84 l’évolution
419 419 107 84 de
473 419 107 84 la
526 419 340 84 cinématographie
795 419 107 84 mon-

44 450 175 92 diale.
167 450 123 92 Les
237 450 158 92 films
342 450 228 92 d’Octavio
518 450 210 92 Cortazar
675 450 105 92 le
710 450 193 92 prouvent.

43 491 120 92 La
103 491 281 92 Télévision
324 491 221 92 cubaine
484 491 100 92 a
524 491 261 92 récemment
705 491 200 92 accompli

48 536 107 87 un
102 536 197 87 sérieux
245 536 179 87 effort
370 536 143 87 pour
459 536 250 87 collaborer
656 536 89 87 à
674 536 232 87 l’Education

48 583 246 85 nationale.
242 583 105 85 De
294 583 141 85 plus
382 583 105 85 en
435 583 141 85 plus
523 583 123 85 les
593 583 246 85 programmes
769 583 141 85 didac-

47 618 184 88 tiques
175 618 221 88 abondent
341 618 110 88 et
396 618 147 88 nous
488 618 147 88 vous
580 618 110 88 en
635 618 221 88 montrons
782 618 129 88 quel

31 706 193 49 ques

98 718 171 88 Quant
212 718 133 88 aux
288 718 152 88 arts
382 718 284 88 plastiques,
610 718 133 88 ils
667 718 246 88 s’expriment

53 769 143 88 avec
143 769 126 88 une
214 769 179 88 grande
340 769 161 88 force
448 769 323 88 d’imagination,
717 769 126 88 qui
771 769 143 88 trouve

53 805 115 87 sa
110 805 249 87 puissance
302 805 230 87 poétique
474 805 153 87 dans
570 805 134 87 des
647 805 192 87 sujets
762 805 153 87 quoti-

54 852 175 74 diens.
177 852 88 74 A
212 852 368 74 l’expressionnisme
528 852 210 74 abstrait
685 852 88 74 a
720 852 193 74 succédé
843 852 70 74 un

58 895 189 74 intérêt
195 895 137 74 pour
281 895 137 74 l’op
367 895 103 74 et
419 895 103 74 le
470 895 120 74 pop
539 895 103 74 et
591 895 120 74 des
659 895 206 74 artistes
797 895 120 74 comme

57 940 162 71 Zarza
165 940 108 71 et
219 940 199 71 Santana
364 940 108 71 en
418 940 199 71 offrent
544 940 217 71 l’exemple.

108 994 147 79 Nous
200 994 221 79 espérons
365 994 129 79 que
439 994 129 79 cet
513 994 184 79 aperçu
642 994 111 79 de
697 994 111 79 la
734 994 184 79 richesse

61 1037 107 76 et
115 1037 107 76 de
168 1037 107 76 la
222 1037 233 76 diversité
401 1037 107 76 de
455 1037 161 76 notre
562 1037 215 76 activité
705 1037 215 76 artistique

59 1082 154 70 vous
155 1082 211 70 donnera
308 1082 134 70 une
385 1082 154 70 idée
481 1082 115 70 du
539 1082 269 70 tourbillon
731 1082 192 70 créateur

62 1133 128 65 qui
135 1133 165 65 anime
245 1133 146 65 Cuba
336 1133 183 65 depuis
464 1133 128 65 dix
519 1133 110 65 ans.

624 1188 218 63 Eduardo
763 1188 159 63 Muzio.

362 1584 236 56 PEINTURE

120 1674 169 87 Mirta
246 1674 155 87 Santana
359 1674 267 87 MONTEAGUDO
584 1674 98 87 née
640 1674 84 87 en
682 1674 112 87 1944
752 1674 70 87 à
780 1674 98 87 Las
823 1674 112 87 Villas

101 1754 120 53 1
185 1754 120 53 L’ère,
269 1754 96 53 1969
329 1754 132 53 (mixte,
424 1754 84 53 120
472 1754 60 53 x
484 1754 72 53 200)

110 1781 147 53 2
220 1781 110 53 Semer
294 1781 86 53 des
343 1781 159 53 poiriers,
465 1781 98 53 1969
527 1781 135 53 (mixte,
625 1781 86 53 120
674 1781 61 53 x
686 1781 86 53 200).

99 1820 321 65 3Spirale,
372 1820 128 65 1969
452 1820 177 65 (mixte,
580 1820 112 65 120
645 1820 80 65 x
661 1820 112 65 150).

373 1955 230 58 GRAVURE

133 2053 167 80 Rafael
262 2053 116 80 Zarza
339 2053 219 80 GONZALEZ
519 2053 77 80 né
558 2053 77 80 en
596 2053 103 80 1944
661 2053 64 80 à
686 2053 77 80 La
712 2053 103 80 Havane

132 2079 114 50 (Cuba).

118 2118 145 61 4
226 2118 181 61 Tauromachie
371 2118 121 61 28-32,
455 2118 96 61 1969
516 2118 217 61 (lithographie,
696 2118 72 61 41
733 2118 60 61 x
745 2118 84 61 230).

116 2151 145 63 5
225 2151 182 63 Tauromachie
370 2151 121 63 33-35,
455 2151 97 63 1969
515 2151 218 63 (lithographie,
697 2151 73 63 41
733 2151 61 63 x
745 2151 85 63 172).

116 2186 149 61 6
227 2186 186 61 Tauromachie
376 2186 87 61 19,
426 2186 99 61 1969
488 2186 223 61 (lithographie,
674 2186 74 61 49
711 2186 62 61 x
724 2186 74 61 79).

862 2286 88 52 47
