1062 2325
8 55 623 92 MANIFESTATIONS
512 55 386 92 ANNEXES

361 641 210 52 GALERIE
526 641 90 52 DE
556 641 180 52 FRANCE

165 692 107 64 b3,
226 692 184 64 Faubourg
364 692 260 64 Saint-Honoré,
578 692 138 64 Paris
670 692 123 64 (8e)
747 692 77 64 —
762 692 153 64 265.6937

146 740 244 55 Exposition
338 740 105 55 du
390 740 122 55 1er
460 740 192 55 octobre
599 740 105 55 au
652 740 87 55 8
687 740 209 55 novembre
826 740 105 55 1969

143 787 126 52 Tous
222 787 110 52 les
285 787 158 52 jours,
395 787 126 52 sauf
474 787 95 52 le
521 787 205 52 dimanche,
679 787 95 52 de
726 787 95 52 10
773 787 79 52 h
805 787 79 52 à
836 787 95 52 13
868 787 63 52 h.

394 826 101 43 et
445 826 101 43 de
495 826 101 43 14
545 826 84 43 h
579 826 84 43 à
612 826 101 43 19
646 826 50 43 h

110 863 237 54 Vernissage
296 863 101 54 le
347 863 203 54 mercredi
499 863 118 54 1er
566 863 186 54 octobre
702 863 101 54 de
752 863 101 54 16
803 863 84 54 h
837 863 84 54 à
871 863 101 54 19
904 863 51 54 h

317 897 140 46 sous
404 897 105 46 le
456 897 315 46 Haut-Patronage
701 897 70 46 de

78 925 141 53 S.E.
167 925 212 53 Monsieur
326 925 141 53 Paul
414 925 230 53 Beaulieu,
590 925 265 53 Ambassadeur
802 925 106 53 du
838 925 141 53 Canada

436 1008 185 55 CANADA

325 1055 277 57 TENDANCES
517 1055 234 57 ACTUELLES

75 1114 289 43 Parallèlement
313 1114 85 43 à
347 1114 102 43 la
398 1114 204 43 Biennale
552 1114 102 43 de
603 1114 170 43 Paris,
722 1114 119 43 les
790 1114 170 43 œuvres
892 1114 85 43 des

73 1152 209 40 artistes
229 1152 226 40 canadiens
403 1152 122 40 que
473 1152 139 40 nous
560 1152 243 40 présentons
751 1152 122 40 ont
820 1152 139 40 pour
890 1152 87 40 but

74 1186 97 41 de
122 1186 161 41 donner
235 1186 97 41 au
284 1186 161 41 public
397 1186 194 41 parisien
542 1186 97 41 un
591 1186 129 41 bref
671 1186 161 41 aperçu
784 1186 145 41 d’une
865 1186 113 41 autre

72 1222 179 36 facette
202 1222 98 36 de
251 1222 98 36 la
300 1222 228 36 production
479 1222 228 36 artistique
658 1222 98 36 au
690 1222 147 36 Canada.

71 1255 109 50 Si
125 1255 145 50 l’on
216 1255 145 50 veut
306 1255 199 50 trouver
451 1255 127 50 des
524 1255 181 50 points
651 1255 199 50 communs
796 1255 91 50 à
832 1255 127 50 ces
886 1255 91 50 six

72 1298 206 37 artistes,
231 1298 127 37 dont
310 1298 111 37 les
374 1298 238 37 différences
564 1298 95 37 de
612 1298 238 37 tempérament
802 1298 95 37 et
834 1298 143 37 l’indi-

71 1327 218 47 vidualité
239 1327 134 47 nous
323 1327 202 47 semblent
474 1327 134 47 être
558 1327 118 47 des
625 1327 134 47 plus
709 1327 218 47 marquées,
860 1327 118 47 c’est

71 1364 203 40 peut-être
228 1364 125 40 dans
306 1364 94 40 la
353 1364 203 40 recherche
509 1364 94 40 et
556 1364 328 40 l’expérimentation
837 1364 94 40 de
869 1364 109 40 maté-

70 1399 146 40 riaux
167 1399 211 40 nouveaux,
329 1399 179 40 souvent
459 1399 211 40 empruntés
622 1399 81 40 à
638 1399 227 40 l’industrie.

70 1436 97 45 Si
118 1436 178 45 Michael
248 1436 178 45 Morris,
377 1436 97 45 de
426 1436 210 45 Vancouver
571 1436 405 45 (Colombie

66 1467 145 38 fait
157 1467 127 38 une
229 1467 218 38 peinture
392 1467 145 38 avec
483 1467 127 38 des
556 1467 236 38 matériaux
719 1467 254 38 «ordinaires»

69 1502 172 39 (toile,
194 1502 297 39 acryliques...),
444 1502 94 39 il
491 1502 172 39 intègre
616 1502 203 39 cependant
772 1502 78 39 à
803 1502 109 39 ces
850 1502 125 39 toiles

69 1541 99 37 du
118 1541 214 37 plexiglas
283 1541 99 37 et
332 1541 115 37 des
398 1541 198 37 miroirs;
546 1541 115 37 ces
612 1541 198 37 derniers
760 1541 214 37 reflètent
908 1541 66 37 au

68 1571 223 35 spectateur
243 1571 95 35 sa
291 1571 159 35 propre
402 1571 143 35 image
498 1571 95 35 et
545 1571 239 35 l’intègrent
736 1571 127 35 dans
816 1571 95 35 la
848 1571 127 35 compo-

67 1609 172 38 sition.
192 1609 141 38 C’est
286 1609 94 38 là
333 1609 109 38 une
396 1609 141 38 façon
489 1609 141 38 neuve
583 1609 94 38 de
630 1609 234 38 re-examiner
818 1609 94 38 la
849 1609 125 38 nature

64 1639 101 36 du
115 1639 185 36 tableau
249 1639 151 36 comme
350 1639 151 36 objet
451 1639 118 36 qui
518 1639 101 36 ne
569 1639 134 36 peut
653 1639 202 36 répondre
804 1639 101 36 au
838 1639 134 36 regard

67 1672 148 38 qu’on
165 1672 115 38 lui
231 1672 165 38 porte.
346 1672 132 38 Karl
429 1672 230 38 Beveridge,
610 1672 99 38 de
659 1672 181 38 Toronto
774 1672 198 38 (Ontario),

66 1708 178 32 utilise
196 1708 97 32 le
244 1708 211 32 plexiglas
406 1708 97 32 et
455 1708 97 32 le
504 1708 162 32 vinyl;
617 1708 114 32 ces
682 1708 259 32 «sculptures»
877 1708 97 32 sont

63 1736 135 36 sans
147 1736 168 36 volume
265 1736 152 36 comme
366 1736 101 36 si
417 1736 152 36 elles
518 1736 185 36 étaient
653 1736 118 36 des
720 1736 202 36 tableaux
855 1736 118 36 posés

65 1771 92 42 au
111 1771 123 42 sol.
188 1771 154 42 Walter
295 1771 200 42 Redinger,
449 1771 92 42 de
495 1771 92 42 la
541 1771 154 42 région
649 1771 92 42 de
695 1771 154 42 London
787 1771 185 42 (Ontario),

65 1805 172 37 utilise
190 1805 94 37 la
237 1805 141 37 fibre
331 1805 94 37 de
378 1805 141 37 verre
472 1805 125 37 pour
550 1805 141 37 créer
644 1805 109 37 ses
691 1805 281 37 Circonvolutions,

62 1833 87 42 à
96 1833 227 42 mi-chemin
271 1833 157 42 entre
376 1833 262 42 l’organique
585 1833 105 42 et
637 1833 105 42 le
690 1833 279 42 géométrique.
899 1833 70 42 De

64 1871 205 37 Montréal
218 1871 222 37 (Québec),
389 1871 154 37 Serge
491 1871 239 37 Tousignant
679 1871 188 37 propose
816 1871 120 37 des
867 1871 103 37 jeux

62 1903 97 41 de
110 1903 178 41 miroirs
240 1903 97 41 et
288 1903 178 41 d’acier
418 1903 146 41 peint
515 1903 113 41 qui
580 1903 162 41 jouent
693 1903 146 41 entre
774 1903 194 41 l’illusion

62 1937 103 44 et
113 1937 103 44 la
165 1937 188 44 réalité
301 1937 120 44 des
370 1937 171 44 formes
490 1937 291 44 géométriques.
729 1937 137 44 Jean
815 1937 154 44 Noël,
901 1937 68 44 de

64 1970 203 41 Montréal,
221 1970 203 41 travaille
377 1970 125 41 dans
455 1970 109 41 une
518 1970 203 41 industrie
674 1970 94 41 de
721 1970 219 41 plastiques
877 1970 94 41 pour

60 2005 138 39 créer
152 2005 108 39 des
213 2005 169 39 reliefs
321 2005 154 39 colorés.

58 2041 175 38 Chaque
181 2041 193 38 artiste
321 2041 88 38 a
356 2041 123 38 son
427 2041 158 38 style
532 2041 175 38 propre
654 2041 105 38 et
707 2041 175 38 chacun
812 2041 158 38 propose

59 2078 112 38 des
123 2078 160 38 objets
235 2078 256 38 particuliers
443 2078 112 38 qui
507 2078 160 38 créent
619 2078 112 38 des
683 2078 224 38 situations
843 2078 128 38 parti

44 2106 166 49 culières.

57 2142 103 51 Ce
108 2142 121 51 que
177 2142 138 51 nous
264 2142 241 51 présentons
453 2142 121 51 ici
522 2142 103 51 ne
574 2142 138 51 sont
660 2142 121 51 que
729 2142 121 51 des
780 2142 190 51 fragments

58 2187 142 49 d’une
153 2187 173 49 réalité
279 2187 221 49 artistique
452 2187 95 49 en
499 2187 158 49 pleine
594 2187 252 49 effervescence.
