1066 2361
154 468 265 79 Commissaire
367 468 212 79 général:
526 468 230 79 Kaarlo
685 468 212 79 Koroma

159 524 206 70 Président
318 524 95 70 de
365 524 270 70 l’Association
587 524 111 70 des
651 524 190 70 Artistes
778 524 206 70 Finlandais.

115 658 185 68 Juhani
245 658 259 68 Linnovaara
449 658 130 68 est
523 658 148 68 l’un
616 658 130 68 des
690 658 148 68 plus
764 658 222 68 productifs

65 702 115 67 et
122 702 134 67 des
199 702 154 67 plus
295 702 288 67 prometteurs
526 702 115 67 de
584 702 134 67 nos
660 702 192 67 jeunes
776 702 211 67 peintres.

67 746 115 69 Il
124 746 96 69 a
163 746 154 69 déjà
259 746 154 69 pris
355 746 154 69 part
451 746 96 69 à
489 746 115 69 de
547 746 269 69 nombreuses
739 746 249 69 expositions

66 785 89 70 à
102 785 267 70 l’étranger,
315 785 107 70 en
369 785 196 70 dernier
511 785 142 70 lieu
600 785 124 70 aux
671 785 267 70 Etats-Unis.
867 785 124 70 Ayant

65 828 201 69 débuté
206 828 181 69 comme
326 828 221 69 peintre
487 828 261 69 réaliste,
688 828 121 69 il
748 828 100 69 a
788 828 201 69 évolué
909 828 80 69 de

67 872 154 69 plus
163 872 115 69 en
221 872 154 69 plus
317 872 154 69 vers
413 872 135 69 une
490 872 269 69 figuration
701 872 115 69 de
740 872 250 69 personnages

69 916 314 60 imaginaires,
325 916 177 60 ainsi
442 916 177 60 qu’en
560 916 275 60 témoignent
776 916 137 60 les
835 916 157 60 œuvres

125 1000 152 58 Les
212 1000 369 58 lithographies
516 1000 130 58 de
581 1000 195 58 Raimo
712 1000 239 58 Kanerva
864 1000 130 58 sont

69 1032 302 68 construites
310 1032 161 68 dans
411 1032 121 68 le
471 1032 161 68 même
572 1032 201 68 esprit
712 1032 261 68 figuratif
893 1032 101 68 que

73 1079 131 67 les
148 1079 188 67 œuvres
280 1079 113 67 de
336 1079 282 67 Linnovaara,
561 1079 150 67 mais
655 1079 150 67 leur
749 1079 169 67 fonds
843 1079 150 67 social

69 1126 151 58 est
156 1126 173 58 très
264 1126 280 58 prononcé.
479 1126 194 58 Elles
609 1126 151 58 ont
695 1126 151 58 été
760 1126 237 58 récemment

72 1179 216 56 primées
230 1179 98 56 à
249 1179 177 56 Lugano.

128 1207 187 64 Kimmo
253 1207 207 64 Pyykkô
398 1207 187 64 s’est
522 1207 228 64 signalé
688 1207 145 64 par
771 1207 145 64 des
833 1207 166 64 sculp-

75 1257 173 51 tures
190 1257 115 51 où
248 1257 115 51 il
305 1257 211 51 combine
459 1257 115 51 le
517 1257 231 51 modelage
690 1257 250 51 plastique
882 1257 115 51 et
920 1257 77 51 la

75 1296 265 54 ferraille,
283 1296 151 54 tout
378 1296 114 54 en
435 1296 246 54 exprimant
624 1296 114 54 un
680 1296 208 54 message
832 1296 95 54 à
851 1296 151 54 carac-

77 1346 133 56 tère
144 1346 149 56 social.

683 1369 211 62 Kaarlo
810 1369 190 62 Koroma.

129 1540 201 44 Juhani
283 1540 293 44 LINNOVAARA
530 1540 93 44 né
576 1540 93 44 en
622 1540 123 44 1934
699 1540 77 44 à
730 1540 231 44 Hâmeenlinna
900 1540 108 44 (Fin

104 1611 157 47 1
221 1611 118 47 jeune
300 1611 131 47 fille,
391 1611 104 47 1969
457 1611 196 47 (acrylique,
613 1611 91 47 150
666 1611 65 47 x
679 1611 91 47 130).

101 1653 166 42 2
226 1653 97 42 Mon
281 1653 125 42 amour
364 1653 152 42 secret,
475 1653 111 42 1969
544 1653 208 42 (acrylique,
710 1653 97 42 162
765 1653 69 42 x
779 1653 97 42 130).

104 1682 158 45 3
222 1682 79 45 Le
262 1682 158 45 curieux,
380 1682 105 45 1969
446 1682 197 45 (acrylique,
603 1682 92 45 150
656 1682 66 45 x
669 1682 92 45 130).

136 1819 183 52 Kimmo
273 1819 229 52 PYYKKô
456 1819 92 52 né
502 1819 92 52 en
548 1819 122 52 1940
624 1819 76 52 à
654 1819 137 52 Lahti
731 1819 198 52 (Finlande).

106 1859 282 59 4Fuyard,
343 1859 119 59 1968
418 1859 163 59 (métal,
536 1859 104 59 120
596 1859 74 59 x
625 1859 89 59 70
670 1859 74 59 x
700 1859 119 59 60).
774 1859 208 59 Collection
922 1859 89 59 Sara

110 1920 155 53 5
226 1920 155 53 Victime,
342 1920 103 53 1969
407 1920 142 53 (métal,
510 1920 90 53 165
561 1920 64 53 x
587 1920 90 53 145
639 1920 64 53 x
652 1920 77 53 80).

112 1962 146 60 6
218 1962 200 60 Projectile,
378 1962 106 60 1969
444 1962 146 60 (métal,
551 1962 93 60 100
604 1962 67 60 x
631 1962 93 60 165
684 1962 67 60 x
697 1962 80 60 50).

142 2095 180 55 Raimo
277 2095 240 55 KANERVA
472 2095 90 55 né
517 2095 90 55 en
563 2095 120 55 1941
638 2095 75 55 à
668 2095 135 55 Turku
743 2095 195 55 (Finlande).

115 2137 170 52 7
242 2137 156 52 L’homme
355 2137 85 52 et
398 2137 198 52 l’automate
553 2137 85 52 2,
596 2137 113 52 1969
666 2137 255 52 (lithographie,
879 2137 85 52 50
921 2137 71 52 x
935 2137 85 52 75).

116 2186 161 38 8
236 2186 107 38 mage
304 2186 81 38 I,
344 2186 107 38 1969
411 2186 242 38 (lithographie,
613 2186 81 38 75
653 2186 67 38 x
666 2186 81 38 53).

115 2217 167 49 9
241 2217 139 49 Séance
338 2217 84 49 2,
380 2217 112 49 1968
450 2217 237 49 (lithographie
645 2217 84 49 et
687 2217 167 49 gravure.
813 2217 84 49 75
854 2217 70 49 x
868 2217 84 49 50).
