1101 2361
764 82 248 68 TUNISIE

145 466 258 62 Commissaire
351 466 189 62 général
489 466 86 62 :
524 466 224 62 Zubeir
679 466 172 62 Turk

173 515 206 63 Président
331 515 95 63 de
379 515 174 63 l’Union
505 515 222 63 Tunisienne
680 515 111 63 des
743 515 127 63 Arts
806 515 190 63 Plastiques

171 560 101 56 et
222 560 237 56 Graphiques
408 560 85 56 à
425 560 135 56 Tunis.

130 673 130 79 La
195 673 238 79 Tunisie
369 673 260 79 présente
564 673 108 79 à
607 673 195 79 cette
737 673 260 79 Biennale
910 673 87 79 le

82 721 219 77 peintre
241 721 279 77 Belkhodja,
460 721 159 77 dont
560 721 119 77 la
620 721 259 77 recherche
799 721 199 77 concrète

86 777 180 55 reçoit
212 777 126 55 ici
284 777 126 55 une
356 777 306 55 substantielle
590 777 270 55 confirmation.

136 811 242 80 Sensible
317 811 141 80 aux
398 811 342 80 enseignements
680 811 141 80 des
740 811 262 80 Néo-

86 869 194 65 ciens,
222 869 117 65 sa
280 869 194 65 vision
416 869 136 65 est
494 869 175 65 d’une
610 869 330 65 signification
863 869 136 65 toute

87 908 305 71 particulière
335 908 153 71 dans
430 908 114 71 un
487 908 153 71 pays
583 908 114 71 où
640 908 114 71 il
697 908 133 71 fut
773 908 114 71 un
830 908 133 71 des
888 908 114 71 tous

88 951 255 70 premiers
279 951 106 70 à
322 951 234 70 adhérer
492 951 106 70 à
534 951 128 70 la
598 951 213 70 grande
747 951 128 70 et
789 951 213 70 orageuse

88 994 199 63 saison
227 994 119 63 de
287 994 358 63 l’abstraction.
586 994 139 63 Les
666 994 199 63 points
805 994 199 63 focaux
924 994 80 63 de

93 1044 323 54 l’inspiration
359 1044 114 54 de
416 1044 247 54 Belkhodja
606 1044 266 54 coïncident
815 1044 152 54 avec
891 1044 114 54 cer-

89 1074 396 68 tainesexigences
423 1074 125 68 et
485 1074 271 68 certaines
694 1074 167 68 lois
798 1074 146 68 que
861 1074 146 68 l’art

92 1117 224 68 moderne
255 1117 102 68 a
295 1117 224 68 répandu
459 1117 122 68 et
520 1117 163 68 fait
622 1117 285 68 triompher,
846 1117 163 68 mais
927 1117 82 68 le

96 1158 168 69 motif
208 1158 261 69 générateur
413 1158 131 69 qui
488 1158 149 69 fait
581 1158 186 69 naître
712 1158 186 69 l’acte
824 1158 186 69 créateur

94 1204 122 60 du
155 1204 183 60 jeune
276 1204 223 60 peintre
439 1204 183 60 n’est
561 1204 203 60 jamais
703 1204 244 60 disjoint
885 1204 122 60 de
926 1204 81 60 la

98 1244 167 68 prise
210 1244 111 68 de
265 1244 260 68 possession
469 1244 260 68 çonsciente
673 1244 111 68 de
729 1244 111 68 la
785 1244 204 68 réalité
914 1244 93 68 qui

101 1282 231 70 l’entoure
279 1282 107 70 et
333 1282 142 70 dans
422 1282 214 70 laquelle
582 1282 107 70 il
635 1282 125 70 vit
706 1282 107 70 et
760 1282 231 70 travaille
920 1282 89 70 (la

98 1322 204 72 Medina
240 1322 122 72 de
301 1322 224 72 Tunis).
464 1322 143 72 Son
546 1322 224 72 langage
709 1322 143 72 est
790 1322 143 72 une
851 1322 163 72 réduc-

99 1365 147 73 tion
190 1365 110 73 de
245 1365 110 73 la
300 1365 202 73 réalité
447 1365 165 73 selon
557 1365 110 73 un
612 1365 238 73 processus
795 1365 110 73 de
832 1365 183 73 clarifi-

102 1414 200 59 cation,
248 1414 109 59 la
302 1414 237 59 réduction
484 1414 109 59 de
539 1414 109 59 la
594 1414 200 59 réalité
740 1414 91 59 à
776 1414 128 59 son
831 1414 182 59 essence.

101 1457 122 63 En
162 1457 122 63 ce
222 1457 183 63 sens,
344 1457 122 63 la
405 1457 244 63 peinture
588 1457 122 63 de
649 1457 264 63 Belkhodja
852 1457 162 63 peut
933 1457 81 63 se

103 1491 205 73 définir
252 1491 279 73 tunisienne.
476 1491 149 73 Elle
569 1491 112 73 ne
625 1491 149 73 peut
718 1491 261 73 totalement
904 1491 112 73 être

103 1531 293 72 interprétée
338 1531 117 72 et
396 1531 234 72 comprise
572 1531 156 72 hors
670 1531 117 72 de
728 1531 117 72 la
767 1531 254 72 décoration,

103 1583 112 63 de
159 1583 299 63 l’arabesque,
403 1583 112 63 de
459 1583 112 63 la
515 1583 299 63 calligraphie
758 1583 112 63 et
814 1583 112 63 du
852 1583 168 63 paysage

109 1618 179 69 urbain
234 1618 107 69 de
288 1618 107 69 la
342 1618 215 69 Tunisie.
503 1618 107 69 Et
557 1618 161 69 c’est
664 1618 107 69 là
718 1618 161 69 l’une
825 1618 125 69 des
879 1618 143 69 décou-

104 1659 195 75 vertes
241 1659 117 75 du
300 1659 215 75 peintre
456 1659 195 75 depuis
593 1659 137 75 ses
671 1659 254 75 premières
846 1659 176 75 toiles.

162 1714 123 65 Le
224 1714 247 65 résultat
409 1714 123 65 le
471 1714 164 65 plus
574 1714 267 65 stimulant
779 1714 123 65 de
841 1714 123 65 la
882 1714 144 65 phase

105 1763 251 64 actuelle
293 1763 146 64 des
377 1763 293 64 recherches
607 1763 125 64 de
670 1763 272 64 Belkhodja
858 1763 167 64 semble

109 1794 219 82 pouvoir
269 1794 159 82 être
368 1794 179 82 saisi
488 1794 259 82 justement
687 1794 159 82 dans
787 1794 120 82 la
827 1794 199 82 relation

108 1836 188 72 qu’il
234 1836 105 72 a
275 1836 293 72 découverte
505 1836 188 72 entre
631 1836 125 72 le
693 1836 272 72 diagramme
903 1836 125 72 de
944 1836 84 72 la

111 1879 294 72 construction
350 1879 257 72 graphique,
552 1879 147 72 avec
644 1879 276 72 l’intuition
865 1879 165 72 aigué
956 1879 74 72 de

115 1920 113 70 la
172 1920 188 70 valeur
303 1920 263 70 tectonique
509 1920 113 70 de
565 1920 113 70 la
622 1920 206 70 lettre,
753 1920 281 70 contrairement

115 1970 90 68 à
151 1970 198 68 l’usage
295 1970 108 68 et
349 1970 90 68 à
385 1970 180 68 l’abus
511 1970 108 68 de
565 1970 216 68 conférer
728 1970 90 68 à
764 1970 108 68 de
818 1970 144 68 tels
890 1970 144 68 signes

116 2001 137 74 une
195 2001 196 74 valeur
332 2001 333 74 exclusivement
606 2001 313 74 ornementale.
861 2001 137 74 Ses
919 2001 118 74 col-

118 2047 184 74 lages,
246 2047 129 74 qui
320 2047 147 74 sont
412 2047 129 74 une
485 2047 147 74 pure
577 2047 221 74 synthèse
743 2047 239 74 formelle,
908 2047 129 74 asso-

117 2085 169 76 cient
230 2085 113 76 la
287 2085 207 76 rigueur
437 2085 113 76 de
493 2085 339 76 l’iconographie
776 2085 94 76 à
813 2085 113 76 la
851 2085 188 76 sobriété

116 2134 129 70 de
180 2134 129 70 la
244 2134 344 70 monochromie,
524 2134 193 70 qu’on
652 2134 129 70 ne
717 2134 236 70 saurait
867 2134 172 70 encore

118 2179 245 63 dissocier
307 2179 113 63 de
363 2179 113 63 la
420 2179 245 63 tradition
608 2179 264 63 décorative
797 2179 245 63 tunisienne.

955 2260 93 47 125
