1062 2361
8 80 225 63 JAPON

195 457 243 59 Commissaire
389 457 178 59 général
519 457 81 59 :
552 457 243 59 Voshiaki
730 457 162 59 Tono

198 509 185 56 Critique
321 509 123 56 d’art.

155 650 291 59 L’exposition
391 650 200 59 d’Osaka
536 650 145 59 sera
627 650 145 59 très
700 650 272 59 significatide

94 699 134 43 des
170 699 344 43 préoccupations
457 699 286 43 artistiques
686 699 115 43 de
743 699 115 43 ce
800 699 172 43 pays.
896 699 76 43 La

95 742 211 44 nouvelle
253 742 263 44 technologie
464 742 228 44 japonaise
640 742 140 44 leur
727 742 211 44 fournira
868 742 105 44 sans

93 777 165 47 doute
203 777 110 47 de
258 777 257 47 nombreuses
459 777 293 47 possibilités
680 777 293 47 expérimentales

91 822 216 48 au-delà
248 822 118 48 de
307 822 118 48 la
366 822 274 48 conception
581 822 372 48 conventionnelle
875 822 98 48 des

93 867 172 46 arts,
208 867 115 46 et
265 867 229 46 nombreux
437 867 191 46 seront
571 867 134 46 les
647 867 191 46 jeunes
762 867 210 46 peintres,

93 903 281 52 architectes,
322 903 264 52 sculpteurs,
533 903 299 52 photographes,
762 903 211 52 cinéastes,

93 946 318 46 dessinateurs,
355 946 299 46 compositeurs
599 946 112 46 et
655 946 243 46 critiques
842 946 150 46 qui,
917 946 56 46 à

91 988 173 48 cette
206 988 249 48 occasion,
398 988 288 48 déploieront
628 988 173 48 leurs
724 988 249 48 audacieuses

92 1031 281 42 recherches.
317 1031 150 42 Nous
411 1031 244 42 citerons,
599 1031 169 42 entre
711 1031 188 42 autres
824 1031 150 42 parti-

93 1073 220 51 cipants,
258 1073 128 51 les
331 1073 147 51 noms
423 1073 110 51 de
478 1073 257 51 Takamatsu,
680 1073 202 51 Tanaka,
808 1073 165 51 Sekine,

93 1114 157 44 Hara
191 1114 117 44 et
250 1114 196 44 YVokô.
387 1114 117 44 Si
446 1114 137 44 les
524 1114 254 44 étudiants
720 1114 235 44 japonais
876 1114 98 44 les

91 1154 226 48 accusent
260 1154 113 48 de
317 1154 113 48 se
373 1154 188 48 prêter
505 1154 94 48 à
543 1154 132 48 une
618 1154 320 48 manifestation
862 1154 113 48 gou-

91 1200 289 36 vernementale
326 1200 108 36 et
380 1200 271 36 capitaliste
596 1200 235 36 utilisant
777 1200 108 36 la
813 1200 162 36 techno-

87 1242 210 40 logie
227 1242 397 40 contemporaine
553 1242 210 40 comme
693 1242 163 40 une
786 1242 187 40 arme
880 1242 93 40 du

90 1281 230 46 pouvoir,
263 1281 115 46 on
320 1281 154 46 peut
416 1281 250 46 cependant
608 1281 230 46 affirmer
781 1281 154 46 que,
858 1281 115 46 dans

92 1320 106 49 la
145 1320 194 49 société
286 1320 229 49 actuelle,
463 1320 123 49 les
533 1320 212 49 artistes
692 1320 194 49 doivent
815 1320 159 49 pouvoi,

90 1366 134 38 tout
174 1366 100 38 en
224 1366 234 38 s’adonnant
408 1366 84 38 à
441 1366 100 38 la
491 1366 201 38 création
642 1366 251 38 artistique,
826 1366 150 38 affran-

91 1407 131 40 chir
173 1407 147 40 cette
271 1407 246 40 technologie
467 1407 98 40 de
516 1407 98 40 la
566 1407 213 40 politique
729 1407 98 40 et
778 1407 98 40 de
811 1407 164 40 l’indus-

85 1452 178 46 trie.
204 1452 138 46 Ils
283 1452 217 46 doivent
441 1452 158 46 être
540 1452 257 46 également
737 1452 237 46 capables
895 1452 79 46 de

85 1492 303 49 transformer
328 1492 121 49 la
388 1492 303 49 technologie
631 1492 121 49 en
692 1492 142 49 une
773 1492 162 49 arme
854 1492 121 49 pour

90 1531 113 47 la
147 1531 207 47 liberté
297 1531 113 47 de
354 1531 226 47 l’esprit
523 1531 188 47 humain
655 1531 113 47 et
711 1531 151 47 dans
806 1531 113 47 le
843 1531 132 47 cadre

85 1573 113 46 de
142 1573 189 46 l’Expo
274 1573 132 46 70,
350 1573 132 46 ils
426 1573 208 46 devront
577 1573 151 46 pour
671 1573 170 46 ainsi
785 1573 151 46 dire
861 1573 113 46 être

83 1615 153 47 les
170 1615 262 47 «Chevaux
367 1615 131 47 de
432 1615 218 47 Troie»
585 1615 131 47 du
650 1615 240 47 régime.
824 1615 131 47 Il
868 1615 109 47 est

86 1661 278 51 regrettable
309 1661 130 51 que
383 1661 148 51 l’on
476 1661 111 51 ne
531 1661 185 51 puisse
661 1661 204 51 montrer
791 1661 185 51 l’ensem-

84 1700 130 42 ble
159 1700 130 42 des
233 1700 241 42 activités
419 1700 130 42 qui
493 1700 260 42 s’engagent
679 1700 297 42 courageusement

82 1743 162 45 dans
183 1743 122 45 le
244 1743 223 45 domaine
407 1743 122 45 de
467 1743 122 45 la
528 1743 325 45 technologie.
792 1743 162 45 Mais
873 1743 102 45 les

81 1783 264 42 visiteurs
284 1783 122 42 de
345 1783 122 42 la
406 1783 244 42 Biennale
589 1783 244 42 pourront
751 1783 224 42 néanmoins

82 1830 247 46 entrevoir
272 1830 171 46 cette
386 1830 228 46 tendance
558 1830 152 46 dans
653 1830 209 46 l’œuvre
805 1830 133 46 des
862 1830 114 46 mem-

84 1866 137 52 bres
170 1866 103 52 du
221 1866 154 52 CT.G.
324 1866 275 52 (Computer
547 1866 223 52 Technical
719 1866 257 52 Group)
907 1866 69 52 Ce

80 1906 199 51 groupe
219 1906 119 51 se
279 1906 219 51 propose
438 1906 259 51 d’étendre
637 1906 119 51 le
697 1906 219 51 domaine
856 1906 119 51 de
895 1906 80 51 la

81 1955 239 45 peinture
260 1955 219 45 au-delà
419 1955 139 45 des
499 1955 219 45 simples
658 1955 219 45 travaux
797 1955 179 45 manuels

82 1992 161 49 grâce
189 1992 125 49 aux
261 1992 286 49 possibilités
494 1992 215 49 offertes
655 1992 125 49 par
726 1992 125 49 les
780 1992 197 49 computers

62 2036 296 53 électroniques.

142 2105 142 48 Dans
231 2105 107 48 la
284 2105 195 48 section
426 2105 320 48 d’architecture
693 2105 107 48 et
728 2105 249 48 d’urbanisme,

83 2155 189 49 Hiroshi
220 2155 138 49 Hara
306 2155 241 49 présentera
496 2155 103 49 sa
547 2155 206 49 maquette
685 2155 292 49 Rupture

81 2196 260 47 Ville
292 2196 277 47 conceptuelle.
520 2196 147 47 C’est
618 2196 98 47 un
667 2196 179 47 collage
797 2196 179 47 réalisé
911 2196 65 47 en

57 2288 82 42 84
