1062 2361
14 70 256 74 ISRAEL

100 205 218 63 Ullman.
259 205 159 63 Mais
358 205 139 63 ses
438 205 278 63 recherches
656 205 318 63 personnelles
895 205 79 63 de

97 251 206 64 graveur
247 251 168 64 l’ont
359 251 168 64 aussi
472 251 168 64 amené
584 251 94 64 à
621 251 131 64 des
696 251 281 64 innovations
902 251 75 64 et

98 296 93 55 à
136 296 112 55 de
192 296 242 55 nouvelles
378 296 280 55 adaptations
602 296 317 55 particulières
863 296 93 55 à
882 296 93 55 son

99 340 149 50 mode
193 340 317 50 d’expression.
454 340 131 50 Par
528 340 224 50 exemple,
696 340 112 50 au
752 340 149 50 lieu
827 340 149 50 d’uti-

101 374 160 63 liser
208 374 107 63 le
262 374 178 63 format
386 374 303 63 rectangulaire
636 374 285 63 traditionnel
867 374 107 63 de
903 374 71 63 la

96 425 210 54 plaque
243 425 126 54 de
306 425 230 54 cuivre,
473 425 126 54 il
536 425 126 54 la
599 425 230 54 découpe
766 425 189 54 selon
871 425 105 54 des

98 468 220 52 contours
262 468 274 52 directement
482 468 238 52 engendrés
665 468 128 52 par
738 468 128 52 ses
793 468 183 52 dessins.

158 503 304 54 Charade
414 503 96 54 la
462 503 192 54 séquence
607 503 96 54 de
655 503 112 54 six
719 503 256 54 diapositives
911 503 64 54 du

97 554 287 47 photographe
326 554 153 47 Alex
422 554 172 47 Agor,
536 554 134 47 est
613 554 115 47 un
670 554 172 47 drame
766 554 210 47 miniature

95 593 115 47 en
152 593 192 47 images
287 593 115 47 où
344 593 115 47 le
402 593 115 47 nu
459 593 211 47 féminin
613 593 153 47 sert
709 593 288 47 d’antithèse
919 593 58 47 à

97 631 129 55 un
161 631 322 55 classicisme
418 631 257 55 déformé,
611 631 107 55 à
654 631 150 55 une
740 631 236 55 tension
890 631 86 55 du

94 672 177 58 genre
212 672 432 58 cinématographique,
585 672 275 58 comportant
800 672 118 58 de
840 672 137 58 brus-

96 719 153 52 ques
192 719 287 52 changements
421 719 325 52 d’atmosphère,
689 719 115 52 la
727 719 249 52 sensualité,

99 758 233 45 l’humour,
260 758 251 45 l’insolence.

154 796 165 57 Dans
257 796 144 57 ses
340 796 165 57 Deux
442 796 288 57 épigrammes
669 796 165 57 pour
751 796 226 57 orchestre

94 830 118 57 de
153 830 235 57 chambre,
330 830 157 57 Noam
427 830 216 57 Sheriff
584 830 98 57 a
623 830 157 57 créé
721 830 137 57 une
780 830 196 57 confron-

94 885 180 49 tation
220 885 253 49 dramatique
419 885 108 49 et
473 885 126 49 une
545 885 271 49 convergence
762 885 108 49 de
798 885 180 49 l’Orient

93 931 113 50 et
150 931 113 50 de
206 931 282 50 l’Occident.
432 931 244 50 Composant
620 931 169 50 selon
733 931 113 50 la
770 931 207 50 tradition

94 970 188 46 arabe,
226 970 113 46 la
282 970 169 46 forme
395 970 225 46 musicale
564 970 131 46 est
639 970 207 46 filtrée
789 970 94 46 à
808 970 169 46 travers

98 1007 108 51 le
152 1007 179 51 prisme
277 1007 108 51 de
331 1007 108 51 la
385 1007 269 51 sensibilité
600 1007 215 51 musicale
743 1007 233 51 occidentale

73 1049 319 53 contemporaine.

693 1102 189 58 Reuven
807 1102 170 58 Berman.

413 1291 253 62 PEINTURE

145 1364 158 50 Raffi
263 1364 184 50 LAVIE
408 1364 79 50 né
448 1364 79 50 en
487 1364 105 50 1937
553 1364 66 50 à
580 1364 158 50 Tel-Aviv
685 1364 145 50 (Israël).

113 1395 160 58 1
233 1395 133 58 Daleth
326 1395 93 58 34,
379 1395 107 58 1969
446 1395 187 58 (acrylique
592 1395 80 58 et
632 1395 147 58 collage
739 1395 93 58 sur
779 1395 200 58 contreplaqué,

142 1441 104 39 165
201 1441 74 39 x
216 1441 104 39 120).

110 1474 161 51 2
230 1474 134 51 Daleth
324 1474 94 51 28,
377 1474 107 51 1969
444 1474 187 51 (acrylique
592 1474 80 51 et
632 1474 147 51 collage
739 1474 94 51 sur
779 1474 201 51 contreplaqué,

139 1510 105 41 120
199 1510 75 41 x
214 1510 105 41 195).

109 1541 166 51 3
234 1541 138 51 Daleth
330 1541 83 51 2,
372 1541 111 51 1969
441 1541 194 51 (acrylique
593 1541 83 51 et
634 1541 152 51 collage
745 1541 97 51 sur
786 1541 194 51 contreplaqué

140 1576 104 48 120
200 1576 75 48 x
215 1576 104 48 140).

387 1661 292 55 SCULPTURE

138 1723 175 52 Benni
269 1723 204 52 EFRAT
430 1723 87 52 né
473 1723 87 52 en
517 1723 116 52 1935
590 1723 73 52 à
619 1723 175 52 Beyrouth
735 1723 146 52 (Liban).

106 1769 162 44 4
227 1769 189 44 Diffusion,
375 1769 108 44 1969
443 1769 135 44 (métal
538 1769 149 44 coloré,
646 1769 95 44 150
700 1769 68 44 x
727 1769 81 44 70
767 1769 68 44 x
781 1769 95 44 450).

108 1803 160 44 5
227 1803 160 44 Energie,
347 1803 106 44 1969
414 1803 133 44 (métal
507 1803 146 44 coloré,
613 1803 93 44 280
667 1803 67 44 x
693 1803 93 44 280
747 1803 67 44 x
760 1803 93 44 280).

105 1837 290 46 6Fujiyama,
354 1837 110 46 1969
423 1837 138 46 (métal
519 1837 152 46 coloré,
630 1837 97 46 145
685 1837 69 46 x
712 1837 97 46 530
768 1837 69 46 x
781 1837 97 46 620).

407 1923 247 68 GRAVURE

136 1979 174 55 Micha
266 1979 218 55 ULLMAN
440 1979 87 55 né
484 1979 87 55 en
527 1979 116 55 1939
600 1979 73 55 à
629 1979 174 55 Tel-Aviv
745 1979 160 55 (Israël).

105 2035 167 43 7
230 2035 83 43 En
272 2035 111 43 haut
341 2035 70 43 -
369 2035 83 43 en
411 2035 111 43 bas,
480 2035 111 43 1969
550 2035 195 43 (aquatinte
703 2035 83 43 en
745 2035 167 43 couleur,
856 2035 125 43 relief,

132 2069 90 43 56
177 2069 75 43 x
192 2069 90 43 49).

101 2094 176 46 8
233 2094 88 46 Nu
277 2094 117 46 dans
351 2094 88 46 un
395 2094 103 46 nu,
453 2094 117 46 1969
527 2094 205 46 (aquatinte
688 2094 88 46 en
732 2094 176 46 couleur,
849 2094 132 46 pointe-

132 2144 160 41 sèche,
244 2144 160 41 plaque
356 2144 208 41 découpée,
517 2144 96 41 50
565 2144 80 41 x
581 2144 96 41 37).

101 2156 171 55 9
229 2156 142 55 Profil
328 2156 99 55 II,
385 2156 114 55 1969
456 2156 213 55 (eau-forte,
627 2156 156 55 relief,
740 2156 142 55 plaque
826 2156 156 55 découpée,

131 2201 91 47 36
176 2201 76 47 x
191 2201 91 47 67).

57 2283 82 46 78
