1066 2361
188 460 251 72 Commissaire
389 460 184 72 général
523 460 84 72 :
557 460 218 72 Olafur
708 460 235 72 Egilsson

190 508 180 75 Attaché
320 508 196 75 Culturel
467 508 131 75 près
549 508 245 75 l’Ambassade
745 508 212 75 d’Islande
909 508 82 75 à
941 508 163 75 Paris.

148 640 124 77 On
210 640 269 77 considère
417 640 124 77 en
479 640 228 77 général
645 640 145 77 que
727 640 145 77 les
810 640 207 77 débuts
934 640 83 77 de

103 678 168 79 l’art
215 678 224 79 moderne,
384 678 112 79 en
440 678 224 79 Islande,
608 678 112 79 se
664 678 206 79 situent
813 678 150 79 vers
888 678 131 79 1900.

101 733 100 67 A
141 733 179 67 cette
261 733 199 67 époque
400 733 120 67 le
460 733 159 67 pays
560 733 259 67 dépendait
759 733 120 67 du
799 733 219 67 Danemark,

102 769 163 70 tant
204 769 122 70 au
265 769 184 70 point
387 769 122 70 de
449 769 143 70 vue
530 769 265 70 politique
734 769 143 70 que
796 769 225 70 culturel.

104 805 225 83 Quelques
273 805 225 83 artistes
441 805 318 83 travaillaient
704 805 131 83 sur
779 805 112 83 le
816 805 206 83 continent

107 855 115 76 et
164 855 134 76 aux
241 855 286 76 Etats-Unis,
470 855 153 76 mais
565 855 134 76 les
641 855 267 76 influences
832 855 191 76 danoises

108 891 128 74 sur
181 891 165 74 l’art
291 891 238 74 islandais
474 891 183 74 seront
602 891 330 74 prépondérantes
858 891 165 74 jusqu’à

109 946 119 62 la
169 946 237 62 deuxième
346 946 198 62 guerre
465 946 217 62 mondiale.

161 978 211 68 Fondée
309 978 127 68 en
372 978 190 68 1944,
499 978 127 68 la
562 978 295 68 République
773 978 253 68 lslandaise

110 1025 140 62 met
190 1025 120 62 un
250 1025 181 62 terme
371 1025 100 62 à
411 1025 301 62 l’isolement
652 1025 120 62 du
712 1025 181 62 pays.
832 1025 201 62 Depuis
973 1025 120 62 la
1013 1025 60 62 I

109 1065 146 63 fin
193 1065 125 63 de
255 1065 125 63 la
318 1065 230 63 guerre,
485 1065 125 63 le
548 1065 355 63 développement
841 1065 146 63 des
904 1065 125 63 arts

113 1104 281 75 plastiques,
338 1104 112 75 en
394 1104 225 75 Islande,
563 1104 94 75 a
600 1104 169 75 suivi
713 1104 131 75 les
788 1104 169 75 mêmes
881 1104 150 75 lignes

113 1153 143 60 que
194 1153 163 60 dans
296 1153 122 60 la
358 1153 163 60 plus
460 1153 204 60 grande
602 1153 204 60 partie
745 1153 122 60 du
807 1153 204 60 monde.
929 1153 102 60 Des

116 1187 268 66 influences
326 1187 115 66 de
384 1187 153 66 tous
479 1187 134 66 les
556 1187 191 66 grands
690 1187 230 66 courants
862 1187 115 66 de
900 1187 134 66 l’art

118 1229 234 66 mondial
288 1229 128 66 se
352 1229 213 66 mêlent
500 1229 170 66 avec
607 1229 149 66 les
692 1229 298 66 influences
904 1229 128 66 d’un

121 1268 172 65 monde
235 1268 133 65 qui
312 1268 114 65 se
369 1268 229 65 rétrécit
540 1268 114 65 et
598 1268 153 65 avec
693 1268 305 65 l’expérience
922 1268 114 65 per-

120 1328 223 47 sonnelle
288 1328 112 47 de
344 1328 186 47 chaque
455 1328 186 47 artiste.

173 1356 157 61 Dans
272 1356 216 61 l’œuvre
429 1356 216 61 d’Einar
586 1356 295 61 Hakonarson,
823 1356 216 61 peintre
960 1356 79 61 et

121 1395 279 67 sculpteur,
340 1395 119 67 il
400 1395 100 67 y
440 1395 100 67 a
479 1395 119 67 un
539 1395 259 67 sentiment
738 1395 239 67 poétique
918 1395 119 67 de
957 1395 80 67 la

122 1443 260 59 situation
322 1443 120 59 de
382 1443 220 59 l’homme
542 1443 160 59 dans
641 1443 120 59 le
701 1443 200 59 monde.
841 1443 100 59 A
881 1443 120 59 la
921 1443 120 59 pre-

123 1478 187 64 mière
248 1478 250 64 Biennale
435 1478 250 64 nordique
623 1478 125 64 de
685 1478 125 64 la
748 1478 271 64 jeunesse,
935 1478 104 64 qui

125 1523 168 61 s’est
237 1523 168 61 tenue
349 1523 93 61 à
387 1523 224 61 Luisiana
555 1523 112 61 en
611 1523 168 61 1966,
723 1523 168 61 Einar
816 1523 224 61 Hakonarson

124 1562 99 65 a
164 1562 158 65 reçu
262 1562 118 65 un
322 1562 217 65 premier
480 1562 178 65 prix.
598 1562 138 65 Les
677 1562 257 65 résultats
875 1562 178 65 qu’il
993 1562 99 65 a
1013 1562 59 65 l

126 1608 236 59 obtenus
297 1608 171 59 dans
404 1608 129 59 le
468 1608 236 59 domaine
640 1608 129 59 de
704 1608 129 59 la
768 1608 236 59 gravure
918 1608 129 59 sont

185 1697 153 54 Ingi
281 1697 173 54 Hrafn
396 1697 230 54 Hauksson
568 1697 134 54 est
645 1697 115 54 un
703 1697 134 54 des
779 1697 192 54 jeunes
895 1697 153 54 sculp-

130 1724 172 64 teurs
245 1724 115 64 de
302 1724 134 64 qui
379 1724 115 64 on
436 1724 191 64 attend
570 1724 115 64 le
628 1724 172 64 plus.
743 1724 134 64 Ses
819 1724 191 64 œuvres
934 1724 115 64 sont

131 1781 140 61 des
211 1781 220 61 reliefs
371 1781 160 61 durs
471 1781 120 61 et
531 1781 300 61 rythmiques,
770 1781 160 61 mais
870 1781 160 61 dans
950 1781 100 61 ses

132 1813 255 59 dernières
329 1813 314 59 compositions
584 1813 137 59 les
662 1813 196 59 formes
800 1813 118 59 se
839 1813 216 59 ramollis-

133 1861 157 58 sent
231 1861 118 58 de
290 1861 157 58 plus
388 1861 118 58 en
447 1861 176 58 plus.
564 1861 98 58 «
604 1861 333 58 L’inspiration
878 1861 118 58 me
917 1861 137 58 vient

137 1897 275 62 directement
357 1897 110 62 de
412 1897 110 62 la
467 1897 202 62 réalité
614 1897 294 62 quotidienne,
852 1897 202 62 dit-il.
981 1897 73 62 Je

136 1940 230 66 voudrais
309 1940 154 66 unir
404 1940 173 66 l’art
520 1940 115 66 du
577 1940 192 66 cinéma
712 1940 115 66 et
769 1940 134 66 les
846 1940 154 66 arts
923 1940 134 66 plas

633 2136 253 60 Steinthor
808 2136 253 60 Sigurdsson,

483 2202 222 59 Président
654 2202 103 59 du
705 2202 171 59 comité
825 2202 103 59 de
859 2202 205 59 sélection.
