1101 2361
113 177 144 95 43
209 177 112 95 LES
273 177 160 95 COCONS
385 177 96 95 ET
433 177 96 95 LE
481 177 224 95 MODULE
641 177 208 95 (maquette).

159 232 113 88 Les
224 232 162 88 cocons
337 232 130 88 sont
418 232 113 88 des
483 232 195 88 cellules
629 232 259 88 d’habitation
823 232 195 88 industria-

158 285 169 70 lisées
276 285 185 70 pouvant
411 285 236 70 constituer
597 285 118 70 des
664 285 185 70 motels,
799 285 118 70 des
849 285 169 70 chambres

158 315 223 72 d’étudiant
334 315 96 72 ou
382 315 112 72 des
445 315 223 72 résidences
621 315 239 72 secondaires
797 315 223 72 extensibles.

159 351 112 71 Les
223 351 192 71 cellules
367 351 128 71 sont
446 351 239 71 constituées
638 351 112 71 par
702 351 255 71 l’assemblage
893 351 128 71 d’élé-

159 379 162 75 ments
267 379 215 75 produits
428 379 108 75 en
482 379 162 75 série
590 379 198 75 suivant
734 379 144 75 deux
823 379 198 75 modèles
949 379 72 75 de

161 419 152 67 base.
263 419 169 67 Chaque
381 419 186 67 élément
516 419 118 67 est
584 419 169 67 équipé
702 419 101 67 en
753 419 169 67 usine.
854 419 169 67 L’assem-

163 444 155 73 blage
266 444 121 73 des
335 444 207 73 éléments
490 444 155 73 étant
593 444 189 73 réalisé
731 444 121 73 sur
800 444 103 73 le
835 444 189 73 chantier,

161 493 153 60 ainsi
263 493 119 60 que
331 493 102 60 la
382 493 136 60 pose
467 493 119 60 des
518 493 136 60 baies.

164 513 108 70 Le
218 513 198 70 système
362 513 180 70 permet
487 513 126 70 une
559 513 180 70 grande
685 513 198 70 liberté
828 513 108 70 en
882 513 144 70 plan
954 513 72 70 et

166 544 269 71 l’adaptation
385 544 84 71 a
418 544 135 71 tout
503 544 185 71 terrain
637 544 151 71 grâce
738 544 101 71 au
789 544 151 71 point
873 544 151 71 d’appui

167 594 166 56 unique
284 594 100 56 de
333 594 166 56 chaque
450 594 183 56 cellule
583 594 100 56 de
616 594 116 56 base.

169 610 103 72 Le
220 610 172 72 module
341 610 120 72 est
410 610 103 72 un
461 610 189 72 système
599 610 103 72 de
651 610 275 72 construction
874 610 138 72 basé
943 610 86 72 sur

167 644 110 72 la
222 644 147 72 mise
313 644 110 72 en
368 644 165 72 œuvre
479 644 147 72 d’un
570 644 147 72 seul
662 644 202 72 élément
790 644 239 72 préfabriqué

169 679 235 75 participant
357 679 78 75 à
389 679 219 75 l’ossature
561 679 94 75 et
608 679 125 75 dont
686 679 94 75 la
733 679 172 75 variété
859 679 110 75 des
906 679 125 75 assem-

170 713 169 77 blages
288 713 169 77 permet
406 713 101 77 un
457 713 152 77 grand
558 713 169 77 nombre
677 713 101 77 de
727 713 219 77 solutions
896 713 101 77 en
930 713 101 77 plan

168 774 102 53 et
219 774 102 53 en
253 774 153 53 volume.

174 843 169 84 Alain
301 843 197 84 COHEN
456 843 85 84 né
498 843 85 84 en
541 843 113 84 1942
611 843 71 84 à
639 843 113 84 Oran
710 843 197 84 (Algérie).
851 843 183 84 Architecte.

175 898 256 81 Jean-Paul
383 898 288 81 MERLATEAU
623 898 96 81 né
671 898 96 81 en
719 898 128 81 1937
799 898 80 81 à
815 898 224 81 Castillonnés

177 955 193 59 (France).
311 955 341 59 Ingénieur

133 1020 157 68 44
237 1020 175 68 bCREER
360 1020 105 68 UN
412 1020 140 68 LIEU
500 1020 140 68 POUR
587 1020 245 68 CONFRONTER
780 1020 105 68 LA
815 1020 227 68 SENSIB

178 1055 198 69 LITE
322 1055 90 69 A
358 1055 126 69 UNE
430 1055 234 69 SITUATION
610 1055 234 69 NATURELLE
791 1055 108 69 OU
827 1055 216 69 ARTIEL

177 1102 168 61 CIELLE
295 1102 218 61 (maquette
463 1102 101 61 et
496 1102 286 61 environnement).

178 1145 110 76 Cet
241 1145 189 76 endroit,
383 1145 157 76 espace
493 1145 220 76 privilégié
666 1145 126 76 issu
745 1145 126 76 d’un
824 1145 126 76 site
887 1145 157 76 naturel,

178 1186 127 59 est
250 1186 109 59 un
305 1186 145 59 lieu
395 1186 109 59 de
449 1186 235 59 rencontre
630 1186 109 59 et
684 1186 109 59 de
720 1186 326 59 perfectionnement

182 1217 212 65 d’adultes
344 1217 98 65 ou
393 1217 98 65 de
442 1217 179 65 jeunes.
572 1217 130 65 Lieu
654 1217 98 65 de
702 1217 212 65 séminaire
865 1217 98 65 de
898 1217 146 65 travail

183 1250 108 61 ou
237 1250 325 61 d’entraïnement
508 1250 90 61 à
544 1250 108 61 la
598 1250 253 61 conception
796 1250 108 61 de
851 1250 198 61 travaux
977 1250 72 61 de

188 1309 132 71 Lieu
271 1309 298 71 d’information,
519 1309 99 71 de
569 1309 248 71 méditation,
768 1309 232 71 d’échanges
950 1309 99 71 et
983 1309 66 71 de

190 1357 215 61 rencontres
359 1357 138 61 entre
451 1357 215 61 créateurs,
620 1357 277 61 constructeurs,
850 1357 200 61 critiques
989 1357 61 61 et

190 1425 114 55 Cet
255 1425 276 55 environnement
482 1425 114 55 est
547 1425 179 55 destiné
677 1425 81 55 à
710 1425 195 55 éveiller
856 1425 98 55 la
905 1425 146 55 prise
986 1425 65 55 de

190 1452 233 63 conscience
373 1452 100 63 de
423 1452 100 63 la
473 1452 249 63 sensibilité
672 1452 100 63 et
722 1452 183 63 élargir
855 1452 100 63 la
888 1452 166 63 communi-

191 1487 165 58 cation
307 1487 215 58 visuelle,
473 1487 182 58 tactile
605 1487 99 58 et
655 1487 364 58 psycho-sensorielle
969 1487 83 58 :
986 1487 66 58 où

190 1526 207 52 l’homme
340 1526 150 52 sera
434 1526 131 52 mis
509 1526 113 52 en
566 1526 188 52 action
697 1526 131 52 par
772 1526 113 52 le
829 1526 150 52 lieu
923 1526 131 52 qui
979 1526 75 52 le

192 1566 220 47 contient,
361 1566 102 47 au
412 1566 169 47 niveau
530 1566 102 47 de
581 1566 102 47 la
632 1566 237 47 sensation,
818 1566 102 47 de
869 1566 102 47 la
903 1566 152 47 pensée,

191 1591 101 57 de
242 1591 101 57 la
293 1591 254 57 technologie
495 1591 101 57 et
546 1591 118 57 des
614 1591 169 57 moyens
715 1591 254 57 d’expression.

196 1686 287 60 Pierre-Alain
438 1686 212 60 HUBERT
604 1686 91 60 né
650 1686 91 60 en
695 1686 121 60 1944
771 1686 76 60 à
801 1686 151 60 Chatou
892 1686 166 60 (France).

199 1789 233 45 Jean-Yves
389 1789 263 45 BETOULAUD
608 1789 88 45 né
652 1789 88 45 en
695 1789 117 45 1942
768 1789 73 45 à
797 1789 146 45 Paris.
885 1789 175 45 Graphiste.

203 1835 237 58 Françoise
396 1835 223 58 DUBOIS
574 1835 104 58 née
634 1835 89 58 en
678 1835 119 58 1944
752 1835 74 58 à
782 1835 178 58 Viroflay
901 1835 163 58 (France).

211 1932 120 50 Serge
301 1932 160 50 FRENAUD
431 1932 60 50 né
461 1932 60 50 en
490 1932 80 50 1942
540 1932 50 50 à
560 1932 120 50 Toulouse
640 1932 110 50 (France).

217 2028 118 53 Liliane
310 2028 127 53 HUBERT
411 2028 59 53 née
445 2028 51 53 en
470 2028 68 53 1937
513 2028 42 53 à
530 2028 76 53 Paris
572 2028 93 53 (France).

207 2118 216 60 Conseiller
377 2118 201 60 technique
516 2118 46 60 :

211 2171 214 50 Pierre-Noël
377 2171 143 50 DRAIN
