1062 2385
-20 84 401 60 CONSEIL
267 84 629 60 D’ADMINISTRATION

71 468 137 56 MM.
167 468 150 56 Raymond
263 468 178 56 Cogniat

64 1214 130 54 Mme
155 1214 130 54 Pierre
233 1214 130 54 Lamy

142 550 229 52 François
314 550 229 52 Debidour
486 550 344 52 Sous-Directeur
773 550 134 52 des
830 550 153 52 Beaux

133 656 232 61 Marcel
312 656 268 61 Diebolt
526 656 178 61 Préfet
651 656 107 61 de
686 656 143 61 Paris.

135 745 231 60 Gaston
313 745 231 60 Diehl
491 745 142 60 Chef
580 745 107 60 de
633 745 107 60 la
687 745 196 60 Section
829 745 125 60 des
882 745 107 60 Arts

536 793 233 42 Plastiques
719 793 83 42 à
736 793 249 42 l’Association

536 825 226 55 Française
709 825 208 55 d’Action
848 825 139 55 Artis

138 930 217 58 Renaud
305 930 100 58 de
355 930 100 58 la
405 930 250 58 Genière
605 930 217 58 Directeur
772 930 100 58 du
822 930 167 58 Budget
922 930 67 58 au

528 976 228 55 Ministère
704 976 123 55 des
757 976 193 55 Finances.

141 1021 167 63 Francis
261 1021 131 63 Gobin

145 1113 162 48 René
263 1113 132 48 Héron
351 1113 88 48 de
395 1113 265 48 Villefosse
616 1113 235 48 Conservateur
807 1113 88 48 en
852 1113 118 48 Chef
910 1113 74 48 des

542 1152 153 45 Musées
649 1152 92 45 de
694 1152 92 45 la
740 1152 137 45 Ville
832 1152 92 45 de
862 1152 122 45 Paris.

63 1288 171 54 MM.
183 1288 171 54 Pierre
302 1288 257 54 Laurent
508 1288 222 54 Directeur
679 1288 188 54 Général
816 1288 120 54 des
867 1288 120 54 Rela-

538 1338 134 44 tions
627 1338 238 44 Culturelles,
806 1338 179 44 Scientifi

523 1381 170 42 ques
629 1381 128 42 et
693 1381 298 42 Techniques
906 1381 85 42 au

532 1403 258 50 Ministère
731 1403 139 50 des
790 1403 199 50 Affaires

532 1737 188 50 Conseil
669 1737 103 50 de
703 1737 137 50 Paris.

137 1490 208 70 Jean
289 1490 303 70 Leymarie
535 1490 303 70 Conservateur
781 1490 114 70 en
838 1490 151 70 Chef
913 1490 76 70 du

530 1557 166 49 Musée
640 1557 222 49 National
806 1557 166 49 d’Art
899 1557 92 49 Mo

138 1654 209 61 Paul
290 1654 247 61 Minot
480 1654 247 61 Président
669 1654 114 61 de
726 1654 114 61 la
764 1654 228 61 Commission

530 1704 115 49 des
595 1704 198 49 Affaires
744 1704 247 49 Culturelles
925 1704 66 49 au

133 1804 206 66 André
287 1804 274 66 Planchet
510 1804 171 66 Syndic
630 1804 103 66 du
681 1804 189 66 Conseil
819 1804 103 66 de
853 1804 137 66 Paris.

139 1893 199 62 Alain
288 1893 281 62 Trapenard
520 1893 215 62 Directeur
686 1893 99 62 de
735 1893 199 62 l’Action
868 1893 132 62 Cultu-

530 1941 159 40 relle,
641 1941 95 40 de
689 1941 95 40 la
737 1941 191 40 Jeunesse
880 1941 95 40 et
912 1941 79 40 des

530 1975 160 50 Sports
642 1975 96 50 de
690 1975 96 50 la
738 1975 144 50 Ville
833 1975 96 50 de
865 1975 128 50 Paris.

137 2049 245 59 Germain
329 2049 245 59 Viatte
521 2049 245 59 Inspecteur
713 2049 227 59 Principal
888 2049 105 59 de
923 2049 70 59 la

532 2095 191 49 Création
659 2095 207 49 Artistique.

131 2160 223 58 Michel
302 2160 274 58 Virenque
525 2160 188 58 Préfet.
662 2160 240 58 Secrétaire
833 2160 154 58 Général

530 2217 105 54 de
566 2217 140 54 Paris.
