1062 2361
-9 59 277 73 CANADA

173 442 332 67 Commissaires
443 442 270 67 généraux:
651 442 270 67 Joanna
838 442 228 67 Woods

70 491 998 54 Marsden

178 538 296 55 Coordinatrice
422 538 122 55 des
491 538 262 55 expositions
701 538 331 55 internationales
980 538 87 55 à
997 538 70 55 la

170 574 260 62 Galerie
359 574 307 62 Nationale
596 574 142 62 du
666 574 236 62 Canada
832 574 118 62 à
855 574 213 62 Ottawa.

155 633 515 55 Pierre
512 633 555 55 Théberge

181 682 370 56 Assistant-Conservateur
508 682 85 56 de
551 682 128 56 l’Art
637 682 171 56 canadien
765 682 71 56 à
793 682 85 56 la
822 682 128 56 Galerie

167 720 378 55 Nationale
458 720 174 55 du
545 720 291 55 Canada
748 720 145 55 à
777 720 262 55 Ottawa.

132 853 120 54 La
192 853 260 54 sélection
392 853 280 54 canadienne
612 853 100 54 à
652 853 120 54 la
712 853 240 54 Biennale
872 853 80 54 ée

79 897 167 54 Paris
191 897 130 54 met
265 897 167 54 cette
376 897 167 54 année
488 897 223 54 l’accent
655 897 130 54 sur
711 897 241 54 l’expérimer

61 937 153 54 tation.

135 980 152 69 Dans
230 980 114 69 la
287 980 209 69 section
439 980 266 69 sculpture,
649 980 152 69 nous
725 980 228 69 présentors

81 1032 132 53 deux
163 1032 165 53 œuvres
278 1032 99 53 de
327 1032 115 53 Les
393 1032 181 53 Levine,
525 1032 99 53 le
574 1032 181 53 Choc
690 1032 263 53 électrique

83 1083 89 44 et
128 1083 162 44 Body
246 1083 207 44 color
408 1083 89 44 Le
452 1083 162 44 Choc
570 1083 266 44 électrique
792 1083 162 44 propose
895 1083 59 44 là

78 1120 256 53 perception
279 1120 219 53 tactile,
443 1120 146 53 dans
534 1120 110 53 un
589 1120 219 53 contexte
735 1120 219 53 sculptural

83 1161 178 49 Body
212 1161 210 49 Golor
374 1161 113 49 est
438 1161 113 49 une
503 1161 145 49 œuvre
600 1161 81 49 à
632 1161 275 49 participation
842 1161 113 49 actie

79 1203 110 48 du
134 1203 274 48 spectateur;
353 1203 110 48 en
408 1203 183 48 effet,
536 1203 219 48 celui-ci
700 1203 110 48 se
755 1203 146 48 voit
828 1203 128 48 trans

77 1240 158 58 formé
183 1240 123 58 par
253 1240 106 58 la
306 1240 194 58 couleur
447 1240 106 58 de
500 1240 194 58 l’objet
640 1240 158 58 qu’il
746 1240 211 58 traverse
887 1240 70 58 el

80 1283 101 53 il
131 1283 185 53 devient
265 1283 168 53 partie
383 1283 236 53 intégrante
569 1283 101 53 de
619 1283 202 53 l’œuvre.
771 1283 118 53 Les
821 1283 135 53 Levire

78 1331 211 58 cherche,
237 1331 158 58 entre
342 1331 193 58 autres,
483 1331 88 58 à
518 1331 264 58 transformer
729 1331 123 58 les
781 1331 176 58 rapports

77 1370 162 52 entre
185 1370 198 52 l’œuvre
328 1370 162 52 d’art
436 1370 108 52 et
490 1370 108 52 le
544 1370 251 52 spectateur
742 1370 108 52 en
777 1370 180 52 confiant

76 1409 94 65 à
114 1409 225 65 celui-ci
282 1409 112 65 le
339 1409 150 65 soin
432 1409 319 65 d’appréhender
695 1409 206 65 l’œuvre
826 1409 131 65 autre

78 1461 148 51 ment
170 1461 129 51 que
244 1461 129 51 par
318 1461 111 51 la
373 1461 259 51 perception
576 1461 222 51 visuelle
724 1461 185 51 stricte.

139 1503 126 51 Dans
218 1503 94 51 la
265 1503 173 51 section
391 1503 205 51 musicale,
549 1503 94 51 le
596 1503 236 51 Nihilist
769 1503 189 51 Spasni

80 1549 248 51 Band
279 1549 99 51 un
329 1549 215 51 orchestre
494 1549 215 51 bruitiste
660 1549 99 51 de
710 1549 132 51 sept
776 1549 182 51 musiciens

78 1599 237 41 représente
264 1599 101 41 le
315 1599 186 41 Canada.
450 1599 101 41 Le
501 1599 254 41 Nihilist
703 1599 152 41 Spasm
788 1599 169 41 Band

77 1641 153 54 peut
173 1641 153 54 être
269 1641 211 54 entendu
422 1641 173 54 d’une
537 1641 173 54 part,
652 1641 173 54 comme
767 1641 134 54 une
825 1641 134 54 forme

73 1683 113 55 de
130 1683 208 55 musique
281 1683 283 55 folklorique
507 1683 94 55 :
545 1683 170 55 c’est
658 1683 170 55 aussi
771 1683 132 55 une
828 1683 132 55 exple

76 1721 184 45 ration
204 1721 129 45 des
278 1721 221 45 rapports
444 1721 166 45 entre
554 1721 129 45 des
628 1721 184 45 bruits
738 1721 221 45 improvisés

76 1764 126 46 par
148 1764 126 46 des
220 1764 271 46 instruments
437 1764 126 46 que
509 1764 126 46 les
581 1764 235 46 musiciens
762 1764 126 46 ont
816 1764 144 46 fabrie

72 1812 154 55 qués
168 1812 251 55 eux-mêmes
361 1812 154 55 pour
458 1812 193 55 tenter
593 1812 135 55 une
670 1812 232 55 nouvelle
825 1812 135 55 appre

71 1851 138 47 che
150 1851 138 47 des
229 1851 217 47 notions
387 1851 276 47 d’harmonie
604 1851 118 47 et
663 1851 118 47 de
703 1851 256 47 dissonance;

72 1889 384 48 paradoxalement,
395 1889 141 48 des
476 1889 222 48 rythmes
638 1889 121 48 se
698 1889 202 48 créent
820 1889 141 48 d’eux

72 1937 189 57 mêmes.
204 1937 170 57 C’est
318 1937 264 57 finalement
526 1937 113 57 un
582 1937 189 57 groupe
714 1937 151 57 dont
790 1937 170 57 l’exis.

69 1974 175 50 tence
185 1974 116 50 et
243 1974 136 50 les
321 1974 252 50 activités
515 1974 136 50 ont
592 1974 116 50 le
651 1974 252 50 caractère
825 1974 136 50 d’ure

71 2015 319 60 manifestation
315 2015 207 60 dadaïste.

129 2060 155 52 Dans
225 2060 116 52 la
284 2060 213 52 section
438 2060 213 52 cinéma,
593 2060 116 52 le
651 2060 194 52 Canada
767 2060 194 52 présente

67 2111 163 53 cinq
168 2111 183 53 films
290 2111 346 53 expérimentaux
575 2111 163 53 dont
677 2111 203 53 quatre
820 2111 142 53 ont
881 2111 81 53 éé

65 2146 168 64 faits
177 2146 131 64 par
252 2146 131 64 des
327 2146 243 64 cinéastes
514 2146 131 64 qui
588 2146 149 64 sont
682 2146 168 64 aussi
775 2146 187 64 peintres

70 2197 96 57 et
118 2197 239 57 sculpteurs.
309 2197 127 57 Gary
389 2197 191 57 Lee-Nova
532 2197 127 57 nous
612 2197 191 57 présente
739 2197 223 57 Steel

40 2285 86 42 36
