1101 2361
163 228 241 79 François
356 228 241 79 LUNVEN
549 228 96 79 né
597 228 96 79 en
645 228 129 79 1942
726 228 80 79 à
758 228 145 79 Paris
838 228 177 79 (France).

164 318 209 79 Olivier
329 318 209 79 VIDAL
493 318 90 79 né
538 318 90 79 en
583 318 120 79 1944
658 318 75 79 à
688 318 165 79 Valence
792 318 165 79 (France).

167 419 200 74 Michel
320 419 231 74 JAMBON
505 419 92 74 né
551 419 92 74 en
597 419 123 74 1944
674 419 77 74 à
705 419 154 74 Roanne
797 419 169 74 (France).

125 542 125 70 39
208 542 83 70 LE
250 542 222 70 VIVARIUM
430 542 222 70 (réalisation
610 542 69 70 à
624 542 166 70 grandeur).

170 605 154 59 Espace
277 605 77 59 à
308 605 231 59 utilisation
477 605 169 59 muitiple.

170 622 102 79 Le
221 622 205 79 Vivarium
375 622 102 79 ne
426 622 239 79 représente
614 622 154 79 aucun
716 622 171 79 espace
835 622 188 79 défini.
955 622 68 79 Ce

173 664 143 65 n’est
268 664 111 65 pas
332 664 127 65 plus
411 664 95 65 un
458 664 254 65 living-room,
664 664 158 65 qu’une
775 664 143 65 salle
871 664 95 65 de
902 664 127 65 confé-

173 699 165 66 rence,
288 699 99 66 un
337 699 132 66 hall
420 699 99 66 de
469 699 165 66 maison
584 699 99 66 de
634 699 99 66 la
683 699 198 66 culture,
831 699 99 66 la
864 699 165 66 terrasse

173 733 127 68 d’un
252 733 206 68 building,
411 733 111 68 une
475 733 143 68 plage
570 733 206 68 aménagée,
729 733 95 68 un
776 733 159 68 jardin
871 733 159 68 d’hiver,

174 771 99 62 un
223 771 148 62 salon
322 771 197 62 d’hôtel,
470 771 99 62 la
519 771 181 62 galerie
651 771 132 62 d’un
733 771 181 62 chalet,
864 771 115 62 une
914 771 115 62 boîte

174 815 94 48 de
221 815 140 48 nuit,
315 815 109 48 une
362 815 249 48 discothèque...

175 831 103 64 Le
226 831 206 64 Vivarium
381 831 120 64 est
450 831 103 64 un
501 831 137 64 lieu
587 831 189 64 général
725 831 189 64 pouvant
845 831 189 64 s’adapter

174 866 83 61 à
208 866 182 61 chacune
340 866 99 61 de
389 866 116 61 ces
455 866 264 61 utilisations
670 866 215 61 muitiples
835 866 99 61 et
868 866 165 61 particu-

178 901 178 60 lières,
307 901 97 60 un
356 901 129 60 lieu
436 901 162 60 défini
549 901 97 60 et
598 901 178 60 composé
727 901 113 60 par
792 901 145 60 trois
872 901 162 60 éléments

178 934 198 64 inventés
326 934 99 64 ou
375 934 181 64 choisis
507 934 115 64 par
573 934 148 64 trois
672 934 198 64 artistes
821 934 82 64 :
854 934 132 64 Ado,
920 934 115 64 Jacot

176 988 96 43 et
224 988 176 43 Viviane
336 988 128 43 Brown.

182 997 97 69 Il
230 997 97 69 ne
279 997 162 69 s’agit
392 997 113 69 pas
456 997 129 69 pour
537 997 113 69 les
602 997 210 69 créateurs
763 997 97 69 de
812 997 178 69 montrer
925 997 113 69 leurs

178 1035 179 60 œuvres
304 1035 108 60 et
357 1035 108 60 de
411 1035 251 60 juxtaposer
609 1035 126 60 une
680 1035 215 60 peinture
842 1035 179 60 d’Ado,
949 1035 90 60 une

177 1071 234 55 sculpture
357 1071 108 55 de
411 1071 180 55 Jacot,
537 1071 108 55 un
591 1071 306 55 environnement
843 1071 108 55 de
879 1071 162 55 Viviane

181 1109 163 58 Brown.
295 1109 130 58 Leur
376 1109 114 58 but
441 1109 114 58 est
506 1109 98 58 de
555 1109 146 58 créer
652 1109 98 58 un
701 1109 130 58 lieu
782 1109 98 58 et
831 1109 114 58 une
880 1109 163 58 ambiance

181 1141 181 55 pouvant
312 1141 214 55 s’adapter
477 1141 82 55 à
510 1141 115 55 des
576 1141 181 55 besoins
708 1141 181 55 humains
824 1141 148 55 divers.

181 1166 107 66 Le
235 1166 143 66 cube
324 1166 161 66 n’est
431 1166 125 66 pas
503 1166 143 66 pris
592 1166 161 66 comme
699 1166 197 66 élément
842 1166 179 66 isolé;
950 1166 89 66 son

182 1207 276 53 accumulation
406 1207 207 53 engendre
561 1207 103 53 un
612 1207 172 53 milieu
733 1207 241 53 plastique,
905 1207 138 53 mobile

185 1234 95 58 et
233 1234 254 58 transparent,
439 1234 95 58 un
487 1234 159 58 espace
598 1234 79 58 à
629 1234 206 58 traverser
788 1234 238 58 constituant
963 1234 79 58 une

186 1267 215 59 transition
354 1267 138 59 entre
446 1267 92 59 le
492 1267 138 59 monde
584 1267 199 59 extérieur
737 1267 92 59 et
783 1267 184 59 l’espace
906 1267 138 59 infini.

188 1310 201 50 L’espace
339 1310 218 50 intérieur
507 1310 117 50 est
574 1310 218 50 déterminé
742 1310 117 50 par
809 1310 134 50 deux
876 1310 168 50 éléments

190 1336 161 59 montés
303 1336 81 59 à
335 1336 161 59 grande
448 1336 193 59 échelle,
593 1336 113 59 qui
657 1336 97 59 se
706 1336 258 59 muitiplient,
915 1336 97 59 se
947 1336 97 59 com-

191 1370 168 63 posent,
313 1370 92 63 se
359 1370 183 63 modulent
496 1370 92 63 et
542 1370 244 63 s’articulent
740 1370 122 63 pour
816 1370 214 63 accueillir
969 1370 76 63 les

189 1404 206 56 visiteurs
348 1404 95 56 et
395 1404 158 56 former
506 1404 158 56 toutes
617 1404 111 56 les
680 1404 222 56 structures
855 1404 174 56 utiles:
966 1404 79 56 les

191 1451 151 41 murs,
292 1451 117 41 les
359 1451 201 41 meubles,
509 1451 117 41 les
576 1451 167 41 sièges
693 1451 251 41 (fauteuils,
878 1451 167 41 canapés,

192 1478 229 47 banquettes,
375 1478 153 47 etc.),
482 1478 137 47 plans
573 1478 92 47 de
619 1478 168 47 travail
741 1478 137 47 (bar,
832 1478 153 47 table,
924 1478 122 47 disco-

190 1499 178 56 thèque,
319 1499 146 56 etc.)
416 1499 97 56 et
465 1499 129 56 même
546 1499 113 56 des
610 1499 194 56 éléments
756 1499 178 56 inédits
869 1499 178 56 répondant

191 1554 82 38 à
223 1554 115 38 des
289 1554 181 38 besoins
404 1554 181 38 nouveaux.

191 1565 285 61 Arbitrairement
429 1565 111 61 sur
492 1565 95 61 la
540 1565 206 61 maquette,
698 1565 190 61 l’espace
841 1565 174 61 s’ouvre
952 1565 95 61 d’un

194 1616 132 42 côté
276 1616 99 42 au
325 1616 148 42 monde
424 1616 230 42 extérieur,
605 1616 99 42 au
654 1616 181 42 paysage
786 1616 165 42 aérien
901 1616 99 42 ou
934 1616 115 42 sous-

194 1640 161 51 marin,
307 1640 97 51 et
355 1640 145 51 donne
452 1640 145 51 accès
549 1640 97 51 au
597 1640 210 51 mécanisme
759 1640 97 51 de
791 1640 258 51 l’organisation

194 1685 94 46 de
241 1685 109 46 ces
304 1685 140 46 trois
382 1685 172 46 éléments.

196 1734 240 57 Responsable
372 1734 48 57 :

196 1779 238 45 ADO
387 1779 95 45 né
434 1779 95 45 en
482 1779 127 45 1936
561 1779 79 45 à
593 1779 143 45 Tokyo
688 1779 190 45 (Japon).
815 1779 238 45 Coordinateur

199 1858 224 56 Viviane
375 1858 224 56 BROWN
551 1858 112 56 née
615 1858 96 56 en
662 1858 128 56 1940
742 1858 80 56 à
774 1858 176 56 Alençon
886 1858 160 56 (France)

205 1949 213 63 Daniel
368 1949 245 63 HUMAIR
564 1949 98 63 né
613 1949 98 63 en
663 1949 131 63 1938
744 1949 82 63 à
777 1949 164 63 Genève
875 1949 180 63 (Suisse).

207 2045 276 61 Pierre-Martin
442 2045 193 61 JACOT
594 2045 83 61 né
635 2045 83 61 en
676 2045 110 61 1941
732 2045 41 61 à

769 2044 175 61 Diegten
880 2044 175 61 (Suisse).

205 2144 175 43 Marc
332 2144 270 43 LEBAILLY
555 2144 95 43 né
603 2144 95 43 en
650 2144 127 43 1940
730 2144 80 43 à
762 2144 191 43 Aurillac
889 2144 159 43 (France)
