1101 2361
725 86 366 55 ROUMANIE

207 467 257 65 Commissaire
412 467 188 65 général
549 467 86 65 :
584 467 171 65 Mac
686 467 343 65 Constantinescu

211 515 221 72 Professeur
385 515 79 72 à
416 515 221 72 l’Institut
590 515 110 72 des
653 515 221 72 Beaux-Arts
826 515 95 72 de
858 515 173 72 Bucarest.

172 650 108 70 Il
226 650 126 70 est
298 650 143 70 rare
387 650 179 70 qu’une
513 650 161 70 œuvre
620 650 251 70 collective
818 650 108 70 se
854 650 179 70 présente

115 695 120 65 de
175 695 220 65 manière
335 695 260 65 unitaire.
535 695 260 65 Pourtant,
734 695 160 65 dans
834 695 120 65 le
894 695 140 65 cas
954 695 80 65 du

115 735 214 66 groupe
264 735 193 66 formé
393 735 150 66 par
478 735 128 66 le
543 735 235 66 peintre
693 735 342 66 monumentaliste

120 775 134 70 Ion
196 775 210 70 Stendl,
349 775 248 70 l’artiste
540 775 286 70 décoratrice
769 775 229 70 Theodora
921 775 115 70 Moi-

117 819 180 67 sescu
237 819 120 67 et
297 819 140 67 son
377 819 180 67 jeune
497 819 180 67 élève
616 819 160 67 Radu
716 819 220 67 Stoica,
856 819 180 67 l’unité

118 868 100 55 a
158 868 139 55 été
238 868 338 55 effectivement
516 868 259 55 réalisée.
715 868 139 55 Ils
795 868 139 55 ont
875 868 159 55 créé
954 868 80 55 un

120 902 229 62 complexe
292 902 229 62 d’objets
463 902 248 62 picturaux
654 902 115 62 et
712 902 305 62 sculpturaux,
941 902 95 62 qui

117 950 314 52 enveloppent
368 950 126 52 le
431 950 293 52 spectateur
661 950 167 52 dans
766 950 147 52 une
829 950 209 52 ambiance

120 985 230 64 spatiale
292 985 115 64 et
350 985 249 64 psychique
541 985 153 64 dont
637 985 115 64 le
694 985 230 64 diapason
848 985 191 64 affectif

120 1028 137 52 est
199 1028 235 52 escompté
375 1028 156 52 avec
472 1028 274 52 précision.
687 1028 137 52 Ils
765 1028 137 52 ont
844 1028 176 52 donné
941 1028 98 52 vie

121 1081 115 47 au
178 1081 172 47 thème
293 1081 249 47 ancestral
484 1081 134 47 des
561 1081 191 47 Quatre
695 1081 249 47 éléments,
886 1081 134 47 une
943 1081 96 47 vie

124 1113 268 61 plastique,
334 1113 268 61 picturale,
545 1113 364 61 architectonique
852 1113 115 61 et
890 1113 153 61 scéno-

121 1154 268 61 graphique.
331 1154 115 61 Le
389 1154 191 61 paysan
523 1154 230 61 roumain,
695 1154 153 61 dans
791 1154 191 61 l’idée
906 1154 134 61 qu’il

123 1202 110 57 se
178 1202 147 57 fait
270 1202 110 57 de
325 1202 110 57 la
380 1202 147 57 vie,
472 1202 202 57 établit
620 1202 129 57 une
693 1202 276 57 similitude,
896 1202 147 57 jamais

121 1237 279 56 démentie,
335 1237 193 56 entre
464 1237 150 56 les
550 1237 257 56 éléments
743 1237 150 56 qui
807 1237 236 56 composent

126 1278 249 53 l’univers
317 1278 96 53 —
355 1278 115 53 la
413 1278 191 53 terre,
547 1278 191 53 l’air,
681 1278 191 53 l’eau,
814 1278 115 53 le
872 1278 134 53 feu
948 1278 96 53 —
967 1278 77 53 et

126 1318 120 54 la
186 1318 300 54 mystérieuse
426 1318 240 54 création
605 1318 120 54 de
665 1318 240 54 l’homme.
845 1318 120 54 Le
885 1318 160 54 groupe

125 1364 205 50 Stendl
268 1364 102 50 a
309 1364 164 50 fait
411 1364 225 50 revivre
575 1364 123 50 ce
636 1364 184 50 mythe
759 1364 184 50 fondé
881 1364 143 50 sur
943 1364 102 50 une

126 1412 230 48 profonde
298 1412 115 48 et
356 1412 268 48 magnifique
567 1412 268 48 expérience
778 1412 268 48 collective
969 1412 77 48 de

129 1449 275 50 l’humanité,
349 1449 165 50 fruit
459 1449 110 50 de
514 1449 128 50 ses
587 1449 257 50 traditions
789 1449 239 50 occultes,
954 1449 92 50 que

128 1487 363 52 l’imagination
426 1487 128 52 de
490 1487 213 52 chaque
640 1487 213 52 peuple
789 1487 213 52 colore
938 1487 107 52 à
960 1487 85 52 sa

129 1528 220 54 manière
289 1528 280 54 spécifique
509 1528 160 54 dans
608 1528 120 54 le
668 1528 180 54 cadre
788 1528 120 54 de
848 1528 120 54 sa
888 1528 160 54 propre

131 1573 269 46 mythologie.
346 1573 90 46 A
382 1573 125 46 ces
454 1573 233 46 questions
633 1573 269 46 éternelles,
848 1573 125 46 Ion
902 1573 143 46 Stendl

130 1613 113 48 et
187 1613 131 48 ses
262 1613 338 48 collaborateurs
543 1613 244 48 répondent
731 1613 94 48 à
768 1613 188 48 l’aide
900 1613 113 48 de
937 1613 113 48 sym-

130 1653 180 48 boles
250 1653 260 48 spatiaux.
450 1653 120 48 Et
510 1653 140 48 ces
590 1653 240 48 symboles
769 1653 280 48 rappellent
969 1653 80 48 de

132 1706 210 40 manière
285 1706 268 40 troublante
495 1706 230 40 certains
667 1706 191 40 objets
801 1706 249 40 rustiques
973 1706 77 40 en

133 1744 168 47 bois,
246 1744 187 47 qu’ils
377 1744 187 47 soient
507 1744 206 47 d’usage
657 1744 262 47 utilitaire
863 1744 112 47 ou
900 1744 150 47 qu’ils

131 1778 205 54 soient
274 1778 286 54 simplement
499 1778 327 54 héraldiques,
765 1778 184 54 comme
887 1778 123 54 le
928 1778 123 54 sont

135 1823 131 45 les
210 1823 168 45 croix
322 1823 112 45 de
379 1823 150 45 bois
472 1823 243 45 entaillé,
659 1823 225 45 plantées
828 1823 112 45 au
884 1823 150 45 bord
958 1823 94 45 des

135 1865 191 51 routes
269 1865 115 51 ou
326 1865 134 51 aux
403 1865 287 51 carrefours,
632 1865 115 51 ou
690 1865 134 51 les
766 1865 191 51 objets
881 1865 172 51 apotro-

135 1911 211 49 païques
288 1911 134 49 des
365 1911 249 49 bergeries
556 1911 115 49 de
614 1911 230 49 montagne
786 1911 134 49 qui
843 1911 211 49 éloignent

135 1952 143 44 les
216 1952 225 44 mauvais
380 1952 204 44 génies
522 1952 122 44 et
584 1952 225 44 amènent
747 1952 122 44 le
808 1952 184 44 calme
931 1952 122 44 et
971 1952 82 44 la

118 1989 122 57 paix.

190 2056 169 56 Ainsi
303 2056 113 56 le
360 2056 207 56 langage
510 2056 226 56 abstrait
680 2056 113 56 et
736 2056 169 56 celui
849 2056 113 56 du
887 2056 169 56 surréa-

138 2107 176 48 lisme
256 2107 235 48 viennent
432 2107 117 48 se
491 2107 176 48 mêler
608 2107 98 48 à
647 2107 117 48 la
706 2107 254 48 narration
882 2107 176 48 fantas-

137 2149 184 42 tique
259 2149 143 42 des
341 2149 246 42 artisans
526 2149 307 42 populaires.
771 2149 123 42 De
833 2149 184 42 même,
935 2149 123 42 chez

140 2190 234 53 Dimitrie
316 2190 273 53 Gavrilean,
531 2190 137 53 les
609 2190 234 53 coutumes
785 2190 117 53 du
843 2190 195 53 Nouvel
960 2190 98 53 An,
