1101 2361
808 79 267 78 SUISSE

200 470 254 70 Commissaire
403 470 186 70 général
539 470 85 70 :
573 470 254 70 François
776 470 102 70 de
810 470 203 70 Ziegler

202 518 232 65 Conseiller
385 518 199 65 Culturel
534 518 133 65 près
617 518 248 65 l’Ambassade
815 518 99 65 de
865 518 166 65 Suisse
964 518 50 65 à

193 581 115 41 Paris.

164 686 142 77 Sur
245 686 304 77 proposition
488 686 122 77 de
549 686 122 77 la
610 686 284 77 Commission
813 686 203 77 Fédérale

114 736 129 71 des
187 736 277 71 Beaux-Arts,
409 736 111 71 la
464 736 185 71 Suisse
593 736 240 71 participe
778 736 92 71 à
815 736 111 71 la
852 736 166 71 Sixième

116 782 241 66 Biennale
297 782 121 66 de
357 782 181 66 Paris
478 782 181 66 aussi
599 782 161 66 bien
699 782 161 66 avec
800 782 141 66 des
860 782 161 66 œuvres

118 824 274 66 collectives
337 824 201 66 qu’avec
483 824 128 66 des
556 824 201 66 travaux
684 824 256 66 individuels.

168 870 209 77 L’idée
314 870 125 77 du
377 870 230 77 travail
544 870 251 77 créateur
732 870 125 77 en
794 870 209 77 groupe
920 870 104 77 est

117 923 347 67 d’implantation
406 923 174 67 assez
522 923 212 67 récente
677 923 116 67 en
734 923 212 67 Suisse.
870 923 154 67 Depuis

118 964 231 72 quelques
291 964 193 72 années
426 964 270 72 toutefois,
638 964 116 72 la
696 964 174 72 jeune
793 964 231 72 génération

121 1005 236 65 manifeste
302 1005 127 65 une
375 1005 163 65 forte
484 1005 218 65 tendance
647 1005 91 65 à
683 1005 254 65 s’attacher
865 1005 163 65 collec-

119 1047 232 57 tivement
293 1047 97 57 à
331 1047 116 57 la
389 1047 232 57 solution
563 1047 116 57 de
621 1047 251 57 problèmes
795 1047 232 57 complexes.

123 1090 119 61 Il
183 1090 138 61 est
262 1090 356 61 compréhensible
558 1090 138 61 que
637 1090 178 61 cette
755 1090 237 61 tendance
913 1090 119 61 soit

122 1132 378 64 particulièrement
443 1132 208 64 marquée
594 1132 151 64 dans
689 1132 340 64 l’architecture
953 1132 76 64 et

125 1186 296 49 l’urbanisme.
365 1186 111 49 De
421 1186 185 49 jeunes
550 1186 278 49 architectes
772 1186 111 49 et
809 1186 222 49 urbanistes

122 1218 116 60 se
180 1218 214 60 vouent,
335 1218 116 60 en
393 1218 330 60 collaboration
665 1218 155 60 avec
762 1218 136 60 des
820 1218 214 60 représen-

124 1268 160 53 tants
231 1268 214 53 d’autres
391 1268 285 53 professions,
623 1268 89 53 à
659 1268 303 53 d’importantes
890 1268 143 53 études

122 1301 128 59 de
186 1301 170 59 base
292 1301 128 59 et
356 1301 106 59 à
398 1301 277 59 d’urgents
611 1301 277 59 problèmes
803 1301 234 59 pratiques

125 1339 297 63 d’urbanisme,
367 1339 242 63 soulevant
553 1339 130 63 des
627 1339 242 63 questions
813 1339 112 63 de
850 1339 186 63 principe

127 1382 265 55 concernant
336 1382 114 55 la
392 1382 246 55 structure
582 1382 114 55 de
639 1382 114 55 la
696 1382 209 55 société
828 1382 209 55 actuelle.

183 1428 107 76 Le
237 1428 178 76 projet
361 1428 107 76 de
414 1428 160 76 ville
521 1428 213 76 spatiale
681 1428 196 76 d’Erwin
806 1428 231 76 Mtihlestein

128 1479 130 65 est
203 1479 130 65 une
277 1479 168 65 œuvre
389 1479 317 65 individuelle;
650 1479 149 65 elle
743 1479 149 65 n’en
836 1479 186 65 repose
948 1479 93 65 pas

128 1523 195 53 moins
258 1523 152 53 sur
345 1523 152 53 des
432 1523 195 53 idées
562 1523 325 53 développées
822 1523 130 53 en
866 1523 173 53 commun

129 1561 159 58 dans
228 1561 139 58 les
308 1561 198 58 années
447 1561 258 58 1965-1968
645 1561 119 58 et
705 1561 139 58 qui
784 1561 139 58 ont
863 1561 198 58 abouti
982 1561 60 58 à

133 1604 114 55 un
190 1604 190 55 projet
323 1604 114 55 de
379 1604 265 55 rénovation
588 1604 190 55 totale
721 1604 152 55 d’un
816 1604 227 55 quartier
967 1604 76 55 de

133 1649 205 51 Zurich.
282 1649 130 51 Les
357 1649 205 51 projets
505 1649 112 51 de
561 1649 260 51 Mühlestein
766 1649 149 51 sont
859 1649 167 51 basés
952 1649 93 51 sur

133 1691 133 51 des
209 1691 228 51 éléments
380 1691 114 51 de
437 1691 304 51 construction
685 1691 323 51 préfabriqués,
932 1691 114 51 per-

135 1731 218 51 mettant
294 1731 119 51 de
353 1731 277 51 construire
571 1731 139 51 des
650 1731 198 51 villes
789 1731 277 51 homogènes.
987 1731 59 51 A

138 1783 114 40 la
195 1783 151 40 base
290 1783 114 40 du
346 1783 189 40 projet
479 1783 208 40 exposé,
630 1783 114 40 il
687 1783 95 40 y
725 1783 95 40 a
763 1783 133 40 des
820 1783 227 40 icosaèdres

137 1817 241 49 réguliers
323 1817 260 49 n’exigeant
527 1817 130 49 pas
602 1817 111 49 de
657 1817 241 49 structure
824 1817 223 49 supplémen-

138 1861 179 46 taire.
263 1861 125 46 Ils
335 1861 143 46 sont
424 1861 179 46 fermés
549 1861 143 46 pour
638 1861 179 46 servir
763 1861 107 46 de
817 1861 179 46 locaux
924 1861 125 46 habi-

137 1898 186 50 tables
267 1898 111 50 et
323 1898 241 50 grillagés
509 1898 167 50 parce
620 1898 186 50 qu’ils
750 1898 149 50 sont
843 1898 223 50 destinés
991 1898 56 50 à

142 1945 112 55 un
198 1945 168 55 usage
291 1945 168 55 public.

195 2003 117 46 Le
253 2003 194 46 projet
389 2003 117 46 de
447 2003 175 46 musée
564 2003 117 46 du
622 2003 253 46 lucernois
817 2003 156 46 Aldo
894 2003 156 46 Henng-

143 2037 161 56 geler
250 2037 125 56 est
322 2037 107 56 le
375 2037 143 56 type
464 2037 143 56 même
553 2037 143 56 d’un
643 2037 196 56 travail
785 2037 250 56 collectif.
964 2037 89 56 Cet

143 2086 249 45 architecte
339 2086 89 45 a
375 2086 214 45 présenté
535 2086 125 45 ces
606 2086 214 45 derniers
766 2086 160 45 temps
855 2086 196 45 plusieurs

144 2121 193 46 études
279 2121 135 46 sur
356 2121 135 46 des
434 2121 213 46 espaces
588 2121 213 46 urbains
743 2121 116 46 et
801 2121 135 46 des
859 2121 193 46 systèmes

145 2170 109 46 de
199 2170 291 46 construction
436 2170 273 46 rationnels.
654 2170 109 46 Le
709 2170 182 46 projet
836 2170 182 46 exposé
945 2170 109 46 part

145 2208 121 47 de
205 2208 202 47 l’idée
347 2208 364 47 qu’aujourd’hui
650 2208 121 47 un
711 2208 202 47 musée,
852 2208 162 47 s’il
933 2208 121 47 doit

960 2288 97 55 117
