1062 2361
-0 85 170 64 INDE

174 464 257 54 Commissaire
380 464 189 54 général
517 464 86 54 :
551 464 154 54 E.
654 464 189 54 Pouchpa
774 464 154 54 Das

175 520 161 51 Attaché
292 520 176 51 Culturel
424 520 117 51 près
497 520 220 51 l’Ambassade
673 520 88 51 de
717 520 146 51 l’Inde
819 520 73 51 à
834 520 117 51 Paris.

134 651 124 58 Les
205 651 178 58 jeunes
330 651 213 58 artistes
489 651 107 58 de
543 651 178 58 l’Inde
667 651 142 58 sont
738 651 213 58 maintenant

76 698 109 51 en
130 698 182 51 mesure
258 698 109 51 de
313 698 164 51 faire
422 698 182 51 preuve
550 698 91 51 à
586 698 109 51 la
641 698 146 51 fois
714 698 237 51 d’assurance

73 738 117 54 et
132 738 371 54 d’indépendance.
444 738 117 54 On
503 738 156 54 voit
601 738 156 54 dans
698 738 176 54 leurs
796 738 156 54 œuvres

75 785 130 46 que
150 785 167 46 l’art
261 785 130 46 est
336 785 149 46 pour
429 785 130 46 eux
503 785 112 46 et
559 785 167 46 avant
670 785 167 46 tout,
782 785 112 46 un
819 785 130 46 moyen

75 822 286 50 d’expression
308 822 268 50 individuel.
523 822 197 50 Certes,
666 822 125 50 ils
719 822 233 50 recherchent

75 862 215 52 beaucoup
236 862 304 52 l’originalité
486 862 143 52 mais
576 862 107 52 en
629 862 197 52 évitant
772 862 125 52 les
826 862 125 52 arti-

74 901 179 57 fices.
199 901 125 57 Ils
271 901 233 57 utilisent
450 901 107 57 au
504 901 233 57 contraire
683 901 125 57 les
754 901 179 57 moyens
862 901 89 57 les

75 945 146 49 plus
166 945 256 49 classiques
367 945 146 49 mais
459 945 164 49 d’une
568 945 201 49 manière
714 945 146 49 très
788 945 164 49 person-

76 991 186 47 nelle.
207 991 149 47 S’il
300 991 130 47 est
374 991 242 47 difficile
561 991 112 47 de
617 991 186 47 parler
747 991 112 47 de
803 991 130 47 cet
859 991 93 47 art

76 1034 215 53 moderne,
237 1034 125 53 qui
309 1034 125 53 est
380 1034 143 53 très
470 1034 268 53 diversifié,
685 1034 107 53 je
738 1034 179 53 pense,
846 1034 107 53 tou-

74 1072 205 51 tefois,
224 1072 131 51 que
298 1072 149 51 l’on
391 1072 149 51 peut
485 1072 168 51 faire
597 1072 131 51 les
671 1072 242 51 remarques
839 1072 112 51 sui

55 1112 165 47 vantes.

129 1157 108 48 On
183 1157 215 48 constate
344 1157 197 48 d’abord
488 1157 287 48 l’apparition
721 1157 143 48 d’un
793 1157 161 48 élément

75 1206 215 46 nouveau,
236 1206 161 46 celui
344 1206 107 46 de
397 1206 233 46 l’espace,
576 1206 161 46 conçu
684 1206 107 46 de
719 1206 233 46 différentes

75 1242 233 47 manières.
254 1242 108 47 La
308 1242 161 47 toile
415 1242 125 47 est
487 1242 197 47 traitée
631 1242 161 47 comme
738 1242 125 47 une
792 1242 161 47 surface

73 1280 183 51 plane,
201 1280 147 51 mais
293 1280 128 51 les
366 1280 220 51 couleurs
531 1280 257 51 lumineuses
733 1280 128 51 lui
788 1280 165 51 donnent

72 1325 115 51 de
129 1325 115 51 la
187 1325 268 51 profondeur
397 1325 115 51 et
455 1325 153 51 font
550 1325 191 51 naître
684 1325 134 51 une
742 1325 210 51 ambiance.

73 1366 117 58 La
132 1366 215 58 palette
288 1366 117 58 se
347 1366 195 58 limite
484 1366 313 58 généralement
738 1366 98 58 à
758 1366 195 58 quelques

71 1413 234 41 couleurs,
251 1413 162 41 cette
359 1413 252 41 limitation
556 1413 162 41 étant
664 1413 198 41 typique
808 1413 108 41 du
844 1413 108 41 goût

69 1454 203 48 actuel.
216 1454 221 48 Certains
382 1454 221 48 tableaux
548 1454 147 48 sont
640 1454 129 48 des
713 1454 258 48 variations
898 1454 55 48 à

71 1493 131 41 une
146 1493 112 41 ou
202 1493 150 41 deux
296 1493 244 41 couleurs.
484 1493 112 41 La
540 1493 206 41 matière
690 1493 94 41 a
727 1493 150 41 pris
802 1493 150 41 égale-

70 1532 150 52 ment
164 1532 131 52 une
239 1532 188 52 valeur
371 1532 244 52 nouvelle,
559 1532 282 52 déterminant
784 1532 113 52 la
822 1532 131 52 trame

69 1576 141 54 même
158 1576 106 54 du
211 1576 194 54 tableau
352 1576 106 54 et
405 1576 194 54 faisant
546 1576 247 54 apparaître
740 1576 124 54 des
793 1576 159 54 lignes,

69 1617 129 54 des
142 1617 203 54 reliefs
290 1617 111 54 ou
345 1617 129 54 des
419 1617 184 54 creux.
548 1617 129 54 Ces
622 1617 295 54 compositions
843 1617 111 54 don-

68 1659 166 54 nent,
178 1659 147 54 dans
270 1659 276 54 l’ensemble,
491 1659 129 54 une
565 1659 258 54 impression
768 1659 111 54 de
805 1659 147 54 force,

66 1709 180 55 alliée
192 1709 90 55 à
228 1709 126 55 une
300 1709 252 55 simplicité
499 1709 144 55 très
571 1709 126 55 pure.

38 2286 80 41 70

663 2161 155 55 Jaya
740 2161 213 55 Appasamy,

649 2207 137 59 Lalit
740 2207 122 59 Kala
801 2207 153 59 Akademi.
