1062 2361
13 96 298 66 TUNISIE

167 229 146 60 Très
258 229 183 60 attiré
386 229 128 60 par
459 229 128 60 les
532 229 237 60 matériaux
715 229 164 60 bruts
806 229 201 60 naturels,

108 270 123 55 le
169 270 266 55 sculpteur
373 270 225 55 Marzouk
537 270 102 55 a
578 270 204 55 choisi
721 270 123 55 le
782 270 164 55 bois
864 270 143 55 comme

107 321 180 49 moyen
227 321 320 49 d’expression
487 321 120 49 et
547 321 280 49 instrument
766 321 180 49 idéal
886 321 120 49 de
926 321 80 49 sa

108 359 268 52 recherche.
319 359 96 52 A
357 359 192 52 partir
491 359 115 52 du
548 359 172 52 corps
663 359 211 52 humain,
816 359 134 52 qui
874 359 134 52 cons-

108 403 153 50 titue
210 403 102 50 la
261 403 153 50 veine
362 403 102 50 de
413 403 119 50 son
481 403 271 50 inspiration,
702 403 102 50 il
753 403 136 50 veut
820 403 187 50 atteindre

104 449 123 48 au
166 449 287 48 monumental
392 449 144 48 par
474 449 123 48 un
535 449 349 48 dépouillement
802 449 205 48 constant

107 494 112 51 de
163 494 112 51 la
220 494 187 51 forme.
351 494 131 51 Ses
426 494 318 51 constructions
669 494 337 51 anthropomorphes,

105 536 140 41 aux
185 536 220 41 courbes
345 536 200 41 nettes
485 536 120 41 et
545 536 280 41 affirmées,
766 536 240 41 évoquent
926 536 80 41 la

107 576 165 43 force
217 576 110 43 et
272 576 110 43 la
327 576 239 43 souplesse
511 576 110 43 de
566 576 110 43 la
621 576 221 43 paysanne
768 576 239 43 tunisienne.

770 656 170 62 Zubeir
872 656 136 62 Turki.

425 1671 254 63 PEINTURE

156 1764 177 50 Nejib
289 1764 266 50 BELKHODJA
510 1764 89 50 né
555 1764 89 50 en
599 1764 118 50 1934
673 1764 74 50 à
702 1764 133 50 Tunis
776 1764 177 50 (Tunisie).

126 1807 158 45 1
244 1807 223 45 Perspectives,
428 1807 105 45 1968
493 1807 171 45 (collage,
625 1807 92 45 180
677 1807 66 45 x
690 1807 79 45 80).

124 1849 161 42 2
244 1849 134 42 Retour
338 1849 94 42 sur
392 1849 107 42 soi,
459 1849 107 42 1968
526 1849 174 42 (collage,
660 1849 94 42 160
713 1849 67 42 x
727 1849 80 42 90).

125 1885 154 43 3
241 1885 167 43 Réplique,
370 1885 103 43 1969
434 1885 167 43 (collage,
563 1885 77 43 80
601 1885 64 43 x
614 1885 90 43 180).

407 2006 292 64 SCULPTURE

157 2109 199 45 Hechmi
310 2109 245 45 MARZOUK
509 2109 92 45 né
555 2109 92 45 en
601 2109 123 45 1940
678 2109 77 45 à
708 2109 153 45 Mahres
800 2109 184 45 (Tunisie).

124 2147 162 51 4
246 2147 81 51 La
287 2147 108 51 mère
354 2147 81 51 et
395 2147 176 51 l’enfant,
530 2147 108 51 1969
598 2147 135 51 (bois,
692 2147 81 51 60
733 2147 68 51 x
760 2147 81 51 50
800 2147 68 51 x
814 2147 81 51 30).

126 2185 159 38 5
245 2185 80 38 Un
285 2185 146 38 couple,
391 2185 106 38 1969
458 2185 133 38 (bois,
551 2185 80 38 60
591 2185 66 38 x
617 2185 80 38 30
657 2185 66 38 x
670 2185 80 38 20).

125 2219 154 47 6
241 2219 77 47 La
279 2219 167 47 victoire,
407 2219 103 47 1969
471 2219 128 47 (bois,
561 2219 77 47 70
599 2219 64 47 x
625 2219 77 47 35
663 2219 64 47 x
676 2219 77 47 30).

83 2296 97 57 126
