1066 2361
361 51 614 85 GRANDE

49 184 206 94 Brener,
199 184 187 94 faites
330 184 112 94 de
386 184 187 94 simple
517 184 169 94 métal
630 184 243 94 tubulaire
798 184 150 94 peint,

48 228 221 92 forment
209 228 141 92 des
289 228 281 92 structures
510 228 241 92 ouvertes
691 228 141 92 qui
751 228 201 92 reposent

48 276 315 91 directement
300 276 147 91 sur
384 276 126 91 le
447 276 147 91 sol
532 276 126 91 et
595 276 294 91 augmentent
805 276 147 91 notre

54 310 253 88 conscience
252 310 108 88 de
307 310 253 88 l’étendue.
505 310 144 88 Leur
595 310 198 88 taille,
740 310 144 88 tout
830 310 90 88 à
848 310 108 88 fait

52 355 216 91 normale
209 355 137 91 par
288 355 216 91 rapport
445 355 137 91 aux
523 355 294 91 proportions
739 355 216 91 humaines,

54 396 168 87 n’en
159 396 168 87 rend
264 396 147 87 que
348 396 168 87 plus
453 396 273 87 paradoxal
662 396 126 87 le
725 396 189 87 refus
830 396 126 87 d’un

56 439 211 86 espace,
209 439 134 86 que
286 439 173 86 leurs
401 439 192 86 lignes
536 439 269 86 pourraient
747 439 211 86 définir
881 439 77 86 ou

58 486 262 83 impliquer.
264 486 131 83 Les
339 486 169 83 tubes
452 486 150 83 sont
546 486 169 83 pliés
658 486 150 83 pour
752 486 187 83 former
864 486 94 83 des

59 525 184 82 angles
187 525 258 82 juxtaposés
390 525 110 82 et
445 525 129 82 des
519 525 313 82 prolongements
776 525 110 82 de
813 525 147 82 gestes

60 564 124 80 qui
131 564 283 80 établissent,
361 564 106 80 en
414 564 177 80 termes
538 564 248 80 abstraits,
733 564 106 80 un
768 564 195 80 parallèle

60 606 161 87 avec
161 606 141 87 les
241 606 282 87 sensations
463 606 262 87 physiques
664 606 262 87 humaines.
845 606 121 87 Sans

62 651 193 74 cesse,
197 651 116 74 en
255 651 251 74 regardant
447 651 193 74 chaque
582 651 270 74 sculpture,
794 651 135 74 les
852 651 116 74 yeux

62 690 151 84 sont
156 690 207 84 attirés
307 690 151 84 vers
401 690 132 84 les
476 690 188 84 points
608 690 339 84 d’intersection
872 690 94 84 qui

65 738 148 75 sont
157 738 166 75 réels
267 738 111 75 ou
323 738 240 75 optiques.
507 738 203 75 L’effet
655 738 258 75 réciproque
839 738 129 75 entre

65 786 132 72 ces
141 786 151 72 deux
235 786 170 72 types
349 786 340 72 d’intersection
633 786 227 72 provient
803 786 113 72 du
841 786 132 72 chan-

66 825 189 73 gement
198 825 132 73 des
274 825 208 73 centres
425 825 113 73 de
482 825 340 73 concentration.
765 825 132 73 Ses
822 825 151 73 sculp-

69 869 163 66 tures
177 869 253 66 actuelles,
376 869 235 66 statiques
557 869 108 66 et
611 869 127 66 qui
684 869 108 66 ne
738 869 217 66 semblent
883 869 90 66 pas

68 909 193 63 faites
203 909 155 63 pour
300 909 155 63 être
396 909 251 63 touchées,
589 909 213 63 donnent
744 909 135 63 une
802 909 174 63 impres-

70 944 151 76 sion
165 944 113 76 de
221 944 265 76 mouvement,
429 944 113 76 de
486 944 208 76 vigueur
637 944 113 76 et
694 944 170 76 leurs
788 944 189 76 éléments

73 985 145 76 sont
163 985 217 76 déployés
326 985 108 76 de
380 985 163 76 telle
489 985 163 76 façon
597 985 181 76 qu’ils
724 985 217 76 invitent
887 985 90 76 à
905 985 72 76 la

59 1050 264 58 manipulation.

126 1079 119 67 Le
186 1079 218 67 travail
344 1079 119 67 de
404 1079 159 67 Mark
503 1079 258 67 Lancaster
701 1079 278 67 s’articule
900 1079 79 67 en

75 1113 323 77 arrangements
337 1113 222 77 formels
499 1113 161 77 bien
600 1113 242 77 définis.
781 1113 141 77 Son
842 1113 141 77 souci

80 1154 109 72 de
134 1154 109 72 la
189 1154 218 72 symétrie
352 1154 109 72 et
406 1154 109 72 la
461 1154 254 72 répétition
660 1154 109 72 de
715 1154 181 72 formes
824 1154 163 72 élémen-

79 1199 185 67 taires
209 1199 222 67 espacées
376 1199 111 67 de
431 1199 167 67 façon
543 1199 259 67 régulière,
746 1199 167 67 ainsi
857 1199 130 67 que
913 1199 74 67 le

83 1244 189 62 charme
215 1244 113 62 et
272 1244 113 62 la
329 1244 265 62 luxuriance
537 1244 113 62 de
593 1244 132 62 ses
669 1244 246 62 couleurs,
839 1244 151 62 démon-

81 1283 246 69 treraient
271 1283 246 69 presqu’un
460 1283 209 69 intérêt
612 1283 152 69 pour
707 1283 114 69 la
764 1283 227 69 banalité
915 1283 76 69 et

85 1331 270 60 l’élégance
297 1331 116 60 de
355 1331 116 60 la
413 1331 270 60 «promotion
625 1331 116 60 du
683 1331 212 60 produit
838 1331 97 60 »
857 1331 135 60 Pour-

86 1368 166 66 tant,
196 1368 129 66 son
270 1368 259 66 exactitude
474 1368 111 66 et
529 1368 111 66 la
584 1368 240 66 précision
769 1368 222 66 délicate
917 1368 74 66 de

88 1412 124 62 ses
159 1412 195 62 lignes,
301 1412 213 62 révèlent
461 1412 124 62 une
532 1412 195 62 volonté
674 1412 266 62 d’accroître
869 1412 124 62 notre

88 1451 251 69 sensation
281 1451 116 69 de
339 1451 116 69 la
397 1451 213 69 gravure
552 1451 116 69 en
609 1451 155 69 tant
706 1451 251 69 qu’objet.
880 1451 116 69 Pour

88 1494 204 69 obtenir
237 1494 111 69 ce
292 1494 241 69 résultat,
478 1494 111 69 il
533 1494 167 69 coupe
645 1494 111 69 au
700 1494 185 69 hasard
830 1494 130 69 une
886 1494 111 69 suc-

89 1529 222 72 cession
250 1529 121 72 de
311 1529 202 72 formes
452 1529 141 72 sur
532 1529 161 72 deux
633 1529 202 72 bords,
774 1529 121 72 ou
835 1529 161 72 bien
915 1529 81 72 il

91 1585 163 62 garde
200 1585 109 62 la
254 1585 236 62 structure
436 1585 109 62 du
490 1585 182 62 papier
618 1585 236 62 quadrillé
799 1585 145 62 pour
872 1585 127 62 créer

90 1621 148 64 des
175 1621 212 64 effets
323 1621 424 64 contradictoires.
683 1621 191 64 Comme
810 1621 170 64 dans
895 1621 106 64 les

93 1662 193 58 œuvres
228 1662 116 58 de
286 1662 193 58 Walker
421 1662 116 58 et
479 1662 116 58 de
537 1662 213 58 Brener,
692 1662 290 58 l’attention
904 1662 97 58 est

94 1704 372 61 inévitablement
404 1704 227 61 attirée
570 1704 165 61 vers
673 1704 145 61 les
735 1704 269 61 composantes

97 1749 189 56 saisies
235 1749 138 56 dans
321 1749 138 56 leur
407 1749 172 56 détail
527 1749 103 56 et
579 1749 138 56 leur
648 1749 241 56 matérialité.

666 2172 228 65 Richard
811 2172 207 65 Morphet.

941 2265 82 49 63
