1101 2361
762 70 340 69 PAYS

211 449 241 70 Commissaire
404 449 177 70 général
532 449 80 70 :
565 449 209 70 P.l.M.
709 449 177 70 Vries

212 509 291 58 Conservateur
448 509 109 58 du
503 509 164 58 Musée
612 509 109 58 de
648 509 218 58 Groningue.

172 642 172 63 L’art
287 642 172 63 n’est
401 642 134 63 pas
478 642 134 63 une
554 642 172 63 cause
650 642 229 63 populaire.

173 685 111 69 La
228 685 166 69 route
339 685 148 69 pour
431 685 129 69 une
505 685 221 69 relation
671 685 203 69 fertile
819 685 166 69 entre
911 685 129 69 l’art

119 742 110 60 et
174 742 110 60 la
229 742 202 60 société
376 742 129 60 est
431 742 165 60 barrée.

173 781 276 64 Néanmoins,
390 781 118 64 la
450 781 276 64 génération
667 781 237 64 inspirée
825 781 217 64 d’aujour-

121 819 165 66 d’hui
231 819 165 66 lutte
341 819 147 66 pour
433 819 110 66 la
488 819 276 66 réalisation
709 819 165 66 d’une
819 819 202 66 culture
948 819 92 66 qui

120 866 113 63 se
177 866 283 63 manifestera
403 866 94 63 à
440 866 151 63 tous
534 866 132 63 les
610 866 207 63 niveaux
761 866 113 63 de
817 866 113 63 la
855 866 188 63 société.

176 917 158 59 Elle
275 917 197 59 refuse
413 917 138 59 une
492 917 217 59 culture
650 917 158 59 dans
748 917 237 59 laquelle
906 917 138 59 l’art

123 961 114 61 ne
180 961 229 61 signifie
352 961 171 61 qu’un
466 961 229 61 ornement
637 961 114 61 de
695 961 114 61 la
733 961 114 61 vie.

178 1005 173 60 Elle
287 1005 151 60 n’a
373 1005 151 60 pas
460 1005 216 60 besoin
611 1005 130 60 de
676 1005 260 60 caresser
849 1005 195 60 quelque

124 1060 248 63 sentiment
295 1060 172 63 exquis.

181 1098 153 62 Elle
277 1098 115 62 se
334 1098 153 62 rend
430 1098 192 62 compte
564 1098 173 62 qu’il
680 1098 192 62 s’agit
814 1098 153 62 d’un
891 1098 153 62 emploi

128 1146 162 53 utile
236 1146 108 53 de
290 1146 162 53 l’art
398 1146 108 53 au
452 1146 180 53 profit
578 1146 108 53 de
632 1146 180 53 toutes
758 1146 180 53 sortes
884 1146 108 53 de
920 1146 126 53 gens.

179 1199 148 48 Par
264 1199 148 48 ses
348 1199 318 48 recherches,
603 1199 148 48 ses
688 1199 339 48 expériences,
942 1199 106 48 ses

128 1242 209 48 efforts,
284 1242 226 48 l’artiste
458 1242 191 48 cherche
597 1242 87 48 à
632 1242 174 48 percer
753 1242 104 48 la
806 1242 191 48 clôture
927 1242 122 48 d’in-

125 1284 255 53 différence
325 1284 109 53 et
362 1284 255 53 d’ignorance.

183 1325 129 56 Son
256 1325 166 56 œuvre
367 1325 129 56 est
441 1325 111 56 la
496 1325 332 56 représentation
772 1325 166 56 d’une
865 1325 184 56 attitude

110 1376 191 55 mentale.

185 1419 126 53 Sur
257 1419 108 53 la
311 1419 145 53 base
402 1419 108 53 de
456 1419 163 53 cette
564 1419 235 53 attitude,
745 1419 126 53 qui
817 1419 108 53 se
853 1419 199 53 manifeste

128 1469 157 42 dans
227 1469 157 42 tous
325 1469 137 42 les
403 1469 236 42 domaines
580 1469 118 42 de
639 1469 196 42 l’art,
776 1469 118 42 la
815 1469 236 42 commission

128 1505 101 52 a
168 1505 302 52 sélectionné
410 1505 141 52 les
490 1505 201 52 œuvres
631 1505 141 52 qui
712 1505 322 52 représentent
953 1505 101 52 les

129 1547 194 55 jeunes
264 1547 233 55 artistes
439 1547 136 55 des
497 1547 214 55 Pays

187 1593 135 55 Par
264 1593 174 55 cette
380 1593 270 55 sélection,
592 1593 135 55 qui
669 1593 232 55 témoigne
843 1593 116 55 du
901 1593 154 55 sens
978 1593 77 55 de

135 1634 110 57 la
190 1634 202 57 liberté
337 1634 110 57 et
392 1634 110 57 de
448 1634 110 57 la
503 1634 239 57 franchise
687 1634 184 57 propre
816 1634 92 57 à
853 1634 110 57 la
889 1634 166 57 faculté

132 1676 281 61 créatrice,
353 1676 121 61 la
413 1676 281 61 commission
634 1676 100 61 a
674 1676 181 61 voulu
795 1676 281 61 contribuer
996 1676 60 61 à

136 1724 108 61 la
190 1724 341 61 démocratisation
477 1724 108 61 de
513 1724 144 61 l’art.

723 1753 144 59 Ad.
785 1753 206 59 Dekkers,

728 1801 128 54 G.J
801 1801 110 54 A.
856 1801 128 54 ten
911 1801 147 54 Holte,

726 1846 157 60 W.A.
824 1846 137 60 van
883 1846 137 60 Stek,

733 1888 131 55 P.l.
815 1888 99 55 M.
848 1888 131 55 Vries.

451 2020 254 67 PEINTURE

189 2112 267 47 BOEZEM
412 2112 89 47 né
456 2112 89 47 en
501 2112 119 47 1934
575 2112 74 47 à
604 2112 163 47 Leerdam
708 2112 193 47 (Pays

159 2163 164 44 1
283 2163 137 44 Projet
378 2163 137 44 aérien
474 2163 110 44 dans
543 2163 82 44 le
584 2163 110 44 ciel
652 2163 219 44 d’Amsterdam,
830 2163 110 44 1969
885 2163 178 44 (triptyque,

186 2196 116 44 200
253 2196 83 44 x
269 2196 116 44 600).

985 2270 80 50 97
