1062 2361
-5 72 414 63 ETATS

90 204 334 69 tronique
374 204 117 69 qui
441 204 117 69 est
508 204 100 69 un
558 204 284 69 environnement
775 204 184 69 d’échange

90 251 308 55 d’information
344 251 109 55 de
398 251 181 55 grande
525 251 218 55 énergie.
688 251 91 55 A
724 251 109 55 sa
761 251 199 55 dimension

89 296 200 51 exacte,
234 296 345 51 l’environnement
524 296 181 51 pourra
651 296 200 51 changer
797 296 145 51 tous
869 296 91 51 les

90 334 181 54 jours,
217 334 181 54 toutes
343 334 127 54 les
416 334 199 54 heures,
561 334 181 54 toutes
687 334 127 54 les
742 334 217 54 minutesele

90 371 200 64 utilise
235 371 127 64 des
308 371 290 64 applications
544 371 109 64 de
598 371 181 64 moyens
707 371 254 64 d’expression

89 424 204 49 avancés
238 424 93 49 :
275 424 93 49 «
312 424 130 49 des
386 424 278 49 projections
609 424 334 49 holographiques
869 424 93 49 ani

90 465 148 46 mées
183 465 185 46 créent
313 465 130 46 une
387 465 223 46 infinité
554 465 241 46 d’options
739 465 241 46 relatives
906 465 56 46 à

91 501 363 55 l’environnement,
400 501 254 55 permettant
600 501 109 55 de
654 501 218 55 réaliser
818 501 109 55 un
854 501 109 55 cade

88 553 195 47 passé,
224 553 214 47 présent
379 553 117 47 ou
438 553 175 47 futur
554 553 136 47 par
632 553 136 47 des
710 553 214 47 voyages
846 553 117 47 tem-

91 592 174 46 porels
212 592 191 46 simulés
352 592 104 46 ».
404 592 122 46 Une
474 592 226 46 sélection
648 592 104 46 de
700 592 191 46 climats
822 592 139 46 créera

86 635 140 55 des
166 635 359 55 environnements
465 635 239 55 évoquant
645 635 140 55 les
705 635 259 55 différentes

68 670 185 49 saisons.

151 735 317 61 Envirola,
422 735 181 61 installé
558 735 75 61 à
588 735 106 61 Los
648 735 166 61 Angeles
754 735 211 61 (Californie)

86 787 131 44 est
161 787 112 44 un
217 787 280 44 laboratoire
442 787 112 44 de
498 787 262 44 conception
703 787 112 44 de
741 787 224 44 l’envirors

86 827 205 54 nement
229 827 205 54 dirigé
372 827 143 54 par
454 827 184 54 Chris
577 827 225 54 Dawson,
741 827 184 54 Denny
843 827 123 54 Lord

87 868 146 48 Alan
178 868 201 48 Stanton
325 868 110 48 et
379 868 165 48 David
489 868 201 48 Garcia.
636 868 110 48 Il
691 868 91 48 a
727 868 146 48 pour
819 868 128 48 but
874 868 91 48 «de

87 915 155 44 créer
190 915 121 44 des
259 915 241 44 situations
449 915 328 44 expérimentales,
725 915 138 44 dans
794 915 172 44 l’inten-

87 954 141 46 tion
175 954 106 46 de
228 954 176 46 mettre
351 954 106 46 au
404 954 158 46 point
510 954 123 46 une
580 954 158 46 gamme
668 954 299 46 d’installations

87 997 281 45 susceptibles
316 997 176 45 d’être
439 997 228 45 utilisées
615 997 141 45 pour
702 997 211 45 composer
843 997 123 45 diver

85 1039 129 41 ses
158 1039 258 41 conditions
361 1039 110 41 de
416 1039 368 41 l’environnement,
729 1039 110 41 en
766 1039 202 41 employant

85 1076 134 46 des
161 1076 230 46 systèmes
334 1076 326 46 électroniques
602 1076 115 46 et
640 1076 326 46 audio

90 1117 114 49 Les
155 1117 179 49 projets
285 1117 228 49 précédents
464 1117 358 49 d’Envirola
757 1117 211 49 comprennent

88 1162 102 43 un
139 1162 338 43 Environnement
427 1162 254 43 réactif
630 1162 237 43 comportant
816 1162 118 43 une
866 1162 102 43 sére

84 1203 275 48 d’éléments
301 1203 256 48 spatiaux,
497 1203 275 48 d’éléments
713 1203 197 48 enclos
851 1203 118 48 et
890 1203 79 48 de

85 1248 204 45 systèmes
238 1248 102 45 de
289 1248 306 45 communication,
544 1248 153 45 ainsi
646 1248 153 45 qu’un
731 1248 238 45 Elec

85 1289 295 41 tromaze
334 1289 202 41 structure
489 1289 78 41 à
520 1289 186 41 cellules
660 1289 310 41 photoélectriques
908 1289 62 41 et

84 1329 266 43 dispositifs
297 1329 213 43 lumineux
456 1329 106 43 et
509 1329 195 43 sonores
651 1329 195 43 équipés
793 1329 106 43 de
828 1329 142 43 patins

84 1375 250 47 presseurs
276 1375 270 47 incorporés
488 1375 116 47 au
546 1375 250 47 plancher.
739 1375 212 47 Lorsque
874 1375 96 47 les

84 1418 222 44 visiteurs
255 1418 222 44 circulent
425 1418 136 44 dans
510 1418 102 44 le
562 1418 256 44 labyrinthe,
766 1418 119 44 ils
817 1418 154 44 déclen-

80 1457 198 48 chent,
219 1457 317 48 consciemment
476 1457 119 48 ou
536 1457 158 48 non,
634 1457 119 48 le
694 1457 218 48 système
832 1457 139 48 lumi-

86 1498 129 37 neux
166 1498 97 37 et
215 1498 177 37 sonore.
344 1498 322 37 Envirola
618 1498 226 37 présentera
795 1498 81 37 à
827 1498 97 37 la
859 1498 113 37 Bien-

85 1541 125 40 nale
163 1541 389 40 Elektradermis
506 1541 187 40 enceinte
646 1541 171 40 gonflée
771 1541 187 40 soutenue
895 1541 78 40 par

80 1582 139 41 une
159 1582 158 41 base
258 1582 257 41 contenant
456 1582 119 41 de
516 1582 317 41 l’équipement
753 1582 218 41 mécanique

79 1623 119 42 et
139 1623 337 42 électronique.
416 1623 119 42 Le
476 1623 278 42 revêtement
694 1623 119 42 de
734 1623 238 42 l’enceinte

76 1668 275 44 comprend
283 1668 161 44 des
374 1668 321 44 mécanismes
627 1668 138 44 de
673 1668 298 44 commutation

79 1707 242 46 miniature
266 1707 280 46 déclenchant
489 1707 130 46 son
564 1707 112 46 et
620 1707 224 46 lumière.
788 1707 93 46 A
806 1707 168 46 l’inté-

79 1748 183 48 rieur
201 1748 122 48 de
262 1748 285 48 l’enceinte
486 1748 122 48 se
547 1748 203 48 trouve
689 1748 122 48 un
750 1748 224 48 système
893 1748 81 48 de

76 1790 191 45 formes
210 1790 267 45 gonflables
419 1790 210 45 reliées
572 1790 134 45 les
649 1790 153 45 unes
744 1790 134 45 aux
801 1790 172 45 autres,

79 1834 237 44 utilisées
261 1834 164 44 comme
371 1834 219 44 surfaces
535 1834 110 44 de
590 1834 256 44 projection
772 1834 201 44 visuelle,

78 1873 143 46 Des
159 1873 204 46 images
302 1873 163 46 sont
404 1873 265 46 projetées
607 1873 143 46 par
689 1873 122 46 un
750 1873 224 46 système
893 1873 81 46 de

77 1915 239 53 diviseurs
260 1915 110 53 de
315 1915 202 53 rayons,
462 1915 110 53 de
517 1915 257 53 lentilles,
719 1915 110 53 de
774 1915 202 53 miroirs
903 1915 73 53 et

78 1964 203 45 d’écrans
230 1964 237 45 polarisés,
416 1964 118 45 sur
484 1964 118 45 les
551 1964 135 45 deux
636 1964 152 45 côtés
737 1964 101 45 de
771 1964 203 45 l’enceinte

77 2002 252 42 extérieure
275 2002 108 42 et
329 2002 126 42 sur
401 2002 126 42 les
473 2002 180 42 formes
599 2002 234 42 internes.
779 2002 108 42 Le
833 2002 126 42 son
887 2002 90 42 est

74 2040 215 45 diffusé
231 2040 137 45 par
309 2040 137 45 des
387 2040 352 45 hauts-parleurs
681 2040 254 45 installés
857 2040 117 45 dans

79 2083 273 61 l’épaisseur
297 2083 109 61 de
351 2083 109 61 la
388 2083 145 61 paroi.

134 2146 351 53 Zomeworks
433 2146 105 53 de
485 2146 210 53 Corrales
625 2146 351 53 (Nouveau

74 2201 96 54 a
112 2201 135 54 été
189 2201 173 54 formé
304 2201 135 54 par
381 2201 250 54 plusieurs
573 2201 192 54 jeunes
708 2201 154 54 gens
785 2201 192 54 travail

48 2286 84 46 58
