1101 2361
819 59 231 66 FRANCE

164 185 105 75 Le
217 185 158 75 trait
322 185 210 75 dominant
480 185 105 75 du
532 185 175 75 projet
655 185 123 75 est
725 185 123 75 son
795 185 175 75 aspect
900 185 123 75 méta-

164 228 202 73 bolique,
316 228 152 73 c’est
417 228 101 73 un
468 228 152 73 essai
569 228 101 73 de
619 228 202 73 synthèse
771 228 101 73 de
805 228 219 73 différentes

167 278 208 53 recherches
316 278 267 53 structuralistes.

167 295 93 76 La
214 295 171 76 cellule
338 295 171 76 urbaine
463 295 171 76 (module
587 295 93 76 de
634 295 202 76 formation
789 295 93 76 de
836 295 93 76 la
867 295 155 76 texture)

167 341 195 60 contient
313 341 227 60 l’habitat,
491 341 259 60 l’équipement
702 341 97 60 et
750 341 211 60 certaines
896 341 130 60 formes

169 389 212 49 d’activités
324 389 156 49 sociales.

169 408 97 70 La
217 408 243 70 technologie
412 408 114 70 des
477 408 195 70 matières
623 408 227 70 plastiques
802 408 130 70 rend
867 408 162 70 possible

169 445 228 64 l’édition
345 445 105 64 de
397 445 193 64 grandes
538 445 175 64 séries
661 445 246 64 d’éléments
854 445 175 64 légers
959 445 70 64 de

170 479 266 68 construction.
389 479 125 68 Cela
467 479 203 68 permettra
624 479 78 68 à
655 479 344 68 l’habitant-usager,
936 479 94 68 aidé

171 511 111 71 par
235 511 96 71 le
283 511 414 71 programmateur-designer
649 511 175 71 (ancien
776 511 255 71 architecte),
967 511 64 71 de

172 557 140 56 tenir
266 557 93 56 un
313 557 125 56 rôle
390 557 140 56 actif
484 557 125 56 dans
562 557 93 56 le
608 557 78 56 «
639 557 109 56 jeu
702 557 93 56 de
733 557 249 56 construction».

170 597 149 56 Après
270 597 100 56 la
320 597 233 56 révolution
503 597 233 56 culturelle
685 597 116 56 des
752 597 166 56 livres
868 597 100 56 de
901 597 133 56 poche,

177 639 88 47 il
221 639 118 47 faut
295 639 132 47 faire
383 639 132 47 celle
471 639 88 47 de
501 639 176 47 l’habitat.

158 698 236 55 Responsable:

174 723 195 67 Simon
320 723 244 67 KOSZEL
515 723 98 67 né
564 723 98 67 en
613 723 130 67 1939
694 723 81 67 à
727 723 179 67 Wielkie
841 723 195 67 (Pologne).

160 783 195 47 Architecte.

177 804 240 73 Gilberte
369 804 240 73 WITTIG
561 804 112 73 née
624 804 96 73 en
672 804 128 73 1938
752 804 80 73 à
784 804 144 73 Rodez
864 804 176 73 (France).

164 873 197 53 Paysagiste.

179 904 157 68 Eva
289 904 266 68 ZARZYCKA
508 904 110 68 née
571 904 94 68 en
618 904 125 68 1946
696 904 78 68 à
728 904 188 68 Varsovie
853 904 188 68 (Pologne).

164 966 202 53 Sociologue.

181 996 253 69 Christiane
389 996 253 69 ZINGRAFF
597 996 104 69 née
657 996 89 69 en
701 996 119 69 1940
776 996 74 69 à
805 996 134 69 Paris
880 996 163 69 (France).

168 1060 200 51 Décorateur.

141 1146 133 65 61
230 1146 119 65 VERS
304 1146 89 65 UN
349 1146 222 65 PAYSAGE
527 1146 252 65 (présentation
719 1146 267 65 stéréoscopique).

186 1198 295 64 L’humanisation
431 1198 98 64 du
480 1198 180 64 paysage
611 1198 311 64 essentiellement
873 1198 180 64 minéral
988 1198 65 64 de

188 1240 100 60 la
238 1240 150 60 ville
338 1240 183 60 résulte
471 1240 100 60 de
521 1240 100 60 la
571 1240 133 60 mise
654 1240 100 60 en
704 1240 216 60 résonance
871 1240 100 60 de
904 1240 150 60 l’homme

190 1293 91 41 et
235 1293 106 41 des
296 1293 151 41 objets
387 1293 166 41 servants.

191 1307 186 62 Prenant
327 1307 136 62 pour
411 1307 203 62 prétexte
564 1307 102 62 un
615 1307 169 62 marché
733 1307 237 62 temporaire
903 1307 152 62 inscrit

192 1349 136 54 dans
277 1349 102 54 un
328 1349 153 54 cadre
429 1349 170 54 urbain
548 1349 220 54 remodelé,
718 1349 136 54 nous
803 1349 237 54 présentons
972 1349 85 54 une

193 1384 216 52 recherche
359 1384 182 52 portant
492 1384 116 52 sur
558 1384 265 52 l’équipement
774 1384 166 52 urbain
890 1384 100 52 et
940 1384 116 52 sur
990 1384 66 52 sa

194 1414 228 56 perception
373 1414 195 56 visuelle
519 1414 114 56 par
584 1414 114 56 les
649 1414 195 56 usagers;
796 1414 179 56 paysage
926 1414 98 56 en
958 1414 98 56 soi,

195 1447 98 52 le
244 1447 163 52 marché
357 1447 114 52 que
423 1447 130 52 nous
504 1447 212 52 proposons
667 1447 195 52 accumule
813 1447 114 52 les
862 1447 195 52 épithètes:

195 1483 188 49 éphémère,
339 1483 173 49 pliable,
469 1483 173 49 sculpté,
598 1483 260 49 réfléchissant,
815 1483 216 49 utilitaire,
973 1483 87 49 sus-

194 1516 163 56 pendu,
308 1516 262 56 multicolore,
521 1516 180 56 rythmé,
651 1516 196 56 lavable,
798 1516 262 56 protecteur..
995 1516 65 56 Le

192 1555 191 49 paysage
331 1555 174 49 urbain
452 1555 156 49 n’est
556 1555 139 49 plus
643 1555 156 49 figé,
747 1555 208 49 l’arbre,
886 1555 174 49 stimulus

194 1588 278 49 publicitaire,
422 1588 131 49 plus
504 1588 294 49 indispensable,
749 1588 180 49 l’homme
880 1588 98 49 se
913 1588 147 49 déplace

193 1625 130 54 dans
274 1625 98 54 un
323 1625 179 54 paysage
437 1625 147 54 vivant.

197 1677 241 54 Responsable
374 1677 48 54 :

199 1713 209 54 Bernard
363 1713 209 54 CLUET
528 1713 90 54 né
572 1713 90 54 en
617 1713 119 54 1934
692 1713 75 54 à
722 1713 149 54 Senlis
826 1713 194 54 (France).
960 1713 105 54 Urba

185 1765 274 43 niste

205 1806 194 71 Enrique
358 1806 208 71 CIRIAN
524 1806 83 71 né
566 1806 83 71 en
608 1806 111 71 1936
677 1806 69 71 à
705 1806 111 71 Lima
774 1806 167 71 (Pérou).
885 1806 181 71 Architecte.

203 1860 208 52 Michel
363 1860 272 52 CORAJOUD
587 1860 96 52 né
635 1860 96 52 en
684 1860 128 52 1937
764 1860 80 52 à
796 1860 160 52 Annecy
892 1860 176 52 (France).

188 1907 201 51 Paysagiste.

161 2003 133 60 62
250 2003 163 60 VILLAGE
368 2003 89 60 DE
413 2003 237 60 VACANCES
591 2003 192 60 (maquette).

203 2071 233 38 Agencement
386 2071 233 38 d’éléments
570 2071 266 38 préfabriqués
786 2071 150 38 ayant
886 2071 133 38 deux
952 2071 117 38 fonc-

205 2102 134 50 tions
279 2102 208 50 différentes.

206 2139 261 40 Composition:
417 2139 98 40 un
466 2139 179 40 élément
597 2139 179 40 cellule
727 2139 212 40 (habitat)
890 2139 98 40 et
939 2139 98 40 un
971 2139 98 40 élé-

206 2184 125 38 ment
285 2184 251 38 circulation.
489 2184 110 38 Ces
551 2184 188 38 éléments
693 2184 220 38 permettent
865 2184 94 38 de
896 2184 173 38 multiples

977 2257 95 48 163
