1101 2361
799 52 276 76 FRANCE

148 185 196 72 Stocker
291 185 107 72 le
344 185 196 72 maximum
487 185 107 72 de
540 185 232 72 véhicules
718 185 142 72 dans
807 185 107 72 le
843 185 160 72 minimum

150 247 95 49 de
198 247 142 49 place
293 247 95 49 au
324 247 95 49 sol.

158 264 190 57 Véhicules
304 264 73 57 à
319 264 131 57 l'abri.

149 275 274 79 Construction
371 275 171 79 mobile
491 275 222 79 (occupant
662 275 120 79 des
730 275 205 79 terrains
867 275 137 79 libres

151 324 140 71 pour
238 324 105 71 le
290 324 192 71 moment,
430 324 140 71 mais
518 324 192 71 appelés
657 324 87 71 à
692 324 140 71 être
780 324 157 71 bâtis
885 324 122 71 par
937 324 70 71 la

152 398 221 55 Conserver
322 398 102 55 un
373 398 187 55 intérêt
509 398 221 55 plastique
679 398 85 55 à
696 398 221 55 l’ensemble.

153 418 123 77 Nos
224 418 245 77 recherches
416 418 140 77 nous
504 418 123 77 ont
574 418 158 77 amené
679 418 123 77 aux
749 418 228 77 solutions
907 418 105 77 sui

153 483 146 43 vantes
241 483 44 43 :

157 503 111 54 Une
220 503 174 54 cellule
347 503 111 54 par
395 503 158 54 voiture.

143 547 246 40 Préfabrication.

156 579 162 44 Eviter
269 579 114 44 les
318 579 195 44 manœuvres.

159 612 197 43 Plusieurs
295 612 152 43 niveaux.

157 622 198 64 Cellules
305 622 264 64 cylindriques
519 622 231 64 empilables
701 622 132 64 avec
783 622 231 64 occupation
948 622 66 64 de

160 663 194 60 l’espace
305 663 145 60 libre
402 663 145 60 entre
499 663 162 60 chaque
612 663 194 60 cylindre
758 663 113 60 par
822 663 113 60 les
871 663 145 60 poutres

162 702 214 52 supportant
330 702 107 52 les
391 702 137 52 voies
482 702 92 52 de
513 702 214 52 circulation.

145 763 236 57 Responsable:

164 789 202 69 Robert
320 789 249 69 PISSARD
523 789 93 69 né
569 789 93 69 en
616 789 125 69 1950
694 789 78 69 à
725 789 187 69 Grenoble
850 789 171 69 (France).

148 853 169 47 Designer.

168 891 193 59 Patrick
320 891 193 59 COLIN
471 891 83 59 né
512 891 83 59 en
554 891 110 59 1946
623 891 69 59 à
650 891 275 59 Salins-les-Bains
871 891 151 59 (France).

150 947 169 47 Designer.

126 1039 134 55 48
215 1039 164 55 HABITAT
334 1039 313 55 UNIVERSITAIRE
588 1039 193 55 (maquette).

168 1090 146 57 Dans
259 1090 110 57 le
314 1090 165 57 cadre
424 1090 110 57 du
479 1090 183 57 schéma
607 1090 238 57 directeur
789 1090 110 57 de
844 1090 110 57 la
881 1090 146 57 Région

169 1131 239 53 Parisienne,
360 1131 207 53 recherche
520 1131 128 53 d’un
600 1131 175 53 habitat
727 1131 271 53 universitaire
934 1131 96 53 des-

167 1162 135 58 tiné
252 1162 118 58 aux
319 1162 186 58 Grandes
454 1162 186 58 Ecoles.
589 1162 118 58 Les
657 1162 253 58 architectes
859 1162 118 58 ont
910 1162 118 58 voulu

169 1197 144 51 dans
259 1197 162 51 cette
367 1197 162 51 étude
474 1197 180 51 éviter
600 1197 108 51 la
654 1197 215 51 création
816 1197 144 51 d’un
887 1197 144 51 campus

171 1232 166 49 fermé,
287 1232 232 49 développer
470 1232 99 49 le
519 1232 149 49 thème
619 1232 133 49 très
702 1232 166 49 actuel
818 1232 99 49 de
851 1232 182 49 l’habitat

172 1263 110 55 en
227 1263 220 55 terrasse
392 1263 147 55 sous
483 1263 128 55 ses
557 1263 147 55 deux
648 1263 202 55 formes:
795 1263 183 55 emploi
905 1263 128 55 d’une

174 1297 149 55 pente
274 1297 215 55 naturelle
439 1297 99 55 et
489 1297 165 55 emploi
604 1297 149 55 d’une
703 1297 149 55 pente
786 1297 248 55 artificielle.

178 1334 120 45 Une
246 1334 223 45 recherche
418 1334 103 45 de
469 1334 257 45 polychromie
675 1334 309 45 architecturale
932 1334 86 45 a
949 1334 86 45 été

175 1369 243 54 également
362 1369 168 54 menée
474 1369 150 54 sous
568 1369 131 54 les
643 1369 262 54 directives
848 1369 112 54 de
885 1369 150 54 Victor

164 1413 165 39 Vasarely.

161 1463 237 45 Responsable:

181 1500 238 53 Bertrand
371 1500 254 53 COLDEFV
577 1500 95 53 né
625 1500 95 53 en
672 1500 127 53 1943
752 1500 79 53 à
783 1500 143 53 Paris
863 1500 174 53 (France).

165 1549 194 47 Architecte.

178 1595 215 52 Xavier
344 1595 265 52 CHAPUIS
559 1595 99 52 né
609 1595 99 52 en
658 1595 132 52 1942
741 1595 83 52 à
774 1595 149 52 Melle
857 1595 182 52 (France).

167 1640 194 49 Architecte.

138 1747 144 50 49
234 1747 96 50 LE
282 1747 271 50 ARTIFICIELLE,
505 1747 160 50 CENTRE
617 1747 96 50 DE
665 1747 239 50 LOISIRS
840 1747 208 50 (maquette).

187 1799 105 46 La
239 1799 140 46 mer:
327 1799 140 46 lieu
414 1799 105 46 où
467 1799 175 46 réside
589 1799 105 46 le
642 1799 158 46 calme
747 1799 123 46 par
817 1799 105 46 sa
852 1799 193 46 grandeur.

187 1841 116 36 Une
254 1841 133 36 île:
337 1841 182 36 l’homme
469 1841 83 36 y
486 1841 99 36 vit.

187 1872 110 39 Un
242 1872 165 39 noyau
351 1872 165 39 ancré
461 1872 146 39 dans
553 1872 110 39 le
608 1872 128 39 sol
681 1872 183 39 marin,
809 1872 220 39 retenant
955 1872 92 39 les

192 1908 177 40 loisirs:
325 1908 177 40 piscine,
458 1908 148 40 centre
561 1908 192 40 culturel,
709 1908 177 40 théâtre,
841 1908 148 40 plage,
930 1908 118 40 sports

191 1941 217 44 nautiques,
345 1941 93 44 etc.

191 1970 109 41 Des
254 1970 187 41 cellules
394 1970 78 41 :
425 1970 94 41 se
472 1970 172 41 mouvant
597 1970 109 41 sur
659 1970 172 41 coussin
784 1970 156 41 d’air,
893 1970 94 41 se
924 1970 125 41 refer-

188 2013 135 37 mant
273 2013 101 37 le
323 2013 135 37 soir
408 2013 169 37 autour
526 2013 101 37 de
576 2013 169 37 l’axe,
695 2013 101 37 se
745 2013 219 37 déplaçant
914 2013 101 37 le
948 2013 101 37 jour

191 2044 124 36 pour
269 2044 171 36 assurer
394 2044 233 36 l’isolement
580 2044 93 36 et
627 2044 93 36 la
674 2044 171 36 liaison
798 2044 124 36 dans
876 2044 109 36 les
923 2044 124 36 autres

193 2074 116 45 îles
265 2074 87 45 et
309 2074 102 45 sur
367 2074 87 45 la
396 2074 102 45 côte.

191 2105 95 43 En
239 2105 159 43 effet,
350 2105 95 43 sa
397 2105 143 43 forme
493 2105 222 43 circulaire
667 2105 111 43 lui
731 2105 143 43 donne
826 2105 111 43 une
873 2105 175 43 stabilité

188 2141 101 35 de
239 2141 237 35 flottaison
425 2141 101 35 et
475 2141 287 35 l’utilisation
712 2141 186 35 maximum
847 2141 101 35 du
881 2141 169 35 paysage.

190 2171 97 42 Vu
238 2171 97 42 de
287 2171 97 42 la
335 2171 146 42 côte,
432 2171 97 42 sa
481 2171 226 42 silhouette
659 2171 146 42 donne
756 2171 259 42 l’impression
950 2171 97 42 d’un

957 2253 97 51 157
