1101 2361
795 42 276 73 FRANCE

153 179 219 79 Michelle
329 179 234 79 TILMONT
518 179 102 79 née
577 179 88 79 en
620 179 117 79 1944
693 179 73 79 à
723 179 175 79 Toulouse
839 179 161 79 (France).

153 250 235 74 Christine
344 250 205 74 VENOT
505 250 103 74 née
564 250 88 74 en
608 250 117 74 1949
681 250 73 74 à
710 250 132 74 Paris
784 250 161 74 (France).

157 304 139 69 Ivo
255 304 223 69 ZLOSILO
435 304 84 69 né
477 304 84 69 en
519 304 111 69 1941
589 304 70 69 à
616 304 167 69 Santiago
728 304 139 69 (Chili).

136 386 145 68 52
233 386 162 68 MAISON
346 386 113 68 DES
410 386 162 68 JEUNES
523 386 339 68 EXPERIMENTALE
798 386 210 68 (maquette).

154 450 145 61 Cette
250 450 161 61 maison
363 450 161 61 laisse
476 450 97 61 la
524 450 241 61 possibilité
717 450 97 61 de
766 450 225 61 s’exprimer
927 450 80 61 aux

155 488 128 62 deux
235 488 209 62 attitudes
396 488 193 62 opposées
540 488 273 62 caractérisant
749 488 257 62 l’adolescence:

159 513 77 61 «
189 513 93 61 le
236 513 216 61 repliement
406 513 108 61 sur
468 513 201 61 soi-même»
622 513 201 61 (rêverie,
777 513 186 61 lecture,
901 513 108 61 audi-

155 546 146 63 tion
246 546 109 63 de
300 546 255 63 disques..)
501 546 146 63 dans
592 546 109 63 la
646 546 182 63 partie
773 546 237 63 annulaire
937 546 73 63 et

160 578 77 64 «
190 578 325 64 l’hyperdynamisme»
469 578 170 64 (esprit
593 578 201 64 d’équipe,
747 578 170 64 sports,
855 578 155 64 instinct

157 622 102 53 de
208 622 273 53 destruction,
430 622 204 53 instinct
583 622 102 53 de
634 622 290 53 construction,
873 622 136 53 goût
941 622 68 53 du

160 658 274 51 changement..)
385 658 129 51 dans
466 658 97 51 la
514 658 161 51 partie
611 658 177 51 centrale.

161 676 129 69 Elle
241 676 161 69 permet
354 676 209 69 également
515 676 209 69 d’étendre
676 676 97 69 la
724 676 80 69 «
756 676 161 69 notion
853 676 161 69 d’appro-

162 718 190 62 priation
304 718 95 62 de
352 718 95 62 la
399 718 142 62 chose
494 718 237 62 construite»
683 718 79 62 à
715 718 126 62 tous
794 718 111 62 les
841 718 174 62 instants,

163 750 103 66 par
222 750 88 66 la
266 750 221 66 possibilité
443 750 147 66 d’agir
546 750 103 66 sur
604 750 265 66 l’architecture
825 750 118 66 même
884 750 132 66 (façade

158 796 127 47 et
221 796 297 47 structures
455 796 360 47 intérieures).
752 796 254 47 flaviile*.

165 826 164 52 Enfin,
279 826 197 52 viennent
427 826 213 52 s’ajouter
591 826 115 52 les
657 826 181 52 notions
788 826 98 52 ue
821 826 197 52 nexibinte,

164 852 95 62 de
212 852 205 62 mobilité,
369 852 95 62 de
416 852 205 62 souplesse
574 852 284 62 d’utilisation,
810 852 158 62 chaque
905 852 110 62 local

161 883 200 64 pouvant
307 883 109 64 se
361 883 164 64 plier
470 883 91 64 à
507 883 128 64 des
580 883 291 64 aménagements
798 883 219 64 muitiples,

159 929 349 47 diversifiés
438 929 140 47 et
508 929 419 47 renouvelables.

167 949 112 61 Les
231 949 177 61 abords,
360 949 241 61 l’inclusion
552 949 128 61 dans
633 949 96 61 un
681 949 161 61 milieu
793 949 161 61 urpain
890 949 128 61 donné,

167 986 119 58 les
235 986 205 58 rapports
389 986 136 58 avec
474 986 119 58 les
542 986 171 58 autres
662 986 307 58 manifestations
918 986 102 58 de
952 986 68 58 la

166 1021 115 58 vie
231 1021 99 58 de
281 1021 99 58 la
330 1021 132 58 cité
412 1021 115 58 ont
478 1021 115 58 été
544 1021 214 58 également
708 1021 99 58 un
758 1021 148 58 souci
840 1021 181 58 constant.

150 1087 243 49 Responsable:

166 1117 333 63 Alain-Philippe
452 1117 270 63 BARANGER
674 1117 95 63 né
722 1117 95 63 en
769 1117 127 63 1935
848 1117 79 63 à
864 1117 159 63 Beauvais

169 1170 191 47 (France).
301 1170 191 47 Architecte.

172 1206 221 58 Jacques
346 1206 268 58 BOURSIER
566 1206 95 58 né
613 1206 95 58 en
661 1206 126 58 1937
739 1206 79 58 à
771 1206 142 58 Paris
850 1206 173 58 (France).

157 1259 259 49 Programmateur.

177 1305 217 49 Gérard
344 1305 250 49 MICHEL
544 1305 100 49 né
594 1305 100 49 en
644 1305 133 49 1938
727 1305 83 49 à
760 1305 150 49 Paris
844 1305 183 49 (France).

163 1353 181 44 Sculpteur.

180 1391 235 55 François
368 1391 220 55 RAPIN
541 1391 94 55 né
588 1391 94 55 en
635 1391 125 55 1937
713 1391 78 55 à
729 1391 298 55 Mont

179 1443 192 44 (France).
312 1443 192 44 Décorateur.

178 1493 223 48 Conseillers
357 1493 208 48 techniques
505 1493 45 48 :

179 1540 205 52 Bernard
340 1540 278 52 GUILLAUMOT
560 1540 205 52 Scénographe.

178 1591 206 56 Jacques
340 1591 265 56 LENCHENER
562 1591 236 56 Coordinateur
739 1591 147 56 général.

184 1658 188 45 Jacques
332 1658 215 45 YOVANNE
493 1658 175 45 Paysagiste.

137 1742 168 55 53
250 1742 131 55 UNE
324 1742 187 55 MAISON
455 1742 112 55 DU
511 1742 150 55 MIME
605 1742 112 55 ET
661 1742 112 55 DE
717 1742 112 55 LA
754 1742 281 55 PANTOMIME

169 1781 201 42 (maquette).

185 1818 160 65 «Dans
292 1818 106 65 ce
345 1818 142 65 mode
434 1818 106 65 de
487 1818 248 65 bruiteurs,
682 1818 195 65 l’homme
824 1818 177 65 songe,
931 1818 106 65 pour

187 1870 104 44 se
239 1870 173 44 donner
360 1870 104 44 et
412 1870 104 44 se
464 1870 242 44 retrouver,
654 1870 87 44 à
689 1870 104 44 la
741 1870 208 44 pratique
897 1870 104 44 et
948 1870 87 44 à
966 1870 69 44 la

188 1903 272 37 contemplation
412 1903 96 37 de
460 1903 112 37 ces
524 1903 128 37 arts
604 1903 96 37 du
652 1903 240 37 silence...»
844 1903 96 37 E.
876 1903 160 37 Decroux.

188 1937 150 33 Cette
288 1937 150 33 étude
388 1937 199 33 s’appuie
537 1937 116 33 sur
604 1937 100 33 la
654 1937 233 33 définition
837 1937 133 33 d’un
920 1937 116 33 art
970 1937 66 33 où

192 1971 258 42 l’imaginaire
402 1971 97 42 se
450 1971 145 42 donne
547 1971 129 42 sous
627 1971 113 42 une
692 1971 145 42 forme
772 1971 210 42 corporelle.

190 2005 110 33 Par
253 2005 125 33 leur
331 2005 204 33 variation
488 2005 125 33 dans
566 2005 110 33 les
629 2005 219 33 possibles,
801 2005 141 33 forme
895 2005 94 33 et
926 2005 110 33 fonc-

192 2036 117 38 tion
265 2036 204 38 favorisent
426 2036 87 38 le
469 2036 160 38 travail
586 2036 87 38 du
630 2036 131 38 corps
717 2036 87 38 et
761 2036 87 38 de
805 2036 175 38 l’esprit
921 2036 117 38 autour

190 2070 95 38 de
238 2070 95 38 la
285 2070 205 38 recherche
427 2070 189 38 créatrice.

189 2101 247 49 Habitation
383 2101 106 49 et
436 2101 176 49 salles
559 2101 194 49 d’étude
700 2101 159 49 d’une
806 2101 159 49 part,
894 2101 141 49 salles

187 2140 278 42 d’expression
412 2140 191 42 d’autre
551 2140 156 42 part,
655 2140 260 42 constituent
863 2140 104 42 un
898 2140 139 42 espace

190 2171 163 52 fluide
304 2171 81 52 :
336 2171 423 52 circulation-promenade,
711 2171 179 52 liberté
841 2171 98 52 de
873 2171 163 52 communi

944 2254 95 47 159
