1101 2361
810 72 230 67 FRANCE

106 202 127 74 23
190 202 84 74 LE
232 202 295 74 GILET-CELLULE
486 202 225 74 (réalisation
668 202 70 74 à
682 202 169 74 grandeur).

147 266 104 62 On
199 266 104 62 ne
250 266 138 62 peut
337 266 86 62 à
371 266 190 62 l’heure
510 266 207 62 actuelle
665 266 242 62 feuilleter
855 266 104 62 un
890 266 121 62 livre

148 297 288 61 d’architecture
388 297 128 61 sans
468 297 144 61 qu’il
564 297 96 61 ne
612 297 96 61 se
660 297 176 61 termine
788 297 112 61 par
852 297 96 61 de
884 297 128 61 grands

148 329 173 60 appels
269 329 121 60 aux
338 329 190 60 espaces
476 329 259 60 climatisés:
684 329 207 60 immenses
839 329 173 60 tentes
943 329 69 60 de

151 362 130 66 Frei
232 362 147 66 Otto,
330 362 147 66 dômes
428 362 244 66 géodésiques
623 362 98 66 de
672 362 195 66 Füiller,
819 362 81 66 à
835 362 179 66 l’échelle

151 395 98 67 de
200 395 98 67 la
248 395 147 67 ville
346 395 98 67 ou
395 395 98 67 de
444 395 98 67 la
493 395 179 67 région.
623 395 98 67 On
672 395 98 67 ne
721 395 130 67 peut
802 395 147 67 aussi
884 395 130 67 ouvrir

151 428 173 67 quelque
277 428 173 67 journal
403 428 110 67 que
465 428 94 67 ce
512 428 126 67 soit
591 428 126 67 sans
670 428 141 67 qu’il
764 428 79 67 y
795 428 126 67 soit
858 428 157 67 question

150 461 102 63 de
201 461 102 63 la
252 461 237 63 libération
438 461 119 63 des
506 461 169 63 mœurs,
624 461 152 63 avec,
726 461 288 63 sous-jacente,
946 461 68 63 la

152 512 174 53 rupture
278 512 95 53 de
326 512 95 53 la
373 512 174 53 cellule
484 512 189 53 familiale.

154 538 98 68 Si
203 538 130 68 l’on
284 538 163 68 ajoute
398 538 81 68 à
430 538 130 68 cela
512 538 114 68 les
577 538 195 68 enquêtes
723 538 114 68 sur
788 538 98 68 la
821 538 195 68 diminution

152 582 250 54 progressive
352 582 100 54 du
402 582 150 54 temps
502 582 100 54 de
552 582 183 54 travail
686 582 117 54 due
752 582 83 54 à
769 582 250 54 l’automation,

154 608 113 62 les
218 608 274 62 constatations
444 608 258 62 quotidiennes
653 608 113 62 sur
717 608 97 62 un
765 608 161 62 retour
878 608 97 62 au
910 608 113 62 noma-

150 636 170 68 disme
263 636 170 68 grâce
377 636 113 68 au
433 636 378 68 perfectionnement
755 636 132 68 des
830 636 189 68 moyens
943 636 76 68 de

154 676 310 59 communications,
415 676 130 59 l’on
496 676 98 59 se
545 676 196 59 surprend
692 676 82 59 à
724 676 147 59 rêver
822 676 130 59 d’un
888 676 130 59 milieu

154 707 213 61 édénique,
317 707 98 61 de
366 707 278 61 participation
595 707 196 61 minimale
742 707 98 61 au
791 707 180 61 travail
922 707 98 61 et
955 707 65 61 de

155 751 187 55 contacts
296 751 234 55 individuels
468 751 140 55 accrus.

155 776 100 63 La
205 776 166 63 notion
322 776 100 63 de
372 776 250 63 sédentarité
572 776 150 63 ayant
671 776 150 63 alors
771 776 183 63 disparu
888 776 133 63 (déve-

157 813 225 62 loppement
330 813 104 62 du
382 813 190 62 service
520 813 173 62 public
641 813 104 62 et
693 813 329 62 miniaturisation
953 813 69 62 de

155 848 144 66 plus
245 848 108 66 en
299 848 144 66 plus
389 848 198 66 poussée
533 848 126 66 des
606 848 180 66 objets
732 848 288 66 personnels),
948 848 72 66 la

158 886 278 55 collaboration
386 886 82 55 à
419 886 212 55 l’édifice
582 886 180 55 social,
713 886 196 55 réduite,
860 886 98 55 et
909 886 98 55 la
941 886 82 55 vie

157 915 191 60 sociale
295 915 225 60 elle-même
469 915 104 60 se
521 915 208 60 feraient
676 915 104 60 de
728 915 191 60 manière
850 915 173 60 constam-

158 967 126 44 ment
221 967 142 44 fluide.

159 982 133 71 Dans
243 982 150 71 cette
343 982 183 71 optique
476 982 250 71 d’immensité
676 982 250 71 climatisée,
859 982 167 71 linéaire

160 1024 213 61 peut-être,
327 1024 91 61 et
373 1024 91 61 de
418 1024 198 61 nomadisme
570 1024 182 61 interne,
707 1024 182 61 l’esprit
844 1024 91 61 se
874 1024 152 61 plairait

161 1060 80 57 à
193 1060 208 57 envisager
353 1060 96 57 la
402 1060 241 57 suppression
594 1060 96 57 de
642 1060 144 57 toute
738 1060 241 57 distinction
915 1060 112 57 entre

157 1092 135 57 les
234 1092 155 57 deux
331 1092 271 57 enveloppes
543 1092 97 57 «
582 1092 290 57 immédiates»
814 1092 116 57 de
853 1092 174 57 l’homme

160 1136 289 50 contemporain:
398 1136 119 50 ses
466 1136 221 50 vêtements
635 1136 102 50 et
686 1136 102 50 sa
720 1136 153 50 maison.

143 1199 242 53 Responsable:

162 1227 323 59 Jean-Jacques
434 1227 289 59 MEYFREDI
673 1227 102 59 né
724 1227 102 59 en
775 1227 136 59 1943
860 1227 85 59 à
877 1227 153 59 Viersat

162 1277 194 55 (France).
296 1277 194 55 Architecte.

163 1323 197 59 Odile
310 1323 98 59 du
359 1323 295 59 MAZAUBRUN
606 1323 115 59 née
671 1323 98 59 en
720 1323 131 59 1948
802 1323 82 59 à
819 1323 213 59 Saint

166 1372 191 56 (France).
298 1372 147 56 Peintre.

169 1416 216 51 Hugues
335 1416 232 51 TS0U0
518 1416 100 51 né
568 1416 100 51 en
617 1416 133 51 1943
700 1416 83 51 à
733 1416 182 51 Parisot
850 1416 182 51 (France).

153 1462 186 49 Graphiste.

171 1504 204 53 Pierre
328 1504 252 53 VASSORT
533 1504 94 53 né
580 1504 94 53 en
627 1504 126 53 1943
706 1504 79 53 à
737 1504 126 53 Ueil
800 1504 173 53 (France).

155 1556 195 47 Architecte.

128 1644 109 58 24
200 1644 145 58 JEUX
297 1644 157 58 (maquette).

172 1702 100 41 La
222 1702 216 41 recherche
389 1702 133 41 d’un
472 1702 166 41 espace
589 1702 100 41 en
638 1702 200 41 harmonie
788 1702 133 41 avec
872 1702 100 41 la
905 1702 133 41 struc-

169 1742 136 36 ture
254 1742 255 36 élémentaire
458 1742 102 36 de
509 1742 102 36 la
560 1742 187 36 matière
697 1742 102 36 et
748 1742 289 36 l’observation
969 1742 68 36 de

173 1776 150 37 sujets
278 1776 180 37 naturels
412 1776 120 37 tels
487 1776 105 37 que
547 1776 105 37 os,
607 1776 165 37 bulbes,
727 1776 239 37 stalactites,
906 1776 135 37 gouttes

171 1808 170 37 d’eau,
290 1808 136 37 nous
375 1808 238 37 permettent
562 1808 102 37 de
614 1808 221 37 concevoir
784 1808 136 37 pour
852 1808 187 37 l’enfant,

172 1837 88 46 à
208 1837 106 46 la
261 1837 142 46 fois
349 1837 212 46 l’espace
508 1837 142 46 dans
597 1837 177 46 lequel
721 1837 106 46 il
774 1837 142 46 joue
862 1837 106 46 et
915 1837 106 46 le
951 1837 88 46 jeu

160 1867 183 48 lui

177 1907 261 48 L’espace-jeu
389 1907 114 48 est
454 1907 310 48 essentiellement
715 1907 261 48 transparent,
911 1907 131 48 ouvert

176 1946 115 46 sur
241 1946 245 46 l’extérieur
437 1946 98 46 et
487 1946 213 46 structuré
650 1946 115 46 par
716 1946 115 46 une
781 1946 164 46 maille
896 1946 115 46 qui
945 1946 98 46 sert

176 1980 102 41 de
227 1980 187 41 support
363 1980 119 41 aux
430 1980 187 41 besoins
566 1980 271 41 fondamentaux
787 1980 136 41 chez
854 1980 187 41 l’enfant,

178 2014 176 43 d’agir,
306 2014 96 43 de
354 2014 240 43 s’exprimer,
546 2014 96 43 de
594 2014 96 43 se
641 2014 224 43 transposer
817 2014 128 43 dans
897 2014 96 43 un
929 2014 112 43 monde

176 2048 183 35 fictif,
309 2048 100 35 de
359 2048 100 35 se
409 2048 166 35 sentir
525 2048 100 35 en
575 2048 216 35 sécurité,
741 2048 100 35 de
791 2048 233 35 développer
957 2048 83 35 ses

176 2078 209 48 fonctions
321 2078 193 48 physiques.

178 2123 86 40 A
212 2123 259 40 l’intérieur
419 2123 104 40 de
471 2123 155 40 cette
575 2123 190 40 maille,
713 2123 104 40 de
765 2123 104 40 ce
817 2123 173 40 volume
937 2123 86 40 à
955 2123 86 40 son

179 2156 185 36 échelle,
317 2156 185 36 l’enfant
456 2156 169 36 grimpe,
579 2156 154 36 saute,
687 2156 169 36 glisse,
810 2156 92 36 se
856 2156 185 36 balance,
979 2156 62 36 se

178 2188 191 51 faufile,
321 2188 159 51 rampe,
433 2188 96 51 se
481 2188 159 51 cache,
576 2188 96 51 etc.

955 2266 92 53 145
