1062 2361
-4 68 279 69 FRANCE

136 212 276 53 combinaisons.
363 212 243 53 Possibilité
557 212 97 53 de
606 212 114 53 les
671 212 195 53 déplacer
817 212 81 53 à
833 212 146 53 volonté

134 244 127 50 sans
214 244 95 50 en
261 244 191 50 déranger
404 244 95 50 le
452 244 143 50 cadre
548 244 175 50 naturel
675 244 127 50 dans
754 244 159 50 lequel
866 244 111 50 ils
913 244 64 50 se

135 270 184 61 trouvent
273 270 184 61 (travaux
411 270 92 61 de
457 270 215 61 fondations
625 270 261 61 inexistants),
825 270 153 61 mobilité

130 303 107 42 de
184 303 178 42 chaque
290 303 178 42 élément.

132 337 314 56 Préfabrication:
397 337 99 56 en
447 337 232 56 plastique,
629 337 232 56 assemblage
811 337 99 56 de
844 337 132 56 pièces

133 374 127 55 pour
213 374 191 55 réaliser
356 374 207 55 l’élément
515 374 159 55 final.
626 374 207 55 L’élément
769 374 207 55 circulation

132 413 159 46 occupe
244 413 128 46 deux
323 413 223 46 fonctions:
499 413 112 46 une
563 413 191 46 fonction
706 413 128 46 voie
786 413 96 46 de
818 413 159 46 circula-

131 439 125 53 tion
210 439 94 53 et
257 439 110 53 une
319 439 188 53 fonction
460 439 157 53 amenée
570 439 94 53 de
617 439 266 53 canalisations
820 439 157 53 (alimen-

131 468 154 56 tation
238 468 108 56 des
300 468 215 56 cellules).
469 468 200 56 L’élément
623 468 169 56 cellule
746 468 92 56 se
792 468 169 56 branche
900 468 77 56 sur

134 503 199 58 l’élément
287 503 230 58 circulation
471 503 77 58 à
501 503 153 58 l’aide
608 503 123 58 d’un
685 503 168 58 conduit
792 503 184 58 plastique,

129 539 186 48 faisant
265 539 169 48 office
383 539 102 48 de
434 539 152 48 prise
536 539 237 48 (semblable
722 539 85 48 à
756 539 119 48 une
824 539 152 48 prise
908 539 68 48 de

128 574 174 46 courant
255 574 111 46 que
318 574 127 46 l’on
398 574 254 46 introduirait
604 574 127 46 dans
683 574 111 46 une
730 574 143 46 fiche).

133 626 184 56 Bruno
271 626 260 56 BRUNELLI
485 626 92 56 né
531 626 92 56 en
577 626 123 56 1950
653 626 77 56 à
684 626 184 56 Besançon
807 626 168 56 (France).

113 659 180 50 Designer.

86 746 119 62 63
165 746 212 62 VILLAGES
325 746 172 62 (maquette).

130 792 153 55 Ecole
232 792 119 55 des
300 792 238 55 Beaux-Arts
488 792 102 55 de
522 792 187 55 Besançon.

132 849 119 53 Pour
206 849 148 53 donner
310 849 133 53 suite
399 849 74 53 à
429 849 148 53 l’idée
532 849 193 53 d’étudier
681 849 104 53 une
740 849 148 53 région
829 849 148 53 d’inter-

129 892 189 47 férence,
271 892 220 47 regroupant
444 892 110 47 des
506 892 267 47 agriculteurs,
727 892 110 47 des
789 892 189 47 artisans
915 892 63 47 et

129 926 112 47 des
193 926 208 47 citadins,
353 926 144 47 notre
449 926 160 47 projet
561 926 80 47 a
593 926 160 47 évolué
705 926 128 47 vers
785 926 96 47 la
817 926 160 47 création

127 964 153 38 d’une
229 964 272 38 architecture
450 964 119 38 qui
518 964 153 38 amène
620 964 102 38 le
671 964 170 38 besoin
790 964 102 38 de
824 964 153 38 contact

127 992 155 43 entre
230 992 121 43 ces
299 992 138 43 deux
386 992 155 43 types
490 992 104 43 de
524 992 121 43 gens.

131 1022 98 49 Il
180 1022 130 49 nous
261 1022 179 49 fallait
391 1022 114 49 des
457 1022 196 49 éléments
603 1022 130 49 pour
685 1022 114 49 nos
734 1022 244 49 constructions

129 1062 121 42 qui,
205 1062 91 42 en
250 1062 167 42 rapport
371 1062 121 42 avec
447 1062 91 42 le
493 1062 182 42 paysage,
629 1062 121 42 avec
705 1062 136 42 notre
781 1062 197 42 aspiration,

128 1090 131 46 nous
209 1090 229 46 permettent
389 1090 98 46 de
438 1090 147 46 créer
536 1090 98 46 de
585 1090 229 46 nombreuses
765 1090 212 46 solutions
912 1090 65 46 de

125 1122 267 40 dispositions
342 1122 134 40 dans
426 1122 100 40 un
476 1122 134 40 site
543 1122 134 40 donné.

130 1156 104 51 Des
190 1156 149 51 formes
294 1156 119 51 très
369 1156 179 51 ouvertes
503 1156 104 51 sur
563 1156 239 51 l’extérieur,
756 1156 119 51 pour
816 1156 164 51 certaines

128 1193 173 40 parties
254 1193 95 40 de
302 1193 268 40 l’habitation,
522 1193 189 40 seraient
664 1193 221 40 favorables
837 1193 110 40 aux
884 1193 95 40 rap-

127 1225 144 39 ports
223 1225 128 39 avec
303 1225 96 39 la
352 1225 160 39 nature
464 1225 96 39 et
512 1225 96 39 au
560 1225 176 39 contact
688 1225 128 39 avec
769 1225 112 39 les
817 1225 160 39 voisins.

129 1258 115 41 Les
194 1258 180 41 besoins
325 1258 98 41 de
374 1258 148 41 notre
473 1258 197 41 habitat,
620 1258 98 41 en
670 1258 197 41 fonction
817 1258 98 41 de
866 1258 98 41 la
899 1258 82 41 vie

124 1294 97 43 de
172 1294 161 43 chaque
285 1294 210 43 individu,
447 1294 129 43 nous
527 1294 113 43 ont
592 1294 161 43 obligé
705 1294 81 43 à
737 1294 145 43 faire
834 1294 113 43 des
882 1294 97 43 étu-

126 1326 107 37 des
187 1326 259 37 sculpturales,
400 1326 198 37 inspirées
552 1326 107 37 par
613 1326 91 37 la
658 1326 152 37 nature
765 1326 91 37 et
795 1326 183 37 contrôlées

126 1359 164 36 ensuite
246 1359 105 36 par
305 1359 90 36 le
350 1359 135 36 désir
440 1359 90 36 de
485 1359 209 36 satisfaire
649 1359 105 36 les
709 1359 164 36 données
829 1359 90 36 du
858 1359 120 36 sujet.

126 1388 96 44 La
174 1388 193 44 création
319 1388 337 44 d’éléments-coque,
608 1388 241 44 structuraux
784 1388 193 44 également,

126 1425 159 38 pourra
237 1425 127 38 nous
316 1425 159 38 amener
427 1425 127 38 vers
507 1425 285 38 l’architecture
728 1425 159 38 désirée.

103 1475 252 52 Responsable:

127 1519 185 59 Roland
269 1519 199 59 HOURS
425 1519 85 59 né
468 1519 85 59 en
511 1519 114 59 1947
582 1519 71 59 à
610 1519 156 59 Joyeuse
724 1519 185 59 (France).
852 1519 128 59 Recher-

122 1556 119 54 che
173 1556 153 54 design.

126 1603 188 68 Robert
270 1603 188 68 ROUX
415 1603 87 68 né
459 1603 87 68 en
502 1603 116 68 1947
574 1603 72 68 à
603 1603 159 68 Aubenas
719 1603 188 68 (France).
850 1603 130 68 Recher-

119 1649 116 51 che
168 1649 198 51 sculpture.

124 1705 186 45 Gilles
266 1705 243 45 THEVENIN
466 1705 86 45 né
509 1705 86 45 en
552 1705 114 45 1947
623 1705 71 45 à
652 1705 128 45 Givry
737 1705 186 45 (France).
866 1705 114 45 Archi

105 1741 155 43 tecture.

338 1870 361 62 SCENOGRAPHIE

73 1955 130 48 64
159 1955 288 48 L’ENTONNOIR
404 1955 86 48 de
447 1955 216 48 Jean-Pierre
606 1955 144 48 Sentier.

98 2016 249 48 Responsable:

119 2061 244 52 Jean-Pierre
320 2061 230 52 SENTIER
506 2061 86 52 né
549 2061 86 52 en
592 2061 115 52 1940
664 2061 72 52 à
693 2061 187 52 Beaugency
822 2061 158 52 (France).

117 2113 245 51 Jean-Pierre
318 2113 259 51 WALLERAND
534 2113 86 51 né
578 2113 86 51 en
621 2113 115 51 1939
693 2113 72 51 à
722 2113 158 51 Essonne
823 2113 158 51 (France).

119 2166 198 56 Claude
271 2166 243 56 PASQUER
468 2166 91 56 né
514 2166 91 56 en
559 2166 122 56 1937
635 2166 91 56 au
681 2166 122 56 Mans
742 2166 167 56 (France).

48 2257 92 48 164
