1183 2243
536 23 60 49 —
560 23 60 49 6
572 23 36 49 —

154 69 185 70 Curieuse
302 69 173 70 pièce
438 69 62 70 —
463 69 173 70 Certificat
599 69 173 70 constatant
735 69 87 70 que
784 69 74 70 M.
821 69 161 70 Armand
932 69 161 70 Marrast

123 113 108 63 qui
184 113 108 63 fut
246 113 155 63 membre
355 113 93 63 du
401 113 247 63 Gouvernement
602 113 217 63 provisoire
772 113 93 63 en
819 113 139 63 1848)
911 113 108 63 est
958 113 139 63 affecté

122 150 128 57 d’une
207 150 270 57 gastro-entérite
435 150 185 57 chronique
577 150 85 57 et
620 150 128 57 qu’il
705 150 85 57 ne
747 150 114 57 peut
819 150 185 57 supporter
961 150 85 57 le
989 150 114 57 régime

122 181 134 58 l’une
211 181 149 58 prison
315 181 134 58 «sans
405 181 238 58 compromettre
598 181 268 58 très-gravement
821 181 89 58 sa
865 181 149 58 santé.
954 181 149 58 (Marrast

111 218 191 62 était
238 218 191 62 alors
365 218 212 62 détenu
513 218 106 62 à
556 218 403 62 Sainte-Pélagie)

122 260 95 55 23586
186 260 95 55 LISZT
249 260 95 55 (F.),
313 260 63 55 le
344 260 116 55 célèbre
429 260 137 55 pianiste.
534 260 95 55 L.
598 260 148 55 d.s.;
714 260 53 55 1
735 260 63 55 p.
767 260 95 55 in-8.
830 260 53 55 2
841 260 42 55 50

118 287 117 65 23587
196 287 157 65 MACAULAY
314 287 104 65 (Th.
379 287 78 65 W.
418 287 104 65 B.),
483 287 78 65 un
523 287 91 65 des
575 287 104 65 plus
640 287 131 65 grands
731 287 183 65 historiens
875 287 78 65 de
901 287 196 65 l’Angleterre,

128 334 126 48 membre
217 334 139 48 associé
318 334 76 48 de
356 334 189 48 l’Institut.
507 334 114 48 L.
583 334 164 48 a.,
709 334 63 48 à
734 334 76 48 la
772 334 76 48 3e
810 334 164 48 personne,
936 334 63 48 à
961 334 76 48 M.
986 334 114 48 Kaiser;

121 379 140 39 Albany,
223 379 76 39 13
261 379 114 39 févr.
337 379 114 39 1849,
413 379 64 39 1
439 379 76 39 p.
477 379 114 39 in-8.
553 379 114 39 Jolie
629 379 127 39 pièce.
718 379 64 39 6
731 379 38 39 »

124 397 120 61 23588
204 397 174 61 MACDONALD
337 397 107 61 (Ét.
404 397 80 61 J.
444 397 107 61 Jos.
511 397 147 61 Alex.),
618 397 93 61 duc
671 397 80 61 de
711 397 160 61 Tarente,
831 397 160 61 maréchal
951 397 80 61 de
978 397 120 61 France.

119 433 116 58 L.
197 433 129 58 a
287 433 65 58 s
313 433 77 58 au
351 433 142 58 général
455 433 168 58 Bruyères;
584 433 232 58 Brutensladten,
777 433 77 58 14
816 433 129 58 juill.
906 433 116 58 1809,
984 433 65 58 2
1010 433 77 58 p.
1035 433 65 58 pl.

123 486 68 44 in-4.
168 486 45 44 10
183 486 23 44 »

156 501 128 60 Pièce
241 501 214 60 historique,
412 501 85 60 où
455 501 85 60 il
498 501 100 60 lui
555 501 114 60 fait
626 501 114 60 part
697 501 100 60 des
754 501 157 60 dangers
868 501 128 60 qu’il
953 501 71 60 a
982 501 142 60 courus
1067 501 43 60 à

129 546 68 52 a
157 546 164 52 bataille
280 546 82 52 de
321 546 137 52 Wagram
417 546 151 52 (livrée
526 546 82 52 le
567 546 68 52 6
595 546 164 52 juillet)
718 546 82 52 et
759 546 96 52 des
814 546 137 52 pertes
896 546 205 52 considérables

136 576 99 55 u’a
192 576 183 55 éprouvées
333 576 99 55 son
389 576 141 55 corps.
488 576 84 55 Il
530 576 99 55 lui
586 576 155 55 annonce
699 576 127 55 aussi
783 576 84 55 sa
826 576 197 55 nomination
980 576 84 55 au
1008 576 99 55 grade

128 605 86 60 le
171 605 172 60 maréchal
300 605 86 60 de
343 605 186 60 l’Empire.
486 605 129 60 «J’ai
572 605 129 60 moins
658 605 86 60 de
701 605 172 60 bonheur,
830 605 86 60 je
874 605 115 60 vous
945 605 158 60 assure,
1046 605 57 60 du

120 653 123 42 titre
202 653 82 42 de
243 653 164 42 maréchal
366 653 96 42 que
421 653 150 42 d’avoir
530 653 150 42 regagné
639 653 164 42 l’amitié
762 653 82 42 et
803 653 82 42 la
844 653 178 42 confiance
981 653 82 42 de
1008 653 96 42 l’Em

114 692 172 42 pereur...»

125 704 121 65 23589
205 704 121 65 MAINE
285 704 94 65 (L.
339 704 80 65 A.
379 704 80 65 de
419 704 161 65 BOURBON,
540 704 94 65 duc
593 704 107 65 Du),
660 704 107 65 fils
727 704 161 65 légitimé
848 704 80 65 de
888 704 121 65 Louis
968 704 94 65 XIV
1022 704 80 65 et
1048 704 54 65 de

142 742 91 56 Mme
194 742 78 56 de
233 742 181 56 Montespan.
375 742 117 56 E.
453 742 130 56 a
544 742 78 56 s.
583 742 65 56 à
609 742 78 56 la
647 742 168 56 princesse
777 742 78 56 de
816 742 130 56 Conty;
907 742 130 56 Marly,
997 742 78 56 10
1023 742 91 56 avril

130 791 109 43 1714,
202 791 60 43 1
227 791 73 43 p.
263 791 109 43 in-4,
335 791 121 43 cachet
420 791 121 43 brisé.
505 791 60 43 3
517 791 36 43 »

127 815 124 59 23590
210 815 179 59 MARCELLUS
348 815 97 59 (L.
403 815 83 59 M.
445 815 124 59 Aug.;
527 815 124 59 comte
610 815 110 59 de),
679 815 152 59 célèbre
790 815 138 59 député
886 815 83 59 de
928 815 83 59 la
955 815 152 59 Restaura-

132 855 103 55 tion.
200 855 103 55 L.
269 855 115 55 a
349 855 80 55 s.;
395 855 172 55 Beauséjour,
533 855 69 55 27
567 855 103 55 janv.
636 855 103 55 1837,
705 855 57 55 1
728 855 69 55 p.
762 855 103 55 in-4.
831 855 57 55 3
843 855 34 55 »

152 881 214 67 Relative
313 881 125 67 aux
384 881 196 67 travaux
527 881 125 67 qui
598 881 268 67 s’exécutent
812 881 125 67 sur
884 881 107 67 la
920 881 178 67 Garonne;

130 926 128 56 23591
215 926 242 56 MARIE-THÉRÈSÉ
414 926 213 56 D’AUTRICHE,
585 926 128 56 reine
670 926 85 56 de
713 926 156 56 France,
827 926 128 56 femme
912 926 85 56 de
955 926 128 56 Louis
1026 926 85 56 XIV.

131 961 76 62 L.
169 961 88 62 s.,
220 961 152 62 contres,
333 961 88 62 par
384 961 240 62 Colbert,
586 961 88 62 aux
637 961 139 62 prévôts
738 961 88 62 des
788 961 164 62 marchands
915 961 76 62 et
952 961 152 62 échevins
1053 961 51 62 de

126 992 86 59 la
169 992 128 59 ville
254 992 86 59 de
297 992 143 59 Paris;
397 992 371 59 Saint-Germain-en-Laye,
725 992 86 59 14
768 992 114 59 juin
839 992 128 59 1672,
925 992 71 59 1
953 992 86 59 p.
982 992 128 59 in

121 1041 405 42 Rare
450 1041 152 42 10
500 1041 76 42 »

162 1065 115 55 Ordre
239 1065 77 55 de
277 1065 115 55 faire
354 1065 140 55 chanter
456 1065 77 55 le
494 1065 115 55 Te
571 1065 153 55 Deum
686 1065 102 55 dans
750 1065 77 55 la
788 1065 179 55 Cathédrale
928 1065 77 55 de
967 1065 115 55 Paris
1030 1065 77 55 pour

135 1097 81 59 la
176 1097 176 59 naissance
312 1097 108 59 d’un
379 1097 108 59 fils
447 1097 108 59 dont
515 1097 81 59 la
555 1097 122 59 reine
637 1097 122 59 vient
718 1097 203 59 d’accoucher
867 1097 244 59 (Louis

132 1143 102 47 duc
191 1143 176 47 d’Anjou,
323 1143 117 47 mort
396 1143 88 47 le
440 1143 73 47 4
454 1143 176 47 novembre).

144 1164 109 63 23592
216 1164 217 63 MARIE-THÉRÈSE,
398 1164 97 63 dite
458 1164 109 63 la
530 1164 181 63 Grande
675 1164 181 63 impératrice
820 1164 193 63 d’Allemagne.
977 1164 85 63 L.
1013 1164 97 63 s.

138 1208 84 53 29
180 1208 112 53 août
250 1208 126 53 1760,
334 1208 70 53 2
362 1208 84 53 p.
404 1208 98 53 1/4
460 1208 168 53 in-fol.,
585 1208 140 53 sceau.
683 1208 196 53 Très-belle
837 1208 140 53 pièce.
935 1208 70 53 7
949 1208 56 53 50

139 1244 113 59 23593
215 1244 113 59 MARIO
290 1244 75 59 DE
328 1244 126 59 CANDIA
416 1244 113 59 (J.),
491 1244 75 59 le
529 1244 138 59 célèbre
629 1244 163 59 chanteur.
755 1244 113 59 L.
830 1244 126 59 a
918 1244 75 59 s.
956 1244 63 59 à
981 1244 138 59 Stéphen
1069 1244 50 59 de

143 1280 68 58 a
171 1280 191 58 Madeleine;
321 1280 82 58 18
361 1280 123 58 avril
443 1280 123 58 1854,
525 1280 68 58 2
552 1280 82 58 p.
593 1280 123 58 in-8,
675 1280 177 58 enveloppe
811 1280 82 58 et
852 1280 150 58 cachet.
947 1280 164 58 Très

148 1327 93 43 pièce.
213 1327 46 43 3
222 1327 37 43 50

140 1340 127 66 23594
225 1340 155 66 MARRAST
337 1340 183 66 (Armand),
478 1340 141 66 membre
577 1340 85 66 du
619 1340 226 66 gouvernement
803 1340 197 66 provisoire
958 1340 85 66 en
1000 1340 113 66 1848
1057 1340 56 66 et

144 1379 163 57 orésident
270 1379 75 57 de
307 1379 188 57 l’Assemblée
458 1379 213 57 constituante.
634 1379 125 57 BL.
721 1379 125 57 d
809 1379 75 57 s.
847 1379 75 57 (à
884 1379 138 57 Stephen
985 1379 75 57 de
1022 1379 75 57 La
1047 1379 63 57 Ma-

146 1417 219 52 leleine);
314 1417 168 52 Paris;
432 1417 84 52 3
466 1417 151 52 avril
567 1417 151 52 1849,
668 1417 84 52 1
701 1417 101 52 p.
752 1417 118 52 1/2
819 1417 151 52 in-8.
920 1417 84 52 7
937 1417 67 52 50

171 1447 169 66 Curieuse
297 1447 155 66 épître,
410 1447 84 66 où
452 1447 84 66 il
494 1447 84 66 le
537 1447 169 66 félicite
663 1447 84 66 de
705 1447 169 66 procurer
832 1447 84 66 au
874 1447 239 66 Conservatoire
1057 1447 56 66 de

142 1483 154 70 musique
254 1483 84 70 un
296 1483 196 70 professeur
450 1483 98 70 tel
506 1483 98 70 que
562 1483 84 70 M.
604 1483 168 70 Géraldy.
731 1483 98 70 «Je
787 1483 84 70 ne
829 1483 112 70 suis
899 1483 126 70 qu’un
969 1483 140 70 amateur.

146 1516 120 67 mais
221 1516 90 67 un
266 1516 165 67 amateur
386 1516 271 67 très-passionné
612 1516 120 67 pour
687 1516 105 67 les
747 1516 225 67 beaux-arts,
928 1516 105 67 et,
988 1516 90 67 en
1018 1516 105 67 cette

144 1556 139 53 humble
241 1556 167 53 qualité,
366 1556 83 53 je
408 1556 139 53 prends
505 1556 83 53 un
547 1556 167 53 très-vif
672 1556 153 53 intérêt
783 1556 69 53 à
811 1556 111 53 tout
881 1556 83 53 ce
922 1556 97 53 qui
978 1556 111 53 peût
1034 1556 83 53 con-

149 1598 142 50 tribuer
252 1598 65 50 à
278 1598 103 50 leur
330 1598 155 50 gloire...»

149 1622 98 63 23595
214 1622 120 63 MAZARIN
302 1622 76 63 (le
345 1622 131 63 cardinal
443 1622 120 63 Jules),
530 1622 65 63 le
563 1622 98 63 grand
628 1622 131 63 ministre
726 1622 65 63 de
759 1622 98 63 Louis
824 1622 87 63 XIV.
879 1622 65 63 L.
901 1622 54 63 s.,

147 1668 97 45 avec
208 1668 73 45 la
244 1668 170 45 souscript.
378 1668 146 45 autogr.,
488 1668 73 45 au
524 1668 134 45 marquis
621 1668 73 45 de
658 1668 195 45 Châteauneuf,
804 1668 146 45 gouverneur

142 1691 77 54 de
181 1691 168 54 Touraine;
310 1691 129 54 Paris,
400 1691 77 54 12
439 1691 90 54 mai
490 1691 116 54 1644,
567 1691 90 54 1/2
619 1691 77 54 p.
658 1691 155 54 in-fol.,
774 1691 155 54 cachets.
890 1691 77 54 10
915 1691 39 54 »

173 1726 101 68 Belle
240 1726 124 68 lettre,
330 1726 68 68 où
364 1726 68 68 il
398 1726 68 68 le
432 1726 135 68 remercie
533 1726 68 68 de
567 1726 79 68 ses
612 1726 180 68 condoléances
758 1726 79 68 sur
803 1726 68 68 la
837 1726 101 68 perte
893 1726 79 68 qu’il

146 1783 115 44 vient
223 1783 77 44 de
249 1783 102 44 faire.

160 1793 61 66 23596
201 1793 74 66 MAZZINI
255 1793 88 66 (Joseph),
322 1793 74 66 célèbre
376 1793 128 66 révolutionnaire
484 1793 81 66 italien.
545 1793 61 66 L.
586 1793 95 66 a.s.;
660 1793 41 66 11
673 1793 68 66 juillet,

151 1849 59 57 1
175 1849 71 57 p.
210 1849 118 57 in-12.
292 1849 200 57 Intéressante.
457 1849 59 57 6
469 1849 35 57 »

152 1869 81 72 23597
206 1869 72 72 MÉON
251 1869 63 72 (D.
287 1869 72 72 M.),
332 1869 144 72 littérateur,
449 1869 81 72 connu
503 1869 63 72 par
538 1869 63 72 ses
574 1869 144 72 publications
691 1869 63 72 des
727 1869 171 72 Fabliaux
862 1869 36 72 et

159 1929 67 47 du
192 1929 134 47 Roman
293 1929 67 47 de
326 1929 67 47 la
360 1929 101 47 Rose.
427 1929 67 47 P.
461 1929 145 47 as.;
572 1929 56 47 1
595 1929 67 47 p.
628 1929 101 47 an-4.
695 1929 56 47 6
706 1929 34 47 »

180 1935 172 77 Relative
309 1935 72 77 à
338 1935 86 77 la
381 1935 187 77 rédaction
524 1935 86 77 du
567 1935 187 77 Catalogue
711 1935 100 77 des
768 1935 201 77 manuscrits
926 1935 86 77 de
969 1935 86 77 la
998 1935 129 77 Biblio-

153 1994 134 52 thèque
246 1994 80 52 du
286 1994 94 52 roi
340 1994 107 52 dont
407 1994 80 52 il
447 1994 67 52 a
474 1994 94 52 été
527 1994 134 52 chargé
621 1994 80 52 en
661 1994 107 52 1807
728 1994 80 52 et
768 1994 120 52 qu’il
848 1994 147 52 demande
955 1994 67 52 à
969 1994 161 52 continuer.

158 2030 105 59 23598
228 2030 129 59 MÉRIMÉE
322 2030 164 59 (Prosper),
451 2030 129 59 célèbre
544 2030 152 59 écrivain,
661 2030 70 59 de
696 2030 129 59 l’Acad,
790 2030 82 59 fr.
837 2030 105 59 L.
907 2030 140 59 as.
1012 2030 58 59 à
1024 2030 105 59 Stephen

154 2082 76 48 de
192 2082 76 48 La
230 2082 177 48 Madeleine,
369 2082 63 48 2
394 2082 76 48 p.
432 2082 88 48 1/2
482 2082 113 48 in-8.
558 2082 164 48 Curieuse.
684 2082 63 48 2
697 2082 50 48 50

149 2113 101 55 23599
216 2113 90 55 MÉRY
273 2113 147 55 (Joseph),
385 2113 124 55 célèbre
476 2113 113 55 poëte.
554 2113 169 55 Lon
690 2113 79 55 s.i
735 2113 68 55 (à
769 2113 101 55 Roger
836 2113 68 55 de
870 2113 158 55 Beauvoir);
983 2113 56 55 Mo-

157 2156 106 57 naco,
228 2156 59 57 8
251 2156 106 57 janv.
322 2156 106 57 1865,
392 2156 59 57 4
416 2156 70 57 p.
451 2156 82 57 pl.
498 2156 106 57 in-8.
568 2156 59 57 4
580 2156 47 57 50
