1162 2221
570 6 47 56 —
588 6 47 56 4
598 6 28 56 —

146 65 102 55 23556
214 65 137 55 EUGÈNIE;
316 65 171 55 Impératrice
453 65 80 55 des
499 65 148 55 Français.
613 65 102 55 L.
681 65 137 55 s..
783 65 137 55 contres.
886 65 80 55 par
920 65 205 55 Damas

139 110 197 41 nard
299 110 74 41 au
336 110 148 41 cardinal
447 110 160 41 Clarelli;
570 110 123 41 Paris,
656 110 74 41 28
693 110 111 41 févr.
767 110 111 41 1865,
841 110 86 41 1/2
891 110 74 41 p.
928 110 160 41 (in-fol.,
1039 110 86 41 enve-

139 146 192 49 foppe
267 146 128 49 êt
331 146 235 49 cachet.
502 146 299 49 Superbe
736 146 299 49 pièce.
971 146 128 49 25
1014 146 64 49 »

151 176 122 51 23557
233 176 149 51 FAUCHET
342 176 177 51 (Claude),
477 176 149 51 célèbre
586 176 244 51 conventionnel,
790 176 136 51 évêque
885 176 258 51 constitutionnel
1088 176 41 51 d

145 217 162 44 Calyados,
269 217 150 44 décapité
382 217 100 44 avec
444 217 87 44 les
494 217 175 44 Girondins.
632 217 162 44 Molion
757 217 75 44 de
794 217 125 44 l’abbé
882 217 200 44 Fauchet,
1032 217 87 44 pièce

133 254 213 40 autogr.;
293 254 196 40 (1790),
436 254 124 40 3/4
507 254 107 40 de
560 254 107 40 p.
613 254 160 40 in-4.
720 254 89 40 4
738 254 71 40 50

178 287 125 44 Pièce
261 287 180 44 curieuse,
400 287 83 44 où
441 287 83 44 il
483 287 152 44 demande
593 287 125 44 qu’on
676 287 194 44 s’applique
828 287 69 44 à
856 287 152 44 établir
967 287 97 44 une
1008 287 111 44 pleine

141 321 212 43 intelligence
313 321 79 43 et
353 321 93 43 une
406 321 159 43 parfaite
525 321 159 43 concorde
644 321 119 43 entre
724 321 199 43 l’Assemblée
883 321 79 43 et
922 321 93 43 les
962 321 159 43 districts.

148 367 122 37 23558
230 367 135 37 FLOTOW
324 367 203 37 (Ferdinand,
487 367 122 37 baron
568 367 108 37 de),
636 367 149 37 célèbre
744 367 203 37 compositeur
906 367 81 37 de
947 367 162 37 musique,
1055 367 68 37 au-

150 396 101 41 teur
214 396 76 41 de
252 396 190 41 Martha.
404 396 76 41 L.
441 396 165 41 as.,
568 396 76 41 en
606 396 152 41 français
720 396 76 41 (à
758 396 76 41 M.
796 396 76 41 de
834 396 241 41 Saint-Georges);
1024 396 101 41 Schwe-

148 424 97 60 rin,
208 424 73 60 15
245 424 109 60 avril
317 424 109 60 1858,
390 424 60 60 3
414 424 73 60 p.
450 424 109 60 in-8.
523 424 60 60 5
535 424 36 60 »

177 455 166 55 Charmante
305 455 140 55 épître,
407 455 76 55 où
445 455 76 55 il
483 455 76 55 le
521 455 153 55 félicite
636 455 178 55 chaudement
776 455 89 55 sur
827 455 76 55 le
865 455 127 55 succès
954 455 76 55 de
980 455 140 55 La

142 501 268 45 Magicienne
374 501 73 45 et
410 501 73 45 le
447 501 98 45 prie
508 501 73 45 de
544 501 159 45 présenter
666 501 85 45 ses
715 501 207 45 félicitations
886 501 61 45 à
898 501 110 45 Halévy.

142 541 131 39 23559
230 541 175 39 FRANÇOIS
361 541 102 39 Ier
419 541 175 39 empereur
550 541 233 39 d’Allemagne,
739 541 102 39 duc
798 541 87 39 de
841 541 189 39 Lorraine,
987 541 131 39 époux
1060 541 58 39 de

147 577 227 45 Marie-Thérèse.
336 577 113 45 L.
412 577 151 45 s.,
525 577 76 45 en
563 577 164 45 français,
689 577 101 45 avec
752 577 76 45 la
790 577 176 45 souscript.
928 577 113 45 aut.,
1004 577 76 45 au
1029 577 88 45 Pape;

154 604 121 52 ienne,
239 604 61 52 7
263 604 109 52 avril
336 604 109 52 1729,
408 604 61 52 2
432 604 73 52 p.
469 604 133 52 in-fol.
566 604 61 52 5
578 604 36 52 »

170 624 85 65 Il
212 624 99 65 lui
269 624 155 65 annonce
382 624 85 65 la
424 624 113 65 mort
495 624 85 65 de
537 624 99 65 son
594 624 113 65 père
664 624 184 65 (Léopold,
805 624 99 65 duc
862 624 85 65 de
904 624 198 65 Lorraine),
1045 624 71 65 ar-

145 676 128 51 rivée
230 676 85 51 le
273 676 85 51 27
316 676 114 51 mars
372 676 100 51 1729.

153 696 94 65 23560
215 696 126 65 FRANÇOIS
310 696 63 65 DE
341 696 94 65 SALES
404 696 126 65 (Saint),
499 696 147 65 l’illustre
614 696 105 65 évêque
688 696 63 65 de
719 696 115 65 Genève.
803 696 94 65 L.
866 696 84 65 a.
919 696 63 65 s.
940 696 31 65 à

145 755 86 43 M.
188 755 158 43 Bonier,
303 755 202 43 conseiller
461 755 86 43 du
505 755 101 43 duc
562 755 86 43 de
605 755 158 43 Savoie,
721 755 72 43 à
750 755 187 43 Chambéry;
894 755 158 43 Annecy,
1009 755 86 43 23
1038 755 86 43 oct.

152 780 112 52 1603,
226 780 62 52 1
251 780 74 52 p.
288 780 136 52 in-fol.
387 780 124 52 Légère
474 780 136 52 coupure
573 780 198 52 n’atteignant
734 780 87 52 pas
784 780 74 52 le
821 780 124 52 texte.
908 780 87 52 125
945 780 37 52 »

172 816 238 45 Intéressante
365 816 163 45 épître,
484 816 104 45 par
544 816 178 45 laquelle
677 816 104 45 il.
737 816 104 45 lui
796 816 178 45 demande,
930 816 104 45 une
989 816 119 45 note
1049 816 74 45 des

138 849 153 52 comptes
249 849 97 52 qui
305 849 97 52 ont
361 849 97 52 été
416 849 97 52 vus
472 849 70 52 à
500 849 139 52 Thonon
597 849 167 52 touchant
722 849 83 52 la
764 849 250 52 Sainte-Maison,
973 849 111 52 pour
1029 849 97 52 l’en-

151 890 116 46 oyer
223 890 87 46 au
252 890 188 46 Saint

141 905 116 59 23561
219 905 129 59 GÉRARD
309 905 155 59 (Jules),
426 905 168 59 intrépide
555 905 155 59 voyageur
671 905 155 59 surnommé
788 905 116 59 le
865 905 116 59 Tueur
943 905 78 59 de
969 905 155 59 lions

144 946 87 70 >L.
193 946 75 70 a.
231 946 75 70 s.
268 946 62 70 à
293 946 75 70 M.
330 946 137 70 Rabert;
430 946 124 70 Paris,
517 946 75 70 10
554 946 112 70 févr.
629 946 112 70 1860,
703 946 62 70 3
728 946 75 70 p.
765 946 87 70 pl.
815 946 112 70 in-8.
890 946 62 70 4
902 946 50 70 50

174 992 165 55 Curieuse
298 992 137 55 épître
394 992 96 55 sur
449 992 82 55 la
490 992 206 55 publication
654 992 82 55 de
696 992 96 55 son
750 992 151 55 ouvrage
860 992 96 55 sur
901 992 165 55 l’Algérie.

141 1036 125 45 23562
224 1036 139 45 GÉRARD
322 1036 83 45 DE
363 1036 153 45 NERVAL,
474 1036 153 45 célèbre
585 1036 222 45 littérateur,
766 1036 111 45 mort
835 1036 97 45 par
891 1036 153 45 suicide
1002 1036 83 45 en
1030 1036 97 45 1855.

148 1072 103 45 L.
216 1072 115 45 a
297 1072 69 45 s.
331 1072 57 45 à
354 1072 69 45 M.
388 1072 69 45 de
423 1072 206 45 Saint-Georges;
595 1072 69 45 19
629 1072 80 45 mai
675 1072 126 45 (1849),
767 1072 57 45 3
790 1072 69 45 p.
824 1072 115 45 in-12.
905 1072 69 45 15
928 1072 34 45 »

180 1108 234 45 Très-curieuse
373 1108 137 45 épître
469 1108 96 45 sur
524 1108 82 45 un
565 1108 234 45 opéra-comique
757 1108 124 45 qu’il
840 1108 151 45 faisait
949 1108 110 45 avec
1004 1108 124 45 Alboize

142 1144 92 40 (il
194 1144 131 40 s’agit
286 1144 92 40 des
339 1144 302 40 Monténégrins
601 1144 197 40 représentés
759 1144 79 40 en
798 1144 131 40 1849),
890 1144 79 40 Il
929 1144 184 40 communique
1060 1144 66 40 se-

142 1176 180 38 crètement
280 1176 83 38 le
322 1176 180 38 manuscrit
460 1176 69 38 à
488 1176 83 38 M.
529 1176 83 38 de
571 1176 249 38 Saint-Georges,
778 1176 111 38 afin
847 1176 138 38 qu’il,
944 1176 83 38 le
972 1176 152 38 retouche.

140 1217 104 44 «Il
200 1217 119 44 faut
274 1217 193 44 concevoir
422 1217 104 44 ici
482 1217 104 44 non
541 1217 89 44 un
586 1217 267 44 opéra-comique,
808 1217 119 44 mais
883 1217 89 44 un
927 1217 134 44 drame
1001 1217 134 44 lyrique

144 1240 138 51 comme
236 1240 276 51 Haydée
466 1240 138 51 comme
542 1240 215 51 Zampa

152 1261 125 59 23563
235 1261 125 59 GODOY
319 1261 111 59 (Don
388 1261 139 59 Manuel
486 1261 111 59 de),
555 1261 139 59 prince
652 1261 83 59 de
694 1261 83 59 la
736 1261 125 59 Paix,
819 1261 139 59 fameux
917 1261 167 59 ministre
1028 1261 97 59 espa-

143 1317 116 51 gnol.
221 1317 168 51 L
350 1317 78 51 s,
389 1317 78 51 au
428 1317 116 51 comte
505 1317 78 51 de
544 1317 168 51 Kageneck;
673 1317 168 51 Aranjuez,
803 1317 78 51 20
841 1317 103 51 déc.
906 1317 116 51 1794,
984 1317 65 51 3
1010 1317 78 51 p.
1035 1317 91 51 in

1027 1348 130 45 4
1053 1348 78 45 »

156 1365 109 62 23564
228 1365 121 62 GOETHE
313 1365 84 62 (J,
361 1365 97 62 W.),
421 1365 72 62 le
458 1365 109 62 plus,
530 1365 109 62 grand
602 1365 145 62 écrivain
711 1365 72 62 de
747 1365 193 62 l’Allemagne.
904 1365 72 62 L.
940 1365 84 62 s.,
977 1365 72 62 avec

147 1419 74 52 la
184 1419 173 52 souscript.
319 1419 148 52 autogr.;
430 1419 136 52 Weimar,
529 1419 74 52 16
566 1419 111 52 avril
640 1419 111 52 1819,
714 1419 86 52 1/2
764 1419 74 52 p.
801 1419 111 52 in-4.
875 1419 111 52 Jolie
936 1419 99 52 pièce.

1039 1454 93 48 7
1057 1454 74 48 50

445 1477 74 56 23565
494 1477 90 56 GOLDONI
560 1477 115 56 (Charles),
650 1477 49 56 le
674 1477 66 56 plus
715 1477 74 56 grand
764 1477 82 56 auteur
822 1477 90 56 comique
887 1477 49 56 de
912 1477 107 56 l’Italie.
994 1477 74 56 L.
1043 1477 82 56 a
1092 1477 33 56 s.

439 1526 49 43 à
459 1526 59 43 S.
488 1526 117 43 Exc.....
576 1526 98 43 Paris;
645 1526 59 43 31
674 1526 88 43 avril
733 1526 88 43 1764,
791 1526 49 43 2
811 1526 59 43 p.
840 1526 68 43 pl.
879 1526 88 43 in-4.
938 1526 147 43 Très-légère
1046 1526 78 43 déchi-

157 1555 102 49 chirure.
234 1555 51 49 20
251 1555 26 49 »

186 1587 291 58 Très-intéressante
436 1587 139 58 lettre
533 1587 153 58 d’envoi
644 1587 125 58 d’une
727 1587 83 58 de
769 1587 97 58 ses
825 1587 167 58 comédies
950 1587 97 58 sur
991 1587 139 58 laquelle

147 1613 81 50 il
188 1613 122 50 donne
269 1613 81 50 de
310 1613 149 50 curieux
405 1613 135 50 détails.

152 1660 111 53 23566
225 1660 123 53 GOUNOD
311 1660 172 53 (Charles),
447 1660 135 53 célèbre
545 1660 184 53 compositeur
693 1660 74 53 de
729 1660 147 53 musique,
840 1660 123 53 auteur
926 1660 74 53 de
951 1660 184 53 Faust

153 1700 133 42 membre
246 1700 80 42 de
286 1700 200 42 l’Institut.
446 1700 120 42 L.
526 1700 133 42 a
619 1700 80 42 s.
659 1700 80 42 (à
699 1700 80 42 M.
739 1700 80 42 de
779 1700 253 42 Saint-Georges);
978 1700 147 42 Arcachon,

135 1732 134 46 6
189 1732 242 46 sept.
350 1732 242 46 1859,
511 1732 134 46 2
565 1732 161 46 p.
645 1732 188 46 1/2
753 1732 242 46 in-8.
914 1732 134 46 6
941 1732 107 46 50

180 1771 178 41 Charmante
317 1771 151 41 épître,
427 1771 82 41 où
468 1771 82 41 il
509 1771 96 41 lui
564 1771 151 41 demande
674 1771 82 41 de
715 1771 96 41 ses
770 1771 192 41 nouvellés.
920 1771 82 41 Il
962 1771 123 41 vient
1030 1771 96 41 d’ap-

156 1810 141 43 prendre
259 1810 116 43 qu’on
336 1810 77 43 va
375 1810 167 43 reprendre
503 1810 206 43 Eaust
670 1810 77 43 au
709 1810 141 43 théâtre
812 1810 154 43 Lyrique:
927 1810 77 43 il
966 1810 103 43 prie
1017 1810 103 43 Saint-

151 1842 150 41 Georges
260 1842 82 41 de
301 1842 191 41 l’informer
451 1842 82 41 de
492 1842 218 41 l’exactitude
669 1842 82 41 de
710 1842 82 41 ce
737 1842 109 41 bruit.

156 1874 121 51 23567
236 1874 175 51 GRANVELLE
371 1874 161 51 (Nicolas
491 1874 175 51 PERRENOT,
626 1874 121 51 sieur
706 1874 107 51 de),
774 1874 134 51 habile
868 1874 188 51 diplomate,
1002 1874 121 51 chance-

151 1912 114 38 lier
222 1912 85 38 de
264 1912 241 38 Charles-Quint
463 1912 85 38 et
506 1912 99 38 son
562 1912 284 38 plénipotentiaire
804 1912 71 38 à
832 1912 85 38 la
875 1912 199 38 Gonférence
1031 1912 85 38 de
1059 1912 71 38 Ca-

145 1944 128 35 lais,
230 1944 85 35 né
273 1944 71 35 à
301 1944 142 35 Ornans
401 1944 171 35 (Doubs).
529 1944 85 35 L.
572 1944 114 35 s..,
643 1944 114 35 avec
714 1944 85 35 la
757 1944 199 35 souscript.
913 1944 142 35 autogr
1013 1944 85 35 au
1042 1944 85 35 mar-

162 1974 80 55 quis
212 1974 70 55 del
252 1974 99 55 Vasto;
321 1974 119 55 Bologne,
411 1974 50 55 8
430 1974 80 55 oct.
480 1974 89 55 1541,
540 1974 70 55 3/4
580 1974 60 55 de
609 1974 60 55 p.
639 1974 119 55 in-fol.,
729 1974 99 55 cachet
788 1974 60 55 bien

164 2009 99 39 conservé.
240 2009 121 39 Rare
339 2009 46 39 12
354 2009 23 39 »

282 2035 70 66 23568
329 2035 70 66 GREEN
375 2035 124 66 (Nathanael),
476 2035 85 66 célèbre
538 2035 85 66 général
600 2035 108 66 américain,
685 2035 46 66 un
708 2035 54 66 des
739 2035 70 66 héros
786 2035 46 66 de
801 2035 31 66 la

160 2077 58 52 guerre
201 2077 35 52 de
218 2077 110 52 l’Indépendance,
310 2077 40 52 ami
333 2077 35 52 de
351 2077 86 52 Washington.
420 2077 63 52 Réponse
466 2077 35 52 de
483 2077 29 52 6
489 2077 46 52 lignes

166 2104 59 63 autogr.
209 2104 43 63 sig.
235 2104 32 63 au
251 2104 38 63 bas
273 2104 48 63 d’une
305 2104 54 63 lettre
342 2104 27 63 à
353 2104 38 63 lui
375 2104 70 63 adressée:
428 2104 32 63 25
444 2104 43 63 mars
471 2104 48 63 1783,
503 2104 27 63 2
509 2104 21 63 p.

154 2142 93 56 in-4.
216 2142 145 56 Très-raré.
330 2142 62 56 18
351 2142 31 56 »
