1104 2232
530 7 85 57 —
564 7 102 57 14
598 7 51 57 —

125 63 181 64 s.,
267 63 78 64 en
306 63 168 64 allemand,
435 63 65 64 à
461 63 78 64 M.
500 63 129 64 Collin
591 63 103 64 (son
655 63 207 64 précepteur);
823 63 207 64 Persembourg,
992 63 78 64 23
1017 63 91 64 août,

124 109 61 46 2
148 109 73 46 p.
185 109 86 46 1/2
234 109 110 46 in-8,
307 109 98 46 avec
369 109 171 46 traduction
503 109 171 46 française.
638 109 73 46 75
662 109 37 46 »

148 150 185 39 Charmante
290 150 156 39 épître,
404 150 85 39 où
446 150 85 39 il
489 150 99 39 lui
546 150 156 39 raconte
659 150 227 39 agréablement
844 150 99 39 ses
901 150 171 39 exploits
1029 150 71 39 à
1043 150 57 39 la

117 176 161 45 chasse,
235 176 88 45 où
279 176 88 45 il
323 176 176 45 montait,
455 176 132 45 comme
543 176 191 45 toujours,
689 176 103 45 son
748 176 205 45 bucéphale.
909 176 88 45 Il
953 176 103 45 lui
997 176 103 45 parle

117 215 152 42 ensuite
228 215 83 42 de
269 215 97 42 ses
325 215 152 42 études,
436 215 83 42 et
477 215 97 42 lui
532 215 152 42 annonce
643 215 125 42 qu’il
726 215 152 42 apprend
837 215 111 42 avec
906 215 138 42 ardeur
989 215 111 42 l’his-

125 246 121 45 toire
205 246 81 45 de
245 246 81 45 la
286 246 175 45 Babylonie
420 246 81 45 et
460 246 81 45 de
501 246 81 45 la
528 246 107 45 Syrie.

119 278 111 50 20176
193 278 148 50 NAPOLÉON
303 278 98 50 III,
365 278 148 50 empereur
476 278 86 50 des
525 278 160 50 Français.
648 278 111 50 L.
722 278 74 50 a.
759 278 123 50 s.
845 278 62 50 à
869 278 86 50 son
919 278 111 50 père.
980 278 111 50 Arenen-

120 317 115 36 berg,
197 317 77 36 30
236 317 141 36 juillet
338 317 115 36 1832,
415 317 64 36 1
441 317 77 36 p.
479 317 90 36 3/4
531 317 115 36 in-4,
608 317 128 36 cachet
698 317 77 36 de
736 317 128 36 deuil.
826 317 77 36 70
852 317 38 36 »

150 352 151 43 Superbe
260 352 138 43 lettre
357 352 165 43 relative
481 352 69 43 à
508 352 138 43 lamort
604 352 83 43 du
646 352 96 43 duc
701 352 83 43 de
742 352 193 43 Reichstadt
894 352 179 43 (Napoléon
1017 352 83 43 II).

117 386 137 47 «Quel
208 386 167 47 malheur
329 386 106 47 que
390 386 91 47 de
435 386 137 47 voir)
527 386 91 47 le
572 386 121 47 fils
648 386 121 47 d’un
724 386 137 47 grand
815 386 137 47 homme
906 386 152 47 mourir
1012 386 76 47 à
1027 386 61 47 la

124 421 111 46 leur
194 421 83 46 de
235 421 139 46 l’âge,
333 421 181 46 lorsqu’il
472 421 125 46 était
555 421 111 46 doué
624 421 97 46 des
680 421 167 46 qualités
805 421 97 46 les
861 421 111 46 plus
916 421 167 46 brillantes

113 453 130 39 C’est
199 453 87 39 un
243 453 159 39 malheur
359 453 188 39 sensible,
503 453 246 39 non-seulement
706 453 116 39 pour
778 453 87 39 sa
822 453 174 39 famille,
952 453 116 39 mais
1010 453 87 39 pour

113 482 126 40 toute
197 482 182 40 l’Europe.
337 482 126 40 Quand
421 482 70 40 à
449 482 126 40 nous,
533 482 112 40 cela
603 482 112 40 nous
672 482 98 40 ôte
728 482 126 40 aussi
812 482 168 40 l’espoir
938 482 84 40 de
966 482 126 40 retour-

114 525 92 51 ner
167 525 106 51 dans
233 525 119 51 notre
312 525 145 51 patrie,
417 525 92 51 car
470 525 92 51 lui
523 525 106 51 seul
589 525 92 51 eût
641 525 79 51 pu
681 525 145 51 rallier
787 525 106 51 tous
853 525 92 51 les
905 525 145 51 partis.
998 525 92 51 C’est

99 545 201 41 affreux!...»

352 575 101 71 20177
419 575 191 71 NASSAU-SIEGEN
577 575 90 71 (Ch.
633 575 68 71 H.
667 575 79 71 Nas
712 575 101 71 OTHoN
780 575 113 71 prince
859 575 90 71 de),
915 575 124 71 célèbre
1005 575 79 71 par
1039 575 56 71 ses

116 608 144 69 voyages
221 608 79 69 et
260 608 92 69 ses
312 608 183 69 nombreuses
456 608 183 69 aventures.
600 608 118 69 L.
679 608 79 69 a.
718 608 131 69 s.
810 608 65 69 à
836 608 131 69 Madame
928 608 105 69 ...,
980 608 118 69 Léopol,

122 652 42 44 13
143 652 63 44 avril
185 652 63 44 1786,
227 652 35 44 1
241 652 42 44 p.
261 652 49 44 pl.
289 652 63 44 in-4.
331 652 35 44 3
338 652 28 44 50

127 678 118 62 20178.
210 678 118 62 NISARD
292 678 153 62 (Désiré),
410 678 129 62 célèbre
504 678 153 62 critique,
621 678 118 62 membre
704 678 71 62 de
739 678 129 62 l’Acad.
833 678 82 62 fr.
880 678 106 62 L.
951 678 71 62 a.
986 678 118 62 s.
1057 678 35 62 à

127 723 101 45 aul
184 723 173 45 Lacroix;
314 723 130 45 1833,
401 723 72 45 1
430 723 87 45 p.
473 723 101 45 pl.
531 723 130 45 in-8.
618 723 173 45 Relative
748 723 72 45 à
777 723 101 45 une
835 723 159 45 boutade
950 723 145 45 contre
1037 723 58 45 la

114 756 158 47 littérature
241 756 116 47 facile.
326 756 53 47 2
336 756 32 47 »

124 792 109 47 20179
196 792 121 47 NODIER
281 792 169 47 (Charles),
414 792 193 47 littérateur,
571 792 121 47 membre
655 792 72 47 de
691 792 133 47 l’Acad.
788 792 85 47 fr.
836 792 109 47 L.
909 792 72 47 a.
945 792 121 47 s.
1030 792 60 47 à
1042 792 48 47 un

117 824 92 48 ami,
175 824 81 48 3/4
221 824 69 48 de
256 824 69 48 p.
291 824 104 48 in-4.
360 824 58 48 4
372 824 46 48 50

141 859 168 40 Curieuse
267 859 154 40 lettre,
379 859 84 40 où
421 859 84 40 il
463 859 182 40 s’excuse;
603 859 84 40 vu
646 859 98 40 son
702 859 112 40 état
772 859 84 40 de
814 859 168 40 maladie,
940 859 84 40 de
982 859 84 40 ne
1010 859 84 40 pou-

109 906 117 34 voir
182 906 131 34 faire
270 906 102 34 une
328 906 160 34 préface
445 906 102 34 aux
503 906 146 34 œuvres
605 906 87 34 de
649 906 102 34 son
707 906 117 34 ami.
780 906 102 34 «Je
838 906 117 34 n’ai
911 906 117 34 plus
969 906 117 34 qu’une

112 934 161 45 préface
229 934 73 45 à
259 934 161 45 écrire,
376 934 132 45 celle
464 934 88 45 du
508 934 146 45 compte
610 934 102 45 que
669 934 88 45 je
712 934 117 45 dois
786 934 88 45 au
830 934 190 45 souverain
976 934 117 45 juge
1034 934 59 45 de

118 962 108 41 ous
179 962 108 41 les
241 962 169 41 hommes,
364 962 92 41 de
410 962 123 41 tant
487 962 92 41 de
533 962 138 41 jours
625 962 184 41 inutiles
763 962 92 41 et
809 962 92 41 de
855 962 123 41 tant
932 962 92 41 de
963 962 123 41 papier

109 995 249 46 perdu.;}»5
287 995 89 46 mn*

113 1034 122 44 20180
195 1034 162 44 NORMANBY
316 1034 149 44 (Const.
424 1034 81 44 H.
465 1034 149 44 PHIPPS,
573 1034 95 44 1er
627 1034 149 44 marquis
735 1034 108 44 de),
802 1034 149 44 célèbre
910 1034 122 44 homme
978 1034 108 44 d’État

114 1073 157 36 anglais,
232 1073 184 36 gouverneur
376 1073 79 36 de
415 1073 184 36 l’Irlande,
560 1073 197 36 ambassadeur
717 1073 79 36 en
756 1073 144 36 France.
861 1073 118 36 L.
940 1073 79 36 a.
966 1073 118 36 s.

105 1105 80 39 en
145 1105 172 39 français;
277 1105 119 39 villa
357 1105 172 39 Normanby,
489 1105 80 39 21
529 1105 106 39 août
595 1105 146 39 (1858),
701 1105 66 39 3
728 1105 80 39 p.
767 1105 119 39 in-8.
847 1105 66 39 2
860 1105 53 39 50

142 1136 166 56 Relative
267 1136 69 56 à
294 1136 97 56 son
350 1136 124 56 livre
433 1136 97 56 sur
488 1136 83 56 la
529 1136 194 56 révolution
682 1136 83 56 de
709 1136 97 56 1848.

116 1180 110 44 20181
189 1180 135 44 NOURRIT
287 1180 123 44 (Ad.),
373 1180 135 44 célèbre
472 1180 147 44 chanteur
582 1180 74 44 du
619 1180 209 44 Grand--Opéra.
791 1180 110 44 L.
864 1180 74 44 a.
901 1180 110 44 s
975 1180 61 44 à
987 1180 98 44 Chéru-

92 1214 230 50 bini;
246 1214 205 50 Lyon
374 1214 230 50 1834,
528 1214 128 50 1
579 1214 154 50 p.
656 1214 179 50 pl.
758 1214 230 50 in-4.
912 1214 128 50 3
937 1214 77 50 »

105 1256 105 53 20182
175 1256 128 53 ORLÉANS
268 1256 163 53 (Philippe,
396 1256 81 53 duc
442 1256 93 53 d’),
500 1256 116 53 régent
582 1256 70 53 de
616 1256 128 53 France.
709 1256 105 53 L.
779 1256 70 53 a.
814 1256 128 53 s.
907 1256 58 53 2
930 1256 70 53 p.
965 1256 81 53 pl.
1000 1256 81 53 in

106 1288 75 47 Jolie
156 1288 92 47 lettre.
222 1288 133 47 Rare
330 1288 50 47 30
347 1288 25 47 »

115 1322 104 47 20183
185 1322 128 47 ORLÉANS
278 1322 81 47 (L.
324 1322 81 47 Ph.
371 1322 70 47 Ju
405 1322 93 47 d’),
463 1322 81 47 dit
510 1322 220 47 Egalité,
695 1322 209 47 conventionnel,
869 1322 139 47 décapité
974 1322 70 47 en
997 1322 81 47 1794.

109 1359 108 40 L.
181 1359 72 40 a.
217 1359 120 40 s.
301 1359 72 40 au
337 1359 132 40 mal...;
433 1359 120 40 Paris,
517 1359 72 40 24
553 1359 96 40 nov.
613 1359 108 40 1785,
685 1359 60 40 1
709 1359 72 40 p.
745 1359 84 40 pl.
793 1359 108 40 in-4.
865 1359 192 40 Rare
1021 1359 72 40 22
1045 1359 36 40 »

129 1393 176 39 Curieuse.
265 1393 81 39 Il
306 1393 109 39 prie
374 1393 81 39 le
414 1393 163 39 maréchal
536 1393 203 39 d’expliquer
699 1393 81 39 au
740 1393 95 39 roi
794 1393 122 39 qu’il
876 1393 95 39 lui
930 1393 95 39 est
970 1393 109 39 impos-

110 1428 121 40 ible
186 1428 212 40 d’accepter
352 1428 91 40 le
398 1428 243 40 gouvernement
595 1428 91 40 du
640 1428 197 40 Dauphiné,
792 1428 136 40 parce
883 1428 136 40 qu’il
974 1428 76 40 y
1004 1428 76 40 a
1019 1428 61 40 un

101 1463 141 45 brevet
200 1463 85 45 de
242 1463 155 45 retenue
355 1463 85 45 de
397 1463 155 45 900,000
496 1463 127 45 livres.

107 1498 123 43 20184
189 1498 150 43 ORLÉANS
298 1498 95 43 (L.
352 1498 82 43 M.
393 1498 163 43 Adélaïde
516 1498 82 43 de
557 1498 163 43 Bourbon,
679 1498 163 43 duchesse
802 1498 109 43 d’),
870 1498 109 43 mère
938 1498 82 43 de
965 1498 109 43 Louis-

101 1531 169 40 Philippe.
231 1531 117 40 L.
309 1531 78 40 a.
348 1531 130 40 s.
439 1531 65 40 à
465 1531 78 40 M.
504 1531 78 40 le
543 1531 117 40 comte
620 1531 104 40 ...,
685 1531 78 40 27
724 1531 117 40 avril
802 1531 117 40 1818,
880 1531 65 40 1
906 1531 78 40 p.
945 1531 91 40 3/4
984 1531 91 40 in

985 1568 96 39 6
1004 1568 77 39 50

129 1601 167 47 Curieuse
254 1601 83 47 et
296 1601 181 47 très-vive
435 1601 153 47 lettre,
546 1601 83 47 où
588 1601 111 47 elle
657 1601 83 47 se
699 1601 139 47 plaint
796 1601 181 47 amèrement
935 1601 83 47 de
977 1601 83 47 ce
1005 1601 69 47 que

105 1638 68 37 e
133 1638 149 37 Conseil
241 1638 149 37 veuille
349 1638 81 37 la
389 1638 189 37 dépouiller
538 1638 81 37 de
579 1638 81 37 ce
619 1638 95 37 que
673 1638 95 37 les
727 1638 270 37 révolutionnaires
943 1638 68 37 ont

93 1669 226 51 constamment
258 1669 166 51 respecté.

112 1713 108 46 20185
184 1713 132 46 ORLÉANS
280 1713 252 46 (Marie-Clémentine
496 1713 96 46 d’),
556 1713 156 46 princesse
676 1713 72 46 de
712 1713 204 46 Saxe-Cobourg.
880 1713 108 46 L.
952 1713 72 46 a.
976 1713 96 46 s.

102 1747 70 45 à
130 1747 98 45 une
186 1747 126 45 amie;
270 1747 168 45 Cobourg,
395 1747 84 45 12
437 1747 126 45 avril
521 1747 126 45 1847,
605 1747 70 45 2
633 1747 84 45 p.
675 1747 98 45 1/2
731 1747 126 45 in-8.
815 1747 196 45 Très-jolie
954 1747 112 45 lettre

103 1779 67 48 où
136 1779 89 48 elle
192 1779 123 48 appelle
281 1779 190 48 Palmerston
438 1779 67 48 le
471 1779 100 48 génie
538 1779 67 48 du
572 1779 134 48 mal
683 1779 56 48 5
694 1779 45 48 50

104 1812 113 52 20186
180 1812 138 52 OUDINOT
281 1812 101 52 (Ch.
344 1812 101 52 N.),
406 1812 88 52 duc
457 1812 76 52 de
495 1812 138 52 Reggio,
595 1812 151 52 maréchal
708 1812 76 52 de
746 1812 138 52 France.
847 1812 113 52 L.
922 1812 76 52 a.
960 1812 126 52 s.
1036 1812 50 52 au

93 1848 160 42 général
210 1848 160 42 Ambert;
326 1848 175 42 Turquem,
457 1848 87 42 an
501 1848 87 42 V,
544 1848 73 42 1
573 1848 87 42 p.
617 1848 102 42 pl.
675 1848 160 42 in-fol.
792 1848 131 42 Belle
879 1848 145 42 lettre
966 1848 102 42 mili-

113 1884 68 41 taire.
161 1884 34 41 5
168 1884 20 41 »

100 1916 111 50 20187
174 1916 123 50 PACINI
260 1916 136 50 (Jean),
359 1916 136 50 célèbre
457 1916 185 50 compositeur
605 1916 74 50 de
642 1916 136 50 musique
741 1916 148 50 italien.
852 1916 111 50 L.
926 1916 74 50 a.
963 1916 123 50 s.
1037 1916 37 50 à

97 1945 78 61 M.
136 1945 156 61 Orlandi;
253 1945 117 61 1855,
331 1945 91 61 3/4
382 1945 78 61 de
421 1945 78 61 p.
460 1945 117 61 in-8.
538 1945 65 61 4
551 1945 39 61 »

101 1986 84 63 20188
156 1986 74 63 PAER
203 1986 102 63 (Ferd.)
277 1986 102 63 célèbre
352 1986 139 63 compositeur
463 1986 56 63 de
491 1986 112 63 musique,
575 1986 93 63 membre
640 1986 56 63 de
658 1986 121 63 l’Institut.

100 2013 92 65 L.
161 2013 61 65 a.
192 2013 112 65 s.
273 2013 82 65 1838
324 2013 51 65 3
344 2013 61 65 p.
375 2013 92 65 in-4.
436 2013 51 65 3
446 2013 31 65 »

105 2048 70 63 20189
152 2048 70 63 PAPON
199 2048 55 63 (J.
230 2048 62 63 P.),
269 2048 125 63 littérateur,
370 2048 125 63 conservateur
472 2048 47 63 de
495 2048 47 63 la
518 2048 125 63 bibliothèque
620 2048 47 63 de
635 2048 47 63 Mar-

105 2102 79 39 seille
161 2102 48 39 et
184 2102 103 39 historien
264 2102 48 39 de
288 2102 48 39 la
311 2102 103 39 Provence.
391 2102 71 39 L.
438 2102 48 39 a.
462 2102 79 39 s.
518 2102 48 39 17
541 2102 63 39 oct.
581 2102 71 39 1780,
629 2102 40 39 1
645 2102 48 39 p.
660 2102 56 39 in

93 2132 114 51 Envoi
169 2132 76 51 de
207 2132 76 51 la
245 2132 114 51 copie
321 2132 76 51 de
359 2132 63 51 9
385 2132 139 51 lettres
486 2132 76 51 de
524 2132 190 51 Holstenius.
676 2132 63 51 4
689 2132 38 51 »
