1209 2200
567 4 48 54 —
586 4 57 54 12
605 4 29 54 —

139 60 204 62 Inférieurc;
303 60 122 62 Paris
384 60 82 62 an
425 60 122 62 VIII,
506 60 68 62 1
534 60 82 62 p.
574 60 95 62 1/2
629 60 122 62 in-4.
710 60 82 62 Il
751 60 109 62 leur
819 60 109 62 fait
887 60 109 62 part
955 60 82 62 de
996 60 82 62 sa
1023 60 95 62 nomi-

140 107 173 46 nation
261 107 87 46 à
296 107 104 46 la
348 107 243 46 préfecture
538 107 104 46 de
590 107 104 46 la
642 107 364 46 Loire-Inférieure.
954 107 87 46 3
972 107 69 46 50

143 135 132 55 20147
231 135 191 55 LEVASSEUR
378 135 88 55 DE
423 135 88 55 LA
467 135 162 55 SARTHE,
584 135 265 55 conventionnel,
805 135 147 55 auteur
893 135 235 55 d’intéressants

144 177 198 45 Mémoires.
304 177 74 45 L.
341 177 74 45 a.
378 177 124 45 s.
465 177 62 45 à
490 177 74 45 un
527 177 74 45 de
564 177 86 45 ses
613 177 173 45 collègues;
749 177 124 45 Paris,
835 177 74 45 25
873 177 148 45 pluviôse
984 177 74 45 an
1021 177 86 45 II,
1070 177 62 45 2
1083 177 49 45 p.

149 220 68 43 in-4.
195 220 38 43 4
202 220 23 43 »

176 235 153 63 Curieuse
291 235 140 63 lettre,
393 235 102 63 dans
456 235 153 63 laquelle
571 235 76 63 il
609 235 140 63 s’élève
711 235 102 63 avec
775 235 140 63 énergie
876 235 127 63 contre
953 235 178 63 Bazin

144 276 83 54 et
186 276 97 54 ses
241 276 180 54 adhérents
379 276 83 54 et
420 276 138 54 contre
517 276 97 54 les
572 276 193 54 intrigants
724 276 83 54 et
766 276 180 54 patriotes
904 276 83 54 de
945 276 152 54 fraîche
1042 276 83 54 date

146 319 104 48 qui
205 319 163 48 perdent
324 319 89 48 la
354 319 207 48 République.»

150 347 124 49 20148
233 347 124 49 LIBRI
315 347 124 49 (G.),
398 347 137 49 savant
494 347 234 49 mathématicien
686 347 82 49 et
727 347 192 49 astronome,
879 347 137 49 membre
975 347 82 49 de
1002 347 124 49 l’Acad.

150 379 94 49 des
203 379 175 49 sciences.
338 379 121 49 L.
419 379 81 49 a.
459 379 135 49 s.
553 379 67 49 à
580 379 81 49 M.
620 379 81 49 G.
661 379 161 49 Vicaire;
782 379 161 49 Londres,
903 379 81 49 17
943 379 148 49 octobre
1037 379 81 49 1857

156 426 50 47 4
176 426 60 47 p.
206 426 70 47 pl.
246 426 90 47 in-8.
306 426 50 47 5
316 426 30 47 »

48 444 205 61 Très-belle
209 444 146 61 lettre
312 444 88 61 de
356 444 190 61 conseils.
502 444 88 61 Il
546 444 103 61 lui
605 444 146 61 envoie
707 444 103 61 son
766 444 176 61 Essai
898 444 103 61 sur
942 444 190 61 Galilée

155 490 113 51 pour
225 490 99 51 lui
282 490 155 51 prouver
394 490 113 51 «que
465 490 211 51 l’adversité
633 490 183 51 s’attache
774 490 99 51 aux
830 490 113 51 plus
901 490 141 51 grands
985 490 141 51 esprits,

155 522 109 50 mais
223 522 149 50 qu’elle
332 522 81 50 ne
372 522 149 50 réussit
481 522 95 50 pas
535 522 68 50 à
562 522 95 50 les
617 522 190 50 étouffer.»
766 522 81 50 Il
806 522 149 50 ajoute:
915 522 176 50 «Herschel
1037 522 95 50 était

160 560 133 44 forcé
249 560 133 44 comme
338 560 118 44 vous
412 560 89 44 de
456 560 133 44 jouer
545 560 118 44 dans
619 560 89 44 un
663 560 207 44 orchestre,
826 560 89 44 et
871 560 89 44 il
915 560 104 44 est
974 560 163 44 demeuré
1078 560 59 44 le

153 593 123 45 plus
230 593 139 45 grand
322 593 200 45 astronome
476 593 108 45 des
537 593 139 45 temps
614 593 185 45 modernes.»

161 602 110 68 20749
234 602 122 68 LIEBIG
320 602 159 68 (Justus),
442 602 135 68 célèbre
540 602 147 68 chimiste
650 602 159 68 allemand.
772 602 73 68 10
809 602 110 68 L.
882 602 73 68 a.
919 602 122 68 s
1004 602 110 68 1853,
1078 602 61 68 1
1090 602 49 68 p.

164 656 88 47 pl.
215 656 113 47 in-8;
290 656 75 47 2°
327 656 163 47 manuscrit
453 656 100 47 aut.
515 656 88 47 sur
565 656 75 47 la
603 656 125 47 chimie
691 656 138 47 environ
791 656 75 47 25
829 656 75 47 p.
866 656 113 47 in-4.
941 656 63 47 5
954 656 50 47 50

158 672 117 65 20150
236 672 143 65 LINGUET
340 672 91 65 (S.
392 672 91 65 Nas
444 672 104 65 H.),
509 672 130 65 avocat
600 672 78 65 et
639 672 143 65 célèbre
744 672 195 65 publiciste,
900 672 156 65 décapité
1017 672 78 65 en
1043 672 91 65 1794.

163 728 98 50 L.
228 728 65 50 a.
261 728 108 50 s.
337 728 54 50 à
358 728 65 50 M.
391 728 130 50 Bachois,
488 728 54 50 1
510 728 65 50 p.
542 728 98 50 in-4.
607 728 141 50 Curieuse.
716 728 54 50 4
727 728 43 50 50

157 770 84 59 20151
213 770 84 59 LOBAU
268 770 65 59 (G.
306 770 102 59 MOUTON,
380 770 65 59 cte
418 770 75 59 de),
464 770 112 59 maréchal
548 770 56 59 de
576 770 102 59 France.
650 770 84 59 L.
706 770 56 59 a.
734 770 56 59 s.
753 770 121 59 Mouton

158 815 99 39 comme
224 815 88 39 chef
279 815 66 39 de
312 815 132 39 brigade,
411 815 66 39 au
444 815 121 39 général
533 815 110 39 Soult;
610 815 99 39 Gènes
676 815 66 39 an
709 815 99 39 VIII,
775 815 55 39 1
797 815 66 39 p.
819 815 55 39 pl.

166 846 61 52 in-4.
207 846 109 52 Rare
295 846 34 52 5
302 846 27 52 50

196 852 188 69 Très-belle
344 852 148 69 lettre,
451 852 81 69 où
492 852 81 69 il
532 852 81 69 le
573 852 162 69 remercie
694 852 81 69 de
734 852 81 69 sa
774 852 242 69 bienveillance,
976 852 81 69 et
1017 852 121 69 parle
1084 852 54 69 de

159 917 106 36 son
204 917 198 36 avancement.

161 939 124 49 20152
244 939 151 49 LOISEAU
354 939 96 49 (J.
409 939 124 49 Fr.),
491 939 193 49 chirurgien
643 939 151 49 barbier
753 939 138 49 député
849 939 261 49 d’Eure-et-Loire
1069 939 69 49 à
1083 939 55 49 la

163 976 203 46 Convention.
326 976 122 46 L.
407 976 81 46 a.
447 976 81 46 s.
488 976 162 46 Loiseau,
609 976 135 46 député
704 976 257 46 montagnard;
920 976 162 46 brumaire
1041 976 81 46 an
1068 976 68 46 II,

164 1015 59 50 2
188 1015 71 50 p.
223 1015 83 50 1/2
270 1015 106 50 in-4.
341 1015 201 50 Très-curieuse
507 1015 130 50 lettre.
601 1015 59 50 4
613 1015 47 50 50

172 1043 106 59 20153
243 1043 106 59 LOUIS
314 1043 118 59 XVIII,
396 1043 83 59 roi
444 1043 71 59 de
479 1043 130 59 France.
573 1043 106 59 L.
644 1043 71 59 a.
680 1043 118 59 s.
762 1043 71 59 au
798 1043 83 59 duc
845 1043 94 59 ...;
904 1043 130 59 Mittau,
998 1043 83 59 1er
1034 1043 106 59 juillet

169 1084 108 55 1807,
241 1084 84 55 3/4
289 1084 72 55 de
326 1084 72 55 p.
362 1084 108 55 in-4.
434 1084 108 55 Belle
506 1084 133 55 lettre.
603 1084 72 55 13
627 1084 36 55 »

172 1101 108 65 20154
244 1101 215 65 LOUIS-PHILIPPE
423 1101 84 65 Ier
471 1101 84 65 roi
519 1101 84 65 des
566 1101 155 65 Français.
686 1101 108 65 L.
758 1101 72 65 a.
793 1101 120 65 s
877 1101 72 65 au
913 1101 155 65 comte...;
1021 1101 120 65 Neuilly,

170 1161 96 48 1er
225 1161 110 48 oct.
294 1161 123 48 1824,
376 1161 69 48 1
403 1161 82 48 p.
444 1161 96 48 1/2
499 1161 123 48 in-4,
581 1161 110 48 pap.
650 1161 82 48 de
691 1161 137 48 deuil.
787 1161 192 48 Très-jolie
938 1161 137 48 lettre
1033 1161 82 48 de
1061 1161 82 48 con-

166 1191 141 50 doléances.
277 1191 60 50 18
297 1191 30 50 »

170 1212 108 58 20155
242 1212 131 58 LUCKNER
337 1212 167 58 (Nicolas),
469 1212 143 58 maréchal
576 1212 72 58 de
612 1212 131 58 France,
708 1212 143 58 décapité
815 1212 72 58 en
851 1212 96 58 l’an
911 1212 84 58 II.
959 1212 108 58 L.
1030 1212 72 58 a.
1054 1212 84 58 s

165 1258 81 57 au
205 1258 108 57 cit.
272 1258 189 57 Jourdeuil;
421 1258 135 57 maison
515 1258 148 57 d’arrêt
623 1258 81 57 de
663 1258 175 57 l’abbaye,
798 1258 67 57 8
825 1258 162 57 frimaire
946 1258 81 57 an
987 1258 94 57 II,
1041 1258 67 57 1
1054 1258 54 57 p.

173 1301 60 47 3/4
208 1301 95 47 in-fol.
277 1301 181 47 Très-rare
432 1301 52 47 15
449 1301 26 47 »

199 1315 129 77 Très-belle
300 1315 92 77 lettre
364 1315 83 77 toute
419 1315 110 77 relative
502 1315 46 77 à
521 1315 55 77 sa
548 1315 165 77 justification,
686 1315 55 77 et
714 1315 55 77 où
741 1315 55 77 il
769 1315 110 77 proteste
842 1315 37 77 de

163 1358 102 68 son
222 1358 204 68 dévouement
382 1358 73 68 à
411 1358 87 68 la
440 1358 131 68 patrie.

174 1396 114 62 20156
250 1396 177 62 MACKINTOSH
389 1396 101 62 (Sir
452 1396 139 62 James),
553 1396 139 62 célèbre
654 1396 139 62 orateur
755 1396 76 62 et
793 1396 177 62 publiciste
932 1396 139 62 libéral
1021 1396 126 62 anglais.

175 1444 92 44 L.
236 1444 61 44 a.
267 1444 102 44 s.
338 1444 51 44 à
359 1444 61 44 M.
390 1444 113 44 Cooper,
471 1444 51 44 1
492 1444 61 44 p.
523 1444 92 44 in-8.
584 1444 51 44 2
594 1444 41 44 50

177 1455 110 60 20157
250 1455 86 60 MAI
299 1455 86 60 (le
348 1455 147 60 cardinal
458 1455 147 60 Angelo),
569 1455 135 60 célèbre
667 1455 171 60 polyglotte
801 1455 110 60 L.
875 1455 73 60 a.
911 1455 135 60 s.
1009 1455 98 60 Rome
1058 1455 86 60 1838,

168 1510 57 60 1
190 1510 68 60 p.
224 1510 79 60 pl.
270 1510 102 60 in-4,
338 1510 125 60 cachet.
428 1510 57 60 1
440 1510 45 60 75

560 1523 75 74 20158
610 1523 75 74 MAINE
660 1523 58 74 (L.
693 1523 50 74 A.
718 1523 50 74 de
743 1523 100 74 BOURBON,
818 1523 58 74 duc
851 1523 67 74 du),
893 1523 67 74 fils
934 1523 50 74 de
959 1523 75 74 Louis
1009 1523 58 74 XIV
1043 1523 50 74 et
1068 1523 50 74 de
1093 1523 58 74 Mme
1118 1523 33 74 de

554 1573 118 60 Montespan.
646 1573 76 60 L.
696 1573 50 60 a.
722 1573 84 60 s.
780 1573 42 60 à
797 1573 50 60 M.
822 1573 50 60 25
848 1573 67 60 mars
890 1573 76 60 1725,
940 1573 42 60 3
957 1573 50 60 p.
982 1573 59 60 pl.
1016 1573 76 60 petit
1066 1573 76 60 in-4.
1116 1573 42 60 6
1125 1573 25 60 »

567 1621 104 43 Relative
645 1621 61 43 aux
680 1621 113 43 questions
767 1621 52 43 de
793 1621 113 43 préséance
880 1621 78 43 entre
932 1621 61 43 les
967 1621 96 43 princes
1036 1621 52 43 du
1062 1621 78 43 sang,
1106 1621 43 43 les

172 1647 119 53 pairs
251 1647 80 53 et
291 1647 93 53 les
344 1647 146 53 princes
450 1647 186 53 légitimes,
596 1647 173 53 questions
729 1647 93 53 qui
782 1647 173 53 agitèrent
915 1647 80 53 si
955 1647 106 53 fort
1021 1647 80 53 la
1061 1647 93 53 vie
1101 1647 53 53 du

167 1683 107 50 duc
228 1683 91 50 du
258 1683 122 50 Maine.

577 1705 76 60 20159
627 1705 76 60 MAINE
677 1705 59 60 (A.
711 1705 168 60 Louise-Bénédicte
854 1705 50 60 de
879 1705 101 60 BOURBON,
955 1705 101 60 duchesse
1030 1705 67 60 du),
1072 1705 76 60 femme
1114 1705 34 60 du

545 1759 118 37 précédent.
637 1759 59 37 qui
671 1759 51 37 se
696 1759 84 37 retira
755 1759 42 37 à
772 1759 93 37 Sceaux,
839 1759 51 37 où
865 1759 67 37 elle
907 1759 76 37 reçut
957 1759 67 37 tous
999 1759 59 37 les
1033 1759 76 37 beaux
1075 1759 76 37 esprits

176 1786 79 45 de
215 1786 93 45 son
268 1786 132 45 temps.
361 1786 119 45 L.
440 1786 79 45 a.
480 1786 132 45 s.
572 1786 66 45 à
599 1786 79 45 la
638 1786 172 45 princesse
771 1786 79 45 de
810 1786 132 45 Conti,
903 1786 79 45 sa
942 1786 119 45 sœur;
1009 1786 145 45 Fontaine-

175 1824 140 44 bleau,
273 1824 70 44 4
301 1824 168 44 octobre,
427 1824 70 44 2
455 1824 84 44 p.
497 1824 98 44 pl.
553 1824 126 44 in-4,
637 1824 140 44 cachet
734 1824 224 44 représentant
916 1824 154 44 l’amour
1028 1824 112 44 avec
1084 1824 70 44 son

173 1854 147 45 carquois.
286 1854 159 45 Très-jolie
411 1854 125 45 lettre.
502 1854 57 45 9
513 1854 34 45 »

470 1878 75 59 20160
520 1878 100 59 MALHERBE
595 1878 75 59 (Fois
645 1878 67 59 de),
687 1878 50 59 le
712 1878 134 59 restaurateur
820 1878 50 59 de
845 1878 50 59 la
870 1878 83 59 poésie
929 1878 117 59 française.
1020 1878 75 59 L.
1071 1878 50 59 a.
1087 1878 67 59 s.

173 1930 73 46 à
203 1930 103 46 son
261 1930 147 46 cousin
364 1930 73 46 M
394 1930 88 46 du
438 1930 191 46 Bouillon,
584 1930 191 46 procureur
731 1930 88 46 du
775 1930 103 46 roi
834 1930 88 46 au
878 1930 191 46 bailliage
1025 1930 88 46 de
1054 1930 103 46 Caen;

501 1958 70 49 Paris,
550 1958 42 49 20
571 1958 49 49 mai
599 1958 63 49 1615,
640 1958 35 49 1
654 1958 42 49 p.
675 1958 49 49 pl.
703 1958 84 49 in-fol.,
766 1958 77 49 cachets
822 1958 42 49 et
842 1958 70 49 soies.
891 1958 42 49 75
905 1958 21 49 »

213 1993 121 59 Belle
293 1993 80 59 et
333 1993 121 59 noble
414 1993 134 59 lettre
508 1993 80 59 où
548 1993 80 59 il
588 1993 134 59 essaie
682 1993 80 59 de
722 1993 161 59 consoler
843 1993 94 59 son
896 1993 134 59 cousin
990 1993 80 59 de
1030 1993 80 59 la
1057 1993 94 59 perte

171 2027 123 45 d’une
253 2027 164 45 personne
376 2027 96 45 qui
431 2027 96 45 lui
485 2027 123 45 était
567 2027 123 45 chère
649 2027 82 45 et
690 2027 96 45 lui
745 2027 177 45 conseille
881 2027 82 45 la
922 2027 218 45 résignation.
1086 2027 68 45 «Il

171 2059 81 46 en
212 2059 109 46 faut
280 2059 163 46 toujours
402 2059 149 46 revenir
511 2059 95 46 là,
565 2059 149 46 dit-il,
674 2059 95 46 que
728 2059 122 46 c’est
810 2059 95 46 (la
864 2059 122 46 mort)
945 2059 81 46 un
986 2059 149 46 passage
1081 2059 68 46 né-

169 2101 168 39 cessaire
295 2101 70 39 à
323 2101 112 39 tout
393 2101 84 39 ce
436 2101 98 39 qui
492 2101 98 39 vit
548 2101 84 39 au
590 2101 140 39 monde,
688 2101 84 39 et
730 2101 98 39 que
786 2101 224 39 l’aujourdhuy
969 2101 112 39 nous
1025 2101 126 39 perdons

104 2134 94 49 et
151 2134 203 49 pleurons,
307 2134 156 49 demain
416 2134 125 49 nous
494 2134 156 49 serons
604 2134 156 49 perdus
713 2134 94 49 et
744 2134 203 49 pleurez...»
