1160 2162
480 -6 135 50 —
534 -6 162 50 15
588 -6 81 50 —

136 44 120 50 20190
216 44 120 50 PETIT
296 44 93 50 (le
349 44 147 50 baron),
456 44 160 50 général,
576 44 93 50 qui
630 44 120 50 reçut
710 44 93 50 les
763 44 133 50 adieux
856 44 80 50 de
896 44 160 50 Napoléon
1017 44 67 50 à
1030 44 80 50 Fon-

138 88 192 47 tainebleau.
292 88 115 47 L.
368 88 77 47 a.
407 88 128 47 s.
496 88 77 47 au
535 88 230 47 commandant...;
727 88 128 47 Paris,
816 88 77 47 18
854 88 102 47 fév.
918 88 128 47 18431,
1008 88 64 47 1
1033 88 77 47 p.
1059 88 64 47 1/2

136 124 136 33 in-8,
227 124 121 33 tête
302 124 196 33 imprimée,
453 124 181 33 Relative
589 124 91 33 au
635 124 166 33 tombeau
755 124 91 33 de
801 124 212 33 l’Empereur
967 124 106 33 aux
1012 124 106 33 Inva-

147 153 78 43 lides.
202 153 39 43 3
210 153 23 43 »

142 193 118 45 20191
220 193 118 45 PIRON
299 193 170 45 (Alexis),
430 193 118 45 poëte
509 193 183 45 dramatique
653 193 79 45 et
692 193 157 45 grivois.
810 193 131 45 Épître
901 193 65 45 à
928 193 79 45 M.
967 193 79 45 le
1006 193 118 45 comte
1072 193 52 45 de

142 228 128 40 Livry,
232 228 116 40 pièce
309 228 116 40 aut.,
386 228 77 40 13
425 228 90 40 mai
476 228 116 40 1732,
553 228 64 40 4
579 228 77 40 p.
617 228 90 40 pl.
669 228 116 40 in-4.
746 228 116 40 Jolie
823 228 128 40 pièce.
913 228 64 40 7
925 228 39 40 »

151 259 111 45 20192
225 259 136 45 POMARÉ,
323 259 111 45 reine
397 259 148 45 d’Haïti.
508 259 111 45 L.
582 259 74 45 a.
619 259 148 45 s.:
731 259 148 45 Patutoa,
842 259 62 45 3
866 259 99 45 nov.
928 259 99 45 1854
990 259 86 45 3/4
1039 259 74 45 de
1064 259 49 45 p.

146 302 103 41 in-4.
214 302 57 41 3
226 302 34 41 »

138 334 114 52 20193
214 334 164 52 POMPADOUR
340 334 88 52 (la
391 334 101 52 misé
454 334 101 52 de),
517 334 139 52 célèbre
618 334 164 52 maîtresse
744 334 76 52 de
782 334 114 52 Louis
858 334 88 52 XV.
908 334 164 52 Epître
1022 334 101 52 au

147 366 116 42 Roy
229 366 81 42 sur
275 366 70 42 la
310 366 139 42 bataille
415 366 70 42 de
449 366 197 42 Fontenoy
612 366 105 42 pièce
682 366 70 42 de
716 366 93 42 vers
775 366 105 42 a.
844 366 128 42 s.
937 366 58 42 4
960 366 70 42 p.
995 366 105 42 in-8,
1053 366 70 42 avec

148 404 131 42 apier
236 404 73 42 à
265 404 204 42 entourages
425 404 146 42 roses.
527 404 204 42 Très-belle
688 404 131 42 pièce
775 404 131 42 d’une
863 404 233 42 conservation
1038 404 87 42 par-

150 443 63 38 faite.
194 443 44 38 110
212 443 19 38 »

154 465 95 68 20194
218 465 137 68 POUILLARD
323 465 232 68 (Jacques-Gabriel),
524 465 137 68 numismate
629 465 63 68 et
661 465 148 68 antiquaire
777 465 148 68 distingué,
883 465 42 68 né

145 517 65 51 à
171 517 92 51 Aix
223 517 196 51 (Provence).
381 517 118 51 L.
459 517 79 51 a.
498 517 144 51 s.
603 517 79 51 en
643 517 157 51 italien,
760 517 65 51 à
787 517 79 51 M.
826 517 157 51 Petroni;
944 517 131 51 Paris,
1035 517 65 51 3
1048 517 79 51 mars

157 547 105 55 1814,
227 547 58 55 1
251 547 70 55 p.
286 547 105 55 in-4.
356 547 105 55 Jolie
426 547 128 55 lettre.
519 547 58 55 2
531 547 35 55 »

587 568 51 74 20196
627 568 57 74 RAMEL,
667 568 57 74 avocat
706 568 96 74 conventionnel
786 568 34 74 et
803 568 68 74 ministre
854 568 40 74 des
877 568 74 74 finances.
933 568 51 74 L.
967 568 34 74 a.
984 568 57 74 s.
1018 568 23 74 au

147 619 143 54 citoyen
251 619 130 54 Dupré;
342 619 130 54 Paris,
433 619 78 54 14
472 619 117 54 janv.
549 619 117 54 1793,
627 619 65 54 2
653 619 78 54 p.
692 619 91 54 pl.
744 619 117 54 in-4.
822 619 65 54 3
835 619 52 54 50

173 639 176 63 Curieuse
305 639 146 63 lettre
407 639 176 63 relative
539 639 88 63 au
583 639 176 63 jugement
715 639 88 63 de
758 639 132 63 Louis
846 639 102 63 XVI
905 639 88 63 et
949 639 73 63 à
978 639 88 63 la
1007 639 117 63 guerre

144 695 113 42 avec
214 695 99 42 les
257 695 141 42 Anglais.

158 728 108 47 20197
230 728 108 47 RAMEL
302 728 84 47 (J.
350 728 96 47 P.),
411 728 144 47 général,
519 728 156 47 assassiné
639 728 60 47 à
663 728 144 47 Toulouse
771 728 72 47 en
807 728 108 47 1815.
879 728 108 47 L.
952 728 72 47 a.
988 728 120 47 s.
1072 728 60 47 à
1084 728 48 47 la

148 771 206 52 commission
310 771 191 52 militaire
457 771 73 52 à
486 771 147 52 Paris;
589 771 147 52 Cahors
692 771 88 52 an
736 771 103 52 II,
795 771 73 52 1
824 771 88 52 p.
868 771 103 52 1/2
927 771 162 52 in-fol.
1030 771 103 52 Style

151 801 229 53 révolutionnaire.
345 801 57 53 4
357 801 34 53 »

149 835 128 40 20198
234 835 185 40 RAMORINO,
377 835 157 40 célèbre
491 835 171 40 général,
619 835 200 40 commandant
776 835 86 40 en
819 835 114 40 chef
890 835 71 40 à
919 835 86 40 la
962 835 171 40 bataille
1076 835 57 40 de

151 870 138 52 Novare
248 870 83 52 en
289 870 124 52 1849,
372 870 69 52 à
399 870 83 52 la
440 870 124 52 suite
523 870 83 52 de
564 870 165 52 laquelle
688 870 262 52 Charles-Albert,
909 870 83 52 le
950 870 96 52 fit
991 870 138 52 fusiller

147 905 120 45 comme
227 905 160 45 traître.
347 905 120 45 L.
427 905 80 45 a.
467 905 134 45 s.
561 905 80 45 au
601 905 174 45 président
734 905 80 45 du
774 905 134 45 comité
868 905 174 45 polonais;
1001 905 134 45 Paris,
1082 905 53 45 15

153 936 96 51 fév.
213 936 108 51 1832,
285 936 60 51 1
309 936 72 51 p.
345 936 108 51 in-4.
417 936 108 51 Belle
489 936 132 51 lettre.
585 936 60 51 3
597 936 36 51 »

153 953 108 59 20199
225 953 133 59 RASPAIL
322 953 96 59 (Fr.
382 953 96 59 V.),
442 953 133 59 célèbre
539 953 145 59 chimiste
647 953 72 59 et
683 953 133 59 député.
780 953 108 59 L.
852 953 72 59 a.
888 953 133 59 s.
984 953 108 59 Paris
1045 953 84 59 1828,

165 1014 78 42 p.
204 1014 117 42 in-4,
282 1014 156 42 relative
399 1014 91 42 aux
451 1014 156 42 planches
569 1014 104 42 d’un
634 1014 78 42 de
673 1014 91 42 ses
725 1014 169 42 ouvrages.
855 1014 65 42 3
868 1014 52 42 50

153 1043 113 47 20200
229 1043 150 47 RAUCOURT
341 1043 138 47 (Mlle),
441 1043 138 47 célèbre
541 1043 138 47 actrice
641 1043 75 47 du
679 1043 263 47 Théâtre-Français.
904 1043 113 47 L.
979 1043 75 47 a.
1016 1043 125 47 s.
1091 1043 38 47 à

146 1087 83 41 M.
188 1087 181 41 Verninac;
327 1087 167 41 Bordeaux
452 1087 83 41 an
494 1087 97 41 IX,
549 1087 70 41 4
577 1087 83 41 p.
619 1087 97 41 pl.
674 1087 125 41 in-4,
758 1087 153 41 cachet.
869 1087 125 41 Jolie
952 1087 153 41 lettré.
1064 1087 70 41 7
1077 1087 56 41 50

161 1121 111 40 20201
234 1121 123 40 RÉÊAL,
321 1121 123 40 député
407 1121 74 40 de
443 1121 135 40 l’Isère
542 1121 61 40 à
566 1121 74 40 la
603 1121 184 40 Convention.
751 1121 111 40 L.
825 1121 74 40 a.
862 1121 123 40 s.
948 1121 61 40 à
972 1121 86 40 son
1009 1121 123 40 collègue

156 1156 156 37 Chiappe;
273 1156 156 37 Grenoble
391 1156 78 37 an
430 1156 91 37 IV,
482 1156 65 37 2
508 1156 78 37 p.
547 1156 91 37 1/2
599 1156 117 37 in-4,
677 1156 104 37 tête
742 1156 169 37 imprimée.
873 1156 65 37 3
886 1156 52 37 50

152 1185 126 48 20203
236 1185 154 48 REGNIER
348 1185 112 48 (Cl.
418 1185 196 48 Ambroise),
572 1185 98 48 duc
628 1185 84 48 de
671 1185 140 48 Massa,
769 1185 196 48 grand-juge
923 1185 84 48 et
965 1185 168 48 ministre
1077 1185 56 48 de

157 1222 77 46 la
196 1222 154 46 justice.
311 1222 141 46 Rapport
414 1222 116 46 a.
491 1222 129 46 s.
581 1222 64 46 à
607 1222 167 46 Napoléon;
736 1222 129 46 Paris,
826 1222 77 46 13
864 1222 116 46 avril
941 1222 116 46 1793,
1018 1222 64 46 1
1044 1222 77 46 p.
1070 1222 64 46 pl.

149 1256 160 41 in-fol.
266 1256 160 41 Demande
382 1256 87 41 de
425 1256 87 41 la
469 1256 203 41 décoration
628 1256 87 41 de
672 1256 87 41 la
715 1256 145 41 Légion
817 1256 189 41 d’Honneur
962 1256 116 41 pour
1020 1256 116 41 quatre

150 1295 126 41 chefs
234 1295 84 41 de
276 1295 168 41 division
402 1295 84 41 au
443 1295 182 41 ministère
583 1295 84 41 de
625 1295 84 41 la
667 1295 168 41 justice,
793 1295 84 41 au
835 1295 140 41 nombre
932 1295 168 41 desquels
1044 1295 84 41 sont

155 1329 118 37 les
222 1329 168 37 sieurs
340 1329 319 37 Bernard
609 1329 101 37 et
659 1329 370 37 Lagreverend
979 1329 84 37 4
996 1329 50 37 »

155 1364 105 42 20204
226 1364 94 42 RIOU
284 1364 82 42 (J.
331 1364 70 42 F.
366 1364 94 42 M.),
425 1364 117 42 député
507 1364 70 42 du
542 1364 152 42 Finistère
659 1364 59 42 à
683 1364 70 42 la
718 1364 176 42 Convention.
858 1364 105 42 L.
929 1364 70 42 a.
964 1364 129 42 s.
1046 1364 82 42 Paris

160 1398 70 39 in
195 1398 70 39 V,
230 1398 58 39 2
254 1398 70 39 p.
289 1398 82 39 pl.
335 1398 128 39 in-fol.
429 1398 105 39 Belle
499 1398 128 39 lettre.
592 1398 58 39 3
604 1398 35 39 »

148 1433 121 51 20205
228 1433 201 51 ROBESPIÈRRE
389 1433 228 51 (Maximilien),
576 1433 147 51 célèbre
684 1433 241 51 conventionnel,
885 1433 161 51 décapité
1005 1433 80 51 en
1032 1433 94 51 1794.

159 1475 87 52 L.
217 1475 58 52 a.
246 1475 97 52 s.
314 1475 48 52 à
333 1475 87 52 Lebas
391 1475 58 52 et
420 1475 48 52 à
440 1475 135 52 Saint-Just
546 1475 58 52 (à
575 1475 155 52 Strasbourg);
701 1475 97 52 Paris,
769 1475 58 52 15
788 1475 87 52 floréal

159 1506 65 55 an
192 1506 76 55 II,
235 1506 76 55 3/4
278 1506 65 55 de
311 1506 65 55 p.
343 1506 97 55 in-4.
408 1506 76 55 140
441 1506 32 55 »

186 1541 83 46 Le
228 1541 139 46 Comité
325 1541 83 46 de
367 1541 125 46 salut
450 1541 139 46 public
547 1541 69 46 a
575 1541 111 46 pris
644 1541 139 46 toutes
741 1541 97 46 les
797 1541 153 46 mesures
908 1541 97 46 qui
950 1541 180 46 dépendaient

156 1578 86 46 de
199 1578 100 46 lui
256 1578 114 46 pour
327 1578 171 46 seconder
455 1578 114 46 leur
527 1578 128 46 zèle.
612 1578 86 46 La
655 1578 128 46 cause
741 1578 86 46 du
783 1578 157 46 dernier
898 1578 128 46 êchec
983 1578 100 46 est
1040 1578 86 46 la
1069 1578 71 46 pé-

160 1603 118 49 urie
234 1603 89 49 de
278 1603 177 49 généraux
411 1603 177 49 habiles.
544 1603 89 49 Le
589 1603 148 49 Comité
692 1603 118 49 leur
766 1603 148 49 envoie
869 1603 222 49 Stenhophen,
1032 1603 103 49 mili-

159 1638 123 51 taire
242 1638 82 51 de
283 1638 151 51 mérite,
392 1638 137 51 contre
488 1638 137 51 lequel
584 1638 178 51 s’élèvent
722 1638 96 51 des
776 1638 192 51 objections
927 1638 96 51 qui
968 1638 165 51 paraissent

160 1675 175 43 alancées
291 1675 102 43 par
350 1675 102 43 des
408 1675 160 43 preuves
524 1675 87 43 de
568 1675 189 43 fidélité.
713 1675 87 43 Du
757 1675 131 43 reste
844 1675 87 43 le
888 1675 145 43 Comité
990 1675 87 43 se
1019 1675 116 43 repose

156 1711 95 44 sur
211 1711 109 44 leur
279 1711 150 44 sagesse
388 1711 82 44 et
429 1711 109 44 leur
484 1711 136 44 énergie.

168 1736 102 76 20206
236 1736 113 76 RONSIN
315 1736 90 76 (Ch.
371 1736 102 76 Ph.),
439 1736 102 76 poëte
507 1736 68 76 et
541 1736 113 76 auteur
620 1736 170 76 dramatique,
756 1736 124 76 général
846 1736 68 76 en
880 1736 102 76 chef,
936 1736 57 76 dé-

161 1785 100 54 capité
231 1785 60 54 en
261 1785 90 54 1794.
321 1785 90 54 L.
382 1785 60 54 a.
412 1785 110 54 s.
492 1785 80 54 sig.
542 1785 90 54 aussi
602 1785 70 54 par
642 1785 90 54 de
702 1785 211 54 Saint-Firmin;
883 1785 100 54 Paris,
943 1785 40 54 16

152 1819 114 54 sept.
228 1819 114 54 1789,
304 1819 63 54 3
329 1819 76 54 p.
367 1819 114 54 in-4.
442 1819 164 54 Curieuse,
569 1819 63 54 7
581 1819 38 54 »

160 1837 69 77 20207
206 1837 46 77 LE
229 1837 69 77 MÊME.
276 1837 69 77 L.
322 1837 46 77 a.
345 1837 77 77 s.
398 1837 38 77 à
414 1837 123 77 Robespierre;
514 1837 77 77 Paris,
567 1837 46 77 13
590 1837 69 77 sept.
636 1837 69 77 1792,
683 1837 38 77 1
698 1837 46 77 p.
713 1837 54 77 in

1044 1885 94 39 8
1063 1885 75 39 50

194 1924 53 53 De
221 1924 71 53 bons
265 1924 124 53 patriotes,
362 1924 53 53 et
389 1924 177 53 particulièrement
539 1924 53 53 M.
566 1924 97 53 Danton,
637 1924 106 53 désirant
716 1924 53 53 le
734 1924 53 53 voir

164 1962 95 45 nommer
231 1962 95 45 député
298 1962 48 45 à
317 1962 57 45 la
345 1962 133 45 Convention
450 1962 133 45 nationale,
555 1962 57 45 il
583 1962 67 45 lui
621 1962 105 45 demande
697 1962 67 45 son
726 1962 57 45 suf-

161 1992 71 50 frage.
211 1992 64 50 «J’ai
254 1992 57 50 fait
289 1992 43 50 la
311 1992 86 50 ligue
375 1992 50 50 des
404 1992 100 50 tyrans
482 1992 43 50 en
504 1992 50 50 90,
532 1992 150 50 Arétaphilé
661 1992 43 50 en
682 1992 50 50 92,
711 1992 50 50 et,
739 1992 43 50 ce

164 2023 97 54 jui
219 2023 110 54 vaut
288 2023 124 54 mieux
371 2023 97 54 que
427 2023 110 54 tout
496 2023 124 54 cela,
579 2023 110 54 j’ai
648 2023 97 54 été
703 2023 83 54 un
744 2023 97 54 des
800 2023 138 54 braves
896 2023 235 54 sans-culottes
1076 2023 55 54 de

163 2060 86 48 la
206 2060 158 48 journée
320 2060 86 48 du
363 2060 86 48 10
407 2060 129 48 (août
478 2060 158 48 1792)...»

305 2102 102 52 20208
373 2102 136 52 ROTHELIE
475 2102 91 52 (Ch.
531 2102 159 52 d’ORLÉANS,
656 2102 91 52 abbé
713 2102 102 52 de)),
780 2102 68 52 un
814 2102 79 52 des
860 2102 91 52 plus
916 2102 125 52 savants
996 2102 147 52 antiquaires
