1174 2216
560 16 57 61 —
582 16 57 61 4
594 16 34 61 —

151 62 117 75 20036
229 62 131 75 CAMPAN
321 62 104 75 (Mme
386 62 144 75 Genet),
490 62 157 75 lectrice
608 62 78 75 de
647 62 274 75 Marie-Antoinette,
882 62 131 75 auteur
960 62 157 75 d’intéres-

154 108 105 57 sants
224 108 222 57 Mémoires
411 108 82 57 sur
457 108 105 57 cette
527 108 117 57 reine.
609 108 105 57 L.
679 108 70 57 a.
714 108 128 57 s.
807 108 105 57 1818,
877 108 58 57 2
900 108 70 57 p.
935 108 82 57 3/4
982 108 105 57 in-4.
1040 108 82 57 Jolie

159 165 70 49 lettre.
209 165 32 49 3
216 165 25 49 50

150 191 110 58 20037
223 191 110 58 CANTU
296 191 146 58 (César),
406 191 134 58 célèbre
504 191 159 58 historien
626 191 146 58 italien.
736 191 110 58 L.
809 191 73 58 a.
845 191 134 58 s.
943 191 73 58 en
980 191 159 58 français,
1089 191 37 58 à

150 222 147 61 Ludovic
257 222 147 61 Picard;
364 222 134 61 Milan,
457 222 80 61 20
498 222 107 61 août
564 222 120 61 1855,
645 222 67 61 2
672 222 80 61 p.
712 222 94 61 3/4
765 222 120 61 in-8.
845 222 67 61 5
859 222 40 61 »

182 251 131 68 Belle
269 251 87 68 et
312 251 131 68 noble
399 251 160 68 lettre,
515 251 131 68 toute
602 251 160 68 remplie
718 251 87 68 de
762 251 174 68 conseils
878 251 247 68 philosophiques.

143 296 126 53 «Qui,
227 296 154 53 dit-il,
339 296 84 53 la
381 296 126 53 lutte
466 296 112 53 avec
536 296 84 53 la
578 296 154 53 société
690 296 98 53 est
746 296 112 53 bien
816 296 126 53 rude;
901 296 84 53 on
943 296 70 53 y
971 296 98 53 est
1027 296 84 53 si
1055 296 70 53 mal

145 329 188 57 entouré;
286 329 94 57 on
333 329 78 57 y
364 329 110 57 est
427 329 94 57 si
474 329 110 57 peu
537 329 156 57 connu;
646 329 94 57 on
693 329 78 57 y
724 329 110 57 est
787 329 94 57 si
834 329 110 57 mal
881 329 172 57 jugé!...»

159 361 82 73 20038
213 361 91 73 CARNOT
277 361 118 73 (Lazare),
368 361 100 73 célèbre
440 361 154 73 conventionnel
567 361 54 73 et
595 361 109 73 général,
667 361 100 73 défenseur

148 397 154 63 d’Anvers
264 397 77 63 en
303 397 116 63 1814.
380 397 116 63 L.
457 397 77 63 a.
496 397 129 63 s.
586 397 64 63 a
611 397 90 63 son
663 397 154 63 collègue
779 397 142 63 Gillet;
882 397 77 63 an
920 397 103 63 III,
984 397 64 63 2
1010 397 77 63 p.
1036 397 90 63 in

151 448 125 61 ratures
242 448 68 61 et
276 448 182 61 corrections.
424 448 57 61 6
435 448 46 61 50

181 460 87 75 La
224 460 174 75 nouvelle
354 460 87 75 de
398 460 87 75 la
441 460 130 75 prise
528 460 87 75 de
572 460 203 75 Mæstricht,
731 460 174 75 attendue
861 460 116 75 avec
934 460 203 75 impatience
1079 460 43 75 a

160 512 136 52 roduit
256 512 95 52 une
310 512 109 52 joie
378 512 218 52 universelle.
555 512 177 52 Désormais
691 512 82 52 la
732 512 163 52 Belgique
855 512 95 52 n’a
909 512 109 52 plus
977 512 68 52 à
991 512 136 52 craindre

156 550 86 62 de
199 550 173 62 retomber
328 550 115 62 sous
400 550 101 62 ses
458 550 158 62 anciens
559 550 201 62 dominateurs.

155 596 122 52 20039
237 596 135 52 CARREL
331 596 176 52 (Armand),
466 596 149 52 célèbre
574 596 203 52 publiciste,
736 596 95 52 tué
790 596 81 52 en
831 596 108 52 duel
898 596 95 52 par
952 596 122 52 Emile
1033 596 81 52 de
1060 596 68 52 Gi-

153 628 151 52 rardin.
263 628 123 52 L.
345 628 82 52 a.
386 628 137 52 s.
482 628 68 52 à
509 628 123 52 James
591 628 123 52 Fazy;
673 628 137 52 Paris,
769 628 82 52 14
810 628 123 52 avril
892 628 123 52 1835,
974 628 68 52 2
1002 628 82 52 p.
1029 628 96 52 in

158 672 159 53 Charmante
280 672 73 53 et
317 672 147 53 curieuse
427 672 135 53 épître.
525 672 61 53 5
537 672 49 53 50

162 705 122 50 20040
244 705 163 50 CARTEAUX
366 705 95 50 (J.
421 705 122 50 Fr.),
502 705 149 50 peintre
611 705 204 50 d’histoire,
774 705 109 50 puis
842 705 149 50 général
950 705 82 50 en
991 705 122 50 chef,
1059 705 68 50 qui

160 738 168 52 commença
286 738 84 52 le
328 738 126 52 siège
412 738 84 52 de
454 738 154 52 Toulon.
566 738 126 52 L.
651 738 84 52 a.
693 738 140 52 s.
791 738 126 52 comme
875 738 168 52 adjudant
987 738 140 52 général;

165 777 101 56 Meaux
232 777 101 56 1792,
299 777 78 56 1/2
344 777 67 56 p.
377 777 101 56 in-4,
444 777 89 56 tête
500 777 101 56 impr.
567 777 179 56 Rare
712 777 56 56 4
723 777 45 56 50

670 803 59 66 20041
710 803 72 66 CASSINI
762 803 39 66 DE
782 803 59 66 THURY
822 803 112 66 (César-Fois),
914 803 85 66 astronome
979 803 79 66 célèbre,
1039 803 85 66 directeur
1098 803 26 66 de

162 854 232 51 l’Observatoire,
357 854 122 51 auteur
443 854 73 51 de
479 854 73 51 la
516 854 122 51 grande
602 854 110 51 carte
675 854 73 51 de
712 854 134 51 France.
809 854 110 51 L.
883 854 73 51 a.
919 854 122 51 s.
1005 854 61 51 à
1029 854 73 51 M.
1054 854 73 51 ...;

162 896 58 54 2
186 896 105 54 janv.
256 896 105 54 1780,
326 896 58 54 1
349 896 70 54 p.
384 896 105 54 in-4.
455 896 58 54 2
466 896 47 54 50

163 936 112 54 20042
237 936 162 54 CATHERINE
362 936 75 54 DE
400 936 150 54 MÉDICIS,
512 936 112 54 reine
587 936 75 54 et
625 936 137 54 régente
725 936 75 54 de
762 936 137 54 France.
862 936 112 54 L.
937 936 75 54 a.
975 936 125 54 s.
1062 936 62 54 à
1075 936 62 54 son

167 976 100 58 fils
229 976 149 58 (Charles
341 976 100 58 IX);
403 976 149 58 Limoges,
515 976 75 58 12
552 976 100 58 juin
614 976 112 58 1569,
689 976 62 58 4
714 976 75 58 p.
751 976 87 58 pl.
801 976 75 58 in
838 976 100 58 fol.
900 976 87 58 100
938 976 37 58 »

193 1011 206 55 Importante
355 1011 147 55 lettre
458 1011 221 55 historique.
635 1011 118 55 Elle
708 1011 103 55 lui
767 1011 132 55 mande
855 1011 103 55 que
914 1011 88 55 le
958 1011 103 55 duc
1003 1011 132 55 d’Anjou

170 1043 122 53 Henri
252 1043 109 53 III)
320 1043 68 53 a
347 1043 109 53 reçu
415 1043 95 53 son
469 1043 149 53 présent
578 1043 109 53 avec
646 1043 122 53 toute
727 1043 163 53 l’estime
850 1043 122 53 qu’il
931 1043 122 53 doit.
1013 1043 82 53 Ce
1040 1043 95 53 n’est

175 1075 77 53 as
214 1075 77 53 sa
253 1075 116 53 faute
330 1075 116 53 s’ils
407 1075 116 53 n’ont
485 1075 90 53 pas
536 1075 155 53 remporté
653 1075 77 53 la
691 1075 168 53 victoire,
820 1075 90 53 car
872 1075 103 53 elle
936 1075 65 53 a
962 1075 103 53 fait
1014 1075 116 53 marcher

162 1117 153 41 l’armée
273 1117 84 41 en
315 1117 125 41 telle
399 1117 181 41 diligence
538 1117 111 41 «que
608 1117 84 41 ce
650 1117 97 41 les
705 1117 167 41 reystres
831 1117 153 41 eussent
942 1117 125 41 voleu
1012 1117 125 41 marcher

166 1141 130 54 jeudi
252 1141 86 54 le
295 1141 115 54 jour
367 1141 86 54 de
410 1141 86 54 la
454 1141 130 54 feste
540 1141 130 54 dyeu,
626 1141 86 54 je
670 1141 86 54 me
713 1141 144 54 pourés
814 1141 115 54 dyre
886 1141 86 54 la
929 1141 115 54 plus
987 1141 158 54 heureuse)

162 1183 125 45 femme
246 1183 84 45 du
287 1183 125 45 monde
371 1183 84 45 et
413 1183 139 45 vostre
510 1183 125 45 frère
594 1183 84 45 le
636 1183 111 45 plus
705 1183 195 45 glorieulx,
858 1183 97 45 car
914 1183 111 45 vous
984 1183 139 45 eusiés
1067 1183 70 45 heu

161 1205 84 56 la
203 1205 98 56 fin
259 1205 84 56 de
300 1205 125 56 cette
384 1205 139 56 guere,
482 1205 153 56 aystent
593 1205 139 56 réduis
691 1205 84 56 le
733 1205 98 56 duc
788 1205 84 56 de
830 1205 98 56 dus
886 1205 112 56 Pons
942 1205 195 56 (Deux

172 1248 83 49 en
214 1248 110 49 lyeu
283 1248 97 49 qui
338 1248 152 49 lestoyt
448 1248 69 49 à
476 1248 124 49 nous,
559 1248 97 49 mes
614 1248 110 49 Dieu
683 1248 83 49 ne
725 1248 83 49 la
766 1248 97 49 pas
821 1248 180 49 voleu...»
959 1248 110 49 Elle
1015 1248 124 49 demande

170 1281 99 51 les
226 1281 141 51 bonnes
325 1281 141 51 grâces
423 1281 84 51 du
465 1281 99 51 roi
522 1281 84 51 et
564 1281 84 51 le
606 1281 113 51 prie
677 1281 84 51 de
719 1281 141 51 croire
817 1281 155 51 qu’elle
930 1281 99 51 est
986 1281 84 51 sa
1028 1281 113 51 mère
1085 1281 56 51 et

169 1306 108 52 non
230 1306 184 52 marâtre.
368 1306 92 52 On
415 1306 77 52 a
445 1306 138 52 mandé
538 1306 154 52 toutes
645 1306 108 52 les
707 1306 169 52 troupes
830 1306 123 52 pour
906 1306 200 52 s’opposer
1060 1306 77 52 à
1076 1306 61 52 la

175 1344 160 40 onction
292 1344 102 40 des
350 1344 160 40 ennemis
466 1344 116 40 avec
539 1344 87 40 le
582 1344 102 40 duc
640 1344 174 40 Casimir,
771 1344 102 40 qui
829 1344 116 40 leur
902 1344 131 40 amène
989 1344 102 40 des
1032 1344 102 40 Alle-

168 1369 133 52 mans.
257 1369 192 52 Nécessité
404 1369 88 52 de
448 1369 192 52 reprendre
596 1369 88 52 La
640 1369 177 52 Charité.
773 1369 74 52 —
802 1369 118 52 Elle
876 1369 147 52 ajoute
979 1369 74 52 à
1008 1369 88 52 la
1038 1369 103 52 fin';

165 1403 102 52 «Si
224 1403 131 52 volés
311 1403 87 52 me
355 1403 131 52 fayre
442 1403 146 52 chause
544 1403 189 52 agréable,
690 1403 87 52 et
734 1403 175 52 beaucoup
865 1403 117 52 pour
938 1403 87 52 me
967 1403 175 52 contenter,

170 1438 90 49 ne
215 1438 90 49 me
260 1438 150 49 mestés
365 1438 120 49 plus
439 1438 210 49 serviteur.
604 1438 90 49 Je
649 1438 90 49 le
694 1438 120 49 vous
769 1438 90 49 ay
814 1438 135 49 déjea
904 1438 165 49 mendré,
1023 1438 90 49 je
1053 1438 90 49 vous

179 1478 103 48 rie
238 1478 88 48 le
267 1478 132 48 fayre.»

181 1499 125 65 20043
265 1499 153 65 CHARLES
376 1499 97 65 VI,
432 1499 167 65 empereur
557 1499 223 65 d’Allemagne.
738 1499 139 65 Brevet
835 1499 111 65 sig.
905 1499 97 65 sur
960 1499 139 65 vélin,
1044 1499 97 65 1620,

178 1555 67 48 10
211 1555 67 48 p.
245 1555 123 48 in-fol.
335 1555 157 48 Très-belle
458 1555 112 48 pièce.
537 1555 56 48 4
548 1555 45 48 50

173 1574 120 72 20044
253 1574 227 72 CHATEAUBRIAND
440 1574 94 72 (le
494 1574 94 72 vte
547 1574 107 72 de),
614 1574 147 72 célèbre
721 1574 174 72 écrivain,
855 1574 134 72 membre
948 1574 80 72 de
989 1574 147 72 l’Acad.
1082 1574 67 72 fr.

180 1625 86 63 L.
238 1625 57 63 a.
266 1625 105 63 s.
342 1625 86 63 1823,
400 1625 48 63 2
419 1625 57 63 p.
447 1625 86 63 in-4.
504 1625 48 63 6
514 1625 38 63 50

212 1639 193 77 Pressante
361 1639 267 77 recommandation
583 1639 89 77 en
628 1639 148 77 faveur
732 1639 89 77 de
776 1639 163 77 Lafont,
895 1639 178 77 chanteur
1028 1639 89 77 de
1058 1639 89 77 l’O-

187 1695 101 57 éra
244 1695 101 57 qui
302 1695 129 57 vient
388 1695 86 57 de
431 1695 144 57 perdre
531 1695 115 57 6000
603 1695 101 57 fr.
661 1695 72 57 à
689 1695 86 57 la
732 1695 158 57 Bourse,
847 1695 86 57 et
890 1695 101 57 qui
948 1695 144 57 désire
1034 1695 115 57 donner

172 1726 87 64 un
216 1726 160 64 concert
333 1726 116 64 pour
405 1726 146 64 gagner
507 1726 160 64 quelque
609 1726 131 64 argent.

179 1750 128 81 20045
264 1750 185 81 CHAUMETTE
406 1750 242 81 (Anaxagoras),
605 1750 185 81 procureur
748 1750 85 81 de
790 1750 85 81 la
833 1750 156 81 Commune
947 1750 85 81 de
990 1750 142 81 Paris,
1075 1750 71 81 dé-

182 1802 130 58 capité
273 1802 104 58 avec
338 1802 143 58 Hébert.
442 1802 117 58 Pièce
520 1802 117 58 a.
598 1802 143 58 s.
703 1802 117 58 1792,
781 1802 91 58 3/4
833 1802 78 58 de
872 1802 78 58 p.
911 1802 117 58 in-4,
989 1802 104 58 tête
1054 1802 104 58 imp.
1106 1802 52 58 et

183 1849 102 49 vignette.
262 1849 126 49 Rare
364 1849 47 49 12
379 1849 24 49 »

183 1876 122 55 20046
265 1876 163 55 CHOUDIEU
387 1876 177 55 (Pierre),
523 1876 231 55 conventionnel
713 1876 204 55 montagnard,
876 1876 149 55 célèbre
985 1876 95 55 par
1039 1876 82 55 sa
1066 1876 82 55 mis-

184 1915 103 51 sion
248 1915 77 51 en
287 1915 129 51 Vendée
377 1915 142 51 pendant
480 1915 77 51 la
519 1915 154 51 Terreur.
634 1915 116 51 L.
712 1915 77 51 a.
750 1915 129 51 s.
840 1915 64 51 à
866 1915 90 51 son
917 1915 154 51 collègue
1020 1915 129 51 Francas-

186 1957 92 51 tel;
244 1957 104 51 Paris
314 1957 69 51 an
348 1957 92 51 VII,
406 1957 58 51 1
429 1957 69 51 p.
464 1957 81 51 pl.
510 1957 104 51 in-4.
579 1957 58 51 4
591 1957 46 51 50

213 1970 119 71 Relative
302 1970 49 71 à
322 1970 59 71 la
351 1970 119 71 conduite
440 1970 257 71 contre-révolutionnaire
667 1970 69 71 des
697 1970 168 71 administrateurs

182 2026 89 58 du
227 2026 223 58 département
405 2026 89 58 de
435 2026 252 58 Seine

185 2070 110 50 20047
258 2070 134 50 CLÉMENT
356 2070 73 50 DE
392 2070 85 50 RIS
441 2070 122 50 (Dom.,
527 2070 110 50 cte),
600 2070 159 50 sénateur.
722 2070 110 50 L.
795 2070 73 50 a.
832 2070 122 50 s.
917 2070 61 50 à
942 2070 85 50 son
990 2070 110 50 fils;
1051 2070 98 50 Paris,

187 2110 73 62 21
223 2110 145 62 brumaire
332 2110 73 62 an
369 2110 97 62 III,
429 2110 61 62 4
453 2110 73 62 p.
490 2110 109 62 in-8.
562 2110 61 62 3
575 2110 48 62 50

207 2141 151 55 Curieuse
321 2141 126 55 lettre
409 2141 176 55 politique,
548 2141 176 55 concernant
686 2141 88 55 les
736 2141 151 55 Jacobins
850 2141 88 55 qui
900 2141 88 55 ont
938 2141 63 55 été
