1599 2933
642 31 182 87 —
714 31 255 87 306
824 31 109 87 —

121 138 138 70 L.
190 138 184 70 aut.
305 138 207 70 sig.,
443 138 138 70 au
512 138 276 70 révérend
719 138 253 70 père...
903 138 230 70 Alost,
1064 138 138 70 23
1133 138 207 70 avril
1271 138 207 70 1729.
1409 138 115 70 2
1432 138 92 70 p.

-7 183 1373 62 in-8.
909 183 763 62 4
1061 183 458 62 »

77 240 189 54 3784.
203 240 231 54 Amar
371 240 126 54 du
434 240 315 54 Rivier,
686 240 336 54 littérateur,
960 240 336 54 conservateur
1233 240 126 54 de
1296 240 126 54 la
1338 240 189 54 biblio-

128 282 209 72 thèque
274 282 272 72 Mazarine.
483 282 125 72 L.
546 282 167 72 aut.
650 282 167 72 sig.
755 282 125 72 10
818 282 230 72 juillet
985 282 188 72 1830.
1110 282 104 72 1
1152 282 125 72 p.
1215 282 146 72 pl.
1298 282 188 72 in-8.
1424 282 104 72 1
1444 282 84 72 50

80 334 192 65 3785.
207 334 447 65 Ambleteuse
591 334 255 65 (Mémoire
782 334 149 65 sur
867 334 128 65 le
931 334 170 65 port
1037 334 170 65 d’),
1144 334 128 65 en
1208 334 192 65 1766,
1335 334 170 65 avec
1421 334 106 65 les

122 384 325 55 réparations
382 384 108 55 à
426 384 108 55 y
469 384 217 55 faire,
620 384 195 55 remis
750 384 130 55 au
815 384 282 55 ministère
1032 384 130 55 en
1097 384 282 55 septembre
1313 384 195 55 1776.
1422 384 108 55 Ma-

124 433 246 62 nuscrit
303 433 134 62 de
370 433 134 62 19
437 433 157 62 gr.
527 433 134 62 p.
594 433 157 62 pl.
683 433 134 62 et
750 433 201 62 quart
885 433 179 62 aut.
997 433 134 62 de
1064 433 134 62 M.
1131 433 134 62 Le
1198 433 179 62 Bon.
1310 433 179 62 avec
1400 433 134 62 deux

124 486 234 70 lettres
294 486 170 70 aut.
401 486 170 70 sig.
507 486 277 70 adressées
720 486 106 70 à
762 486 277 70 Bernardin
975 486 128 70 de
1039 486 362 70 Saint-Pierre,
1337 486 170 70 dont
1423 486 106 70 une

118 530 173 58 au
205 530 259 58 sujet
377 530 173 58 du
463 530 316 58 mémoire
693 530 201 58 qui
808 530 345 58 prècède,
1067 530 144 58 3
1125 530 173 58 p.
1211 530 259 58 in-4.
1383 530 173 58 10
1441 530 86 58 »

76 574 189 65 3786.
202 574 399 65 Ameilhon
538 574 294 65 historien,
769 574 378 65 bibliothécaire
1085 574 126 65 de
1148 574 294 65 l’Arsenal,
1358 574 168 65 membre

125 631 127 57 de
188 631 318 57 l’Institut.
443 631 127 57 L.
507 631 170 57 aut.
613 631 170 57 sig.
719 631 191 57 comme
846 631 382 57 bibliothécaire
1164 631 127 57 de
1228 631 127 57 la
1292 631 233 57 commune
1440 631 85 57 de

125 685 203 51 Paris,
267 685 102 51 à
307 685 122 51 M.
368 685 203 51 Vigée.
511 685 203 51 Paris,
653 685 102 51 3
693 685 223 51 janvier
856 685 183 51 1791.
978 685 102 51 1
1018 685 122 51 p.
1079 685 142 51 pl.
1160 685 183 51 in-4.
1282 685 223 51 Cachet.
1445 685 102 51 3
1465 685 61 51 »

172 724 140 59 Il
242 724 164 59 est
335 724 351 59 très-occupé
616 724 140 59 du
686 724 374 59 déménagement
990 724 140 59 de
1060 724 140 59 la
1130 724 374 59 bibliothèque
1410 724 117 59 des

127 770 305 65 Feuillants,
370 770 122 65 et
431 770 122 65 il
492 770 122 65 va
553 770 264 65 commencer
756 770 162 65 sans
858 770 244 65 différer
1041 770 122 65 le
1102 770 264 65 catalogue
1305 770 142 65 des
1366 770 162 65 livres

127 833 149 54 qui
212 833 277 54 composent
425 833 149 54 les
510 833 362 54 bibliothèques
787 833 341 54 religieuses...

76 870 204 69 3787.
212 870 340 69 Anecdote
484 870 159 69 sur
575 870 385 69 Bélisaire
892 870 181 69 (par
1006 870 227 69 l’abbé
1164 870 272 69 Mauduit,
1368 870 159 69 qui
1436 870 91 69 ne

128 932 164 73 veut
231 932 144 73 pas
313 932 164 73 être
416 932 226 73 nommé).
580 932 267 73 Manuscrit
785 932 267 73 (écriture
990 932 123 73 du
1052 932 144 73 18e
1134 932 246 73 siècle).
1319 932 123 73 11
1380 932 123 73 p.
1421 932 103 73 pl.

68 968 691 57 in-4.
529 968 921 57 Curieux.
1220 968 384 57 5
1297 968 230 57 »

80 1003 184 75 3788.
202 1003 470 75 Angivilliers
610 1003 143 75 (le
692 1003 184 75 comte
815 1003 163 75 d’),
917 1003 327 75 surintendant
1182 1003 143 75 des
1264 1003 265 75 bâtiments
1447 1003 82 75 de

124 1072 143 53 la
196 1072 310 53 couronne.
434 1072 143 53 L.
506 1072 191 53 aut.
625 1072 191 53 sig.
745 1072 143 53 26
816 1072 262 53 février
1007 1072 215 53 1781.
1150 1072 119 53 1
1198 1072 143 53 p.
1270 1072 215 53 in-4.
1413 1072 119 53 2
1437 1072 95 53 25

82 1112 198 65 3789.
214 1112 330 65 Anquetil
477 1112 132 65 de
543 1112 417 65 Briancourt
895 1112 132 65 L.
961 1112 176 65 aut.
1071 1112 198 65 sig.,
1202 1112 110 65 à
1246 1112 132 65 M.
1312 1112 132 65 de
1356 1112 176 65 Males-

130 1174 230 55 herbes.
297 1174 230 55 Maurice
465 1174 418 55 (Ile-de-France),
820 1174 125 55 18
883 1174 167 55 août
987 1174 188 55 1786.
1113 1174 105 55 4
1155 1174 125 55 p.
1217 1174 146 55 pl.
1301 1174 188 55 in-4.
1426 1174 105 55 3
1447 1174 84 55 50

174 1218 129 59 Il
238 1218 150 59 n’a
324 1218 150 59 mis
410 1218 150 59 que
495 1218 172 59 cinq
603 1218 172 59 mois
710 1218 129 59 et
774 1218 215 59 quatre
924 1218 193 59 jours
1053 1218 172 59 pour
1160 1218 129 59 se
1225 1218 215 59 rendre
1375 1218 107 59 à
1396 1218 129 59 Mau-

133 1262 188 64 rice.
258 1262 104 64 A
300 1262 146 64 son
384 1262 250 64 arrivée,
571 1262 125 64 la
634 1262 230 64 famine,
801 1262 125 64 la
863 1262 271 64 mortalité
1072 1262 104 64 y
1114 1262 292 64 régnaient.
1322 1262 209 64 Insectes

135 1316 265 57 nuisibles
338 1316 102 57 à
379 1316 245 57 l’homme,
563 1316 306 57 description
807 1316 122 57 de
868 1316 204 57 l’île,
991 1316 122 57 etc.

86 1367 189 73 3790.
212 1367 419 73 Anseaume,
568 1367 210 73 auteur
715 1367 315 73 dramatique.
967 1367 189 73 Pièce
1093 1367 168 73 aut.
1197 1367 168 73 sig.
1302 1367 126 73 20
1344 1367 189 73 janvier

113 1416 386 53 1778.
370 1416 214 53 1
456 1416 257 53 p.
584 1416 343 53 in-8
799 1416 257 53 en
927 1416 514 53 travers.
1313 1416 214 53 1
1356 1416 171 53 50

84 1450 189 77 3791.
210 1450 357 77 Anson,
504 1450 210 77 député
651 1450 105 77 à
693 1450 315 77 l’Assemblée
944 1450 336 77 constituante
1217 1450 126 77 de
1280 1450 189 77 1789,
1385 1450 147 77 agro

133 1519 175 44 nome
242 1519 131 44 et
308 1519 350 44 littérateur,
592 1519 306 44 traducteur
833 1519 328 44 d’Anacréon.
1096 1519 131 44 L.
1161 1519 175 44 aut.
1271 1519 197 44 sig.,
1402 1519 109 44 à
1424 1519 109 44 ma-

124 1562 330 53 dame...
364 1562 300 53 Paris,
574 1562 180 53 13
664 1562 270 53 avril
844 1562 270 53 1810.
1023 1562 150 53 1
1083 1562 210 53 pl.
1203 1562 270 53 in-4.
1383 1562 150 53 2
1413 1562 120 53 25

85 1610 192 75 3792.
213 1610 405 75 Anthoine
554 1610 448 75 (Antoine-Ignace),
937 1610 192 75 baron
1065 1610 128 75 de
1129 1610 362 75 Saint-Joseph,
1406 1610 128 75 com

134 1662 224 52 merçant,
303 1662 355 52 administrateur,
602 1662 93 52 a
639 1662 187 52 écrit:
770 1662 224 52 Essai
938 1662 131 52 sur
1013 1662 112 52 le
1069 1662 224 52 commerce
1237 1662 112 52 et
1293 1662 112 52 la
1330 1662 206 52 navi

135 1717 239 64 gation
318 1717 147 64 dans
410 1717 110 64 la
465 1717 129 64 mer
539 1717 257 64 Noire
741 1717 110 64 Né
796 1717 92 64 à
832 1717 312 64 Embrun
1089 1717 349 64 (Hautes-Alpes).
1383 1717 110 64 L.
1420 1717 110 64 aut.

123 1758 251 67 sig.
279 1758 438 67 Marseille,
624 1758 157 67 3
686 1758 251 67 oct.
843 1758 282 67 1785.
1031 1758 157 67 1
1094 1758 188 67 p.
1188 1758 282 67 in-4.
1375 1758 157 67 2
1407 1758 125 67 50

87 1792 185 98 3793.
211 1792 330 98 Arago
479 1792 289 98 (Etienne),
706 1792 206 98 député
850 1792 103 98 à
891 1792 309 98 l’Assemblée
1138 1792 268 98 nationale
1345 1792 124 98 de
1386 1792 144 98 1848,

132 1860 222 60 auteur
287 1860 333 60 dramatique.
553 1860 310 60 Certificat
797 1860 200 60 comme
930 1860 288 60 président
1152 1860 133 60 de
1219 1860 133 60 la
1263 1860 266 60 commission

134 1918 280 54 d’enquête
350 1918 237 54 chargée
523 1918 129 54 de
587 1918 280 54 l’affaire
803 1918 259 54 Blanqui,
997 1918 129 54 en
1062 1918 216 54 faveur
1213 1918 129 54 du
1277 1918 237 54 citoyen
1428 1918 108 54 La-

128 1958 409 66 chambeaudie.
460 1958 255 66 Paris,
639 1958 128 66 6
690 1958 230 66 avril
844 1958 230 66 1848.
997 1958 332 66 Demi-page
1252 1958 230 66 in-4.
1405 1958 128 66 2
1431 1958 102 66 50

84 1984 198 84 3794.
216 1984 550 84 Arlatan-Lauris
700 1984 154 84 (le
788 1984 242 84 marquis
963 1984 176 84 d’),
1073 1984 286 84 président
1293 1984 132 84 de
1359 1984 132 84 la
1403 1984 132 84 Cour

132 2054 219 55 royale
285 2054 219 55 d’Aix.
438 2054 131 55 L.
504 2054 175 55 aut.
613 2054 197 55 sig.,
744 2054 109 55 à
788 2054 219 55 Mgr...
941 2054 175 55 Aix,
1050 2054 131 55 17
1116 2054 240 55 février
1291 2054 197 55 1824.
1422 2054 109 55 2
1444 2054 87 55 p.

40 2104 1264 71 in-fol.
959 2104 575 71 2
1074 2104 460 71 50

87 2139 185 72 3795.
211 2139 371 72 Arnauld
520 2139 289 72 (Antoine),
747 2139 227 72 célèbre
912 2139 206 72 avocat
1056 2139 124 72 au
1118 2139 268 72 parlement
1324 2139 124 72 de
1365 2139 165 72 Paris.

134 2202 344 49 Consultation
414 2202 237 49 signée,
586 2202 215 49 signée
737 2202 194 49 aussi
866 2202 151 49 par
952 2202 151 49 son
1038 2202 258 49 confrère
1232 2202 258 49 Rigault,
1404 2202 129 49 pour

133 2248 136 61 le
201 2248 158 61 duc
292 2248 136 61 de
359 2248 294 61 Bouillon.
585 2248 226 61 Paris,
743 2248 136 61 12
811 2248 181 61 nov.
924 2248 203 61 1618.
1060 2248 113 61 2
1105 2248 158 61 gr.
1195 2248 136 61 p.
1263 2248 248 61 in-fol.
1421 2248 113 61 Cu-

32 2293 1377 68 rieuse.
1033 2293 626 68 4
1158 2293 376 68 »

83 2331 214 82 3796.
226 2331 333 82 Arnauld
487 2331 143 82 de
559 2331 380 82 Pomponne
868 2331 475 82 (Nicolas-Simon),
1248 2331 285 82 chevalier,

130 2397 271 45 marquis
327 2397 148 45 de
401 2397 320 45 Pomponne.
648 2397 246 45 Quitt.
820 2397 197 45 sig.
943 2397 197 45 (sur
1066 2397 296 45 parch.),
1288 2397 222 45 1702.
1436 2397 123 45 2
1460 2397 74 45 »

86 2438 190 68 3797.
212 2438 400 68 Atthalin
549 2438 147 68 (le
633 2438 232 68 général
802 2438 232 68 baron),
970 2438 337 68 aide-de-camp
1244 2438 126 68 du
1307 2438 147 68 roi
1371 2438 168 68 Louis

133 2489 280 66 Philippe.
349 2489 129 66 L.
414 2489 172 66 aut.
521 2489 194 66 sig.,
651 2489 108 66 à
694 2489 280 66 madame...
909 2489 215 66 Paris,
1060 2489 129 66 17
1125 2489 237 66 janvier
1297 2489 194 66 1834.
1426 2489 108 66 4
1448 2489 86 66 p.

51 2554 743 57 pl.
475 2554 955 57 in-8.
1112 2554 530 57 5
1218 2554 318 57 »

182 2585 127 68 Il
245 2585 190 68 s’est
372 2585 254 68 empressé
563 2585 127 68 de
626 2585 190 68 faire
753 2585 254 68 parvenir
944 2585 106 68 à
986 2585 127 68 la
1049 2585 190 68 reine
1176 2585 127 68 la
1240 2585 233 68 demande
1409 2585 127 68 de
1451 2585 85 68 sa

134 2638 339 56 protégée...
405 2638 361 56 Quelquefois,
699 2638 135 56 et
766 2638 429 56 malheureusement
1128 2638 181 56 trop
1241 2638 271 56 souvent,
1421 2638 113 56 les

135 2694 311 58 ressources
379 2694 178 58 dont
491 2694 133 58 S.
557 2694 133 58 M.
624 2694 178 58 peut
735 2694 267 58 disposer
935 2694 245 58 n’étant
1113 2694 178 58 pas,
1225 2694 200 58 comme
1358 2694 133 58 sa
1403 2694 133 58 cha-

138 2741 188 48 rité,
263 2741 355 48 inépuisables,
555 2741 125 48 il
618 2741 209 48 arrive
764 2741 250 48 qu’elles
952 2741 125 48 ne
1014 2741 167 48 sont
1119 2741 146 48 pas
1202 2741 125 48 en
1265 2741 230 48 rapport
1411 2741 125 48 avec
