1665 2986
632 71 183 99 —
706 71 256 99 309
815 71 110 99 —

57 176 181 78 3825.
178 176 322 78 Ligne
440 176 141 78 (le
520 176 202 78 prince
661 176 161 78 de).
762 176 181 78 Ordre
883 176 121 78 de
944 176 242 78 paiement
1125 176 121 78 de
1186 176 161 78 cinq
1286 176 181 78 mille
1387 176 121 78 flo

104 234 191 78 rins.
231 234 234 78 Château
401 234 128 78 de
465 234 404 78 Bellæil
805 234 170 78 nov.
912 234 191 78 1736.
1039 234 276 78 Demi-page
1252 234 234 78 in-fol.
1401 234 106 78 Ca-

-28 279 1380 69 chet.
892 279 767 69 2
1045 279 460 69 »

57 313 176 80 3826.
175 313 314 80 Liria
430 313 137 80 (le
508 313 137 80 duc
587 313 157 80 de),
685 313 157 80 fils
783 313 118 80 du
842 313 235 80 maréchal
1018 313 118 80 de
1077 313 216 80 Berwick
1234 313 118 80 et
1292 313 118 80 de
1351 313 118 80 sa
1390 313 118 80 pre

104 373 191 55 mière
231 373 212 55 femme,
380 373 191 55 fille
507 373 127 55 du
571 373 191 55 comté
698 373 127 55 de
762 373 318 55 Clanricard,
1017 373 127 55 né
1080 373 127 55 le
1144 373 127 55 21
1208 373 234 55 octobre
1356 373 149 55 1696.

103 416 307 60 Certificat
344 416 175 60 aut.
454 416 175 60 sig.
563 416 132 60 en
629 416 219 60 faveur
783 416 132 60 de
848 416 153 60 son
936 416 285 60 aumônier,
1155 416 132 60 M.
1221 416 241 60 Jacques
1374 416 132 60 Jubé

104 469 127 85 de
167 469 127 85 la
231 469 170 85 Cour
337 469 191 85 (curé
464 469 318 85 d’Asnières,
719 469 212 85 fameux
868 469 339 85 janséniste).
1143 469 233 85 Moscou,
1313 469 149 85 1er
1377 469 127 85 mars

88 512 354 62 1729.
323 512 196 62 1
402 512 236 62 p.
520 512 432 62 in-fol.
834 512 314 62 Joli
1031 512 432 62 cachet.
1345 512 196 62 5
1384 512 118 62 »

56 557 198 70 3827.
188 557 375 70 Metternich
497 557 352 70 Wineburg
783 557 154 70 (le
871 557 220 70 prince
1025 557 176 70 de),
1135 557 242 70 premier
1290 557 220 70 ministre

103 604 136 92 de
171 604 272 92 l’empire
375 604 340 92 d’Autriche.
647 604 136 92 L.
715 604 204 92 sig.,
850 604 136 92 au
918 604 204 92 comte
1054 604 362 92 d’Hunebourg.
1326 604 181 92 Paris,

80 662 216 56 8
166 662 475 56 janvier
512 662 389 56 1809.
771 662 216 56 1
858 662 259 56 p.
987 662 475 56 in-fol.
1333 662 216 56 3
1376 662 130 56 »

150 703 129 70 Au
215 703 194 70 sujet
345 703 129 70 de
409 703 324 70 prisonniers
668 703 324 70 autrichiens
927 703 259 70 supposés
1099 703 173 70 morts.

58 738 195 67 3828.
188 738 346 67 Monge
469 738 303 67 (Gaspard),
707 738 195 67 comte
837 738 130 67 de
902 738 238 67 Péluze,
1075 738 389 67 conventionnel,
1378 738 130 67 etc.

103 801 138 60 L.
172 801 207 60 sig.,
310 801 207 60 comme
448 801 414 60 administrateur
793 801 161 60 des
885 801 276 60 Monnais.
1092 801 230 60 Paris,
1253 801 138 60 29
1299 801 207 60 ventôse

86 851 243 61 an
208 851 324 61 XII.
411 851 203 61 2
492 851 243 61 p.
613 851 446 61 in-fol.
938 851 527 61 Vignette.
1343 851 203 61 5
1383 851 122 61 »

55 881 218 76 3829.
200 881 388 76 Parlement
515 881 145 76 de
588 881 436 76 Bourgogne
952 881 267 76 Mémoire
1145 881 145 76 au
1218 881 218 76 sujet
1364 881 145 76 de
1412 881 97 76 la

106 942 181 57 date
219 942 158 57 des
310 942 248 57 lettres
490 942 361 57 d’abonnement
784 942 248 57 (1760).
965 942 113 57 —
1010 942 248 57 Premier
1191 942 248 57 projet.
1371 942 113 57 —
1394 942 113 57 Se-

103 990 184 60 cond
218 990 253 60 projet.
402 990 253 60 Réponse
586 990 138 60 de
655 990 161 60 Mgr
747 990 138 60 le
817 990 322 60 chancelier
1070 990 138 60 au
1139 990 161 60 nom
1231 990 138 60 du
1300 990 184 60 roy,
1392 990 115 60 aux

104 1034 362 57 remontrances
398 1034 136 57 du
466 1034 294 57 parlement
693 1034 136 57 de
760 1034 226 57 Dijon.
919 1034 113 57 —
964 1034 362 57 Observations
1258 1034 158 57 sur
1349 1034 136 57 le
1394 1034 113 57 se-

106 1089 170 76 cond
212 1089 233 76 projet.
382 1089 297 76 Manuscrits
615 1089 127 76 de
679 1089 127 76 19
742 1089 149 76 gr.
827 1089 127 76 p.
891 1089 149 76 pl.
976 1089 149 76 gr.
1060 1089 233 76 in-fol.
1230 1089 212 76 (Bonne
1357 1089 149 76 écri-

-7 1132 1375 60 ture).
955 1132 688 60 6
1093 1132 413 60 »

62 1160 183 85 3830.
184 1160 346 85 Perle
469 1160 163 85 Note
570 1160 142 85 sur
652 1160 142 85 une
733 1160 183 85 perle
855 1160 366 85 extraordinaire
1160 1160 163 85 pour
1262 1160 142 85 son
1323 1160 183 85 volume,

106 1234 138 76 et
175 1234 298 76 cependant
404 1234 138 76 de
473 1234 138 76 la
542 1234 183 76 plus
656 1234 229 76 grande
817 1234 252 76 beauté,
1000 1234 161 76 par
1092 1234 321 76 Delamarck.
1322 1234 183 76 Paris,

99 1279 269 54 1818.
279 1279 389 54 Manuscrit
578 1279 179 54 de
667 1279 150 54 2
727 1279 179 54 p.
817 1279 209 54 pl.
937 1279 179 54 et
1026 1279 269 54 demie
1206 1279 269 54 in-4.
1385 1279 150 54 2
1415 1279 90 54 »

62 1308 185 67 3831.
186 1308 350 67 Quélen
474 1308 288 67 (Hyacinthe
700 1308 165 67 de),
803 1308 288 67 archevêque
1029 1308 123 67 de
1091 1308 206 67 Paris.
1235 1308 185 67 Trois
1337 1308 165 67 lignes

111 1374 157 60 aut.
209 1374 157 60 sig.
307 1374 255 60 l’abbé
503 1374 118 60 de
562 1374 294 60 Quélen
797 1374 176 60 comme
915 1374 216 60 vicaire
1072 1374 235 60 général,
1248 1374 118 60 au
1307 1374 137 60 bas
1366 1374 137 60 d’une

111 1411 164 62 note
214 1411 123 62 de
276 1411 144 62 210
358 1411 390 62 fr.d’honoraires
686 1411 164 62 dela
788 1411 226 62 station
952 1411 123 62 de
1014 1411 226 62 l’Avent
1178 1411 185 62 1816,
1301 1411 103 62 à
1342 1411 123 62 la
1383 1411 123 62 cha-

109 1465 199 66 pelle
241 1465 221 66 royale
396 1465 154 66 des
484 1465 397 66 Quinze-Vingts.
815 1465 221 66 Paris,
969 1465 132 66 26
1036 1465 265 66 décembre
1234 1465 199 66 1816.
1367 1465 110 66 1
1389 1465 110 66 pl.

-24 1520 1376 53 in-4.
893 1520 764 53 2
1046 1520 459 53 »

61 1556 186 60 3832.
185 1556 351 60 Quinet
474 1556 268 60 (Edgard),
680 1556 289 60 professeur
907 1556 124 60 au
969 1556 227 60 collège
1134 1556 124 60 de
1196 1556 227 60 France,
1340 1556 165 60 député

110 1613 114 82 de
167 1613 304 82 l'Ain
414 1613 95 82 à
452 1613 114 82 la
509 1613 304 82 Constituante
756 1613 114 82 de
813 1613 171 82 1848.
927 1613 114 82 L.
984 1613 152 82 aut.
1079 1613 171 82 sig.,
1193 1613 95 82 à
1231 1613 114 82 M.
1269 1613 228 82 Ballanche.

82 1658 237 55 2
176 1658 284 55 p.
319 1658 427 55 in-8.
603 1658 806 55 Intéressante.
1267 1658 237 55 2
1314 1658 190 55 25

60 1704 185 82 3833.
184 1704 350 82 Racyne
473 1704 289 82 (Charles),
699 1704 289 82 conseiller
926 1704 124 82 du
988 1704 144 82 roi
1070 1704 124 82 en
1132 1704 124 82 sa
1194 1704 165 82 cour
1297 1704 124 82 de
1338 1704 165 82 Parle-

109 1752 209 53 ment.
248 1752 232 53 Quitt.
410 1752 185 53 sig.
526 1752 185 53 (sur
642 1752 278 53 parch.).
851 1752 232 53 Paris,
1013 1752 139 53 14
1083 1752 255 53 juillet
1268 1752 209 53 1668.
1407 1752 116 53 3
1430 1752 70 53 »

63 1790 196 68 3834.
194 1790 435 68 Rambuteau
564 1790 239 68 (Madame
738 1790 261 68 Narbonne
933 1790 174 68 de).
1042 1790 131 68 L.
1107 1790 174 68 aut.
1216 1790 196 68 sig.,
1347 1790 109 68 à
1368 1790 131 68 M...

107 1845 139 51 Ce
176 1845 279 51 vendredi
385 1845 255 51 soir...
571 1845 116 51 1
618 1845 139 51 p.
687 1845 209 51 in-8.
827 1845 209 51 Jolie
966 1845 139 51 et
1036 1845 255 51 aimable
1221 1845 255 51 lettre.
1407 1845 116 51 2
1430 1845 70 51 »

63 1888 191 65 3835.
190 1888 297 65 Ramirez
424 1888 127 65 de
488 1888 127 65 la
551 1888 319 65 Piscina
806 1888 297 65 (Paulino),
1040 1888 255 65 ministre
1231 1888 149 65 des
1295 1888 212 65 affaires

108 1943 306 57 étrangères
348 1943 131 57 de
414 1943 153 57 Don
501 1943 240 57 Carlos.
676 1943 131 57 L.
742 1943 175 57 aut.
851 1943 197 57 sig.,
982 1943 109 57 à
1025 1943 131 57 M.
1091 1943 131 57 le
1157 1943 240 57 marquis
1309 1943 197 57 d’Evra-

108 1994 217 56 gues.
252 1994 241 56 Paris,
421 1994 120 56 2
469 1994 265 56 octobre
662 1994 217 56 1839.
806 1994 120 56 2
855 1994 145 56 p.
927 1994 217 56 in-4.
1071 1994 217 56 Jolie
1216 1994 265 56 lettre.
1409 1994 120 56 3
1433 1994 72 56 »

65 2030 171 70 3836.
179 2030 247 70 Reboul
369 2030 304 70 Berville
616 2030 171 70 (de),
730 2030 190 70 auteur
862 2030 171 70 d'une
976 2030 190 70 Vie
1109 2030 114 70 de
1147 2030 361 70 Saint

108 2088 197 52 de
239 2088 284 52 Paul
458 2088 131 52 L.
523 2088 175 52 aut.
632 2088 175 52 sig.
742 2088 218 52 Paris,
894 2088 131 52 24
960 2088 153 52 mai
1047 2088 197 52 1838.
1178 2088 109 52 1
1222 2088 131 52 p.
1288 2088 197 52 in-4.
1419 2088 109 52 2
1440 2088 66 52 »

64 2128 181 67 3837.
184 2128 381 67 Relation
505 2128 140 67 des
585 2128 181 67 faits
706 2128 281 67 principaux
926 2128 281 67 concernant
1147 2128 120 67 le
1187 2128 321 67 rétablissement

110 2183 131 55 de
176 2183 131 55 la
241 2183 241 55 famille
417 2183 131 55 de
482 2183 306 55 Chandasoeb
723 2183 153 55 sur
811 2183 131 55 le
876 2183 197 55 trône
1008 2183 306 55 d’Arcatte,
1248 2183 263 55 capitale
1423 2183 88 55 du

110 2226 237 56 Carnath
283 2226 108 56 à
326 2226 129 56 la
390 2226 172 56 côte
498 2226 129 56 de
562 2226 323 56 Coromandel,
821 2226 151 56 aux
907 2226 237 56 grandes
1079 2226 215 56 Indes,
1229 2226 258 56 extraite
1401 2226 108 56 des

112 2274 229 65 lettres
279 2274 125 65 et
341 2274 271 65 relations
549 2274 250 65 arrivées
737 2274 146 65 par
820 2274 291 65 l’Apollon,
1049 2274 187 65 entré
1174 2274 167 65 dans
1278 2274 125 65 le
1340 2274 167 65 port
1424 2274 83 65 de

110 2317 203 89 Brest
246 2317 135 89 le
313 2317 135 89 19
381 2317 180 89 mars
494 2317 203 89 1750.
629 2317 293 89 Manuscrit
854 2317 135 89 de
922 2317 113 89 6
967 2317 158 89 gr.
1057 2317 135 89 p.
1125 2317 158 89 pl.
1215 2317 135 89 et
1283 2317 203 89 quart
1395 2317 113 89 in-

-20 2363 1223 90 fol.
745 2363 764 90 4
897 2363 612 90 50

59 2405 233 85 3838.
214 2405 388 85 Relation
525 2405 181 85 des
629 2405 285 85 guerres
836 2405 155 85 de
914 2405 362 85 Pondichéri
1198 2405 155 85 de
1250 2405 259 85 l’an

113 2485 212 61 née
261 2485 254 61 1751
452 2485 254 61 adressée
643 2485 106 61 à
685 2485 127 61 sa
749 2485 191 61 mère,
876 2485 148 61 par
961 2485 233 61 Cossard
1130 2485 127 61 de
1194 2485 297 61 Terranean.
1406 2485 106 61 Ma-

113 2538 236 62 nuscrit
284 2538 172 62 aut.
391 2538 172 62 sig.
499 2538 129 62 18
563 2538 129 62 p.
627 2538 236 62 in-fol.
799 2538 236 62 Curieux
971 2538 257 62 document
1164 2538 322 62 historique.
1421 2538 107 62 6
1443 2538 64 62 »

62 2584 225 70 3839.
212 2584 374 70 Remueuse
511 2584 175 70 des
611 2584 275 70 enfants
811 2584 150 70 de
886 2584 374 70 France
1185 2584 275 70 Mémoire
1385 2584 125 70 à
1410 2584 100 70 la

114 2631 224 53 reine,
270 2631 157 53 par
360 2631 157 53 Mme
450 2631 291 53 Rousseau,
674 2631 269 53 remueuse
876 2631 157 53 des
965 2631 247 53 enfants
1144 2631 134 53 de
1212 2631 247 53 France.
1391 2631 112 53 1
1413 2631 90 53 p.

12 2672 1370 65 in-fol.
1009 2672 623 65 2
1133 2672 374 65 »

70 2713 193 83 3840.
198 2713 387 83 Richard
521 2713 301 83 botaniste,
757 2713 236 83 docteur
929 2713 258 83 médecin,
1122 2713 107 83 à
1165 2713 236 83 Rhodez,
1337 2713 107 83 a
1359 2713 150 83 beau-

116 2772 182 82 coup
230 2772 296 82 herborisé
458 2772 182 82 avec
572 2772 228 82 Gouan,
732 2772 365 82 Broussonnet,
1028 2772 182 82 etc.
1142 2772 137 82 L.
1210 2772 182 82 aut.
1301 2772 160 82 sig.,
