1549 3004
614 104 177 97 —
649 104 177 97 310

95 182 221 116 Moquin
249 182 243 116 Tandon,
426 182 110 116 à
470 182 287 116 Toulouse.
691 182 243 116 Rhodez,
867 182 132 116 26
933 182 199 116 avril
1066 182 199 116 1839,
1198 182 110 116 1
1242 182 154 116 gr.
1331 182 132 116 p.
1375 182 110 116 pl.

47 256 433 75 et
263 256 650 75 quart
697 256 650 75 in-4.
1130 256 361 75 2
1202 256 289 75 50

51 321 187 51 3841.
176 321 333 51 Rohan
446 321 250 51 (Pr.-Fr.
633 321 166 51 de),
737 321 312 51 archevêque,
987 321 146 51 duc
1070 321 125 51 de
1133 321 250 51 Cambrai.
1320 321 125 51 L.
1361 321 125 51 aut.

92 348 221 104 sig.,
240 348 123 104 à
289 348 147 104 M.
362 348 147 104 le
436 348 368 104 maréchal...
730 348 245 104 Paris,
902 348 147 104 30
976 348 294 104 novembre
1197 348 221 104 1786.
1344 348 147 104 2.
1393 348 98 104 p.

-34 418 1373 49 In-4.
882 418 763 49 4
1034 418 458 49 »

142 433 196 79 Belle
273 433 131 79 et
339 433 262 79 curieuse
535 433 218 79 lettre
688 433 131 79 au
753 433 196 79 sujet
884 433 196 79 d’une
1015 433 305 79 méchanceté
1255 433 196 79 qu’on
1364 433 131 79 veut

99 501 145 78 lui
182 501 187 78 faire
307 501 166 78 pour
410 501 124 78 un
473 501 166 78 fait
576 501 124 78 de
639 501 207 78 chasse
784 501 166 78 fort
887 501 228 78 simple,
1053 501 207 78 auquel
1199 501 124 78 il
1261 501 124 78 ne
1302 501 187 78 pensait

67 563 164 58 plus.

53 567 183 92 3842.
175 567 346 92 Ronsin
459 567 468 92 (Charles-Philippe),
866 567 224 92 général
1028 567 122 92 de
1089 567 224 92 l’armée
1232 567 264 92 révolution

101 643 200 73 naire
234 643 133 73 en
301 643 244 73 Vendée,
478 643 222 73 auteur
633 643 333 73 dramatique.
900 643 133 73 L.
966 643 178 73 aut.
1077 643 200 73 sig.,
1210 643 111 73 à
1255 643 155 73 son
1344 643 155 73 ami
1410 643 89 73 La

97 684 221 78 Blée.
245 684 245 78 Paris,
416 684 147 78 18
490 684 221 78 sept.
637 684 221 78 1788.
784 684 123 78 1
834 684 147 78 p.
907 684 172 78 pl.
1005 684 221 78 in-4.
1153 684 319 78 Curieuse.
1398 684 123 78 5
1422 684 74 78 »

56 718 188 120 3843.
182 718 335 120 Rosny
454 718 398 120 (Antoine-Joseph
789 718 167 120 de),
893 718 272 120 romancier
1102 718 126 120 et
1165 718 209 120 auteur
1291 718 209 120 dramati-

103 782 164 79 que.
206 782 123 79 L.
268 782 164 79 aut.
370 782 164 79 sig.
473 782 246 79 Alençon,
658 782 144 79 1er
740 782 164 79 nov.
842 782 185 79 1808.
965 782 103 79 1
1006 782 123 79 p.
1068 782 185 79 in-4.
1191 782 164 79 (Les
1294 782 144 79 2e,
1376 782 123 79 3e
1417 782 82 79 et

99 845 131 68 4e
165 845 197 68 pages
296 845 175 68 sont
406 845 263 68 remplies
603 845 131 68 de
669 845 263 68 chiffres
866 845 285 68 étrangers
1085 845 110 68 à
1129 845 131 68 la
1194 845 263 68 lettre.)
1391 845 110 68 2
1413 845 88 68 50

59 896 175 57 3844.
175 896 311 57 Ruolz
428 896 136 57 (H.
506 896 156 57 de),
603 896 253 57 chimiste.
798 896 117 57 L.
856 896 156 57 aut.
953 896 175 57 sig.,
1070 896 97 57 à
1109 896 117 57 M.
1167 896 117 57 le
1226 896 272 57 chancelier
1420 896 78 57 de

101 933 129 79 la
166 933 452 79 Légion-d’honneur.
553 933 215 79 Paris,
704 933 129 79 26
768 933 280 79 septembre
984 933 194 79 1848.
1113 933 108 79 1
1156 933 129 79 p.
1220 933 237 79 in-fol.
1392 933 108 79 2
1414 933 86 79 25

55 971 197 102 3845.
187 971 527 102 Saint-Lambert
647 971 219 102 (H.-F.
801 971 176 102 de),
911 971 219 102 membre
1064 971 132 102 de
1130 971 307 102 l’Académie
1349 971 154 102 fran-

106 1043 188 67 çaise.
238 1043 207 67 Article
389 1043 377 67 Méfiance
709 1043 207 67 composé
860 1043 151 67 pour
954 1043 358 67 l’Encyclopédie,
1256 1043 151 67 avec
1331 1043 170 67 ratures

90 1081 217 71 et
198 1081 580 71 corrections.
670 1081 471 71 Demi-page
1032 1081 399 71 in-fol.
1322 1081 181 71 3
1358 1081 145 71 50

59 1129 187 90 3846.
184 1129 478 90 Saint-Martin
600 1129 187 90 (J.),
725 1129 208 90 membre
870 1129 125 90 de
933 1129 291 90 l’Académie
1161 1129 146 90 des
1224 1129 270 90 belles-

100 1189 257 61 tres.
272 1189 172 61 L.
358 1189 229 61 aut.
501 1189 229 61 sig.
644 1189 172 61 26
730 1189 257 61 avril
901 1189 257 61 1830.
1073 1189 143 61 1
1130 1189 172 61 p.
1216 1189 257 61 in-4.
1388 1189 143 61 2
1416 1189 86 61 »

58 1223 194 98 3847.
188 1223 474 98 Saint-Simon
597 1223 151 98 (le
683 1223 194 98 comte
812 1223 194 98 Henri
941 1223 172 98 de),
1049 1223 280 98 fondateur
1264 1223 129 98 de
1307 1223 194 98 l’école

106 1278 180 82 dite
219 1278 473 82 Saint-Simonienne.
624 1278 135 82 L.
692 1278 180 82 aut.
804 1278 203 82 sig.,
939 1278 113 82 à
984 1278 135 82 M.
1052 1278 248 82 Tissot.
1232 1278 135 82 17
1277 1278 225 82 décembre

71 1330 496 68 1817.
402 1330 276 68 1
512 1330 331 68 p.
677 1330 386 68 pl.
898 1330 496 68 in-4.
1228 1330 276 68 3
1284 1330 220 68 50

57 1365 197 93 3848.
189 1365 263 93 Sallé
386 1365 132 93 de
452 1365 285 93 Chou,
671 1365 219 93 député
824 1365 132 93 du
890 1365 197 93 Berry
1022 1365 110 93 à
1066 1365 329 93 l’Assemblée
1307 1365 197 93 consti

113 1416 193 62 tuante
248 1416 193 62 (sur).
383 1416 116 62 L.
441 1416 154 62 aut.
537 1416 154 62 sig.
634 1416 289 62 d’initiales
865 1416 289 62 illisibles,
1097 1416 232 62 adressée
1270 1416 96 62 à
1309 1416 116 62 M.
1367 1416 135 62 ..,
1425 1416 77 62 où

106 1464 133 66 il
172 1464 155 66 est
261 1464 266 66 question
461 1464 133 66 de
527 1464 133 66 M.
594 1464 200 66 Sallé
727 1464 133 66 de
793 1464 200 66 Chou,
926 1464 133 66 au
993 1464 200 66 sujet
1126 1464 133 66 de
1193 1464 133 66 la
1237 1464 266 66 succession

105 1518 363 66 Duchesne.
385 1518 391 66 Reveillon,
692 1518 140 66 5
748 1518 224 66 août
888 1518 252 66 1790.
1056 1518 140 66 3
1112 1518 168 66 p.
1195 1518 252 66 in-4.
1363 1518 140 66 2
1391 1518 112 66 50

60 1551 203 101 3849.
196 1551 294 101 Salles
422 1551 136 101 de
490 1551 316 101 spectaeles
738 1551 136 101 de
806 1551 339 101 Nîmes.
1077 1551 136 101 1°
1145 1551 136 101 L.
1212 1551 181 101 aut.
1325 1551 181 101 sig.
1416 1551 90 101 de

111 1619 313 62 Sabonadière
361 1619 229 62 l’ainé,
528 1619 125 62 au
590 1619 250 62 ministre
778 1619 146 62 des
861 1619 271 62 finances,
1070 1619 125 62 au
1132 1619 188 62 sujet
1257 1619 125 62 de
1320 1619 125 62 la
1361 1619 146 62 cons-

113 1671 246 53 truction
297 1671 184 53 d’une
420 1671 246 53 nouvelle
604 1671 184 53 salle
727 1671 123 53 de
789 1671 287 53 spectacle,
1014 1671 102 53 à
1055 1671 205 53 Nîmes.
1199 1671 205 53 Paris,
1342 1671 123 53 28
1383 1671 123 53 plu-

111 1706 185 62 viôse
235 1706 123 62 an
296 1706 164 62 VII.
399 1706 103 62 1
440 1706 123 62 p.
501 1706 226 62 in-fol.
665 1706 103 62 —
706 1706 123 62 2°
768 1706 205 62 Pièces
911 1706 267 62 relatives
1116 1706 144 62 aux
1198 1706 164 62 deux
1301 1706 205 62 salles
1424 1706 82 62 de

111 1767 288 66 spectacle
332 1767 133 66 de
399 1767 221 66 Nîmes,
554 1767 155 66 par
642 1767 133 66 le
709 1767 199 66 même.
842 1767 244 66 Imprimé
1019 1767 133 66 de
1085 1767 133 66 19
1152 1767 133 66 p.
1218 1767 199 66 in-4.
1329 1767 177 66 Paris,

72 1812 359 51 21
252 1812 717 51 pluviôse
790 1812 359 51 an
969 1812 478 51 VII.
1268 1812 299 51 5
1328 1812 179 51 »

67 1841 185 87 3850.
191 1841 370 87 Scarron
500 1841 247 87 (André),
685 1841 288 87 chevalier,
911 1841 247 87 seigneur
1096 1841 123 87 de
1158 1841 226 87 Longue,
1302 1841 206 87 conseil-

112 1910 142 65 ler
193 1910 121 65 du
253 1910 162 65 roi,
354 1910 263 65 président
557 1910 121 65 en
617 1910 162 65 chef
718 1910 121 65 du
779 1910 222 65 conseil
941 1910 283 65 provincial
1163 1910 263 65 d’Artois.
1345 1910 162 65 Quitt.

104 1940 250 65 sig.
260 1940 250 65 (sur
416 1940 375 65 parch.).
698 1940 313 65 Arras,
916 1940 188 65 14
1010 1940 250 65 nov.
1166 1940 281 65 1682.
1354 1940 156 65 2
1385 1940 125 65 50

65 1972 180 107 3851.
185 1972 381 107 Secondat
506 1972 261 107 (Pierre),
706 1972 281 107 conseiller
927 1972 120 107 du
987 1972 140 107 roi
1067 1972 120 107 et
1127 1972 220 107 général
1288 1972 120 107 de
1348 1972 140 107 ses
1408 1972 100 107 fi-

114 2042 214 67 nances
263 2042 128 67 en
328 2042 150 67 son
413 2042 171 67 pays
520 2042 128 67 et
585 2042 193 67 duché
713 2042 128 67 de
777 2042 257 67 Guyenne.
970 2042 193 67 Ordre
1098 2042 171 67 sig.
1205 2042 171 67 (sur
1291 2042 214 67 parch.),

111 2101 140 57 de
181 2101 210 57 payer
320 2101 117 57 à
367 2101 256 57 Arnauld
553 2101 326 57 Desportes,
810 2101 140 57 la
880 2101 210 57 somme
1020 2101 140 57 de
1090 2101 326 57 vingt-cinq
1323 2101 186 57 livres

115 2150 279 58 tournois,
329 2150 172 58 pour
436 2150 129 58 le
501 2150 322 58 récompenser
758 2150 129 58 de
823 2150 279 58 plusieurs
1037 2150 236 58 voyages
1209 2150 193 58 qu’il
1337 2150 107 58 a
1359 2150 150 58 faits

106 2183 286 63 depuis
307 2183 200 63 six
421 2183 315 63 mois...
650 2183 315 63 Dernier
879 2183 229 63 jour
1022 2183 286 63 d’août
1223 2183 258 63 1550.
1395 2183 143 63 4
1423 2183 86 63 »

67 2221 186 98 3852.
191 2221 412 98 Seignelay
542 2221 247 98 (Colbert
727 2221 124 98 de
789 2221 330 98 Castelhill),
1057 2221 206 98 évêque
1202 2221 124 98 de
1264 2221 227 98 Rhodez,
1408 2221 103 98 dé-

116 2290 153 64 puté
211 2290 115 64 de
269 2290 382 64 l'Aveyron
593 2290 95 64 à
632 2290 286 64 l’Assemblée
861 2290 325 64 constituante.
1128 2290 115 64 L.
1185 2290 153 64 aut.
1281 2290 172 64 sig.,
1376 2290 134 64 comme

114 2335 287 71 président
335 2335 132 71 du
401 2335 221 71 Comité
555 2335 154 71 des
643 2335 331 71 recherches.
908 2335 331 71 Versailles,
1173 2335 132 71 30
1239 2335 199 71 sept.
1350 2335 154 71 1789.

85 2380 246 58 3
183 2380 295 58 p.
330 2380 344 58 pl.
527 2380 442 58 in-4.
822 2380 638 58 Curieuse.
1313 2380 246 58 4
1362 2380 147 58 »

67 2412 186 76 3853.
191 2412 351 76 Sibert
480 2412 516 76 (Pierre-Edme-Gaultier
934 2412 165 76 de),
1037 2412 206 76 membre
1182 2412 186 76 libre
1306 2412 124 76 de
1347 2412 165 76 l’Aca-

115 2484 185 51 démie
239 2484 144 51 des
321 2484 390 51 belles-lettres.
649 2484 123 51 L.
711 2484 164 51 aut.
813 2484 164 51 sig.
916 2484 123 51 (à
977 2484 123 51 la
1039 2484 123 51 3e
1101 2484 287 51 personne),
1326 2484 103 51 à
1367 2484 123 51 M.
1408 2484 103 51 Go-

92 2515 400 69 blet.
358 2515 267 69 18
491 2515 444 69 avril.
802 2515 222 69 1
891 2515 267 69 p.
1024 2515 400 69 in-4.
1291 2515 222 69 1
1335 2515 178 69 50

70 2578 182 60 3854.
191 2578 343 60 Sicard
474 2578 263 60 (l’abbé),
676 2578 303 60 instituteur
918 2578 141 60 des
999 2578 202 60 sourds
1140 2578 121 60 et
1201 2578 202 60 muets.
1342 2578 121 60 L.
1383 2578 121 60 aut.

100 2606 306 71 sig.
291 2606 229 71 22
405 2606 611 71 thermidor...
902 2606 191 71 1
978 2606 229 71 p.
1093 2606 344 71 in-8.
1322 2606 191 71 1
1360 2606 153 71 50

73 2672 182 76 3855.
194 2672 242 76 Sue
375 2672 262 76 (Eugène),
577 2672 282 76 romancier.
799 2672 121 76 L.
860 2672 161 76 aut.
960 2672 161 76 sig.
1061 2672 121 76 21
1122 2672 222 76 juillet
1283 2672 182 76 1848.
1404 2672 101 76 1
1424 2672 81 76 p.

34 2711 739 87 pl.
457 2711 950 87 in-8.
1090 2711 528 87 2
1195 2711 317 87 »

167 2755 128 66 Au
231 2755 192 66 sujet
358 2755 128 66 de
422 2755 149 66 son
507 2755 256 66 histoire
699 2755 128 66 de
763 2755 128 66 la
827 2755 213 66 Marine
976 2755 128 66 de
1040 2755 192 66 Louis
1146 2755 128 66 XIV.

72 2797 191 83 3856.
199 2797 381 83 Sumatra
517 2797 318 83 (Recherches
771 2797 127 83 et
835 2797 339 83 Observations
1110 2797 148 83 sur
1195 2797 127 83 le
1259 2797 254 83 commerce
1428 2797 85 83 de
