1678 2920
598 40 183 94 —
672 40 256 94 311
781 40 110 94 —

78 134 194 86 l’île
208 134 173 86 de),
316 134 130 86 et
381 134 151 86 ses
467 134 281 86 relations
683 134 173 86 avec
791 134 130 86 le
856 134 259 86 commerce
1050 134 130 86 de
1115 134 130 86 la
1180 134 281 86 Compagnie
1374 134 108 86 des

78 216 200 55 Indes
211 216 289 55 anglaises
434 216 111 55 à
478 216 133 55 la
545 216 222 55 Chine.
701 216 289 55 Manuscrit
923 216 133 55 de
990 216 133 55 10
1056 216 156 55 gr.
1145 216 133 55 p.
1212 216 245 55 in-fol.
1390 216 111 55 5
1412 216 67 55 »

31 254 194 79 3857.
161 254 452 79 Talleyrand
549 254 151 79 (le
635 254 215 79 prince
786 254 172 79 de).
893 254 215 79 Billet
1044 254 129 79 de
1109 254 129 79 sa
1173 254 172 79 loge
1281 254 129 79 de
1324 254 151 79 grand

81 313 303 59 chambellan
319 313 130 59 du
384 313 238 59 théâtre
557 313 130 59 de
622 313 432 59 l’Opéra-Comique,
989 313 173 59 avec
1097 313 130 59 la
1162 313 173 59 date
1270 313 130 59 et
1335 313 130 59 sa
1378 313 108 59 si-

20 371 893 57 gnature
669 371 649 57 aut.
1075 371 406 57 1
1156 371 325 57 50

35 420 178 67 3858.
154 420 336 67 Texier
430 420 276 67 sculpteur.
647 420 118 67 L,
706 420 158 67 aut.
805 420 178 67 sig.,
923 420 99 67 à
963 420 158 67 M...
1062 420 197 67 Paris,
1200 420 118 67 29
1259 420 158 67 août
1338 420 138 67 1848.

36 470 313 71 2
162 470 438 71 gr.
412 470 376 71 p.
600 470 438 71 pl.
851 470 564 71 in-4.
1226 470 313 71 3
1289 470 188 71 »

127 517 129 61 Au
191 517 193 61 sujet
320 517 129 61 du
384 517 193 61 Musée
513 517 129 61 de
577 517 279 61 sculpture
792 517 129 61 de
856 517 129 61 M.
921 517 129 61 de
985 517 236 61 Clarac,
1157 517 172 61 dont
1264 517 129 61 il
1329 517 107 61 a
1350 517 129 61 fait

82 565 360 55 l’acquisition,
382 565 120 55 et
442 565 180 55 qu’il
562 565 120 55 ne
622 565 160 55 peut
722 565 260 55 continuer
921 565 120 55 si
981 565 120 55 on
1041 565 120 55 ne
1101 565 140 55 lui
1181 565 180 55 vient
1301 565 120 55 en
1341 565 140 55 aide.

32 606 204 71 3859.
168 606 431 71 Thibault
531 606 295 71 (Madame),
758 606 272 71 première
962 606 204 71 femme
1098 606 136 71 de
1166 606 250 71 chambre
1348 606 136 71 de
1393 606 91 71 la

83 654 191 89 reine
210 654 445 89 Marie-Antoinette.
591 654 127 89 L.
655 654 191 89 sig.,
782 654 127 89 au
845 654 233 89 citoyen
1015 654 275 89 Clavière.
1206 654 275 89 Versailles,

75 704 163 68 10
156 704 299 68 octobre
373 704 244 68 1792.
536 704 136 68 2
590 704 190 68 gr.
699 704 163 68 p.
780 704 190 68 pl.
889 704 163 68 et
970 704 244 68 demie
1133 704 299 68 in-fol.
1350 704 136 68 7
1377 704 109 68 50

127 754 226 62 Détails
292 754 328 62 intéressants
558 754 144 62 sur
640 754 144 62 les
722 754 246 62 pensions
907 754 123 62 de
968 754 123 62 la
1030 754 246 62 cassette
1214 754 123 62 de
1276 754 123 62 la
1317 754 164 62 reine,

82 791 130 70 la
147 791 324 70 disparition
406 791 130 70 du
471 791 259 70 registre
665 791 173 70 dans
773 791 216 70 lequel
925 791 194 70 elles
1054 791 238 70 étaient
1205 791 281 70 consignées,

85 853 235 61 l’argent
262 853 117 61 et
320 853 137 61 les
399 853 196 61 bijoux
536 853 196 61 pillés
673 853 117 61 le
731 853 117 61 10
790 853 176 61 août,
908 853 176 61 etc.,
1006 853 117 61 etc.

40 888 172 86 3860.
154 888 229 86 Titon
326 888 114 86 du
383 888 267 86 Tillet
593 888 248 86 (Evrard),
784 888 191 86 auteur
918 888 134 86 de:
994 888 229 86 Essai
1166 888 134 86 sur
1242 888 134 86 les
1299 888 191 86 hon

87 956 235 54 neurs
264 956 235 54 accordés
440 956 137 54 aux
518 956 353 54 Illustres
812 956 118 54 Né
871 956 98 54 à
910 956 176 54 Paris
1028 956 118 54 en
1086 956 176 54 1677.
1204 956 157 54 Mort
1302 956 118 54 en
1341 956 137 54 1762.

79 998 166 67 L.
162 998 221 67 aut.
300 998 248 67 sig.,
466 998 138 67 à
521 998 221 67 M...
659 998 138 67 7
714 998 248 67 sept.
880 998 248 67 1755.
1045 998 138 67 3
1101 998 166 67 p.
1183 998 248 67 in-4.
1349 998 138 67 2
1377 998 110 67 50

44 1057 169 63 3861.
157 1057 300 63 Torcy
400 1057 187 63 (J.-B.
531 1057 356 63 Colbert
831 1057 206 63 marquis
980 1057 150 63 de),
1074 1057 225 63 ministre
1243 1057 131 63 des
1299 1057 187 63 affaires

85 1097 329 60 étrangères,
348 1097 351 60 ambassadeur.
633 1097 132 60 L.
699 1097 175 60 aut.
808 1097 197 60 sig.,
940 1097 110 60 à
984 1097 175 60 M...
1093 1097 329 60 Versailles,
1356 1097 110 60 2
1378 1097 110 60 mai

74 1150 283 57 1698.
262 1150 157 57 1
325 1150 188 57 p.
419 1150 220 57 pl.
545 1150 283 57 in-4.
733 1150 408 57 (Quelques
1047 1150 377 57 taches.)
1330 1150 157 57 3
1361 1150 126 57 50

42 1196 183 69 3862.
164 1196 387 69 Trélat,
489 1196 183 69 maire
611 1196 142 69 (en
693 1196 183 69 1848)
815 1196 122 69 du
876 1196 163 69 XIIe
977 1196 387 69 arrondissement,
1283 1196 203 69 médecin,

87 1255 366 70 sous-directeur
392 1255 122 70 de
452 1255 264 70 l’hôpital
656 1255 122 70 de
717 1255 122 70 la
778 1255 325 70 Salpétrière.
1042 1255 122 70 L.
1103 1255 163 70 aut.
1204 1255 163 70 sig.
1306 1255 122 70 12
1347 1255 142 70 octo-

55 1284 386 92 bre
275 1284 496 92 1848.
606 1284 275 92 1
716 1284 330 92 p.
881 1284 496 92 in-8.
1212 1284 275 92 2
1267 1284 220 92 50

134 1341 131 73 Il
200 1341 153 73 lui
287 1341 306 73 recommande
527 1341 131 73 le
593 1341 240 73 porteur
767 1341 131 73 de
833 1341 197 73 cette
964 1341 284 73 lettre...
1182 1341 131 73 Sa
1248 1341 262 73 conduite
1422 1341 66 73 a

90 1389 152 69 été
177 1389 281 69 admirable
393 1389 173 69 dans
502 1389 152 69 nos
588 1389 217 69 cruels
740 1389 195 69 jours
848 1389 260 69 d’épreuve.

45 1436 185 76 3863.
169 1436 350 76 Turgot
457 1436 144 76 (le
540 1436 227 76 comte),
704 1436 165 76 pair
807 1436 124 76 de
869 1436 227 76 France,
1034 1436 309 76 ambassadeur
1281 1436 124 76 de
1322 1436 165 76 France

90 1491 108 63 à
134 1491 237 63 Madrid.
306 1491 129 63 L.
370 1491 172 63 aut.
478 1491 194 63 sig.,
607 1491 108 63 à
650 1491 129 63 M.
714 1491 129 63 le
779 1491 301 63 chancelier
1016 1491 129 63 de
1080 1491 237 63 France.
1231 1491 258 63 Lantheuil,

65 1536 285 64 13
207 1536 380 64 déc.
444 1536 427 64 1839.
729 1536 237 64 2
824 1536 285 64 p.
967 1536 427 64 in-4.
1252 1536 237 64 2
1299 1536 190 64 50

47 1574 183 97 3864.
169 1574 366 97 Valcour
474 1574 305 97 (Plancher),
718 1574 325 97 littérateur.
982 1574 122 97 L.
1043 1574 163 97 aut.
1145 1574 183 97 sig.,
1267 1574 122 97 au
1308 1574 183 97 citoyen

85 1631 249 69 Dupré.
260 1631 249 69 Paris,
434 1631 150 69 11
509 1631 249 69 nivôse
684 1631 150 69 an
759 1631 200 69 VII.
883 1631 125 69 1
933 1631 150 69 p.
1008 1631 225 69 in-4.
1158 1631 274 69 Cachet.
1357 1631 125 69 2
1382 1631 100 69 50

45 1691 197 61 3865.
177 1691 219 61 Van
330 1691 307 61 Wichen
571 1691 197 61 (G.),
702 1691 351 61 missionnaire
987 1691 329 61 apostolique
1250 1691 131 61 et
1294 1691 197 61 premier

91 1742 273 59 aumônier
296 1742 137 59 de
364 1742 341 59 l’ambassade
637 1742 137 59 de
706 1742 228 59 France
865 1742 114 59 à
910 1742 137 59 La
979 1742 205 59 Haye.
1115 1742 205 59 Pièce
1252 1742 182 59 aut.
1343 1742 137 59 sig.

91 1785 148 74 par
175 1785 254 74 laquelle
366 1785 127 74 il
429 1785 254 74 certifie
620 1785 148 74 que
704 1785 190 74 Louis
831 1785 127 74 de
895 1785 275 74 Cardevac,
1106 1785 233 74 marquis
1254 1785 233 74 d’Havren-

92 1827 197 70 cour,
223 1827 306 70 lieutenant
464 1827 241 70 général
639 1827 153 70 des
727 1827 219 70 armées
880 1827 131 70 du
946 1827 153 70 roi
1033 1827 131 70 de
1099 1827 285 70 France...
1296 1827 197 70 gouver-

94 1876 175 69 neur
203 1876 131 69 de
269 1876 131 69 la
334 1876 197 69 ville
465 1876 284 69 d’Hesdin,
684 1876 131 69 et
749 1876 153 69 son
837 1876 328 69 ambassadeur
1099 1876 218 69 auprès
1252 1876 153 69 des
1317 1876 175 69 Etats-

81 1940 279 51 -Généraux
295 1940 150 51 des
381 1940 279 51 Provinces
595 1940 214 51 Unies,
745 1940 150 51 est
831 1940 214 51 décédé
981 1940 107 51 à
1024 1940 129 51 La
1088 1940 171 51 Haye
1195 1940 129 51 le
1259 1940 129 51 15
1302 1940 193 51 février

95 1972 191 69 1767.
222 1972 127 69 La
286 1972 191 69 Haye,
413 1972 127 69 le
477 1972 106 69 2
519 1972 149 69 mai
604 1972 191 69 1767.
731 1972 149 69 1/2
816 1972 127 69 p.
880 1972 233 69 in-fol.
1049 1972 233 69 Cachet,
1219 1972 127 69 et
1283 1972 212 69 cachet
1410 1972 85 69 de

31 2031 1377 57 l’ambassade.
1150 2031 430 57 3
1236 2031 258 57 »

55 2073 180 74 3866.
175 2073 440 74 Vauvilliers
555 2073 180 74 (de),
675 2073 200 74 membre
816 2073 120 74 de
876 2073 280 74 l’Académie
1096 2073 140 74 des
1156 2073 340 74 belles

98 2121 131 87 L.
164 2121 196 87 sig.,
294 2121 109 87 à
338 2121 131 87 M.
404 2121 305 87 Lavoisier,
643 2121 240 87 fermier
818 2121 262 87 général.
1014 2121 196 87 Paris
1145 2121 153 87 1er
1232 2121 196 87 avril
1341 2121 153 87 1790.

71 2175 238 71 1
167 2175 333 71 gr.
357 2175 285 71 p.
499 2175 523 71 in-fol.
880 2175 523 71 Cachet.
1260 2175 238 71 1
1308 2175 190 71 50

54 2211 188 91 3867.
180 2211 418 91 Villemain
535 2211 209 91 membre
681 2211 125 91 de
744 2211 293 91 l’Académie
974 2211 293 91 française.
1204 2211 125 91 L.
1267 2211 167 91 aut.
1351 2211 146 91 sig.,

91 2283 147 58 à
149 2283 205 58 son
267 2283 235 58 cher
413 2283 499 58 collègue.....
824 2283 147 58 4
883 2283 205 58 gr.
1000 2283 176 58 p.
1088 2283 205 58 pl.
1206 2283 264 58 in-4.
1382 2283 147 58 4
1411 2283 88 58 »

146 2321 287 67 Très-belle
372 2321 205 67 lettre
516 2321 123 67 au
577 2321 185 67 sujet
700 2321 123 67 de
762 2321 144 67 son
844 2321 226 67 rapport
1008 2321 144 67 sur
1090 2321 144 67 les
1172 2321 267 67 académies
1356 2321 144 67 qu’il

97 2375 151 65 lui
184 2375 108 65 a
227 2375 301 65 communiqué
463 2375 129 65 et
528 2375 194 65 qu’il
657 2375 151 65 lui
722 2375 215 65 renvoie.

58 2407 171 95 3868.
172 2407 324 95 Viotti
439 2407 381 95 (Jean-Baptiste),
763 2407 210 95 célèbre
915 2407 267 95 violoniste
1125 2407 114 95 et
1182 2407 305 95 compositeur,
1411 2407 95 95 di

103 2472 234 75 recteur
273 2472 127 75 de
336 2472 234 75 l’Opéra
506 2472 127 75 en
570 2472 191 75 1824.
698 2472 127 75 L.
761 2472 170 75 aut.
868 2472 191 75 sig.,
995 2472 106 75 à
1038 2472 127 75 M.
1101 2472 127 75 le
1165 2472 255 75 baron...
1335 2472 170 75 Paris,

98 2522 126 75 4
148 2522 201 75 août
274 2522 226 75 1821.
425 2522 126 75 1
475 2522 151 75 p.
550 2522 176 75 pl.
651 2522 151 75 et
726 2522 226 75 demie
877 2522 226 75 in-8.
1028 2522 302 75 Portrait
1255 2522 226 75 in-8.
1405 2522 126 75 6
1431 2522 75 75 »

153 2588 125 56 Au
216 2588 187 56 sujet
341 2588 125 56 de
403 2588 167 56 Mlle
507 2588 271 56 Sainville
715 2588 125 56 et
778 2588 271 56 d’Adolphe
965 2588 208 56 Nourrit.

60 2616 178 75 3869.
179 2616 337 75 Voirol
456 2616 139 75 (le
536 2616 257 75 général).
734 2616 119 75 L.
793 2616 158 75 aut.
892 2616 178 75 sig.,
1011 2616 99 75 à
1050 2616 297 75 l’intendant
1288 2616 119 75 en
1348 2616 158 75 chef
1427 2616 79 75 de

105 2670 261 68 l’armée
295 2670 142 68 du
366 2670 214 68 Nord.
509 2670 285 68 Cambrai,
722 2670 142 68 16
793 2670 285 68 décembre
1007 2670 214 68 1831.
1149 2670 119 68 1
1197 2670 142 68 p.
1268 2670 214 68 in-4.
1410 2670 119 68 2
1434 2670 71 68 »

62 2710 188 110 3870.
188 2710 418 110 Willaumez
543 2710 146 110 (le
627 2710 356 110 vice-amiral),
919 2710 167 110 pair
1024 2710 125 110 de
1087 2710 230 110 France,
1254 2710 209 110 auteur
1380 2710 125 110 d’un
