1140 1985
528 19 59 74 —
552 19 59 74 6
564 19 35 74 —

653 101 59 75 26410
693 101 59 75 LOUIS
732 101 52 75 XVI,
764 101 46 75 roi
790 101 46 75 des
816 101 85 75 Français,
882 101 78 75 décapité
940 101 39 75 en
960 101 59 75 1793.
999 101 33 75 —
1012 101 59 75 P.
1044 101 59 75 s.

142 145 113 49 1792,
218 145 88 49 1/2
268 145 75 49 p.
306 145 138 49 in-fol.
406 145 63 49 4
418 145 38 49 »

132 182 151 53 26411
233 182 151 53 LOUIS
333 182 117 53 XVI
401 182 101 53 ET
451 182 101 53 SA
501 182 151 53 COUR.
602 182 84 53 —
635 182 117 53 Fin
702 182 134 53 d’un
786 182 184 53 contrat
921 182 101 53 de
954 182 151 53 mariage

128 229 165 44 signé
237 229 128 44 par
311 229 165 44 LOUIS
420 229 146 44 XVI,
512 229 384 44 MARIE-ANTOINETTE,
841 229 183 44 MADAME
951 229 146 44 ÉLISA-

133 268 159 40 BETH,
239 268 106 40 le
292 268 124 40 duc
363 268 106 40 et
416 268 106 40 la
469 268 212 40 duchesse
629 268 283 40 d’Angoulême,
858 268 124 40 les
929 268 177 40 comtes
1035 268 71 40 de

125 303 230 45 Proyence
298 303 115 45 et
355 303 250 45 d’Artois,
547 303 115 45 et
605 303 173 45 leurs
720 303 211 45 femmes,
874 303 115 45 et
912 303 192 45 mesdames

138 330 219 69 Adélaïde,
307 330 202 69 Victoire
458 330 101 69 et
509 330 185 69 Sophie:
644 330 101 69 11
694 330 202 69 décembre
846 330 152 69 1781,
947 330 84 69 1
981 330 101 69 p.
1015 330 84 69 in-

145 369 75 51 fol.
191 369 150 51 Précieuse
313 369 131 51 pièce
416 369 65 51 100
444 369 28 51 »

137 407 124 76 26412
220 407 138 76 LOUVET
317 407 166 76 (J.-B.),
441 407 248 76 conventionnel,
648 407 166 76 l’auteur
772 407 83 76 de
814 407 262 76 Faublas
1021 407 41 76 —

138 452 90 64 P.
198 452 110 64 s.
288 452 60 64 an
318 452 80 64 III,
369 452 50 64 2
389 452 60 64 p.
419 452 110 64 in-fol.
499 452 60 64 10
519 452 30 64 »

138 479 133 69 26413
227 479 133 69 MASSÉ
316 479 133 69 (V.),
405 479 222 69 compositeur
582 479 178 69 célèbre,
715 479 148 69 auteur
819 479 104 69 des
878 479 178 69 Noces
996 479 104 69 de

130 528 297 59 Jeannette,
387 528 135 59 membre
482 528 81 59 de
523 528 203 59 l’Institut.
685 528 68 59 —
712 528 108 59 L.
779 528 81 59 a.
820 528 135 59 s.
915 528 81 59 10
955 528 108 59 juin
1009 528 95 59 1864,

132 569 56 64 1
154 569 67 64 p.
187 569 78 64 pl.
232 569 100 64 in-8.
299 569 56 64 4
310 569 33 64 »

174 602 185 56 Curieuse
312 602 154 56 lettre
420 602 123 56 dans
497 602 185 56 laquelle
636 602 93 56 il
683 602 170 56 déclare
806 602 93 56 ne
852 602 108 56 pas
914 602 93 56 se
945 602 154 56 rappeler

124 643 111 47 les
187 643 142 47 dates
282 643 111 47 des
346 643 206 47 premières
504 643 300 47 représentations
757 643 95 47 de
804 643 111 47 ses
852 643 142 47 pièces.

132 671 143 71 26414
228 671 175 71 MATHIEU
355 671 143 71 (L.),
451 671 175 71 célèbre
578 671 223 71 astronome,
753 671 159 71 membre
865 671 96 71 de
897 671 207 71 l’Institut.

136 726 80 48 P.
181 726 68 48 a.
215 726 114 48 s.
295 726 57 48 1
318 726 68 48 p.
352 726 80 48 1/2
397 726 102 48 in-4.
466 726 57 48 4
477 726 34 48 »

144 754 291 63 Très-curieuse
384 754 154 63 pièce
487 754 103 63 où
538 754 103 63 il
590 754 189 63 examine
727 754 120 63 les
795 754 189 63 travaux
933 754 103 63 de
984 754 103 63 M.
1018 754 86 63 De-

133 802 163 42 launay
247 802 130 42 (qui
328 802 163 42 devint
442 802 211 42 directeur
604 802 98 42 de
637 802 293 42 l’Observatoire).

132 839 141 53 26415
226 839 219 53 MAXIMILIEN
398 839 110 53 Ier
461 839 188 53 empereur
602 839 250 53 d’Allemagne.
806 839 78 53 —
837 839 141 53 L.
931 839 172 53 s.
1040 839 63 53 en

120 881 172 44 latin,
240 881 120 44 aux
309 881 241 44 gouverneur
498 881 103 44 et
550 881 189 44 conseil
687 881 103 44 de
739 881 103 44 la
790 881 138 44 cité
876 881 103 44 de
928 881 155 44 Pise;
1014 881 86 44 «ex

129 921 191 52 civitate
272 921 159 52 nostra
384 921 175 52 Augusta
511 921 96 52 »,
559 921 80 52 3
591 921 111 52 mai
654 921 143 52 1496,
750 921 111 52 1/2
814 921 96 52 p.
861 921 143 52 in-4,
957 921 143 52 trace
1036 921 64 52 de

124 954 140 47 cachet.
226 954 140 47 Légères
328 954 127 47 taches
417 954 76 47 et
455 954 191 47 déchirures.
608 954 204 47 Rare
773 954 76 47 30
799 954 38 47 »

159 982 173 54 Curieux
285 982 189 54 document
427 982 94 54 où
474 982 94 54 il
521 982 110 54 les
584 982 189 54 félicite
726 982 94 54 de
773 982 94 54 la
821 982 220 54 résistance
978 982 126 54 qu’ils

120 1027 196 40 opposent
267 1027 115 40 aux
332 1027 196 40 attaques
480 1027 115 40 des
545 1027 196 40 Français
693 1027 98 40 et
742 1027 98 40 de
791 1027 115 40 ses
856 1027 164 40 autres
955 1027 147 40 ennemis

120 1064 93 47 et
167 1064 93 47 de
214 1064 124 47 leur
291 1064 187 47 fidélité
431 1064 78 47 a
447 1064 171 47 l’Empire.

130 1105 127 40 26416
214 1105 183 40 MERMILLOD
355 1105 197 40 (Gaspard),
510 1105 155 40 vicaire
623 1105 211 40 apostolique
792 1105 85 40 de
820 1105 127 40 Genève,

135 1140 135 47 expulsé
233 1140 74 47 de
270 1140 111 47 cette
344 1140 111 47 ville
418 1140 86 47 par
467 1140 74 47 le
504 1140 197 47 gouvernement
664 1140 135 47 suisse.
762 1140 62 47 —
787 1140 111 47 L.
848 1140 111 47 s.

126 1178 140 48 1866,
220 1178 109 48 1/2
282 1178 93 48 p.
329 1178 140 48 in-8.
422 1178 78 48 —
453 1178 78 48 2
468 1178 47 48 »

135 1214 129 49 26417
221 1214 186 49 MEYERBEER
364 1214 200 49 (Giacomo),
521 1214 86 49 le
564 1214 129 49 grand
650 1214 229 49 compositeur.
836 1214 72 49 —
865 1214 129 49 L.
951 1214 86 49 a.
979 1214 115 49 s.

140 1259 80 53 en
180 1259 173 53 français,
313 1259 66 53 1
339 1259 80 53 p.
379 1259 120 53 in-8.
459 1259 66 53 3
472 1259 40 53 »

128 1296 124 60 26418
211 1296 124 60 MURAT
293 1296 192 60 (Joachim),
444 1296 96 60 roi
499 1296 82 60 de
541 1296 151 60 Naples,
650 1296 151 60 fusillé
760 1296 82 60 en
802 1296 124 60 1815.
884 1296 69 60 —
912 1296 124 60 P.
980 1296 124 60 s.

131 1343 77 46 an
170 1343 103 46 XII,
234 1343 64 46 1
260 1343 77 46 p.
298 1343 141 46 in-fol.
401 1343 64 46 3
414 1343 39 46 »

125 1371 140 59 26419
219 1371 156 59 MUSSET
328 1371 171 59 (Alfred
453 1371 125 59 de),
531 1371 94 59 un
578 1371 94 59 de
624 1371 109 59 nos
687 1371 156 59 poètes
796 1371 109 59 les
858 1371 125 59 plus
921 1371 171 59 célèbres,

126 1425 91 54 de
171 1425 167 54 l’Acad.
292 1425 91 54 fr
338 1425 76 54 —
368 1425 136 54 L.
459 1425 91 54 a.
504 1425 151 54 s.
610 1425 76 54 à
641 1425 91 54 M.
686 1425 167 54 Hetzel,
807 1425 106 54 1/2
868 1425 91 54 p.
913 1425 136 54 in-8.
989 1425 106 54 Jolie

130 1453 84 51 pièce.
189 1453 135 51 Rare
298 1453 51 51 25
315 1453 25 51 »

135 1491 127 62 26420
220 1491 169 62 NAPOLÉON
346 1491 113 62 III,
417 1491 169 62 empereur
544 1491 99 62 des
600 1491 183 62 Français.
741 1491 71 62 —
770 1491 127 62 L.
854 1491 141 62 s
953 1491 71 62 à
967 1491 127 62 Vaïsse;

133 1533 136 55 Elysée
228 1533 68 55 6
255 1533 122 55 avril
337 1533 122 55 1851,
418 1533 95 55 1/2
472 1533 81 55 p.
513 1533 122 55 in-8.
594 1533 81 55 15
621 1533 41 55 »

128 1564 143 67 26421
224 1564 159 67 NAQUET
335 1564 223 67 (Gustave),
510 1564 191 67 écrivain
653 1564 239 67 socialiste,
844 1564 255 67 représentant
1035 1564 64 67 du

130 1628 145 51 peuple
231 1628 72 51 à
260 1628 217 51 l’Assemblée
434 1628 87 51 de
477 1628 217 51 Versailles.
651 1628 72 51 —
680 1628 130 51 L.
767 1628 87 51 a.
810 1628 145 51 s.
912 1628 87 51 au
941 1628 159 51 rédacteur

125 1660 75 47 du
162 1660 236 47 Siècle;
361 1660 112 47 Lyon,
436 1660 75 47 18
473 1660 137 47 juillet
573 1660 112 47 1849,
647 1660 62 47 2
672 1660 75 47 p.
710 1660 112 47 in-4.
784 1660 62 47 6
797 1660 37 47 »

159 1698 286 43 Très-curieuse
394 1698 168 43 lettre
512 1698 118 43 par
579 1698 202 43 laquelle
730 1698 101 43 il
781 1698 202 43 proteste
932 1698 168 43 contre
1033 1698 67 43 le

119 1732 152 47 refus
220 1732 304 47 d’autorisation
474 1732 135 47 d’un
558 1732 186 47 journal
693 1732 203 47 prononcé
845 1732 118 47 par
912 1732 101 47 le
946 1732 152 47 général

99 1774 180 45 Gemeau.

128 1803 140 60 26422
222 1803 109 60 NEY
284 1803 203 60 (Michel),
441 1803 187 60 illustre
581 1803 187 60 maréchal
721 1803 94 60 de
768 1803 203 60 l’Empire,
924 1803 172 60 fusillé
1034 1803 62 60 en

129 1852 138 49 1815.
220 1852 76 49 —
251 1852 122 49 Recu
327 1852 92 49 de
373 1852 76 49 2
404 1852 153 49 lignes
511 1852 168 49 aut.
633 1852 183 49 sig
771 1852 153 49 Paris,
878 1852 92 49 27
924 1852 122 49 fév.
985 1852 107 49 1813,

122 1887 65 60 1
148 1887 78 60 p.
187 1887 104 60 in-4
252 1887 143 60 oblong.
356 1887 65 60 6
369 1887 39 60 »
