1135 2012
547 25 93 67 —
585 25 93 67 8
603 25 56 67 —

143 105 143 48 26434
239 105 175 48 RÉMUSAT
366 105 191 48 (Charles
509 105 127 48 de),
589 105 191 48 écrivain
732 105 239 48 philosophe,
923 105 191 48 ministre
1050 105 64 48 et

143 142 121 47 ami
212 142 104 47 de
264 142 104 47 M.
316 142 191 47 Thiers,
455 142 173 47 membre
576 142 104 47 de
628 142 260 47 l’Acad.-fr.
836 142 87 47 —
871 142 156 47 Pièce
975 142 104 47 de
1010 142 104 47 vers

136 177 180 51 aut.
266 177 196 51 sig
414 177 82 51 à
446 177 114 51 Mme
512 177 98 51 de
561 177 245 51 Céré-Barbé;
757 177 82 51 4
790 177 196 51 novembre
937 177 147 51 1814,
1035 177 82 51 1
1052 177 65 51 p.

144 214 94 49 in-8.
206 214 52 49 6
217 214 31 49 »

149 259 99 56 26435
215 259 99 56 RENAN
280 259 99 56 (E.),
346 259 131 56 l'auteur
445 259 66 56 de
478 259 66 56 la
510 259 109 56 Vie
587 259 66 56 de
620 259 153 56 Jésus
740 259 55 56 —
762 259 99 56 L.
828 259 66 56 a.
861 259 120 56 s.
937 259 77 56 1854,

134 294 67 59 1
160 294 81 59 p.
201 294 121 59 in-8.
282 294 229 59 Intéressante,
470 294 67 59 4
484 294 40 59 »

142 330 134 50 26436
232 330 194 50 RICHELIEU
381 330 149 50 (L.-A.
485 330 224 50 DU-PLESSIS,
664 330 179 50 cardinal
799 330 119 50 de),
873 330 209 50 l’illustre
1022 330 90 50 pre-

139 385 139 37 mier
225 385 208 37 ministre
382 385 104 37 de
434 385 156 37 Louis
538 385 156 37 XIII.
642 385 87 37 —
677 385 174 37 Minute
798 385 104 37 de
851 385 174 37 lettre
972 385 87 37 à
1007 385 104 37 M.
1042 385 69 37 de

40 410 256 44 Puylaurens,
245 410 136 44 avec
330 410 222 44 trente
500 410 136 44 mots
586 410 324 44 autographes
858 410 102 44 du
909 410 205 44 cardinal
1046 410 68 44 de

24 444 325 53 Richelieu;
279 444 163 53 (15
372 444 279 53 novembre
582 444 232 53 1634),
744 444 116 53 1
791 444 139 53 p.
860 444 209 53 in-4.
1000 444 139 53 50
1046 444 70 53 »

167 486 152 49 Pièce
268 486 253 49 historique.
471 486 84 49 —
505 486 101 49 Il
556 486 152 49 mande
657 486 118 49 que
725 486 101 49 le
775 486 152 49 Roila
877 486 169 49 trouvé
995 486 118 49 bon
1045 486 68 49 le

128 523 201 56 mariage
274 523 109 56 de
328 523 255 56 Puylaurens
529 523 146 56 avec
620 523 164 56 Melle
730 523 109 56 Du
785 523 201 56 Cambout
931 523 182 56 (nièce
1040 523 73 56 du

87 565 413 54 cardinal).

132 591 160 63 26437
239 591 249 63 ROCHAMBEAU
435 591 178 63 (J.-B.
559 591 196 63 VIMEUR,
702 591 160 63 comte
808 591 142 63 de),
897 591 214 63 maréchal
1040 591 71 63 de

136 642 184 46 France,
270 642 100 46 un
320 642 117 46 des
387 642 167 46 héros,
504 642 117 46 de,
571 642 100 46 la
621 642 167 46 guerré
738 642 100 46 de
788 642 301 46 l’indépendance
1021 642 84 46 des

143 682 218 59 Etats-Unis.
318 682 73 59 —
347 682 116 59 Reçu
420 682 87 59 de
464 682 73 59 4
493 682 146 59 lignes
595 682 160 59 aut.
711 682 175 59 sig;
842 682 102 59 sur
900 682 160 59 vélin,,
1002 682 102 59 1777,

141 712 64 57 1
167 712 76 57 p.
205 712 115 57 in-12
281 712 140 57 oblong.
383 712 64 57 4
396 712 38 57 »

141 745 135 61 26438
231 745 180 61 RODOLPHE
366 745 105 61 II,
426 745 180 61 empereur
561 745 240 61 d’Allemagne.
755 745 75 61 —
785 745 120 61 L.
860 745 150 61 s.
965 745 90 61 en
995 745 120 61 latin,

136 798 85 61 à
170 798 203 61 François
322 798 102 61 de
373 798 203 61 Médicis;
526 798 254 61 Ratisbonne,
729 798 102 61 13
780 798 136 61 oct.
865 798 153 61 1576,
966 798 85 61 1
1000 798 102 61 p.
1034 798 85 61 1/4

141 832 152 65 in-fol.,
256 832 114 65 trace
332 832 76 65 de
370 832 140 65 cachet.
471 832 63 65 6
484 832 38 65 »

168 864 100 73 Il
218 864 116 73 lui
285 864 183 73 annonce
418 864 116 73 son
484 864 216 73 avénement
651 864 100 73 au
684 864 133 73 trône,

137 906 128 78 26439
222 906 99 78 ROY
279 906 184 78 (P.rCh.),
421 906 142 78 poète,
520 906 213 78 dramatiqge,
690 906 142 78 fameux
790 906 99 78 par
846 906 99 78 ses
889 906 85 78 épi-

135 965 154 58 grammes.
251 965 64 58 —
277 965 116 58 L.
354 965 77 58 a.
393 965 129 58 s.
483 965 64 58 à
508 965 154 58 M.....),
624 965 77 58 27
663 965 116 58 âvril
740 965 116 58 1746,
817 965 64 58 2
843 965 77 58 p.
869 965 90 58 in

1013 996 100 54 5
1033 996 80 54 50

161 1021 147 70 Jolie
259 1021 179 70 lettre,
389 1021 98 70 où
438 1021 98 70 il
487 1021 147 70 remet
585 1021 98 70 au
634 1021 228 70 lendemnain
813 1021 98 70 un
862 1021 147 70 diner
944 1021 163 70 projété,

141 1081 105 56 M.
193 1081 262 56 Destouches,
402 1081 105 56 de
455 1081 192 56 passage
594 1081 87 56 à
629 1081 175 56 Paris,
751 1081 192 56 n’étant
891 1081 157 56 libre
996 1081 122 56 que
1048 1081 70 56 ce

126 1116 148 46 jour

142 1135 120 78 26440
222 1135 134 78 RUBINI
316 1135 161 78 (J.-B.),
436 1135 80 78 le
476 1135 147 78 célèbre
583 1135 161 78 chanteur
703 1135 161 78 italien.
824 1135 67 78 —
851 1135 120 78 L.
931 1135 80 78 a.
971 1135 147 78 s.
1065 1135 54 78 en

137 1190 188 61 français,
281 1190 72 61 à
310 1190 144 61 Merle;
411 1190 87 61 13
454 1190 115 61 fév.
526 1190 130 61 1838,
613 1190 72 61 1
641 1190 87 61 p.
685 1190 130 61 in-4.
771 1190 72 61 5
786 1190 43 61 »

138 1214 122 66 26441
220 1214 135 66 SCARPA
314 1214 189 66 (Antoine),
463 1214 81 66 le
503 1214 122 66 grand
584 1214 189 66 anatomiste
733 1214 162 66 italien,
854 1214 81 66 —-
895 1214 122 66 L.
976 1214 81 66 a.
1003 1214 108 66 s.

125 1271 83 51 à
159 1271 184 51 Giusti;
292 1271 167 51 Pavie,
409 1271 117 51 18,
476 1271 134 51 mars
559 1271 150 51 1805,
659 1271 134 51 1/2.
743 1271 100 51 p.
793 1271 150 51 in-4.
893 1271 150 51 Belle
976 1271 134 51 pièce.

1008 1311 133 51 6
1035 1311 80 51 »

139 1344 151 54 26442
240 1344 168 54 SIBOUR
358 1344 236 54 (M.D.-A.),
543 1344 236 54 archevêque
728 1344 101 54 de
779 1344 168 54 Paris,
896 1344 219 54 assassiné
1048 1344 67 54 en

134 1394 140 55 1857.
228 1394 78 55 —
259 1394 140 55 L.
352 1394 93 55 a.
399 1394 171 55 s.
523 1394 155 55 Paris,
632 1394 93 55 19
679 1394 140 55 avril
772 1394 140 55 1852,
865 1394 109 55 3/4
927 1394 93 55 de
974 1394 93 55 p.
1005 1394 109 55 in

101 1425 255 56 Jolie
271 1425 283 56 pièce.
469 1425 142 56 5
497 1425 85 56 »

134 1473 143 48 26443
229 1473 143 48 SLANE
325 1473 143 48 (Macl
420 1473 159 48 Guckin
531 1473 127 48 de);
610 1473 175 48 célèbre
737 1473 270 48 orientaliste,
959 1473 159 48 membre
1055 1473 63 48 de

132 1503 220 46 l’Institut.
309 1503 73 46 —
338 1503 132 46 L.
426 1503 88 46 a.
470 1503 162 46 s.
588 1503 88 46 (à
632 1503 265 46 M.-Fleischer);
852 1503 147 46 Paris,
955 1503 132 46 1838,
1044 1503 73 46 3
1058 1503 59 46 p.

139 1547 81 42 in-4.
193 1547 45 42 6
202 1547 27 42 »

155 1581 386 61 Très-intéressanté
485 1581 184 61 lettre
614 1581 129 61 sur
687 1581 129 61 des
761 1581 257 61 manuscrits
945 1581 165 61 arabes.

138 1626 125 49 26444
221 1626 139 49 SOUMET
319 1626 167 49 (Alex.),
444 1626 125 49 poèté
527 1626 181 49 tragique,
666 1626 83 49 de
708 1626 208 49 l’Acad.-fr.
875 1626 69 49 —
903 1626 111 49 L.
972 1626 83 49 a.
1000 1626 111 49 s.

129 1667 141 58 à-Eug.
227 1667 197 58 Briffault,
382 1667 70 58 1
410 1667 84 58 p.
452 1667 98 58 1/2
508 1667 127 58 in-4.
593 1667 70 58 3
607 1667 42 58 »

176 1709 231 47 Intéressante
363 1709 144 47 lettre
464 1709 101 47 sur
522 1709 101 47 son
580 1709 130 47 poèmé
666 1709 87 47 de
709 1709 87 47 la
753 1709 188 47 Divine
882 1709 188 47 épopée

73 1783 403 70 L'authenticité
418 1783 134 70 des
495 1783 288 70 autographes
725 1783 134 70 est
782 1783 288 70 garantie.

159 1901 223 51 ABBEVILLE.
335 1901 80 51 —
367 1901 223 51 IMPRIMERIE
542 1901 160 51 BRIEZ,
654 1901 96 51 C.
702 1901 192 51 PAILLART
845 1901 96 51 ET
877 1901 128 51 RETAUX
