1569 2804
82 110 168 96 avec
187 110 126 96 le
250 110 147 96 mot
334 110 294 96 bon
565 110 126 96 de
628 110 126 96 la
691 110 168 96 main
796 110 126 96 du
860 110 147 96 roi
944 110 126 96 en
1007 110 210 96 marge.
1154 110 105 96 1
1196 110 126 96 p.
1259 110 189 96 in-4;
1385 110 105 96 —
1406 110 84 96 3°

74 176 288 61 mémoire
283 176 157 61 en
362 176 262 61 faveur
545 176 157 61 de
623 176 183 61 son
728 176 393 61 petit-fils.
1042 176 131 61 3
1094 176 157 61 p.
1173 176 288 61 in-fol.
1382 176 131 61 5
1408 176 79 61 »

31 217 174 65 215.
140 217 326 65 Choiseul
401 217 326 65 Beaupré
662 217 478 65 (Antoine-Clériadec
1075 217 174 65 de),
1184 217 304 65 archevêque
1401 217 87 65 de

79 283 269 52 Besançon.
286 283 124 52 L.
348 283 165 52 aut.
452 283 186 52 sig.,
576 283 124 52 au
638 283 145 52 duc
721 283 124 52 de
783 283 269 52 Bouillon.
990 283 269 52 Besançon.
1196 283 124 52 29
1258 283 165 52 déc.
1341 283 145 52 1759.

1 327 495 58 2
199 327 594 58 p.
496 327 891 58 in-4.
1090 327 495 58 3
1189 327 297 58 »

34 359 157 72 216.
133 359 354 72 Chompré
428 359 433 72 (Nicolas-Maurice),
802 359 157 72 fils
900 359 118 72 de
959 359 236 72 l’auteur
1136 359 138 72 des
1195 359 295 72 dictionnaires

81 414 134 67 de
148 414 134 67 la
215 414 201 67 Fable
349 414 134 67 et
416 414 134 67 de
483 414 134 67 la
550 414 224 67 Bible,
707 414 134 67 un
774 414 156 67 des
863 414 313 67 principaux
1109 414 313 67 rédacteurs
1355 414 134 67 de
1400 414 89 67 la

80 466 302 64 collection
318 466 151 64 des
404 466 259 64 mémoires
598 466 151 64 sur
684 466 151 64 les
770 466 259 64 Chinois,
965 466 129 64 en
1029 466 129 64 14
1094 466 173 64 vol.
1202 466 194 64 in-4,
1310 466 173 64 mathé-

82 511 277 74 maticien.
295 511 128 74 L.
359 511 170 74 aut.
465 511 192 74 sig.,
593 511 106 74 à
635 511 128 74 M.
699 511 128 74 de
763 511 341 74 Frémonville.
1040 511 213 74 Paris,
1189 511 128 74 14
1253 511 170 74 août
1338 511 149 74 1809.

25 557 385 62 3
179 557 462 62 p.
410 557 539 62 pl.
718 557 693 62 in-4.
1180 557 385 62 3
1257 557 231 62 »

35 593 157 80 217.
133 593 333 80 Choron
408 593 314 80 (Alex.-Et.),
663 593 294 80 compositeur
899 593 118 80 de
957 593 235 80 musique.
1134 593 118 80 Né
1193 593 98 80 à
1212 593 275 80 Caen

83 655 126 60 L.
146 655 168 60 aut.
251 655 189 60 sig.,
377 655 105 60 à
419 655 147 60 MM.
503 655 147 60 les
587 655 399 60 administrateurs
922 655 126 60 de
985 655 273 60 l’Athénée
1195 655 210 60 royal.
1321 655 168 60 Paris,

74 706 173 68 26
161 706 231 68 août
305 706 260 68 1815.
478 706 144 68 2
536 706 202 68 gr.
651 706 173 68 p.
737 706 317 68 in-fol.
968 706 260 68 belle
1141 706 317 68 lettre.
1372 706 144 68 6
1401 706 87 68 »

130 740 207 69 Lettre
275 740 332 69 intéressante
545 740 124 69 au
607 740 187 69 sujet
731 740 124 69 du
794 740 145 69 son
876 740 187 69 cours
1001 740 124 69 de
1063 740 228 69 théorie
1208 740 228 69 musicale.

37 796 147 77 218.
129 796 332 77 Clarke,
405 796 129 77 duc
479 796 111 77 de
534 796 332 77 Feltre
810 796 221 77 maréchal
976 796 111 77 de
1031 796 203 77 France.
1179 796 111 77 Né
1234 796 92 77 à
1253 796 240 77 Lan

87 833 336 82 drecies
367 833 205 82 (Nord).
516 833 112 82 L.
572 833 149 82 aut.
665 833 168 82 sig.,
777 833 112 82 au
833 833 205 82 premier
982 833 205 82 consul.
1132 833 261 82 Bruxelles,
1337 833 112 82 20
1374 833 112 82 fri-

55 882 462 69 maire
362 882 308 69 an
516 882 308 69 v.
670 882 256 69 1
773 882 308 69 p.
927 882 462 69 in-4.
1235 882 256 69 2
1286 882 205 69 50

36 925 168 85 219.
141 925 295 85 Clausel
373 925 126 85 de
436 925 337 85 Montals,
710 925 211 85 évêque
857 925 126 85 de
920 925 274 85 Chartres.
1131 925 126 85 L.
1194 925 168 85 aut.
1299 925 190 85 sig.,
1405 925 84 85 au

76 986 311 61 vicomte
302 986 169 61 de
386 986 452 61 Montmorency.
754 986 282 61 Samedi
951 986 198 61 21.
1064 986 141 61 1
1121 986 169 61 p.
1206 986 254 61 in-4.
1375 986 141 61 3
1403 986 85 61 »

37 1030 164 67 220.
139 1030 389 67 Clauzel
466 1030 245 67 maréchal
650 1030 123 67 de
712 1030 225 67 France.
875 1030 123 67 L.
937 1030 164 67 aut.
1039 1030 164 67 sig.
1141 1030 266 67 Auterive,
1346 1030 123 67 18
1387 1030 102 67 mai

49 1082 499 60 1844.
381 1082 277 60 1
492 1082 333 60 p.
658 1082 388 60 pl.
880 1082 499 60 in-4.
1213 1082 277 60 2
1268 1082 222 60 50

33 1110 174 78 221.
142 1110 608 78 Clermont-Tonnerre
685 1110 152 78 (le
772 1110 282 78 cardinal,
989 1110 152 78 duc
1076 1110 174 78 de),
1185 1110 304 78 archevêque
1402 1110 87 78 de

84 1176 269 56 Toulonse.
291 1176 124 56 L.
353 1176 165 56 aut.
457 1176 186 56 sig.,
581 1176 103 56 à
622 1176 124 56 M.
684 1176 248 56 Moulins.
870 1176 124 56 23
932 1176 186 56 sept.
1057 1176 186 56 1806.
1181 1176 103 56 2
1222 1176 124 56 p.
1284 1176 186 56 in-4.
1408 1176 103 56 3
1429 1176 62 56 »

34 1230 194 56 222.
155 1230 316 56 Comité
398 1230 146 56 de
471 1230 219 56 salut
617 1230 243 56 public
787 1230 146 56 de
860 1230 146 56 la
932 1230 437 56 Convention
1272 1230 219 56 (Arrêté

85 1270 179 63 du),
196 1270 201 63 signé
330 1270 335 63 Cambacérès,
598 1270 268 63 Doulcet,
799 1270 268 63 Tallien,
1000 1270 268 63 Defermon
1201 1270 134 63 et
1268 1270 223 63 Marec,
1402 1270 89 63 au

85 1316 189 56 sujet
211 1316 126 56 du
274 1316 231 56 citoyen
442 1316 315 56 Becquemont,
695 1316 421 56 procureur-syndic
1052 1316 126 56 du
1115 1316 252 56 district
1305 1316 126 56 de
1347 1316 147 56 Pont-

81 1366 305 55 l’Evêque.
315 1366 235 55 Paris,
480 1366 141 55 14
550 1366 305 55 thermidor
785 1366 141 55 an
856 1366 188 55 III.
973 1366 305 55 Demi-page
1208 1366 258 55 in-fol.
1396 1366 117 55 4
1420 1366 70 55 »

31 1406 212 77 223.
164 1406 345 77 Comité
429 1406 159 77 de
509 1406 265 77 sûreté
694 1406 318 77 générale
933 1406 159 77 de
1013 1406 159 77 la
1066 1406 424 77 Convention

84 1468 230 64 (Arrêté
251 1468 167 64 du).
356 1468 188 64 Signé
481 1468 230 64 Ingrand
648 1468 125 64 et
711 1468 251 64 Alquier,
899 1468 167 64 avec
1003 1468 188 64 trois
1129 1468 209 64 lignes
1275 1468 167 64 aut.
1359 1468 125 64 sig.

86 1509 134 63 de
153 1509 379 63 Lavicomterie.
465 1509 223 63 Paris,
621 1509 134 63 27
688 1509 178 63 août
799 1509 201 63 1793.
933 1509 111 63 1
977 1509 134 63 p.
1044 1509 245 63 in-fol.
1223 1509 245 63 Cachet.
1401 1509 111 63 5
1423 1509 67 63 »

133 1562 189 59 Ordre
259 1562 126 59 de
322 1562 315 59 translation
574 1562 168 59 d'un
679 1562 294 59 prisonnier
910 1562 210 59 détenu
1057 1562 105 59 à
1099 1562 126 59 la
1141 1562 168 59 force.

36 1611 159 63 224.
136 1611 318 63 Condé
394 1611 318 63 (Louis-Henri
653 1611 119 63 de
712 1611 239 63 Bourbon,
891 1611 199 63 prince
1031 1611 159 63 de).
1130 1611 119 63 N.
1190 1611 179 63 1692.
1309 1611 119 63 M.
1349 1611 139 63 1740.

79 1655 160 67 L.
159 1655 213 67 aut.
292 1655 213 67 sig.
425 1655 213 67 sans
558 1655 240 67 date.
718 1655 133 67 1
771 1655 160 67 p.
851 1655 186 67 pl.
958 1655 160 67 et
1038 1655 240 67 demie
1197 1655 240 67 in-4.
1357 1655 133 67 7
1384 1655 106 67 50

134 1695 120 57 Il
194 1695 199 57 désire
333 1695 199 57 savoir
473 1695 140 57 des
553 1695 259 57 nouvelles
752 1695 120 57 de
812 1695 120 57 la
872 1695 299 57 négociation
1111 1695 160 57 S...
1211 1695 140 57 «Je
1271 1695 219 57 travaille

84 1740 149 67 «de
169 1740 149 67 mon
254 1740 171 67 côté
361 1740 171 67 pour
467 1740 256 67 parvenir
659 1740 128 67 au
723 1740 149 67 but
809 1740 149 67 que
894 1740 171 67 vous
1001 1740 235 67 sçavez,
1171 1740 128 67 et
1235 1740 171 67 sans
1320 1740 171 67 lequel

88 1790 138 67 «je
167 1790 158 67 croi
266 1790 197 67 l’état
404 1790 197 67 perdu,
542 1790 118 67 ne
601 1790 217 67 peuvant
759 1790 158 67 être
858 1790 217 67 rétabli
1016 1790 138 67 que
1094 1790 138 67 par
1173 1790 256 67 d’habiles
1351 1790 138 67 gens,

81 1843 152 74 «et
168 1843 152 74 non
255 1843 152 74 par
342 1843 152 74 des
408 1843 326 74 imbéciles...»

34 1871 164 82 225.
137 1871 390 82 Consalvi
466 1871 288 82 (Hercule),
692 1871 267 82 cardinal,
897 1871 267 82 ministre.
1103 1871 123 82 L.
1164 1871 164 82 aut.
1267 1871 185 82 sig.,
1390 1871 103 82 à
1411 1871 82 82 la

77 1932 445 69 princesse....
443 1932 236 69 Rome,
601 1932 157 69 13
679 1932 210 69 déc.
810 1932 236 69 1820.
967 1932 131 69 1
1020 1932 157 69 p.
1098 1932 183 69 pl.
1203 1932 236 69 in-4.
1360 1932 131 69 2
1386 1932 105 69 75

35 1975 188 70 226.
152 1975 352 70 Constant
433 1975 141 70 de
504 1975 375 70 Rebecque
809 1975 352 70 (Benjamin),
1090 1975 258 70 député,
1254 1975 235 70 orateur,

85 2030 306 79 publiciste.
330 2030 122 79 L.
391 2030 163 79 aut.
493 2030 184 79 sig.,
615 2030 102 79 à
656 2030 122 79 M.
717 2030 225 79 Alisse.
881 2030 122 79 27
942 2030 163 79 mars
1044 2030 184 79 1823,
1166 2030 102 79 1
1207 2030 122 79 p.
1268 2030 184 79 in-4.
1391 2030 102 79 2
1411 2030 82 79 50

36 2074 174 66 227.
145 2074 369 66 Convention
449 2074 369 66 nationale
752 2074 304 66 (Passeport
991 2074 239 66 délivré
1165 2074 152 66 par
1251 2074 152 66 les
1316 2074 174 66 prési

85 2121 189 64 dents
211 2121 126 64 et
274 2121 315 64 secrétaires
526 2121 126 64 de
589 2121 168 64 la);
694 2121 168 64 sig.
799 2121 231 64 Barère,
966 2121 231 64 Jeanbon
1134 2121 273 64 St-André,
1323 2121 168 64 Treil-

83 2177 171 56 hard
189 2177 128 56 et
253 2177 256 56 St-Just,
446 2177 128 56 au
510 2177 235 56 citoyen
681 2177 128 56 du
745 2177 235 56 Poncel,
915 2177 128 56 en
980 2177 235 56 qualité
1150 2177 128 56 de
1214 2177 256 56 courrier
1385 2177 107 56 des

83 2233 352 57 commissaires
369 2233 242 57 envoyés
545 2233 154 57 par
633 2233 132 57 la
699 2233 330 57 Convention.
962 2233 220 57 Paris,
1116 2233 110 57 4
1160 2233 264 57 décembre
1336 2233 154 57 1792.

56 2261 287 73 41
200 2261 287 73 p.
343 2261 335 73 pl.
534 2261 526 73 in-fol.
916 2261 478 73 Sceau.
1251 2261 239 73 7
1299 2261 191 73 50

37 2300 161 78 228.
138 2300 383 78 Coquerel
460 2300 303 78 (Athanase),
702 2300 222 78 pasteur
864 2300 121 78 de
924 2300 242 78 l’Eglise
1106 2300 242 78 réformée
1287 2300 121 78 de
1328 2300 161 78 Paris,

83 2376 336 57 représentant
356 2376 126 57 du
419 2376 210 57 peuple
565 2376 105 57 à
607 2376 315 57 l’Assemblée
859 2376 336 57 constituante
1132 2376 126 57 de
1194 2376 189 57 1848.
1320 2376 126 57 L.
1362 2376 126 57 aut.

69 2406 284 62 sig.,
259 2406 158 62 à
322 2406 190 62 M.
417 2406 253 62 Paul
575 2406 379 62 Lacroix.
859 2406 158 62 2
922 2406 190 62 p.
1017 2406 221 62 pl.
1144 2406 284 62 in-8.
1333 2406 158 62 2
1365 2406 126 62 50

36 2461 151 63 229.
131 2461 397 63 Corvisart
471 2461 208 63 Premier
622 2461 208 63 médecin
774 2461 113 63 de
830 2461 227 63 Napoléon
1000 2461 151 63 Ier.
1095 2461 113 63 Né
1152 2461 95 63 à
1171 2461 321 63 Dricourt

79 2505 358 66 (Ardennes).
366 2505 143 66 L.
438 2505 191 66 aut.
557 2505 191 66 sig.
677 2505 119 66 6
724 2505 287 66 juillet.
939 2505 119 66 2
987 2505 167 66 gr.
1083 2505 143 66 p.
1154 2505 167 66 pl.
1250 2505 215 66 in-4.
1393 2505 119 66 6
1417 2505 72 66 »

127 2543 126 67 M.
190 2543 252 67 Philippe
379 2543 126 67 et
442 2543 147 67 lui
526 2543 147 67 ont
610 2543 231 67 indiqué
778 2543 126 67 au
840 2543 210 67 malade
987 2543 210 67 qu’ils
1134 2543 252 67 traitent
1302 2543 189 67 l'élec-

84 2594 241 60 tricité,
265 2594 181 60 comme
385 2594 141 60 ils
466 2594 301 60 prescrivent
707 2594 201 60 touts,
847 2594 141 60 les
928 2594 181 60 jours
1048 2594 141 60 des
1128 2594 221 60 remèdes
1289 2594 100 60 à
1309 2594 181 60 l’effi-

84 2648 210 60 cacité
231 2648 252 60 desquels
420 2648 147 60 ils
504 2648 126 60 ne
567 2648 231 60 croyent
735 2648 168 60 pas;
839 2648 189 60 mais,
965 2648 168 60 dans
1070 2648 147 60 les
1154 2648 147 60 cas
1217 2648 273 60 désespérés,

80 2695 150 78 ils
165 2695 235 78 doivent
336 2695 214 78 encore
486 2695 214 78 abuser
636 2695 150 78 les
721 2695 257 78 malades:
914 2695 214 78 «Cette
1063 2695 278 78 ressource
1277 2695 150 78 est
1341 2695 150 78 prise
