1256 2062
576 26 84 69 —
610 26 84 69 8
627 26 50 69 —

591 78 108 86 Nantes,
670 78 118 86 décapité
759 78 59 86 en
788 78 89 86 1795.
847 78 49 86 —
867 78 59 86 P.
897 78 69 86 s.;
936 78 108 86 Nantes,
1015 78 59 86 19
1044 78 118 86 pluviôse
1133 78 59 86 an
1153 78 49 86 II,

133 138 73 57 1
163 138 87 57 p.
206 138 174 57 in-fol.,
337 138 116 57 tête
409 138 145 57 impr.,
511 138 116 57 vig.
584 138 87 57 et
627 138 160 57 cachet.
743 138 87 57 12
772 138 44 57 »

170 182 126 41 Ordre
254 182 98 41 aux
310 182 265 41 administrateurs
533 182 84 41 du
575 182 209 41 département
742 182 84 41 de
784 182 84 41 la
826 182 279 41 Loire-Inférieure
1049 182 154 41 d’envoyer

137 214 118 44 dans
211 214 103 44 les
270 214 118 44 pays
344 214 177 44 insurgés
477 214 148 44 quatre
580 214 236 44 commissaires
773 214 163 44 chargés
891 214 103 44 d’y
950 214 163 44 prendre
1068 214 118 44 tous
1127 214 74 44 les

126 255 149 40 bestiaux.

137 261 167 70 28098.
254 261 200 70 CASTANOS
404 261 133 70 (don
487 261 333 70 Francisco-Xavier
770 261 133 70 de),
853 261 183 70 général
987 261 216 70 espagnol,
1136 261 67 70 le

140 325 243 53 vainqueur
327 325 112 53 de
384 325 187 53 Dupont
515 325 94 53 à
552 325 206 53 Baylen.
702 325 94 53 —
739 325 112 53 P.
795 325 131 53 s.;
870 325 262 53 Barcelone,
1076 325 94 53 6
1095 325 112 53 juin

143 373 126 54 1818,
227 373 98 54 1/2
283 373 84 54 p.
326 373 154 54 in-fol.
438 373 70 54 5
452 373 42 54 »

175 410 160 44 Superbe
291 410 145 44 pièce,
392 410 174 44 portant,
523 410 87 44 en
566 410 131 44 haut,
653 410 116 44 tous
726 410 102 44 ses
784 410 145 44 titres
885 410 102 44 et,
943 410 87 44 en
987 410 116 44 bas,
1059 410 102 44 ses
1103 410 102 44 armes

125 451 149 44 gravées.

155 491 96 53 28099.
223 491 106 53 CERRITO
300 491 115 53 (Fanny),
386 491 106 53 célèbre
463 491 125 53 danseuse.
559 491 48 53 —
578 491 58 53 L.
607 491 58 53 a.
636 491 58 53 s.
665 491 48 53 à
674 491 106 53 Escudier;

147 528 76 64 20
185 528 114 64 juil.
261 528 114 64 1854,
337 528 63 64 2
362 528 76 64 p.
400 528 126 64 in-12.
488 528 177 64 Très-jolie
627 528 139 64 lettre.
728 528 63 64 6
741 528 38 64 »

144 567 165 79 28100.
260 567 149 79 CHAIX
359 567 248 79 D’EST-ANGE,
558 567 182 79 célèbre
690 567 182 79 avocat.
822 567 83 79 —
855 567 99 79 L.
905 567 99 79 a.
954 567 116 79 s.,
1020 567 83 79 1
1053 567 99 79 p.
1086 567 116 79 in

1107 615 123 54 2
1132 615 74 54 »

142 659 166 57 28101.
258 659 199 57 CHAMILLY
408 659 149 57 (Noël
507 659 182 57 BOUTON,
640 659 149 57 comte
739 659 133 57 de),
822 659 199 57 maréchal
971 659 99 57 de
1021 659 182 57 France,
1137 659 66 57 le

694 701 101 74 —
734 701 121 74 P.
795 701 121 74 a.
855 701 141 74 s.;
936 701 121 74 La
977 701 222 74 Rochelle,

146 710 134 48 héros
235 710 104 48 des
295 710 208 48 Lettres
443 710 268 48 portugaises

148 748 88 59 22
192 748 132 59 juil.
280 748 132 59 1707,
368 748 73 59 1
397 748 88 59 p.
441 748 117 59 in-4
514 748 161 59 oblong.
631 748 73 59 6
646 748 44 59 »

179 774 178 68 Relative
313 774 74 68 à
343 774 104 68 une
402 774 193 68 exemption
551 774 89 68 de
595 774 164 68 tailles
714 774 178 68 demandée
848 774 104 68 par
908 774 104 68 des
967 774 193 68 habitants
1116 774 89 68 de
1146 774 59 68 La

131 833 156 46 Rochelle.

149 858 155 55 28102.
258 858 233 55 CHANGARNIER
445 858 109 55 (le
507 858 202 55 général).
662 858 78 55 —
693 858 93 55 L.
740 858 93 55 a.
786 858 93 55 s.
833 858 93 55 au
880 858 202 55 capitaine
1020 858 186 55 Letellier-

153 901 178 54 Valazé
278 901 196 54 (depuis
421 901 196 54 général
564 901 107 54 et
617 901 214 54 collègue
778 901 107 54 de
831 901 268 54 Changarnier
1045 901 107 54 au
1081 901 125 54 Sénat

145 948 96 60 de
193 948 160 60 1875);
305 948 160 60 Autun,
417 948 96 60 30
465 948 144 60 avril
561 948 144 60 1845,
656 948 80 60 1
688 948 96 60 p.
736 948 112 60 3/4
800 948 144 60 in-8.
896 948 96 60 10
928 948 48 60 »

180 977 166 54 Curieuse
304 977 138 54 épître
401 977 179 54 politique
539 977 83 54 où
580 977 83 54 il
622 977 152 54 demande
732 977 97 54 des
787 977 179 54 nouvelles
925 977 83 54 de
966 977 152 54 Guizot.
1063 977 138 54 L’indis-

144 1022 175 49 position
276 1022 87 49 de
319 1022 87 49 ce
363 1022 160 49 dernier
480 1022 219 49 aura-t-elle
654 1022 160 49 quelque
771 1022 189 49 influence
917 1022 117 49 «sur
989 1022 87 49 la
1033 1022 131 49 durée
1121 1022 87 49 de
1150 1022 58 49 ce

152 1053 198 43 ministère,
307 1053 99 43 qui
364 1053 85 43 ne
406 1053 99 43 vit
463 1053 99 43 que
519 1053 99 43 par
576 1053 254 43 l’indifférence
788 1053 85 43 de
830 1053 85 43 la
873 1053 170 43 chambre,
1000 1053 141 43 tombée
1099 1053 113 43 dans
1155 1053 57 43 un

151 1086 106 63 état
217 1086 279 63 d’engourdissement
456 1086 106 63 dont
523 1086 80 63 il
562 1086 80 63 me
602 1086 133 63 semble
695 1086 173 63 difficile
828 1086 80 63 de
868 1086 80 63 la
908 1086 120 63 faire
974 1086 133 63 sortir.»

149 1124 155 60 28103.
257 1124 170 60 CHARRAS
381 1124 248 60 (J.-B.-Ad.),
582 1124 356 60 lieutenant-colonel,
892 1124 186 60 écrivain
1016 1124 186 60 militaire,

143 1180 294 44 représentant
381 1180 110 44 du
437 1180 276 44 Puy-du-Dôme
657 1180 110 44 en
712 1180 165 44 1848,
822 1180 165 44 exilé
932 1180 165 44 après
1043 1180 110 44 le
1098 1180 92 44 2
1116 1180 92 44 dé-

146 1213 178 56 cembre.
275 1213 81 56 —
307 1213 97 56 L.
356 1213 97 56 a.
404 1213 97 56 s.
453 1213 97 56 (à
501 1213 97 56 M.
550 1213 226 56 Martenet),
727 1213 81 56 4
760 1213 97 56 p.
808 1213 162 56 in-18.
921 1213 81 56 6
938 1213 48 56 »

183 1238 140 58 Lettre
281 1238 140 58 écrite
379 1238 84 58 de
421 1238 126 58 Lyon,
506 1238 126 58 comme
590 1238 182 58 capitaine
730 1238 238 58 d’artillerie,
926 1238 84 58 et
969 1238 84 58 où
1011 1238 84 58 il
1053 1238 84 58 se
1081 1238 126 58 déclare

146 1293 174 50 satisfait
279 1293 80 50 de
319 1293 80 50 sa
360 1293 160 50 nouvelle
467 1293 160 50 résidence.

152 1327 134 74 28104.
245 1327 174 74 CHATRIAN,
379 1327 80 74 un
419 1327 94 74 des
473 1327 147 74 auteurs
580 1327 80 74 de
620 1327 161 74 l'Ami
741 1327 188 74 Fritz
888 1327 67 74 —
915 1327 80 74 L.
955 1327 80 74 a.
995 1327 94 74 s.,
1049 1327 67 74 1
1062 1327 54 74 p.

156 1378 90 58 in-8.
216 1378 50 58 2
226 1378 30 58 »

147 1419 181 50 28105.
274 1419 254 50 CHAUMAREYS
473 1419 199 50 (Hugues
618 1419 181 50 DUROY,
745 1419 199 50 vicomte
890 1419 145 50 de),
980 1419 236 50 capitaine
1144 1419 72 50 de

142 1470 198 49 frégate,
291 1470 231 49 commandant
473 1470 99 49 de
522 1470 149 49 la
621 1470 248 49 Méduse
820 1470 83 49 —
853 1470 99 49 L.
902 1470 99 49 a.
952 1470 99 49 s.
1001 1470 83 49 à
1034 1470 99 49 M.
1067 1470 149 49 Carpen-

151 1510 138 44 tier;
243 1510 154 44 Paris,
350 1510 92 44 10
396 1510 138 44 janv.
489 1510 138 44 1815,
581 1510 77 44 1
611 1510 92 44 p.
657 1510 138 44 in-4.
750 1510 77 44 3
765 1510 46 44 »

182 1532 84 66 Il
224 1532 182 66 sollicite
364 1532 84 66 le
405 1532 223 66 commandement
587 1532 126 66 d’une
671 1532 196 66 expédition
824 1532 84 66 au
852 1532 140 66 Sénégal.

157 1593 120 63 28106.
241 1593 120 63 CHIARI
324 1593 155 63 (Pietro),
444 1593 108 63 poëte
516 1593 143 63 italien,
623 1593 108 63 rival
695 1593 72 63 de
731 1593 143 63 Goldoni.
839 1593 60 63 —
862 1593 72 63 L.
898 1593 72 63 a.
922 1593 60 63 s.,

157 1635 68 65 2
185 1635 82 65 p.
225 1635 150 65 in-fol.
334 1635 123 65 Belle
416 1635 136 65 pièce.
512 1635 68 65 5
525 1635 41 65 »

156 1650 169 81 28107.
274 1650 253 81 CHRESTIENNE
477 1650 101 81 DE
527 1650 186 81 FRANCE,
662 1650 202 81 duchesse
814 1650 101 81 de
865 1650 186 81 Savoie,
1000 1650 152 81 fille
1101 1650 101 81 du
1135 1650 84 81 roi

141 1724 176 61 Henri
259 1724 137 61 IV.
337 1724 98 61 —
376 1724 98 61 L
415 1724 117 61 a.
474 1724 117 61 s.
533 1724 117 61 au
591 1724 137 61 duc
669 1724 117 61 de
728 1724 215 61 Créqui,
885 1724 98 61 1
924 1724 117 61 p.
982 1724 176 61 in-4.
1080 1724 137 61 Jolie

155 1770 101 48 lettre.
228 1770 55 48 15
247 1770 28 48 »

153 1786 157 83 28108.
263 1786 173 83 COLIGNY
389 1786 188 83 (Gaspard
530 1786 125 83 de),
608 1786 220 83 l’illustre
781 1786 157 83 amiral
891 1786 94 83 de
938 1786 173 83 France,
1047 1786 173 83 assassiné

150 1848 107 60 en
204 1848 160 60 15/2.
310 1848 89 60 —
346 1848 107 60 L.
399 1848 124 60 s.,
470 1848 142 60 avec
559 1848 107 60 la
612 1848 284 60 souscription
844 1848 107 60 et
897 1848 89 60 8
933 1848 178 60 lignes
1057 1848 160 60 aut.,
1146 1848 71 60 au

151 1887 159 66 comte
258 1887 248 66 Rhingrave;
452 1887 159 66 Caën,
559 1887 106 66 16
612 1887 142 66 mars
700 1887 159 66 1962,
807 1887 89 66 1
842 1887 106 66 p.
895 1887 213 66 in-fol.,
1037 1887 177 66 fragment

154 1941 85 58 de
196 1941 156 58 cachet.
310 1941 156 58 Superbe
424 1941 142 58 pièce.
524 1941 100 58 150
566 1941 43 58 »

182 1964 116 80 Pièce
260 1964 194 80 historique.
414 1964 77 80 Il
453 1964 77 80 va
492 1964 65 80 à
518 1964 142 80 Orléans
621 1964 103 80 pour
686 1964 142 80 traiter
789 1964 77 80 de
828 1964 77 80 la
866 1964 116 80 paix,
944 1964 77 80 et
983 1964 77 80 il
1021 1964 155 80 l’engage
1138 1964 65 80 à
1150 1964 65 80 l’y
