1251 2091
569 10 81 68 —
601 10 81 68 4
617 10 49 68 —

143 66 89 78 28052.
205 66 115 78 GUILLAUME
294 66 71 78 III,
338 66 62 78 roi
374 66 151 78 d’Angleterre.
498 66 44 78 —
516 66 53 78 L.
543 66 62 78 a.,
578 66 53 78 en
605 66 115 78 français,
685 66 53 78 sig.

140 125 112 47 W.
196 125 131 47 R.,
271 125 112 47 au
327 125 187 47 prince
458 125 112 47 de
514 125 262 47 Vaudemont;
720 125 280 47 Cantorbéry,
944 125 112 47 19
1000 125 150 47 nov.
1075 125 112 47 1694

139 164 72 59 1
167 164 87 59 p.
211 164 101 59 pl.
268 164 130 59 in-4.
355 164 144 59 Tachée
456 164 144 59 d’eau.
557 164 87 59 30
586 164 43 59 »

163 215 86 42 Il
206 215 100 42 lui
263 215 157 42 annonce
377 215 100 42 son
434 215 157 42 arrivée
548 215 86 42 en
591 215 214 42 Angleterre.
762 215 128 42 «J’ay
848 215 86 42 eu
890 215 86 42 le
933 215 114 42 plus
1005 215 157 42 heureus
1104 215 86 42 pas-

139 248 116 45 sage
211 248 87 45 du
254 248 144 45 monde,
355 248 130 45 ayent
442 248 101 45 mis
500 248 116 45 pied
572 248 72 45 à
601 248 130 45 terre
687 248 72 45 à
716 248 87 45 ce
760 248 130 45 midy,
846 248 116 45 sans
919 248 130 45 avoir
1005 248 116 45 esté
1063 248 130 45 auqu’u-

138 278 142 55 nement
237 278 171 55 incomodé
365 278 85 55 de
408 278 85 55 la
451 278 114 55 mer.
522 278 85 55 Je
564 278 114 55 vien
635 278 142 55 couché
735 278 100 55 icy
792 278 114 55 pour
863 278 128 55 estre
948 278 142 55 demain
1048 278 85 55 au
1090 278 114 55 soir
1147 278 43 55 à

115 316 193 44 Londres.»

143 344 109 66 28053.
219 344 119 66 LAPLACE
306 344 109 66 (P.-S.
382 344 87 66 de),
436 344 152 66 l’illustre
555 344 152 66 astronome.
675 344 54 66 —
697 344 65 66 L.
729 344 65 66 a.
762 344 76 66 s.;
794 344 87 66 Paris,

138 399 93 54 21
184 399 185 54 brumaire
323 399 93 54 an
369 399 124 54 VII,
446 399 108 54 1/4
508 399 93 54 de
554 399 93 54 p.
601 399 170 54 in-fol.
724 399 170 54 oblong.
848 399 77 54 7
863 399 62 54 50

169 441 186 53 Quittance
312 441 86 53 de
355 441 86 53 la
397 441 129 53 somme
483 441 86 53 de
526 441 100 53 500
583 441 157 53 francs,
698 441 71 53 à
726 441 100 53 lui
783 441 143 53 soldée
883 441 100 53 par
941 441 214 53 Bonneville,
1098 441 100 53 comme

138 479 66 40 à
164 479 133 40 compte
257 479 93 40 sur
310 479 120 40 celle
390 479 80 40 de
430 479 133 40 12,000
523 479 133 40 francs
616 479 120 40 qu’il
696 479 93 40 lui
749 479 106 40 doit
816 479 106 40 pour
882 479 80 40 la
922 479 146 40 cession
1028 479 80 40 de
1055 479 146 40 l’ouvrage

134 518 172 43 intitulé:
266 518 225 43 Exposition
451 518 79 43 du
491 518 146 43 système
597 518 79 43 du
623 518 159 43 monde

148 551 75 60 28054.
200 551 67 60 LOUIS
245 551 60 60 XII,
282 551 52 60 roi
312 551 45 60 de
335 551 82 60 France.
394 551 37 60 —
409 551 45 60 L.
432 551 52 60 s.,
462 551 67 60 comme
507 551 52 60 duc
529 551 90 60 d’Orléans,

140 600 139 47 avec
227 600 104 47 la
279 600 243 47 souscript.
470 600 157 47 aut.,
574 600 104 47 au
627 600 122 47 duc
696 600 104 47 de
748 600 139 47 Bar;
835 600 157 47 Asti,
940 600 104 47 10
992 600 139 47 oct.
1061 600 122 47 1494,

138 642 66 61 1
164 642 80 61 p.
204 642 159 61 in-fol.,
324 642 146 61 cachet.
430 642 80 61 35
456 642 40 61 »

176 663 79 65 Il
215 663 92 65 lui
268 663 144 65 annonce
373 663 79 65 la
412 663 92 65 fin
464 663 79 65 de
504 663 79 65 sa
543 663 144 65 maladie
648 663 79 65 et
687 663 197 65 l’intention
845 663 118 65 qu’il
924 663 66 65 a
950 663 79 65 de
989 663 144 65 bientôt
1081 663 118 65 «monter

142 725 68 46 à
170 725 136 46 cheval
265 725 109 46 pour
333 725 122 46 aller
414 725 136 46 devers
509 725 82 46 le
550 725 95 46 Roy
604 725 82 46 et
645 725 95 46 luy
700 725 122 46 faire
768 725 149 46 service.»

144 760 113 61 28055.
223 760 203 61 LOUIS-PHILIPPE
391 760 90 61 Ier,
448 760 79 61 roi
493 760 79 61 des
538 760 146 61 Français.
650 760 56 61 —
673 760 101 61 Pièce
729 760 146 61 autographe;

140 811 149 65 (1843),
249 811 68 65 1
276 811 81 65 p.
317 811 95 65 pl.
371 811 122 65 in-4.
452 811 81 65 12
479 811 41 65 »

176 841 155 64 Réponse
289 841 71 64 à
317 841 183 64 l’adresse
458 841 183 64 présentée
599 841 71 64 à
628 841 85 64 la
670 841 155 64 Chambre
783 841 99 64 des
825 841 113 64 pairs.

137 892 173 58 28056.
258 892 242 58 MARGUERITE
448 892 104 58 DE
500 892 190 58 VALOIS,
638 892 156 58 reine
742 892 104 58 de
793 892 207 58 Navarre,
949 892 138 58 sœur
1035 892 104 58 de
1070 892 121 58 Fran-

141 944 113 56 çois
212 944 113 56 Ier,
282 944 127 56 la
367 944 198 56 Marguerite
523 944 99 56 des
580 944 283 56 Marguerites
820 944 142 56 auteur
919 944 85 56 de
947 944 241 56 l'Hepta

142 979 236 52 méron
337 979 70 52 —
365 979 83 52 L.
406 979 83 52 a.
448 979 83 52 s.
490 979 70 52 à
518 979 125 52 Renée
601 979 83 52 de
643 979 153 52 France,
754 979 167 52 duchesse
879 979 83 52 de
907 979 139 52 Ferrare,

139 1026 70 58 1
167 1026 84 58 p.
209 1026 155 58 in-fol.
322 1026 197 58 Magnifique
476 1026 141 58 pièce.
575 1026 98 58 175
617 1026 42 58 »

166 1059 107 56 Elle
233 1059 161 56 l’invite
353 1059 67 56 à
380 1059 121 56 venir
461 1059 81 56 en
501 1059 148 56 France,
608 1059 81 56 au
649 1059 94 56 nom
702 1059 81 56 du
743 1059 107 56 roi,
810 1059 94 56 son
863 1059 134 56 frère,
957 1059 94 56 qui
1011 1059 81 56 en
1051 1059 107 56 sera
1105 1059 94 56 très-

141 1106 116 50 aise
213 1106 87 50 et
256 1106 101 50 lui
314 1106 116 50 fera
386 1106 130 50 bonne
473 1106 144 50 chère.
574 1106 87 50 Le
617 1106 144 50 voyage
718 1106 116 50 sera
791 1106 116 50 fort
863 1106 202 50 avantageux
1022 1106 87 50 au
1065 1106 116 50 duc,
1123 1106 72 50 son

138 1137 120 45 mari.
217 1137 226 45 Félicitations
403 1137 93 45 sur
457 1137 80 45 la
496 1137 173 45 naissance
629 1137 80 45 de
669 1137 80 45 sa
696 1137 106 45 fille.

136 1155 158 73 28057.
247 1155 143 73 MARIE
342 1155 95 73 DE
390 1155 190 73 MÉDICIS,
532 1155 143 73 reine
627 1155 95 73 de
675 1155 174 73 France.
802 1155 79 73 —
833 1155 95 73 L.
881 1155 95 73 a.
929 1155 95 73 s.
976 1155 79 73 à
1008 1155 143 73 Louis
1087 1155 111 73 XIII;

145 1215 182 60 Paris,
272 1215 109 60 11
326 1215 145 60 mars
417 1215 163 60 1629,
526 1215 91 60 1
562 1215 109 60 p.
617 1215 163 60 in-4,
726 1215 200 60 cachets
871 1215 109 60 et
926 1215 182 60 soies.
1035 1215 163 60 Superbe

152 1270 87 57 pièce.
213 1270 52 57 50
231 1270 26 57 »

177 1285 126 73 Ayant
261 1285 140 73 appris
359 1285 84 73 la
401 1285 182 73 prochaine
542 1285 154 73 arrivée
654 1285 84 73 de
696 1285 98 73 son
752 1285 112 73 fils
822 1285 70 73 à
850 1285 253 73 Fontainebleau,
1061 1285 84 73 au
1089 1285 112 73 retour

1056 1335 87 49 lui
1105 1335 99 49 dire
1155 1335 49 49 ce

143 1337 82 49 de
184 1337 219 49 l’expédition
362 1337 82 49 de
403 1337 150 49 Savoie,
512 1337 109 49 elle
581 1337 96 49 lui
635 1337 137 49 envoie
731 1337 82 49 le
772 1337 82 49 sr
813 1337 82 49 de
854 1337 178 49 Marillac,
977 1337 82 49 pour

144 1374 98 51 qui
200 1374 126 51 s’est
284 1374 126 51 passé
368 1374 84 51 en
410 1374 98 51 son
452 1374 140 51 absence.

156 1398 150 76 28058.
261 1398 270 76 MARIE-THÉRÈSE,
486 1398 120 76 dite
561 1398 135 76 la
651 1398 225 76 Grande
830 1398 225 76 impératrice
995 1398 210 76 d’Allemagne.

202 1458 88 50 —
238 1458 105 50 L.
290 1458 105 50 a.
343 1458 123 50 s.,
413 1458 105 50 en
465 1458 228 50 français,
640 1458 88 50 à
675 1458 105 50 sa
728 1458 158 50 fille
833 1458 263 50 (Charlotte,
1043 1458 158 50 reine
1131 1458 70 50 de

150 1491 184 63 Naples);
287 1491 77 63 4
318 1491 138 63 août,
410 1491 77 63 1
440 1491 92 63 p.
486 1491 107 63 1/2
548 1491 138 63 in-4,
639 1491 153 63 papier
746 1491 92 63 de
792 1491 153 63 deuil.
899 1491 92 63 70
930 1491 46 63 »

184 1532 100 62 Elle
246 1532 62 62 a
271 1532 100 62 reçu
333 1532 75 62 sa
371 1532 125 62 lettre
458 1532 87 62 qui
508 1532 87 62 l’a
558 1532 200 62 profondément
720 1532 150 62 touchée.
832 1532 112 62 «Vous
907 1532 125 62 n’avez
994 1532 112 62 point
1057 1532 37 62 à

149 1575 96 49 vous
209 1575 156 49 plaindre;
329 1575 108 49 votre
400 1575 132 49 patrie,
496 1575 132 49 hommes,
592 1575 132 49 femmes,
688 1575 120 49 vieux,
772 1575 132 49 jeunes,
867 1575 120 49 grands
951 1575 72 49 et
975 1575 96 49 petits

149 1610 109 44 tout
218 1610 123 44 étoit
300 1610 82 44 en
341 1610 151 44 larmes.
450 1610 96 44 Que
505 1610 123 44 notre
587 1610 137 44 nation
683 1610 96 44 est
738 1610 137 44 bonne,
834 1610 151 44 qu’elle
943 1610 96 44 est
998 1610 164 44 attachée
1121 1610 68 44 à
1135 1610 68 44 ses

155 1633 194 62 princes...»
310 1633 103 62 Elle
375 1633 142 62 termine
478 1633 129 62 ainsi:
568 1633 90 62 «Je
620 1633 103 62 vous
685 1633 168 62 embrasse,
814 1633 77 62 ma
852 1633 116 62 chère
930 1633 129 62 Reine,
1007 1633 52 62 et

158 1666 117 55 vous
231 1666 131 55 donne
319 1666 88 55 ma
363 1666 233 55 bénédiction.
552 1666 117 55 Nous
625 1666 117 55 nous
698 1666 146 55 sommes
800 1666 190 55 retrouvez
946 1666 73 55 à
976 1666 131 55 notre
1063 1666 146 55 prière
1151 1666 58 55 du

155 1711 121 48 soir,
235 1711 81 48 et
276 1711 81 48 je
316 1711 81 48 ne
357 1711 108 48 vous
424 1711 189 48 oublierois
572 1711 135 48 jamais
666 1711 67 48 à
693 1711 121 48 cette
761 1711 121 48 place.»

160 1733 137 80 28059.
256 1733 246 80 MARIE-THÉRÈSE.
461 1733 82 80 P.
502 1733 82 80 a.
543 1733 96 80 s.,
598 1733 96 80 sur
653 1733 137 80 vélin,
748 1733 68 80 1
776 1733 82 80 p.
817 1733 123 80 in-8.
899 1733 96 80 130
940 1733 41 80 »

189 1779 232 62 Très-curieuse
381 1779 123 62 pièce
463 1779 137 62 écrite
559 1779 82 62 au
600 1779 96 62 dos
654 1779 123 62 d’une
736 1779 219 62 charmante
914 1779 219 62 miniature
1078 1779 137 62 exécutée

159 1828 71 47 à
187 1828 155 47 Prague,
300 1828 85 47 en
342 1828 127 47 1743,
427 1828 99 47 par
484 1828 85 47 W.
526 1828 198 47 Kleinhart.
681 1828 127 47 Cette
766 1828 184 47 miniature
907 1828 155 47 servait
1006 1828 198 47 probablement

159 1852 72 57 à
187 1852 246 57 Marie-Thérèse
390 1852 87 57 de
433 1852 144 57 marque
534 1852 116 57 pour
606 1852 101 57 son
664 1852 130 57 livre
751 1852 188 57 d’heures:
895 1852 116 57 elle
967 1852 202 57 représente
1112 1852 101 57 l’en-

162 1890 105 49 fant
228 1890 132 49 Jésus,
320 1890 79 49 la
360 1890 132 49 Sainte
452 1890 132 49 Vierge
544 1890 79 49 et
584 1890 119 49 saint
663 1890 145 49 Joseph,
768 1890 105 49 avec
834 1890 119 49 cette
913 1890 158 49 légende:
1018 1890 185 49 Jesus

160 1930 148 51 Maria,
262 1930 148 51 Joseph

166 1949 121 81 28060.
251 1949 133 81 MAZZINI
347 1949 133 81 (Jos.),
444 1949 73 81 le
480 1949 133 81 célèbre
577 1949 230 81 révolutionnaire
770 1949 145 81 italien.
879 1949 60 81 —
903 1949 73 81 L.
939 1949 73 81 a.
964 1949 60 81 s.,
