1254 2034
543 -2 100 74 —
583 -2 120 74 11
623 -2 60 74 —

147 76 165 47 Grandpré
271 76 83 47 et
312 76 96 47 les
367 76 179 47 habitants
505 76 96 47 qui
560 76 110 47 sont
629 76 234 47 affectionnés.
822 76 83 47 La
863 76 124 47 place
946 76 96 47 qui
1001 76 96 47 lui
1056 76 151 47 apporte
1152 76 55 47 le

152 115 117 54 plus
225 115 88 54 de
269 115 161 54 crainte
386 115 102 54 est
444 115 248 54 Villefranche,
649 115 88 54 où
692 115 88 54 il
736 115 102 54 n’y
794 115 73 54 a
824 115 102 54 que
882 115 102 54 six
940 115 190 54 habitants
1072 115 131 54 pauvres

150 140 169 56 empêchés
277 140 70 56 à
305 140 127 56 leurs
389 140 183 56 moissons,
530 140 84 56 et
572 140 127 56 douze
642 140 141 56 soldats.

149 162 136 70 28136.
245 162 150 70 HÉRAULT
354 162 191 70 (Charles),
504 162 150 70 peintre
613 162 82 70 de
654 162 177 70 paysages,
791 162 191 70 beau-frère
941 162 82 70 de
968 162 82 70 Noël

145 226 168 60 Coypel.
267 226 76 60 —
298 226 153 60 Quitt.
405 226 138 60 sig.,
496 226 107 60 sur
558 226 153 60 vélin;
665 226 92 60 30
711 226 138 60 sept.
802 226 138 60 1697,
894 226 76 60 1
925 226 92 60 p.
955 226 92 60 in

150 267 128 56 oblong.
243 267 58 56 6
255 267 35 56 »

145 310 143 67 28137.
245 310 114 67 HESS
316 310 143 67 (Henri
416 310 114 67 de),
488 310 157 67 célèbre
602 310 157 67 peintre
716 310 200 67 d’histoire
874 310 186 67 allemand.
1017 310 71 67 —
1031 310 57 67 L.

153 356 93 71 a.
199 356 108 71 s.;
261 356 170 71 Munich,
384 356 93 71 31
430 356 123 71 oct.
507 356 139 71 1820,
600 356 77 71 1
631 356 93 71 p.
677 356 139 71 in-4.
769 356 77 71 5
785 356 46 71 »

152 404 137 75 28138.
248 404 124 75 HOCHE
331 404 179 75 (Lazare),
468 404 192 75 l’illustre
619 404 165 75 général.
743 404 69 75 —
770 404 82 75 P.
811 404 96 75 s.;
866 404 82 75 an
907 404 96 75 IV,
962 404 69 75 1
990 404 82 75 p.
1017 404 69 75 gr.

147 457 120 50 in-fol.
234 457 55 50 6
245 457 33 50 »

157 496 121 64 28139.
242 496 157 64 KLOPSTOCK
363 496 145 64 (F.-G.),
472 496 170 64 l’illustre
605 496 121 64 auteur
690 496 73 64 de
726 496 109 64 la
799 496 206 64 Messiade
968 496 61 64 —
992 496 73 64 L.
1017 496 48 64 a.

144 544 93 59 s.
190 544 108 59 (au
252 544 185 59 libraire
390 544 216 59 Goeschen);
560 544 93 59 17
606 544 123 59 fév.
683 544 139 59 1798,
776 544 77 59 2
807 544 93 59 p.
853 544 108 59 pl.
915 544 139 59 in-4.
992 544 108 59 Très-

152 591 101 63 belle
219 591 123 63 lettre.
309 591 67 63 20
331 591 34 63 »

150 624 160 64 28140.
262 624 208 64 LAMARTINE
422 624 112 64 (A.
486 624 128 64 de),
566 624 96 64 le
614 624 144 64 grand
710 624 160 64 poëte.
822 624 80 64 —
854 624 96 64 L.
902 624 96 64 a.
950 624 96 64 s.
998 624 80 64 à
1030 624 96 64 un
1062 624 144 64 député;

157 681 99 53 (13
214 681 113 53 fév.
284 681 142 53 1839),
384 681 71 53 1
412 681 85 53 p.
455 681 99 53 pl.
511 681 128 53 in-4.
596 681 71 53 7
610 681 43 53 »

185 716 169 49 Relative
312 716 71 49 à
340 716 85 49 la
382 716 226 49 restauration
566 716 85 49 de
608 716 169 49 l’église
735 716 85 49 de
778 716 226 49 Saint-Point,
961 716 113 49 dont
1032 716 99 49 MM.
1074 716 127 49 Ciceri,

148 753 149 44 Victor
252 753 119 44 Hugo
327 753 89 44 et
371 753 149 44 Nodier
476 753 104 44 ont
535 753 134 44 parlé
624 753 119 44 avec
699 753 164 44 intérêt
818 753 134 44 comme
907 753 119 44 d’un
982 753 179 44 spécimen
1116 753 89 44 de
1145 753 60 44 la

137 789 205 46 Renaissance.

151 813 160 63 28141.
263 813 208 63 LAMOIGNON
423 813 224 63 (Guillaume
600 813 96 63 II
648 813 128 63 de),
728 813 224 63 chancelier
904 813 96 63 de
953 813 176 63 France,
1081 813 128 63 père
1145 813 64 63 de

153 872 254 43 Malesherbes.
359 872 79 43 —
391 872 95 43 L.
439 872 95 43 a.
486 872 111 43 s.;
550 872 238 43 Versailles,
740 872 143 43 jeudi
835 872 95 43 au
883 872 143 43 soir,
978 872 111 43 1/2
1026 872 63 43 p.

161 911 77 51 in-4.
212 911 43 51 3
220 911 34 51 50

146 952 158 56 28142.
257 952 95 56 LA
304 952 189 56 PEYRONIE
446 952 126 56 (Fr.
525 952 142 56 GIGOT
620 952 126 56 de),
699 952 174 56 célèbre
825 952 221 56 chirurgien
999 952 95 56 de
1046 952 142 56 Louis
1125 952 79 56 XV,

544 993 58 52 né
573 993 48 52 à
593 993 154 52 Montpellier.
718 993 48 52 —
737 993 135 52 Certificat
844 993 77 52 aut.
892 993 87 52 sig.;
950 993 87 52 1743,
1008 993 48 52 1
1027 993 58 52 p.
1046 993 68 52 in

158 1043 125 53 oblong.
249 1043 57 53 4
260 1043 34 53 »

161 1072 134 69 28143.
254 1072 147 69 LAUTREC
361 1072 120 69 (Odet
441 1072 80 69 de
482 1072 120 69 Foix,
562 1072 107 69 sire
629 1072 107 69 de),
696 1072 160 69 illustre
816 1072 160 69 maréchal
936 1072 80 69 de
963 1072 107 69 France

526 1125 75 64 sous
572 1125 112 64 François
656 1125 75 64 Ier.
703 1125 47 64 —
722 1125 56 64 L.
750 1125 65 64 s.;
787 1125 131 64 Montargis,
890 1125 56 64 26
918 1125 75 64 juin
965 1125 84 64 1517,
1021 1125 65 64 1/2
1049 1125 37 64 p.

152 1169 169 63 in-fol.
274 1169 199 63 Déchirure
428 1169 245 63 n'atteignant
627 1169 107 63 pas
688 1169 92 63 le
734 1169 153 63 texte.
842 1169 77 63 6
857 1169 46 63 »

159 1213 124 59 28144.
245 1213 124 59 LECOCQ
332 1213 124 59 (Ch.),
418 1213 148 59 l’auteur
529 1213 74 59 de
566 1213 111 59 la
641 1213 111 59 Fille
715 1213 74 59 de
752 1213 124 59 madame
838 1213 173 59 Angot
974 1213 62 59 —
999 1213 74 59 L.
1024 1213 49 59 a.

153 1264 90 64 s.,
205 1264 90 64 3/4
256 1264 77 64 de
295 1264 77 64 p.
333 1264 116 64 in-8.
411 1264 64 64 3
424 1264 52 64 50

156 1306 130 57 28145.
247 1306 156 57 LECOURBE
364 1306 195 57 (Cl.-Jos.),
520 1306 143 57 célèbre
625 1306 143 57 général
729 1306 208 57 républicain,
885 1306 143 57 disgracié

152 1356 103 56 par
211 1356 191 56 Napoléon,
358 1356 191 56 défenseur
505 1356 88 56 de
549 1356 147 56 Béfort
652 1356 88 56 en
696 1356 132 56 1815.
785 1356 74 56 —
814 1356 88 56 L.
858 1356 88 56 a.
887 1356 74 56 s.;

150 1395 85 61 an
192 1395 113 61 XII,
263 1395 99 61 3/4
320 1395 85 61 de
362 1395 85 61 p.
404 1395 127 61 in-4.
489 1395 71 61 2
503 1395 57 61 50

157 1436 132 63 28146.
249 1436 105 63 LÉON
315 1436 66 63 X
341 1436 118 63 (Jean
420 1436 79 63 de
459 1436 171 63 MÉDiCIS),
591 1436 79 63 un
630 1436 92 63 des
683 1436 105 63 plus
749 1436 171 63 illustres
880 1436 118 63 papes
946 1436 66 63 qui

153 1487 113 52 aient
229 1487 138 52 existé.
329 1487 63 52 —
355 1487 75 52 L.
392 1487 75 52 a.
430 1487 88 52 s.,
480 1487 101 52 sig.
543 1487 113 52 aussi
618 1487 88 52 par
669 1487 88 52 son
719 1487 113 52 frère
794 1487 163 52 Pierre
907 1487 101 52 II

155 1521 116 61 de
233 1521 207 61 Médicis
400 1521 77 61 au
439 1521 90 61 duc
491 1521 77 61 de
530 1521 129 61 Milan;
620 1521 77 61 19
659 1521 116 61 sept.
736 1521 116 61 1496,
814 1521 90 61 1/2
865 1521 77 61 p.
904 1521 103 61 in-4
956 1521 116 61 oblong,

159 1565 108 55 cachet.
237 1565 205 55 Très-rare
413 1565 68 55 300
443 1565 29 55 »

179 1605 185 55 Précieuse
321 1605 142 55 lettre
420 1605 85 55 où
463 1605 99 55 ils
520 1605 227 55 recommandent
704 1605 85 55 au
747 1605 99 55 duc
804 1605 85 55 un
846 1605 85 55 de
889 1605 128 55 leurs
960 1605 142 55 envoyés.

155 1654 131 47 28147.
247 1654 118 47 LINNÉ
326 1654 118 47 (Carl
404 1654 118 47 von),
483 1654 79 47 le
523 1654 118 47 grand
602 1654 171 47 botaniste
733 1654 158 47 suédois.
851 1654 66 47 —
877 1654 79 47 L.
917 1654 79 47 a.
956 1654 79 47 s.
983 1654 39 47 à

150 1701 203 49 Retzius;
302 1701 169 49 Upsal,
421 1701 85 49 9
455 1701 135 49 fév.
539 1701 152 49 1770,
641 1701 85 49 1
675 1701 102 49 p.
725 1701 118 49 1/2
793 1701 152 49 in-4,
895 1701 169 49 cachet
1013 1701 135 49 avec
1098 1701 102 49 sa
1131 1701 85 49 de-

154 1733 125 53 vise:
237 1733 180 53 Tantus
376 1733 111 53 amor
445 1733 208 53 florum
611 1733 194 53 Très-belle
764 1733 139 53 pièce.
861 1733 83 53 30
888 1733 42 53 »

152 1765 151 74 28148.
257 1765 136 74 LOUIS
348 1765 211 74 (Nicolas),
514 1765 226 74 architecte,
695 1765 106 74 qui
755 1765 226 74 construisit
936 1765 90 74 le
981 1765 166 74 théâtre
1101 1765 90 74 de
1132 1765 90 74 Bor-

272 1827 138 45 deaux.
369 1827 69 45 —
396 1827 83 45 1°
437 1827 83 45 L.
479 1827 83 45 a.
520 1827 96 45 s.;
575 1827 179 45 Bordeaux,
713 1827 83 45 26
754 1827 110 45 fév.
823 1827 124 45 1110,
906 1827 69 45 1
933 1827 83 45 p.
961 1827 96 45 in

156 1870 224 52 Rare
338 1870 70 52 —
366 1870 84 52 2°
408 1870 112 52 Plan
478 1870 168 52 original
604 1870 84 52 du
647 1870 154 52 château
759 1870 84 52 du
801 1870 154 52 Bouilh,
913 1870 112 52 avec
969 1870 112 52 signa-

155 1908 132 56 ture;
243 1908 88 56 13
287 1908 117 56 nov.
361 1908 132 56 1786,
448 1908 161 56 in-fol.
566 1908 88 56 20
595 1908 44 56 »

184 1944 81 62 La
224 1944 135 62 lettre
318 1944 94 62 est
372 1944 162 62 relative
493 1944 67 62 à
520 1944 81 62 la
561 1944 216 62 construction
736 1944 81 62 du
776 1944 148 62 théâtre
884 1944 81 62 de
911 1944 148 62 Bordeaux.
