1269 2070
569 15 78 57 —
601 15 78 57 5
616 15 47 57 —

135 86 107 52 en
189 86 232 52 français,
367 86 89 52 à
403 86 107 52 M.
457 86 107 52 de
510 86 214 52 Lesseps,
671 86 179 52 chargé
796 86 250 52 d’affaires
993 86 107 52 de
1028 86 161 52 France;

136 126 141 57 Rome,
231 126 94 57 16
278 126 110 57 mai
340 126 141 57 1849,
435 126 79 57 1
466 126 94 57 p.
513 126 141 57 in-8.
607 126 94 57 35
639 126 47 57 »

166 168 168 51 Précieux
292 168 182 51 document,
432 168 126 51 écrit
516 168 154 51 pendant
628 168 84 51 le
670 168 126 51 siège
755 168 84 51 de
797 168 126 51 Rome,
881 168 84 51 et
923 168 84 51 où
965 168 154 51 Mazzini
1077 168 112 51 fait
1133 168 56 51 un

134 200 149 43 triste
238 200 164 43 tableau
357 200 89 43 de
402 200 89 43 sa
447 200 208 43 situation.
610 200 134 43 «Nous
700 200 149 43 sommes
804 200 223 43 entièrement
983 200 164 43 cernés,
1102 200 89 43 et
1131 200 60 43 le

130 234 207 40 demi-cercle
296 234 97 40 des
351 234 193 40 opérations
503 234 83 40 se
544 234 165 40 resserre
668 234 83 40 de
709 234 110 40 plus
778 234 83 40 en
820 234 165 40 plus....
944 234 152 40 Comment
1040 234 152 40 concilier

132 271 106 48 ces
193 271 213 48 mouvements
360 271 122 48 avec
436 271 91 48 la
481 271 167 48 dépêche
603 271 91 48 et
648 271 137 48 votre
739 271 182 48 mission?
876 271 167 48 Comment
998 271 182 48 empêcher
1119 271 76 48 une

135 300 206 40 collision?
297 300 88 40 Je
341 300 118 40 vous
415 300 88 40 le
444 300 162 40 demande.»

141 329 173 70 28061.
262 329 156 70 MURAT
366 329 242 70 (Joachim),
556 329 208 70 maréchal
712 329 104 70 de
764 329 225 70 l’Empire,
937 329 121 70 roi
1007 329 104 70 de
1041 329 156 70 Naples,

494 381 135 59 fusillé
592 381 73 59 en
628 381 110 59 1815.
702 381 61 59 —
726 381 73 59 L.
763 381 73 59 a.
800 381 73 59 s.
836 381 73 59 (à
873 381 183 59 Bessières);
1020 381 73 59 27
1044 381 147 59 thermidor,

169 420 46 58 4
187 420 56 58 p.
215 420 83 58 in-8.
271 420 56 58 14
289 420 28 58 »

165 453 220 52 Témoignages
341 453 190 52 d’amitié.
487 453 132 52 Murat
575 453 176 52 proteste
707 453 132 52 qu’il
795 453 88 52 ne
839 453 117 52 veut
912 453 190 52 nullement
1044 453 146 52 empêcher

135 502 183 42 Bessières
276 502 197 42 d’adresser
431 502 99 42 ses
487 502 169 42 rapports
614 502 211 42 directement
783 502 70 42 à
811 502 211 42 l’empereur.
980 502 84 42 Il
1022 502 99 42 n’a
1078 502 99 42 pas
1121 502 70 42 des

137 531 197 55 prétentions
295 531 79 55 si
321 531 158 55 ridicules.

148 567 119 65 28062.
232 567 143 65 NAPOLÉON
339 567 84 65 Ier
387 567 143 65 empereur
494 567 84 65 des
542 567 155 65 Français.
661 567 60 65 —
685 567 72 65 L.
721 567 84 65 s.,
769 567 95 65 avec
816 567 48 65 la

134 612 247 55 souscript.
328 612 159 55 aut.,
434 612 106 55 au
487 612 141 55 cit.
575 612 194 55 Sieyes,
716 612 229 55 président
892 612 106 55 du
945 612 176 55 Sénat;
1051 612 141 55 Paris,

133 659 87 42 3
167 659 174 42 nivose
289 659 104 42 an
341 659 156 42 VIII,
445 659 87 42 1
480 659 104 42 p.
532 659 121 42 1/2
601 659 156 42 in-4,
705 659 139 42 tête
792 659 139 42 imp.
879 659 191 42 portant
1018 659 121 42 ces
1070 659 121 42 mots:

135 698 234 50 Bonaparte,
328 698 137 50 consul
424 698 82 50 de
465 698 82 50 la
506 698 261 50 République
726 698 82 50 50
754 698 41 50 »

171 738 127 47 Pièce
256 738 127 47 d’une
340 738 155 47 extrême
453 738 155 47 rareté,
566 738 183 47 Bonaparte
707 738 155 47 n’ayant
820 738 99 47 été
876 738 141 47 simple
975 738 141 47 consul
1074 738 99 47 que
1116 738 85 47 pen-

137 771 119 41 dant
211 771 89 41 un
256 771 119 41 mois
330 771 89 41 et
375 771 134 41 demi.
464 771 74 41 —
494 771 89 41 Il
539 771 149 41 désire
643 771 134 41 qu’on
732 771 149 41 nomme,
836 771 119 41 pour
910 771 193 41 remplacer
1059 771 89 41 au
1089 771 104 41 Sénat

136 807 99 40 les
192 807 170 40 citoyens
320 807 155 40 Abrial,
433 807 155 40 Cretet,
546 807 155 40 Rœderer
659 807 85 40 et
701 807 170 40 Regnier,
828 807 99 40 qui
885 807 99 40 ont
942 807 141 40 refusé
1041 807 113 40 d’en
1097 807 99 40 faire

136 835 147 51 partie,
242 835 160 51 l’amiral
362 835 133 51 Morard
456 835 80 51 de
496 835 133 51 Galle,
589 835 80 51 le
629 835 147 51 général
736 835 200 51 Frégeville,
896 835 80 51 le
936 835 147 51 citoyen
1030 835 173 51 Jacqueminot

136 868 83 51 et
178 868 83 51 le
219 868 152 51 général
316 868 125 51 Sauret.

140 905 151 58 28063.
246 905 182 58 NAPOLÉON
382 905 121 58 Ier.
458 905 91 58 L.
503 905 91 58 s.
548 905 212 58 N.
715 905 121 58 avec
790 905 106 58 une
851 905 212 58 correction
1002 905 197 58 autographe,

132 962 109 48 au
186 962 127 48 roi
259 962 109 48 de
313 962 181 48 Naples
440 962 217 48 (Murat);
603 962 199 48 Dresde,
748 962 91 48 7
784 962 145 48 oct.
875 962 163 48 1813,
984 962 91 48 6
1020 962 181 48 heures
1129 962 72 48 du

136 996 136 55 matin,
232 996 68 55 1
259 996 82 55 p.
300 996 123 55 in-4.
382 996 82 55 40
409 996 41 55 »

172 1032 126 52 Pièce
256 1032 210 52 historique,
424 1032 196 52 antérieure
579 1032 84 52 de
621 1032 112 52 neuf
691 1032 126 52 jours
775 1032 70 52 à
803 1032 84 52 la
845 1032 168 52 bataille
972 1032 84 52 de
1014 1032 140 52 Wachau
1112 1032 84 52 et
1140 1032 56 52 de

137 1071 115 38 onze
208 1071 72 38 à
237 1071 129 38 celle
323 1071 86 38 de
367 1071 172 38 Leipzig.
496 1071 115 38 «Mon
568 1071 144 38 frère,
668 1071 86 38 je
711 1071 115 38 vous
783 1071 86 38 ai
826 1071 129 38 écrit
913 1071 72 38 à
941 1071 72 38 1
970 1071 129 38 heure
1056 1071 86 38 du
1085 1071 115 38 matin.

134 1103 91 42 Je
179 1103 121 42 pars
255 1103 121 42 pour
330 1103 181 42 Meissen.
466 1103 136 42 Toute
557 1103 166 42 l’armée
678 1103 166 42 ennemie
799 1103 91 42 de
844 1103 166 42 Silésie
965 1103 76 42 a
995 1103 181 42 débouché
1116 1103 76 42 par

143 1135 237 37 Wartenbourg.
336 1135 89 37 Il
381 1135 104 37 n’y
440 1135 74 37 a
470 1135 119 37 plus
544 1135 178 37 personne
678 1135 89 37 de
722 1135 148 37 Dresde
826 1135 74 37 à
856 1135 163 37 Goritz,
974 1135 89 37 ni
1019 1135 89 37 de
1063 1135 148 37 Dresde
1152 1135 45 37 à

142 1161 159 43 Berlin.
257 1161 87 43 Le
301 1161 174 43 maréchal
431 1161 188 43 Saint-Cyr
576 1161 130 43 reste
663 1161 72 43 à
691 1161 159 43 Dresde.
807 1161 159 43 Occupez
923 1161 101 43 les
981 1161 217 43 Autrichiens
1140 1161 58 43 le

139 1199 108 54 plus
206 1199 94 54 que
260 1199 108 54 vous
327 1199 162 54 pourrez,
448 1199 148 54 pour
556 1199 94 54 que
610 1199 81 54 je
650 1199 135 54 puisse
744 1199 135 54 battre
839 1199 148 54 Blucher
946 1199 81 54 et
987 1199 94 54 les
1027 1199 175 54 Suédois

144 1229 158 53 avant
262 1229 171 53 l’arrivée
394 1229 92 53 des
434 1229 277 53 Autrichens...»

140 1260 205 60 NAPOLÉON
294 1260 137 60 III,
379 1260 205 60 empereur
532 1260 119 60 des
601 1260 222 60 Français.
771 1260 85 60 —
805 1260 102 60 P.
857 1260 102 60 s.
891 1260 307 60 Napoléon

150 1307 115 65 28064.
230 1307 172 65 Louis-C.
367 1307 206 65 Bonaparte
539 1307 57 65 2
562 1307 69 65 p.
596 1307 80 65 1/4
642 1307 103 65 in-8.
711 1307 69 65 20
734 1307 34 65 »

175 1345 244 56 Transcription
376 1345 144 56 faite,
476 1345 115 56 pour
548 1345 86 56 un
591 1345 158 56 amateur
706 1345 258 56 d’autographes,
921 1345 100 56 des
978 1345 201 56 principaux
1122 1345 86 56 pas-

139 1391 126 39 sages
223 1391 126 39 d’une
307 1391 140 39 lettre
405 1391 168 39 adressée
532 1391 70 39 à
560 1391 84 39 M.
602 1391 126 39 D***,
686 1391 70 39 à
714 1391 196 39 l’occasion
868 1391 84 39 du
910 1391 252 39 rétablissement
1121 1391 84 39 de
1149 1391 56 39 la

140 1425 143 44 statue
240 1425 86 44 de
283 1425 172 44 Napoléon
412 1425 100 44 Ier
469 1425 100 44 sur
527 1425 86 44 la
570 1425 158 44 colonne
684 1425 86 44 de
727 1425 86 44 la
770 1425 129 44 place
842 1425 143 44 Vendôme.

143 1464 167 56 28065.
260 1464 201 56 NAPOLÉON
411 1464 134 56 III.
495 1464 100 56 L.
545 1464 117 56 s.;
612 1464 184 56 Elysée,
746 1464 100 56 18
796 1464 151 56 avril
897 1464 151 56 1849.
997 1464 117 56 1/2
1047 1464 151 56 p.in

1076 1508 155 45 15
1128 1508 77 45 »

176 1541 242 49 Intervention
373 1541 91 49 en
418 1541 151 49 faveur
524 1541 91 49 de
569 1541 121 49 deux
645 1541 197 49 condamnés
796 1541 91 49 de
842 1541 136 49 juin,
933 1541 166 49 détenus
1054 1541 76 49 à
1069 1541 136 49 Sainte

129 1582 141 59 Pélagie.

148 1625 168 47 28066.
266 1625 184 47 ORLÉANS
400 1625 235 47 (Philippe,
584 1625 117 47 duc
651 1625 134 47 d’),
735 1625 168 47 régent
852 1625 101 47 de
902 1625 184 47 France.
1036 1625 84 47 —
1070 1625 101 47 L.
1103 1625 101 47 aut.

147 1671 92 56 (à
193 1671 154 56 l’abbé
300 1671 184 56 Dubois);
438 1671 92 56 30
485 1671 123 56 août
561 1671 138 56 1716,
654 1671 108 56 1/2
715 1671 92 56 p.
761 1671 138 56 in-4.
853 1671 92 56 18
884 1671 46 56 »

170 1681 85 71 Il
212 1681 99 71 lui
269 1681 142 71 envoie
369 1681 85 71 la
411 1681 142 71 lettre
511 1681 85 71 de
553 1681 142 71 crédit
653 1681 171 71 demandée
781 1681 85 71 et
823 1681 142 71 ajoute
923 1681 71 71 :
951 1681 99 71 «Je
1008 1681 85 71 ne
1051 1681 114 71 puis
1108 1681 99 71 m’em-

141 1738 157 51 pêcher
251 1738 94 51 de
298 1738 125 51 vous
376 1738 172 51 marquer
502 1738 172 51 combien
627 1738 94 51 je
674 1738 125 51 suis
753 1738 172 51 content
878 1738 94 51 de
925 1738 125 51 vous
1003 1738 94 51 et
1050 1738 94 51 de
1082 1738 125 51 vostre

143 1774 230 52 négociation.
330 1774 115 52 Vive
402 1774 115 52 ceux
474 1774 101 52 qui
531 1774 173 52 agissent
661 1774 101 52 par
718 1774 86 52 le
747 1774 115 52 cœur!»

143 1790 171 66 28067.
263 1790 188 66 ORLÉANS
399 1790 222 66 (Philippe
570 1790 120 66 duc
639 1790 137 66 d’).
724 1790 103 66 L.
776 1790 103 66 a.
827 1790 103 66 s.
878 1790 103 66 (à
929 1790 171 66 l’abbé
1032 1790 171 66 Dubois);

144 1854 131 54 Paris,
236 1854 79 54 19
275 1854 118 54 janv.
354 1854 118 54 1717,
433 1854 66 54 1
459 1854 79 54 p.
499 1854 118 54 in-4.
577 1854 210 54 Rare
748 1854 79 54 38
775 1854 39 54 »

174 1891 212 50 Témoignages
344 1891 85 50 de
386 1891 226 50 satisfaction
570 1891 85 50 au
613 1891 127 50 sujet
698 1891 85 50 de
740 1891 85 50 la
782 1891 170 50 réussite
910 1891 85 50 de
952 1891 99 50 ses
995 1891 212 50 négociations;

131 1932 87 42 il
174 1932 174 42 l’engage
304 1932 72 42 à
333 1932 231 42 ness’avancer
521 1932 87 42 en
564 1932 116 42 rien
637 1932 116 42 dans
709 1932 101 42 ses
767 1932 246 42 conversations
969 1932 116 42 avec
1041 1932 188 42 Stanhope,
1172 1932 43 42 à

139 1963 85 44 se
181 1963 141 44 borner
280 1963 71 44 à
308 1963 141 44 savoir
407 1963 99 44 ses
464 1963 198 44 sentiments
619 1963 99 44 sur
676 1963 99 44 les
732 1963 169 44 affaires
859 1963 85 44 du
901 1963 113 44 Nord
972 1963 85 44 et
1014 1963 85 44 de
1043 1963 155 44 l’Espagne
