1272 2112
619 63 42 49 —
635 63 42 49 3
644 63 25 49 —

182 124 168 57 28046.
300 124 185 57 CHARLES
435 124 135 57 XII,
519 124 118 57 roi
586 124 101 57 de
636 124 168 57 Suède,
754 124 101 57 le
805 124 151 57 rival
906 124 101 57 de
956 124 168 57 Pierre
1074 124 101 57 le
1107 124 135 57 Grand,

178 172 112 58 tué
242 172 96 58 en
290 172 143 58 1718.
385 172 80 58 —
417 172 96 58 L.
465 172 112 58 s.,
529 172 239 58 contre-sig.
720 172 271 58 Piper;
943 172 80 58 3
975 172 128 58 fév.
1055 172 143 58 1705,
1150 172 80 58 2
1166 172 64 58 p.

181 209 80 54 1/2
226 209 103 54 in-4.
295 209 69 54 25
318 209 34 54 »

177 258 189 56 28047.
310 258 303 56 CHARLES-JEAN
556 258 132 56 XIV
631 258 303 56 (J.-B.-Jules
877 258 284 56 BERNADOTE),
1105 258 132 56 roi
1161 258 76 56 de

177 300 192 53 Suède.
311 300 96 53 —
349 300 115 53 L.
407 300 115 53 a.
465 300 134 53 s.,
541 300 115 53 en
599 300 249 53 français,
791 300 96 53 à
829 300 115 53 sa
887 300 192 53 femme;
1002 300 230 53 Stockholm,

173 341 93 50 28
220 341 125 50 mars
298 341 140 50 1818,
392 341 78 50 7
423 341 93 50 p.
469 341 109 50 1/2
532 341 140 50 in-4,
625 341 156 50 papier
734 341 93 50 de
781 341 156 50 deuil.
890 341 93 50 65
921 341 47 50 »

210 386 175 36 Document
342 386 88 36 de
386 386 88 36 la
430 386 117 36 plus
503 386 146 36 grande
605 386 219 36 importance,
781 386 88 36 où
825 386 88 36 il
868 386 132 36 donne
956 386 73 36 à
985 386 88 36 sa
1029 386 132 36 femme
1117 386 88 36 de
1146 386 88 36 nou-

181 420 120 40 veaux
261 420 147 40 détails
368 420 94 40 sur
421 420 80 40 sa
461 420 120 40 prise
541 420 80 40 de
581 420 187 40 possession
728 420 80 40 du
768 420 120 40 trône
849 420 80 40 et
889 420 94 40 sur
942 420 94 40 les
996 420 200 40 difficultés
1142 420 94 40 qu’il

179 450 72 51 a
207 450 87 51 eu
251 450 72 51 à
280 450 188 51 surmonter
425 450 116 51 dans
497 450 87 51 un
540 450 116 51 pays
613 450 159 51 composé
728 450 159 51 deltant
844 450 87 51 de
888 450 174 51 nations.
1018 450 87 51 Il
1061 450 130 51 pense
1134 450 101 51 qu’il

184 483 179 41 arviendra
322 483 69 41 à
349 483 137 41 réunir
445 483 137 41 autour
542 483 82 41 du
583 483 165 41 faisceau
707 483 82 41 de
748 483 137 41 l’Etat
844 483 124 41 cette
927 483 192 41 divergence
1064 483 165 41 d’opinions

180 519 112 32 qui,
250 519 196 32 jusqu’ici,
404 519 70 32 a
432 519 140 32 séparé
530 519 84 32 et
572 519 140 32 désuni
670 519 98 32 les
725 519 224 32 populations.
907 519 168 32 «Suédois
1033 519 84 32 et
1061 519 168 32 Norwégiens

170 547 84 41 me
212 547 168 41 semblent
338 547 182 41 persuadés
478 547 84 41 de
520 547 126 41 cette
604 547 140 41 vérité
702 547 84 41 et
743 547 196 41 paraissent
897 547 154 41 vouloir
1009 547 84 41 me
1051 547 168 41 seconder
1163 547 70 41 par

181 578 120 37 leurs
260 578 159 37 efforts.
380 578 93 37 Ils
433 578 93 37 ont
486 578 133 37 acquis
579 578 80 37 la
619 578 173 37 certitude
752 578 93 37 que
805 578 80 37 je
845 578 159 37 consacre
964 578 106 37 tous
1031 578 93 37 mes
1084 578 120 37 soins
1150 578 80 37 pour

174 607 148 41 assurer
281 607 108 41 leur
348 607 148 41 bonheur
456 607 81 41 en
496 607 148 41 faisant
604 607 175 41 respecter
738 607 121 41 leurs
819 607 148 41 droits.
927 607 121 41 Cette
1007 607 175 41 puissante
1128 607 108 41 vérité

174 643 100 33 est
231 643 100 33 une
288 643 172 33 victoire
417 643 186 33 remportée
560 643 100 33 sur
617 643 100 33 des
675 643 157 33 esprits
789 643 100 33 que
846 643 86 33 le
889 643 115 33 seul
961 643 172 33 souvenir
1090 643 86 33 du
1118 643 115 33 despo-

173 669 129 43 tisme
259 669 215 43 effarouche.
430 669 143 43 Ainsi,
531 669 86 43 ma
574 669 129 43 chère
659 669 129 43 amie,
745 669 86 43 je
788 669 143 43 repose
888 669 86 43 ma
931 669 186 43 confiance
1075 669 100 43 sur
1132 669 86 43 ce
1160 669 72 43 que

172 705 96 36 mes
227 705 192 36 intentions
378 705 110 36 sont
446 705 110 36 bien
515 705 192 36 appréciées
665 705 82 36 et
707 705 96 36 sur
761 705 164 36 l’espoir
885 705 96 36 que
939 705 82 36 la
980 705 164 36 divinité
1090 705 137 36 daignera

173 732 132 54 bénir
261 732 102 54 mes
320 732 190 54 travaux.»
466 732 88 54 Il
510 732 102 54 lui
568 732 132 54 donne
656 732 161 54 ensuite
773 732 102 54 des
831 732 234 54 instructions
1007 732 219 54 particulières

175 769 94 39 sur
228 769 80 39 la
268 769 121 39 ligne
349 769 80 39 de
389 769 161 39 conduite
510 769 147 39 qu’elle
617 769 107 39 doit
684 769 134 39 suivre
764 769 228 39 provisoirement.

174 806 167 48 28048.
291 806 317 48 CHARLES-ALBERT,
558 806 117 48 roi
625 806 100 48 de
675 806 234 48 Sardaigne,
859 806 167 48 vaincu
976 806 117 48 par
1042 806 117 48 les
1092 806 134 48 Autri-

552 847 120 58 chiens
636 847 60 58 à
660 847 132 58 Novare.
755 847 60 58 —
779 847 72 58 L.
815 847 72 58 a.
851 847 84 58 s.,
899 847 72 58 en
935 847 144 58 français
1043 847 72 58 au
1066 847 156 58 marquis...,

174 888 134 59 Pise,
263 888 74 59 4
293 888 134 59 janv.
382 888 134 59 1822,
472 888 74 59 1
501 888 89 59 p.
546 888 104 59 3/4
605 888 134 59 in-4.
695 888 89 59 30
724 888 45 59 »

200 934 146 49 Lettre,
306 934 133 49 signée
399 934 173 49 Albert
533 934 80 49 de
573 934 200 49 Savoie
732 934 186 49 antérieure
879 934 67 49 à
905 934 93 49 son
959 934 173 49 avénement
1092 934 80 49 au
1118 934 107 49 trône.

175 964 224 53 Remerciments
357 964 84 53 de
399 964 98 53 ses
455 964 210 53 compliments
623 964 70 53 à
651 964 196 53 l’occasion
804 964 84 53 du
846 964 252 53 renouvellement
1056 964 84 53 de
1084 964 140 53 l’année.

166 1003 111 32 «Les
235 1003 153 32 paroles
346 1003 208 32 flatteuses,
513 1003 111 32 dont
582 1003 111 32 vous
651 1003 111 32 avez
721 1003 111 32 bien
790 1003 125 32 voulu
873 1003 111 32 vous
943 1003 139 32 servir
1040 1003 97 32 sur
1095 1003 97 32 les
1137 1003 83 32 sen-

163 1030 158 45 timens
274 1030 95 45 de
321 1030 95 45 Sa
369 1030 174 45 Majesté
495 1030 95 45 le
543 1030 111 45 Roi
606 1030 95 45 de
654 1030 158 45 France
764 1030 79 45 à
796 1030 111 45 mon
859 1030 158 45 égard,
970 1030 127 45 sont
1033 1030 190 45 infiniment

177 1060 166 53 récieuses
305 1060 64 53 à
330 1060 89 53 mon
381 1060 115 53 cœur;
458 1060 89 53 mon
509 1060 115 53 désir
585 1060 89 53 fut
636 1060 153 53 toujours
751 1060 76 53 et
789 1060 89 53 est
840 1060 102 53 plus
904 1060 89 53 que
955 1060 127 53 jamais
1031 1060 51 53 de

169 1098 85 39 me
211 1098 142 39 rendre
311 1098 128 39 digne
397 1098 85 39 et
439 1098 85 39 de
482 1098 171 39 mériter,
610 1098 100 39 par
667 1098 85 39 ma
710 1098 185 39 conduite,
853 1098 171 39 l’estime
981 1098 85 39 et
1024 1098 85 39 la
1052 1098 171 39 protection

165 1123 124 62 d’un
243 1123 186 62 monarque
383 1123 140 62 aussi
476 1123 155 62 vénéré
585 1123 109 62 par
647 1123 93 62 sa
694 1123 202 62 puissance
849 1123 109 62 que
911 1123 109 62 par
973 1123 93 62 sa
1020 1123 186 62 profonde
1144 1123 78 62 sa

151 1154 175 44 gesse....»

179 1176 95 77 28049.
245 1176 133 77 CHRISTINE,
349 1176 85 77 reine
406 1176 57 77 de
435 1176 95 77 Suède,
501 1176 76 77 dite
549 1176 85 77 la
605 1176 142 77 Grande
719 1176 47 77 —
738 1176 57 77 P.
767 1176 57 77 s.
786 1176 142 77 Chris

766 1237 108 26 —

831 1239 35 31 1

172 1238 157 47 tine
286 1238 256 47 Alessandra
499 1238 128 47 Rome,
585 1238 85 47 13
628 1238 128 47 jauv.
713 1238 128 47 1611,
799 1238 71 47 2
827 1238 85 47 p.
870 1238 157 47 in-fol.
984 1238 85 47 25
1012 1238 43 47 »

197 1282 218 54 Articles
372 1282 102 54 des
430 1282 232 54 propositions
618 1282 87 54 de
662 1282 87 54 la
705 1282 131 54 Reyne
793 1282 203 54 Christine,
952 1282 160 54 qu’elle
1068 1282 73 54 a
1083 1282 145 54 prié

169 1305 222 54 Monsieur
347 1305 89 54 le
391 1305 177 54 cardinal
524 1305 89 54 de
568 1305 177 54 Bouillon
702 1305 89 54 de
746 1305 192 54 présenter
894 1305 89 54 de
938 1305 89 54 sa
982 1305 118 54 part
1056 1305 89 54 au
1086 1305 133 54 ro

174 1343 158 47 Louis
292 1343 105 47 XIV,
358 1343 105 47 l’an
424 1343 171 47 1677.
556 1343 145 47 Curieux
661 1343 158 47 document
780 1343 119 47 écrit
859 1343 79 47 et
899 1343 211 47 contre-signé
1070 1343 92 47 par
1110 1343 105 47 l’abbé

162 1375 167 59 Santini,
288 1375 112 59 dans
357 1375 139 59 lequel
455 1375 195 59 l’ex-reine
608 1375 126 59 tente
692 1375 167 59 d’amener
818 1375 84 59 le
859 1375 98 59 roi
915 1375 84 59 de
957 1375 139 59 France
1055 1375 70 59 à
1083 1375 98 59 lui
1124 1375 98 59 venir

162 1408 84 46 en
204 1408 112 46 aide
274 1408 98 46 sur
330 1408 98 46 ses
386 1408 126 46 vieux
470 1408 140 46 jours,
568 1408 84 46 et
610 1408 154 46 demande
721 1408 84 46 le
763 1408 112 46 plus
833 1408 112 46 pour
903 1408 154 46 obtenir
1015 1408 84 46 le
1043 1408 112 46 moins.

171 1446 144 70 28050.
271 1446 201 70 FERDINAND,
429 1446 101 70 dit
487 1446 129 70 le
573 1446 273 70 Catholique
803 1446 101 70 roi
861 1446 86 70 de
904 1446 173 70 Castille
1033 1446 86 70 et
1062 1446 158 70 d’Aragon,

160 1489 77 53 le
199 1489 166 53 fondateur
326 1489 77 53 de
365 1489 141 53 l’unité
467 1489 205 53 territoriale
633 1489 179 53 espagnole.
774 1489 64 53 —
813 1489 77 53 L.
851 1489 90 53 s.,
889 1489 77 53 sig.

158 1537 142 57 aussi
253 1537 268 57 d'Isabelle
474 1537 95 57 de
521 1537 268 57 Castille
742 1537 95 57 au
789 1537 126 57 pape
868 1537 205 57 Alexandre
1026 1537 110 57 VI;
1073 1537 142 57 Madrid,

155 1575 98 52 10
204 1575 130 52 nov.
285 1575 146 52 1494,
382 1575 81 52 1
415 1575 98 52 p.
464 1575 179 52 in-fol.
594 1575 179 52 oblong,
724 1575 163 52 traces
838 1575 98 52 de
887 1575 163 52 sceau.
984 1575 228 52 Rare

1064 1629 178 50 150
1140 1629 76 50 »

198 1648 190 74 Magnifique
348 1648 136 74 lettre
443 1648 136 74 écrite
538 1648 68 74 à
565 1648 190 74 l’occasion
715 1648 82 74 de
756 1648 82 74 la
797 1648 190 74 nomination
946 1648 82 74 du
987 1648 163 74 cardinal
1109 1648 82 74 de
1136 1648 82 74 Car-

160 1687 141 53 tusena
258 1687 98 53 aux
315 1687 183 53 légations
455 1687 84 53 de
497 1687 169 53 Campanie
624 1687 84 53 et
666 1687 98 53 des
722 1687 183 53 provinces
848 1687 169 53 maritimes.

164 1733 172 56 28051.
284 1733 223 56 FERDINAND
456 1733 223 56 D’ARAGON,
628 1733 120 56 roi
696 1733 103 56 de
748 1733 189 56 Naples,
886 1733 172 56 prince
1006 1733 172 56 cruel,
1109 1733 103 56 mais

159 1770 173 64 habile
280 1770 225 64 politique
453 1770 104 64 et
505 1770 243 64 protecteur
696 1770 121 64 des
765 1770 208 64 lettres,
921 1770 121 64 qui
991 1770 156 64 lutta
1077 1770 139 64 contre

159 1815 119 52 les
227 1815 255 52 entreprises
431 1815 119 52 des
499 1815 204 52 Français
652 1815 102 52 et
704 1815 255 52 introduisit
908 1815 272 52 l’imprimerie
1112 1815 102 52 dans

159 1851 117 63 ses
226 1851 167 63 Etats.
343 1851 83 63 —
376 1851 100 63 L.
426 1851 117 63 s.,
493 1851 117 63 sur
560 1851 167 63 vélin,
677 1851 100 63 en
727 1851 167 63 latin,
844 1851 100 63 au
894 1851 134 63 pape
977 1851 217 63 Alexandre
1128 1851 83 63 VI;

155 1893 200 69 Naples,
300 1893 109 69 25
355 1893 145 69 nov.
445 1893 163 69 1492,
554 1893 127 69 1/2
627 1893 109 69 p.
681 1893 200 69 in-fol.
827 1893 200 69 oblong,
972 1893 163 69 trace
1081 1893 109 69 de
1117 1893 91 69 ca-

159 1930 83 47 chet.
214 1930 55 47 25
232 1930 28 47 »

187 1974 143 69 Lettre
287 1974 86 69 de
329 1974 243 69 félicitations
529 1974 100 69 sur
586 1974 200 69 l’élection
743 1974 214 69 d’Alexandre
914 1974 86 69 VI
957 1974 86 69 au
1000 1974 185 69 souverain
1128 1974 86 69 pon

147 2007 111 45 tificat.
