1267 2096
555 22 88 74 —
590 22 105 74 10
625 22 53 74 —

147 90 120 63 aut.
222 90 120 63 sig.
297 90 90 63 de
342 90 105 63 ses
402 90 195 63 initiales
551 90 105 63 sur
611 90 90 63 sa
656 90 210 63 Seconde
821 90 150 63 lettre
926 90 75 63 à
955 90 90 63 M.
985 90 225 63 Minghett

150 150 159 53 sur
261 150 95 53 la
309 150 190 53 nouvelle
452 150 111 53 loi
515 150 206 53 militaire
674 150 270 53 italienne
896 150 159 53 Paris,
1007 150 159 53 18716,
1102 150 111 53 in

1099 192 147 49 3
1128 192 88 49 »

157 209 106 91 28122.
232 209 127 91 EUGÉNIE,
327 209 191 91 ex-impératrice
486 209 74 91 des
528 209 138 91 Français.
634 209 53 91 —
666 209 64 91 L.
698 209 85 91 aut.
751 209 85 91 sig.
793 209 53 91 E.,

153 274 72 65 1
181 274 86 65 p.
225 274 129 65 in-8,
311 274 144 65 papier
411 274 72 65 à
440 274 101 65 son
498 274 173 65 chiffre.
627 274 86 65 10
656 274 43 65 »

150 300 133 78 28123.
243 300 133 78 FABERT
336 300 186 78 (Abraham),
483 300 160 78 illustre
602 300 160 78 maréchal
722 300 80 78 de
762 300 146 78 France.
869 300 67 78 —
895 300 80 78 L.
935 300 80 78 a.
962 300 53 78 s.

145 375 109 61 au
199 375 201 61 pasteur
345 375 182 61 Ferry,
473 375 91 61 à
510 375 164 61 Metz;
619 375 182 61 Sedan,
747 375 91 61 5
783 375 146 61 mars
875 375 164 61 1661,
984 375 128 61 1/2
1057 375 109 61 p.
1094 375 109 61 in

151 403 168 57 cachets
273 403 92 57 et
319 403 153 57 soies.
425 403 153 57 Timbre
532 403 214 57 d’amateur.
700 403 92 57 15
730 403 46 57 »

183 435 122 53 Jolie
265 435 135 53 lettre
359 435 81 53 où
400 435 81 53 il
441 435 162 53 l’assure
562 435 81 53 de
603 435 95 53 son
657 435 189 53 affection.
806 435 95 53 (On
860 435 68 53 y
887 435 68 53 a
914 435 122 53 joint
995 435 81 53 la
1036 435 135 53 minute
1131 435 81 53 de
1158 435 54 53 la

147 478 132 52 lettre
239 478 79 52 de
266 478 119 52 Ferry).

152 517 150 52 28124.
257 517 135 52 FÉLIX
348 517 105 52 (le
408 517 135 52 Père)
498 517 165 52 célèbre
618 517 241 52 prédicateur.
814 517 75 52 —
844 517 211 52 Certificat
1009 517 90 52 a.
1055 517 105 52 s.;
1100 517 105 52 1858.

150 566 90 54 1/4
202 566 77 54 de
240 566 77 54 p.
279 566 116 54 in-8.
357 566 65 54 2
369 566 52 54 50

146 613 170 49 28125.
265 613 153 49 FÉLIX
368 613 205 49 (Sarah),
521 613 256 49 comédienne,
726 613 136 49 sœur
811 613 102 49 de
862 613 188 49 Rachel.
998 613 85 49 —
1033 613 102 49 L.
1084 613 102 49 a.
1118 613 85 49 s.;

156 657 56 55 1
178 657 67 55 p.
212 657 100 55 in-8.
278 657 56 55 2
289 657 45 55 50

156 700 154 51 28126.
263 700 185 51 FLANDRIN
402 700 185 51 (Hipp.),
540 700 92 51 le
586 700 169 51 célèbre
710 700 169 51 peintre
833 700 231 51 d’histoire.
1017 700 77 51 —
1048 700 92 51 L.
1094 700 92 51 a.
1125 700 77 51 s.,

182 745 51 58 1
202 745 61 58 p.
233 745 92 58 in-8.
294 745 51 58 2
304 745 31 58 »

150 788 165 60 28127.
265 788 181 60 FOULLON
397 788 247 60 (Jos.-Fr.),
595 788 231 60 conseiller
776 788 181 60 d’Etat,
908 788 115 60 une
974 788 115 60 des
1024 788 181 60 premières

142 835 195 70 victimes
288 835 97 70 de
336 835 97 70 la
385 835 227 70 Révolution
564 835 227 70 française.
742 835 81 70 —
774 835 97 70 L.
823 835 97 70 a.
872 835 114 70 s.,
937 835 146 70 1779,
1034 835 81 70 1
1050 835 65 70 p.

148 875 84 58 1/2
196 875 108 58 in-4.
268 875 60 58 3
280 875 36 58 »

151 915 109 61 28128.
227 915 130 61 FRÉDÉRIC
325 915 76 61 II,
369 915 76 61 roi
412 915 65 61 de
445 915 120 61 Prusse,
532 915 76 61 dit
575 915 98 61 le
640 915 152 61 Grand
760 915 54 61 —
782 915 65 61 L.
814 915 76 61 s.,
847 915 65 61 avec

147 960 77 58 7
177 960 154 58 lignes
285 960 139 58 aut.,
378 960 92 58 au
424 960 169 58 général
547 960 108 58 von
609 960 169 58 Kleist;
732 960 169 58 Ruppin,
855 960 92 58 26
901 960 139 58 avril
978 960 108 58 1737.

148 1004 68 69 1
175 1004 81 69 p.
215 1004 122 69 in-4.
296 1004 122 69 Belle
377 1004 135 69 pièce.
472 1004 81 69 25
499 1004 41 69 »

143 1037 157 64 28129.
253 1037 173 64 GENELLI
379 1037 283 64 (Bonaventure),
615 1037 173 64 célèbre
740 1037 173 64 peintre
866 1037 94 64 et
913 1037 236 64 dessinateur
1086 1037 110 64 alle-

254 1102 126 60 mand.
338 1102 70 60 —
366 1102 84 60 L.
408 1102 84 60 a.
451 1102 84 60 s.
493 1102 70 60 à
521 1102 154 60 Weigel,
633 1102 98 60 3/4
689 1102 84 60 de
731 1102 84 60 p.
774 1102 126 60 in-4.
858 1102 70 60 5
872 1102 42 60 »

150 1140 155 84 28130.
258 1140 155 84 GILLET
366 1140 93 84 DE
413 1140 170 84 LAUMONT
536 1140 279 84 (Fr.-P.-Nic.),
769 1140 201 84 ingénieur
923 1140 108 84 des
985 1140 155 84 mines,
1078 1140 62 84 de

140 1196 171 68 l’Acad.
265 1196 109 68 des
327 1196 202 68 sciences.
482 1196 78 68 —
514 1196 93 68 L.
560 1196 93 68 a.
607 1196 109 68 s.;
669 1196 140 68 1828,
762 1196 78 68 1
793 1196 93 68 p.
840 1196 140 68 in-4.
933 1196 78 68 2
949 1196 62 68 50

150 1250 150 67 28131.
255 1250 180 67 GOSELINI
390 1250 225 67 (Giuliano),
571 1250 165 67 célèbre
691 1250 195 67 historien
841 1250 90 67 et
886 1250 135 67 poëte
977 1250 180 67 italien.
1097 1250 45 67 —

144 1294 97 49 L.
192 1294 97 49 a.
241 1294 97 49 s.
290 1294 97 49 au
338 1294 243 49 chancelier;
533 1294 243 49 Alexandrie,
728 1294 97 49 17
776 1294 130 49 déc.
857 1294 146 49 1552,
955 1294 114 49 1/2
1019 1294 97 49 p.
1052 1294 81 49 in-

148 1329 100 70 fol.,
214 1329 122 70 cachet.
303 1329 55 70 6
314 1329 44 70 50

150 1388 160 63 28132.
262 1388 160 63 GOUJON
375 1388 193 63 (Emile),
519 1388 225 63 astronome,
696 1388 128 63 mort
776 1388 80 63 à
808 1388 96 63 33
856 1388 128 63 ans.
936 1388 80 63 —
968 1388 96 63 L.
1016 1388 96 63 a.
1065 1388 96 63 s.
1113 1388 80 63 1
1129 1388 64 63 p.

148 1428 91 54 in-8.
209 1428 51 54 3
219 1428 30 54 »

143 1474 147 56 28133.
246 1474 147 56 GOUNOD
349 1474 147 56 (Ch.),
452 1474 176 56 l’auteur
584 1474 88 56 de
629 1474 250 56 Faust
834 1474 74 56 —
864 1474 88 56 L.
908 1474 88 56 a.
952 1474 88 56 s.
996 1474 74 56 à
1026 1474 103 56 son
1084 1474 118 56 cher
1143 1474 59 56 et

135 1516 211 60 illustre
293 1516 176 60 maître
416 1516 211 60 (Auber);
574 1516 105 60 27
627 1516 140 60 nov.
715 1516 158 60 1865,
820 1516 88 60 1
855 1516 105 60 p.
908 1516 123 60 1/2
978 1516 158 60 in-8.
1083 1516 105 60 12
1118 1516 53 60 »

186 1562 177 45 Très-belle
326 1562 127 45 lettre
414 1562 76 45 où
452 1562 76 45 il
490 1562 89 45 lui
541 1562 152 45 rappelle
655 1562 76 45 la
693 1562 152 45 promesse
807 1562 114 45 qu’il
883 1562 89 45 lui
933 1562 63 45 a
958 1562 114 45 faite
1034 1562 177 45 d’assister
1161 1562 38 45 à

146 1584 216 56 l’exécution
318 1584 86 56 de
361 1584 86 56 sa
404 1584 144 56 messe,
505 1584 101 56 qui
563 1584 115 56 aura
634 1584 115 56 lieu
706 1584 86 56 le
749 1584 187 56 lendemain
893 1584 115 56 dans
965 1584 173 56 l’église
1080 1584 115 56 Saint

123 1628 175 50 Eustache.

147 1670 136 62 28134.
243 1670 136 62 GOUNOD
338 1670 136 62 (Ch.).
434 1670 82 62 L.
475 1670 82 62 a.
515 1670 82 62 s.
556 1670 68 62 1
584 1670 82 62 p.
624 1670 123 62 in-8.
706 1670 123 62 Jolie
788 1670 136 62 pièce.
883 1670 68 62 6
897 1670 41 62 »

148 1715 140 65 28135.
246 1715 126 65 GUISE
330 1715 140 65 (Henri
429 1715 84 65 de
471 1715 183 65 LORRAINE,
611 1715 98 65 duc
667 1715 112 65 de),
738 1715 98 65 dit
794 1715 126 65 le
878 1715 225 65 Balafré
1047 1715 154 65 assassiné

492 1770 61 51 à
516 1770 109 51 Blois
589 1770 73 51 en
625 1770 109 51 1588.
698 1770 61 51 —
722 1770 73 51 L.
758 1770 73 51 a.
794 1770 73 51 s.
831 1770 61 51 à
855 1770 73 51 M.
891 1770 73 51 de
928 1770 133 51 Crosne,
1024 1770 169 51 secrétaire
1145 1770 61 51 des

143 1816 322 53 commandements;
411 1816 89 53 5
447 1816 161 53 août,
554 1816 89 53 3
590 1816 107 53 p.
644 1816 197 53 in-fol.
787 1816 197 53 Légères
930 1816 250 53 déchirures
1109 1816 89 53 par

142 1849 89 48 la
187 1849 164 48 rupture
306 1849 104 48 des
365 1849 178 48 cachets.
499 1849 164 48 Superbe
618 1849 164 48 lettre.
737 1849 89 48 45
766 1849 45 48 »

176 1894 79 43 Il
215 1894 92 43 lui
268 1894 118 43 avait
347 1894 118 43 écrit
426 1894 131 43 l’avis
518 1894 118 43 qu’on
596 1894 92 43 lui
649 1894 118 43 avait
728 1894 118 43 donné
807 1894 118 43 d’une
886 1894 184 43 entreprise
1030 1894 92 43 sur
1083 1894 79 43 La
1109 1894 92 43 Fère.

145 1918 81 49 Il
186 1918 122 49 vient
267 1918 108 49 d’en
335 1918 122 49 avoir
416 1918 135 49 encore
511 1918 95 49 des
565 1918 189 49 nouvelles.
713 1918 81 49 Il
754 1918 108 49 faut
821 1918 68 49 y
848 1918 122 49 avoir
930 1918 122 49 l’œil
1011 1918 81 49 et
1051 1918 68 49 y
1065 1918 135 49 pourvoir

146 1966 238 44 promptement.
340 1966 89 44 Le
384 1966 104 44 duc
444 1966 75 44 a
474 1966 134 44 aussi
563 1966 119 44 avis
638 1966 104 44 que
697 1966 104 44 les
757 1966 164 44 ennemis
876 1966 104 44 ont
936 1966 89 44 la
981 1966 119 44 même
1055 1966 164 44 volonté
1159 1966 45 44 à

145 1997 173 45 Mézières
275 1997 87 45 et
318 1997 101 45 par
376 1997 101 45 une
433 1997 159 45 poterne
549 1997 116 45 avec
621 1997 101 45 des
679 1997 173 45 pétards.
809 1997 87 45 Il
852 1997 87 45 en
896 1997 72 45 a
925 1997 144 45 averti
1026 1997 87 45 le
1069 1997 130 45 comte
1141 1997 58 45 de
