1145 2254
5 59 654 72 LIBRAIRIE
496 59 572 72 ANCIENNE

316 151 180 59 ET
376 151 390 59 AUTOGRAPHES

501 206 80 55 DE

236 282 382 68 JACQUES
509 282 355 68 CHARAVAY

63 343 240 69 Rue
231 343 168 69 des
327 343 503 69 Grands-Augustins,
734 343 240 69 226.

2 414 189 51 LIVRES
134 414 227 51 ANCIENS,
305 414 189 51 ACHATS
437 414 113 51 DE
494 414 322 51 BIBLIOTHÈQUES
759 414 113 51 ET
815 414 113 51 DE
853 414 246 51 COLLECTIONS

41 458 360 48 D’AUTOGRAPHES;
341 458 260 48 ÉCHANGES,
541 458 320 48 COMMISSIONS;
800 458 200 48 VENTES
920 458 180 48 D’AUTO-

48 487 186 66 GRAPHES
183 487 85 66 A
217 487 220 66 L’AMIABLE
386 487 220 66 MOYENNANT
555 487 169 66 Dix
673 487 135 66 pour
758 487 203 66 cent
910 487 101 66 ET
961 487 118 66 AUX
1011 487 85 66 EN-

53 523 148 72 CHÈRES
157 523 207 72 PUBLIQUES,
320 523 178 72 Vingt
453 523 118 72 pour
527 523 118 72 cent
601 523 104 72 sur
660 523 89 72 la
705 523 178 72 totalité
838 523 89 72 de
883 523 89 72 la
912 523 178 72 vente

46 575 92 63 A
82 575 110 63 LA
138 575 184 63 CHARGE
266 575 129 63 DES
340 575 239 63 VENDEURS,
524 575 147 63 TOUT
597 575 184 63 COMPRIS.

269 674 139 75 N°
338 674 185 75 141.
454 674 116 75 —
501 674 139 75 25
570 674 185 75 JUIN
663 674 162 75 1865.

368 796 352 70 AUTOGRAPHES.

112 857 97 69 19485
177 857 97 69 ABOUT
241 857 140 69 (Edmond),
349 857 172 69 littérateur.
488 857 97 69 L.
553 857 64 69 a.
585 857 118 69 s.
671 857 54 69 1
693 857 64 69 p.
725 857 75 69 pl.
768 857 107 69 in-12.
843 857 54 69 2
854 857 32 69 »

117 905 106 54 19486
188 905 106 54 ARAGO
259 905 106 54 (F.),
330 905 71 54 le
365 905 130 54 célèbre
460 905 166 54 astronome,
590 905 118 54 membre
673 905 71 54 de
708 905 177 54 l’Institut.
850 905 106 54 L.
921 905 71 54 a.
957 905 118 54 s.
1028 905 35 54 à

112 953 80 41 M.
152 953 173 41 Lelièvre,
285 953 133 41 membre
378 953 80 41 de
418 953 200 41 l’Institut;
578 953 146 41 (1821),
684 953 67 41 1
711 953 80 41 p.
751 953 93 41 pl.
804 953 120 41 in-4.
884 953 67 41 4
897 953 40 41 »

134 988 88 44 Il
178 988 161 44 propose
295 988 73 44 à
324 988 204 44 l’Académie
485 988 102 44 des
543 988 175 44 sciences
675 988 88 44 de
718 988 131 44 faire
806 988 204 44 construire
967 988 117 44 pour
1025 988 73 44 son

111 1028 164 41 cabinet
230 1028 89 41 de
275 1028 179 41 physique
409 1028 104 41 une
468 1028 164 41 machine
587 1028 119 41 pour
662 1028 164 41 mesurer
781 1028 89 41 la
825 1028 134 41 force
900 1028 193 41 réfringente

116 1062 72 42 le
140 1062 96 42 l’air.

119 1074 100 77 19487
185 1074 111 77 AUTRAN
263 1074 111 77 (Jos.)
341 1074 122 77 célèbre
429 1074 100 77 poëte
496 1074 177 77 marseillais.
640 1074 100 77 L.
707 1074 67 77 a.
740 1074 122 77 s.
829 1074 100 77 Paris
895 1074 100 77 1862,
962 1074 55 77 2
973 1074 44 77 p.

128 1132 69 47 1/2
168 1132 89 47 in-8.
227 1132 89 47 Jolie
286 1132 108 47 lettre.
365 1132 49 47 2
375 1132 39 47 50

114 1167 116 44 19488
191 1167 155 44 AVRILLON
307 1167 142 44 (Mlle),
410 1167 116 44 femme
488 1167 283 44 Bourgillon
732 1167 116 44 femme
810 1167 77 44 de
848 1167 142 44 chambre
951 1167 77 44 de
977 1167 116 44 l’impé-

111 1210 142 47 ratrice
214 1210 168 47 Joséphine
344 1210 142 47 pendant
447 1210 129 47 quinze
537 1210 103 47 ans,
602 1210 129 47 auteur
692 1210 233 47 d’intéressants
873 1210 220 47 Mémoires

113 1236 89 37 sur
164 1236 216 37 l’Impératrice
342 1236 178 37 Joséphine.
482 1236 114 37 L.
558 1236 76 37 a.
596 1236 127 37 s.
685 1236 63 37 à
710 1236 76 37 M.
748 1236 190 37 Bourgillon,
901 1236 63 37 à
913 1236 178 37 Pouilly-

112 1270 119 41 Loire;
195 1270 119 41 Paris,
279 1270 71 41 17
314 1270 95 41 déc.
374 1270 107 41 1850,
445 1270 59 41 2
469 1270 71 41 p.
505 1270 83 41 1/2
552 1270 107 41 in-8.
624 1270 190 41 Rare
778 1270 59 41 6
790 1270 36 41 »

114 1297 107 54 19489
186 1297 131 54 BABINET
281 1297 167 54 (Jacques),
412 1297 131 54 célèbre
507 1297 167 54 astronome,
638 1297 71 54 de
674 1297 179 54 l’Institut.
817 1297 107 54 L.
889 1297 71 54 a.
924 1297 119 54 s.
1008 1297 71 54 au
1032 1297 71 54 pré-

116 1344 122 47 sident
201 1344 73 47 de
238 1344 184 47 l’Institut;
385 1344 110 47 1830,
458 1344 61 47 1
483 1344 73 47 p.
520 1344 110 47 in-8.
593 1344 61 47 2
605 1344 37 47 »

112 1376 127 50 19490
196 1376 197 50 BARTHÉLEMY
351 1376 338 50 (Auguste-Marseille),
647 1376 155 50 célèbre
760 1376 127 50 poëte
844 1376 197 50 satirique,
985 1376 113 50 auteur

113 1418 66 40 de
146 1418 66 40 la
179 1418 166 40 Némésis.
312 1418 66 40 L.
345 1418 66 40 a.
379 1418 122 40 s.
467 1418 100 40 1864,
534 1418 55 40 1
556 1418 66 40 p.
589 1418 77 40 pl.
633 1418 100 40 in-8.
700 1418 55 40 2
711 1418 44 40 25

114 1435 118 59 19491
193 1435 197 59 BEAUHARNAIS
351 1435 171 59 (Eugène),
482 1435 158 59 vice-roi
600 1435 171 59 d’Italie.
732 1435 118 59 L.
811 1435 79 59 a.
850 1435 131 59 s.
942 1435 66 59 à
955 1435 145 59 Napoléon:

120 1483 137 49 Padoue,
219 1483 62 49 4
244 1483 112 49 janv.
319 1483 112 49 1806,
393 1483 62 49 2
418 1483 75 49 p.
455 1483 137 49 in-fol.
555 1483 75 49 10
580 1483 37 49 »

145 1503 86 66 Il
188 1503 100 66 lui
245 1503 114 66 fait
316 1503 114 66 part
388 1503 129 66 d’une
474 1503 229 66 insurrection
660 1503 100 66 qui
717 1503 72 66 a
745 1503 86 66 eu
788 1503 114 66 lieu
860 1503 114 66 dans
931 1503 86 66 le
974 1503 129 66 duché
1046 1503 57 66 de

112 1552 132 51 Parme
200 1552 88 51 et
244 1552 88 51 de
288 1552 206 51 Plaisance,
450 1552 88 51 et
494 1552 103 51 des
553 1552 147 51 moyens
656 1552 132 51 qu’il
744 1552 73 51 a
773 1552 176 51 employés
905 1552 117 51 pour
979 1552 88 51 la
1008 1552 88 51 mai

100 1593 112 44 triser.

112 1618 128 56 19492
197 1618 171 56 BEAUMONT
326 1618 128 56 (Chr.
411 1618 114 56 de),
483 1618 200 56 archevêque
640 1618 86 56 de
682 1618 128 56 Paris
768 1618 157 56 célèbre
882 1618 100 56 par
939 1618 100 56 ses
982 1618 114 56 mande-

114 1652 104 50 ments
184 1652 115 50 contre
264 1652 81 50 les
311 1652 185 50 philosophes.
461 1652 104 50 L.
530 1652 69 50 a.
565 1652 127 50 s.
657 1652 58 50 1
680 1652 69 50 p.
715 1652 104 50 in-4.
784 1652 58 50 3
795 1652 35 50 »

132 1698 62 56 19493
174 1698 83 56 BÉRANGER
236 1698 48 56 (P.
263 1698 55 56 J.),
298 1698 62 56 notre
339 1698 104 56 chansonnier
422 1698 90 56 national.
491 1698 62 56 L.
533 1698 41 56 a.
553 1698 69 56 s.
602 1698 35 56 à
616 1698 41 56 M.
629 1698 35 56 Du-

121 1736 135 38 pont;
211 1736 150 38 Passy,
316 1736 75 38 2
346 1736 120 38 août
422 1736 135 38 1834,
512 1736 75 38 1
542 1736 90 38 p.
587 1736 135 38 in-4.
677 1736 271 38 Recommandation
903 1736 90 38 en
948 1736 150 38 faveur
1038 1736 60 38 de

113 1768 80 38 M.
153 1768 146 38 Veyrat,
259 1768 106 38 pour
326 1768 146 38 rédiger
432 1768 93 38 les
485 1768 306 38 articles-spectacles
751 1768 106 38 dans
818 1768 80 38 la
858 1768 160 38 Revue
964 1768 133 38 répu

118 1805 120 43 blicaine
220 1805 30 43 4
226 1805 24 43 50

117 1832 123 48 19494
199 1832 150 48 BERNIER
308 1832 177 48 (l’abbé),
444 1832 109 48 curé
512 1832 82 48 de
553 1832 204 48 Saint-Laud,
717 1832 109 48 puis
785 1832 136 48 évêque
880 1832 191 48 d’Orléans,
1016 1832 82 48 sur-

117 1869 124 46 nommé
200 1869 206 46 l'Apôtre
365 1869 83 46 de
406 1869 83 46 la
447 1869 151 46 Vendée.
558 1869 83 46 L.
599 1869 83 46 a.
640 1869 151 46 s.
750 1869 151 46 château
860 1869 83 46 du
902 1869 151 46 Lavoir,
1012 1869 69 46 9
1025 1869 83 46 mes-

119 1906 108 50 sidor
191 1906 72 50 an
227 1906 96 50 III,
287 1906 60 50 2
312 1906 72 50 p.
348 1906 108 50 in-4.
420 1906 60 50 7
432 1906 36 50 »

140 1948 153 36 Lettre
247 1948 230 36 mystérieuse
431 1948 92 36 au
477 1948 138 36 comte
569 1948 184 36 d’Artois
707 1948 92 36 ou
753 1948 77 36 à
784 1948 169 36 quelque
907 1948 123 36 haut
968 1948 138 36 person-

122 1976 153 43 sonnage
233 1976 83 43 du
275 1976 125 43 parti
358 1976 194 43 royaliste,
511 1976 139 43 écrite
608 1976 97 43 peu
663 1976 125 43 avant
746 1976 83 43 la
788 1976 125 43 levée
871 1976 83 43 de
913 1976 180 43 boucliers
1038 1976 69 43 qui

117 2016 156 38 aboutit
230 2016 85 38 au
273 2016 170 38 désastre
401 2016 85 38 de
444 2016 185 38 Quiberon.
586 2016 142 38 «...Je
685 2016 114 38 vous
756 2016 142 38 invite
856 2016 71 38 à
884 2016 142 38 venir,
969 2016 128 38 dit

121 2041 112 43 s’il
191 2041 112 43 vous
261 2041 98 43 est
317 2041 182 43 possible,
457 2041 168 43 conférer
583 2041 112 43 avec
652 2041 112 43 nous
722 2041 98 43 sur
778 2041 98 43 les
834 2041 140 43 moyens
932 2041 84 43 de
960 2041 140 43 parvenir

113 2075 72 50 à
141 2075 100 50 nos
199 2075 129 50 fins,
285 2075 100 50 qui
342 2075 115 50 sont
414 2075 143 50 celles
514 2075 86 50 du
557 2075 115 50 bien
629 2075 158 50 public.
744 2075 186 50 Stofflet,
887 2075 186 50 Fleuriot,
1016 2075 86 50 Scé-

129 2112 113 47 eaux
199 2112 84 47 et
241 2112 141 47 autres
340 2112 113 47 vous
410 2112 141 47 disent
509 2112 127 47 mille
579 2112 169 47 choses...»

114 2131 117 54 19495
192 2131 168 54 BIGOTTINI
321 2131 168 54 (Émilie),
451 2131 143 54 célèbre
555 2131 156 54 danseuse
671 2131 78 54 de
710 2131 156 54 l’Opéra.
827 2131 117 54 L.
905 2131 78 54 a.
943 2131 130 54 s.
1021 2131 39 54 à

116 2175 93 56 Mme
169 2175 160 56 Branchu;
289 2175 120 56 Passy
368 2175 120 56 1842,
448 2175 66 56 2
475 2175 80 56 p.
515 2175 120 56 in-8.
594 2175 120 56 Jolie
674 2175 146 56 épître.
781 2175 66 56 2
794 2175 53 56 50
