1122 2257
553 17 30 46 —
565 17 30 46 2
571 17 18 46 —

114 65 125 56 19496
198 65 181 56 BOIELDIEU
337 65 181 56 (Adrien),
476 65 153 56 célèbre
588 65 209 56 compositeur
755 65 84 56 de
797 65 167 56 musique,
922 65 139 56 auteur
1019 65 84 56 de
1047 65 56 56 la

117 109 148 39 Dame
224 109 161 39 blanche.
345 109 81 39 L.
385 109 81 39 a.
426 109 134 39 s.
520 109 67 39 à
547 109 81 39 M.
587 109 175 39 Lebreton,
722 109 188 39 secrétaire
869 109 81 39 de
910 109 81 39 la
950 109 134 39 classe
1031 109 67 39 des

118 142 224 49 Beaux-Arts;
297 142 75 49 6
327 142 104 49 mai
386 142 134 49 1815,
476 142 75 49 1
506 142 89 49 p.
550 142 134 49 in-4.
640 142 89 49 Il
685 142 164 49 demande
804 142 75 49 à
834 142 119 49 être
908 142 134 49 porté
998 142 104 49 sur
1042 142 60 49 la

117 178 124 40 liste
200 178 97 40 des
255 178 180 40 candidats
393 178 69 40 à
421 178 207 40 l’Institut,
587 178 83 40 et
628 178 83 40 il
670 178 124 40 donne
753 178 83 40 la
794 178 124 40 liste
877 178 83 40 de
918 178 111 40 tous
987 178 97 40 ses
1029 178 69 40 ou-

131 209 88 43 vrages.
195 209 40 43 5
203 209 24 43 »

122 231 115 68 19497
199 231 165 68 BONAPARTE
326 231 165 68 (Joseph),
453 231 89 68 roi
504 231 76 68 de
542 231 127 68 Naples
631 231 76 68 et
669 231 165 68 d’Espagne
797 231 115 68 L.
873 231 76 68 a.
911 231 127 68 s.
1000 231 64 68 à
1013 231 89 68 Napo-

116 285 113 38 léon;
192 285 214 38 Castellamare,
368 285 75 38 12
406 285 101 38 juin
469 285 113 38 1807,
544 285 63 38 1
569 285 75 38 p.
607 285 88 38 pl.
657 285 138 38 in-fol.
758 285 75 38 12
783 285 38 38 »

143 325 89 51 Il
188 325 89 51 va
232 325 177 51 annoncer
365 325 89 51 au
409 325 148 51 public
512 325 89 51 la
556 325 133 51 prise
645 325 89 51 de
689 325 162 51 Danzig,
807 325 133 51 comme
896 325 89 51 Sa
940 325 162 51 Majesté
1043 325 59 51 le

122 354 177 51 rescrit.
255 354 133 51 «Tous
344 354 103 51 les
403 354 163 51 détails
521 354 103 51 que
581 354 89 51 je
625 354 148 51 reçois
728 354 103 51 des
788 354 192 51 provinces
935 354 163 51 donnent
1039 354 59 51 de

115 401 118 38 plus
189 401 89 38 en
233 401 118 38 plus
307 401 89 38 un
351 401 192 38 caractère
499 401 162 38 affreux
617 401 89 38 au
661 401 148 38 projet
765 401 89 38 de
809 401 177 38 massacre
942 401 162 38 général
1045 401 59 38 et

118 428 208 44 d’incendie
281 428 163 44 imaginé
400 428 104 44 par
460 428 89 44 la
504 428 134 44 reine
593 428 104 44 (de
653 428 178 44 Naples).
786 428 119 44 Elle
860 428 223 44 n’épargnait
1024 428 74 44 pas

113 467 114 40 même
184 467 100 40 son
241 467 143 40 ancien
341 467 157 40 palais;
455 467 143 40 toutes
555 467 100 40 les
612 467 143 40 pièces
712 467 143 40 seront
798 467 214 40 imprimées...»

118 499 125 53 19498
201 499 180 53 BONAPARTE
340 499 166 53 (Élisa),
464 499 111 53 sœur
533 499 83 53 de
575 499 166 53 Napoléon
700 499 111 53 Ier,
769 499 180 53 princesse
907 499 83 53 de
949 499 152 53 Lucques
1046 499 55 53 et

122 542 82 51 le
163 542 177 51 Piombino.
299 542 123 51 L.
381 542 82 51 a.
422 542 136 51 s.
517 542 82 51 au
558 542 136 51 prince
654 542 82 51 de
694 542 204 51 Talleyrand;
858 542 123 51 bains
940 542 82 51 de
967 542 136 51 Lucques,

116 571 86 39 30
159 571 157 39 juillet
273 571 129 39 1807,
359 571 71 39 1
387 571 86 39 p.
430 571 100 39 3/4
487 571 129 39 in-4.
573 571 129 39 Toute
659 571 172 39 relative
788 571 86 39 au
830 571 157 39 marquis
945 571 86 39 de
973 571 129 39 Lucche-

115 609 133 41 sini,
204 609 104 41 qui
263 609 74 41 a
293 609 178 41 toujours
426 609 148 41 montré
530 609 178 41 beaucoup
663 609 163 41 d’amour
782 609 119 41 pour
856 609 89 41 la
900 609 163 41 France.
1019 609 74 41 7
1034 609 59 41 50

125 644 131 54 19499
213 644 204 54 BOURDILLON
373 644 160 54 (Imbert
489 644 87 54 de
533 644 87 54 LA
577 644 189 54 PLATiÈre,
722 644 175 54 seigneur
853 644 116 54 de),
926 644 175 54 maréchal
1043 644 58 54 de

117 684 137 51 France,
216 684 149 51 illustre
328 684 149 51 guerrier
440 684 75 51 du
477 684 149 51 seizième
589 684 137 51 siècle.
688 684 112 51 L.
763 684 137 51 s.
862 684 99 51 avec
924 684 75 51 la
949 684 149 51 souscript.

115 721 130 33 aut.,
201 721 72 33 à
230 721 87 33 la
273 721 173 33 duchesse
404 721 87 33 de
447 721 173 33 Mantoue;
577 721 144 33 Turin,
678 721 87 33 13
721 721 144 33 juill.
822 721 130 33 1561,
909 721 72 33 1
938 721 87 33 p.
981 721 101 33 pl.
1025 721 72 33 in-

112 750 107 56 fol.,
183 750 131 56 cachet.
278 750 107 56 Belle
350 750 71 56 et
385 750 190 56 intéressante
540 750 131 56 lettre.
635 750 59 56 5
647 750 48 56 50

115 779 124 68 19500
198 779 152 68 BRISSAC
309 779 166 68 (Charles
433 779 83 68 de
474 779 138 68 CossÉ,
571 779 124 68 comte
654 779 111 68 de),
723 779 166 68 maréchal
847 779 83 68 de
889 779 152 68 France,
999 779 83 68 un
1027 779 69 68 des

120 832 97 47 plus
181 832 122 47 grands
266 832 170 47 capitaines
400 832 73 47 de
436 832 85 47 son
485 832 122 47 siècle
570 832 109 47 L.
643 832 158 47 s.
765 832 97 47 avec
825 832 73 47 la
862 832 195 47 souscription
1008 832 85 47 aut.,

106 871 74 42 a
136 871 89 42 la
180 871 177 42 duchesse
313 871 89 42 de
357 871 177 42 Mantoue;
490 871 148 42 Turin,
593 871 89 42 13
638 871 118 42 oct.
711 871 133 42 1559,
800 871 74 42 1
829 871 89 42 p.
874 871 177 42 in-fol.,
992 871 103 42 trace

123 898 57 45 le
151 898 104 45 cachet.
226 898 47 45 5
236 898 28 45 »

141 928 87 56 Il
184 928 101 56 lui
242 928 174 56 demande,
372 928 116 56 pour
445 928 87 56 le
488 928 116 56 roi,
560 928 87 56 la
604 928 246 56 certification
806 928 101 56 «du
864 928 232 56 contentement
1038 928 58 56 et

114 977 240 41 satisfaction
309 977 165 41 qu’avez
430 977 90 41 de
475 977 90 41 la
520 977 225 41 restitution
700 977 105 41 que
760 977 90 41 je
805 977 120 41 vous
881 977 90 41 ay
911 977 195 41 entièrement

110 1004 142 46 faicte
209 1004 99 46 des
266 1004 142 46 terres
365 1004 85 46 du
407 1004 198 46 Montferrat
563 1004 99 46 que
619 1004 85 46 Sa
662 1004 156 46 Majesté
761 1004 198 46 possédoit..»

119 1041 108 55 19501
191 1041 132 55 BROGLIE
287 1041 84 55 (le
336 1041 120 55 prince
420 1041 120 55 Albert
504 1041 96 55 de),
564 1041 193 55 littérateur,
721 1041 72 55 de
757 1041 132 55 l’Acad.
853 1041 84 55 fr.
901 1041 108 55 L.
974 1041 72 55 a.
998 1041 96 55 s.

120 1081 101 48 1865,
187 1081 56 48 1
210 1081 68 48 p.
244 1081 101 48 in-8.
311 1081 56 48 2
322 1081 34 48 »

412 1126 77 59 19502
464 1126 103 59 BROUGHAM
541 1126 103 59 (Henri),
618 1126 94 59 célèbre
686 1126 77 59 homme
737 1126 86 59 d’État
797 1126 103 59 anglais.
874 1126 77 59 L.
926 1126 51 59 a.
951 1126 86 59 s.
1011 1126 51 59 en
1028 1126 60 59 fran-

424 1160 69 52 çais;
470 1160 84 52 Cannes,
531 1160 38 52 2
547 1160 61 52 nov.
585 1160 69 52 1833,
631 1160 38 52 3
646 1160 46 52 p.
669 1160 54 52 pl.
700 1160 69 52 in-8.
745 1160 69 52 Belle
791 1160 84 52 lettre.
852 1160 38 52 4
860 1160 23 52 »

435 1187 71 66 19503
482 1187 110 66 CAMBACÉRÈS
569 1187 55 66 (J.
600 1187 47 66 J.
624 1187 71 66 Régis
671 1187 63 66 de),
710 1187 142 66 conventionnel,
828 1187 94 66 deuxième
891 1187 71 66 consul,

429 1248 154 46 archi-chancelier
560 1248 46 46 de
583 1248 92 46 l'empire
652 1248 77 46 membre
706 1248 46 46 de
729 1248 115 46 l’Institut.
821 1248 77 46 Décret
875 1248 108 46 a.
952 1248 38 46 s.;

437 1260 36 71 5
451 1260 93 71 thermidor
523 1260 43 71 an
544 1260 57 71 III,
580 1260 36 71 1
594 1260 43 71 p.
616 1260 86 71 in-fol.,
680 1260 57 71 tête
716 1260 64 71 impr.
758 1260 43 71 et
780 1260 93 71 vignette.
851 1260 114 71 Rare
944 1260 43 71 15
959 1260 21 71 »

124 1303 25 60 19504
141 1303 25 60 CARNÉ
158 1303 20 60 (le
169 1303 25 60 comte
186 1303 17 60 L.
195 1303 23 60 de),
209 1303 45 60 littérateur,
246 1303 17 60 de
254 1303 31 60 l’Acad.
277 1303 20 60 fr.
288 1303 25 60 L.
305 1303 17 60 a.
314 1303 31 60 s.
337 1303 14 60 1
342 1303 17 60 p.
348 1303 14 60 1/2

110 1344 66 46 in-8.
154 1344 37 46 2
161 1344 29 46 25

391 1386 86 54 19505
449 1386 96 54 CARNOT
516 1386 125 54 (Lazare),
612 1386 134 54 l’illustre
718 1386 154 54 organisateur
842 1386 58 54 de
871 1386 67 54 nos
910 1386 96 54 armées
977 1386 77 54 sous
1025 1386 58 54 la
1044 1386 48 54 Ré-

395 1429 119 45 publique.
486 1429 82 45 L.
541 1429 55 45 a.
568 1429 91 45 s.
632 1429 46 45 à
650 1429 55 45 un
678 1429 55 45 de
705 1429 64 45 ses
741 1429 128 45 collègues;
842 1429 55 45 26
869 1429 109 45 frimaire
951 1429 55 45 an
978 1429 64 45 II,
1015 1429 46 45 1
1033 1429 55 45 p.
1051 1429 46 45 1/2

118 1455 72 52 in-fol.
170 1455 33 52 7
176 1455 26 52 50

131 1475 160 66 Superbe
248 1475 145 66 lettre
350 1475 233 66 patriotique,
539 1475 174 66 relative
669 1475 73 66 à
698 1475 87 66 la
742 1475 131 66 ville
829 1475 87 66 de
873 1475 204 66 Montauban,
1018 1475 73 66 qui

98 1528 173 48 demande
224 1528 110 48 une
287 1528 236 48 manufacture
476 1528 95 48 de
524 1528 173 48 fusils.
650 1528 158 48 Carnot
760 1528 126 48 fait
839 1528 205 48 remarquer
996 1528 79 48 à
1012 1528 79 48 son

99 1562 174 46 collègue
230 1562 102 46 que
288 1562 232 46 l’expérience
477 1562 73 46 a
506 1562 145 46 prouvé
608 1562 102 46 que
666 1562 116 46 «les
738 1562 232 46 manufactures
913 1562 174 46 nationales

103 1599 89 44 de
148 1599 89 44 ce
192 1599 133 44 genre
281 1599 163 44 étoient
399 1599 104 44 une
458 1599 148 44 source
562 1599 163 44 d’abus,
680 1599 237 44 entrainoient
872 1599 74 44 à
902 1599 104 44 des
946 1599 148 44 dépenses

110 1631 238 49 monstrueuses,
306 1631 84 49 et
348 1631 224 49 produisoient
530 1631 112 49 très
600 1631 98 49 peu
656 1631 84 49 et
698 1631 112 49 très
754 1631 210 49 lentement...»

115 1661 95 57 19506
179 1661 116 57 CHARLES
263 1661 74 57 IV,
305 1661 74 57 roi
347 1661 148 57 d’Espagne.
463 1661 95 57 L.
526 1661 63 57 a.
558 1661 116 57 s.
642 1661 63 57 en
674 1661 137 57 français,
779 1661 63 57 au
811 1661 74 57 roi
853 1661 95 57 Louis
906 1661 84 57 XVIII;

112 1705 101 54 Rome,
179 1705 56 54 5
202 1705 101 54 janv.
269 1705 101 54 1815,
336 1705 56 54 1
359 1705 67 54 p.
393 1705 79 54 pl.
437 1705 101 54 in-4.
505 1705 180 54 Rare
651 1705 67 54 25
673 1705 34 54 »

130 1747 123 39 Belle
212 1747 150 39 lettre.
322 1747 96 39 «Le
376 1747 137 39 climat
472 1747 82 39 du
513 1747 109 39 midi
581 1747 82 39 de
622 1747 82 39 la
663 1747 150 39 France,
773 1747 150 39 dit-il,
882 1747 96 39 m’a
937 1747 96 39 été
991 1747 82 39 si
1019 1747 68 39 sa-

102 1780 172 39 lutaire,
231 1780 101 39 que
288 1780 86 39 je
332 1780 201 39 demanderai
490 1780 86 39 de
533 1780 172 39 l’amitié
662 1780 86 39 de
705 1780 129 39 Votre
791 1780 158 39 Majesté
906 1780 101 39 son
949 1780 144 39 agrément

102 1820 118 42 pour
176 1820 74 42 y
205 1820 147 42 passer
309 1820 118 42 avec
382 1820 88 42 ma
427 1820 162 42 famille
545 1820 88 42 et
589 1820 88 42 ma
633 1820 147 42 suite,
736 1820 88 42 si
780 1820 103 42 les
839 1820 251 42 circonstances
1031 1820 59 42 me

112 1844 212 55 léterminent
281 1844 71 55 à
309 1844 155 55 changer
422 1844 85 55 de
450 1844 212 55 résidence...»

113 1890 119 44 19507
192 1890 146 44 CHARLET
298 1890 106 44 (Nas
365 1890 199 44 Toussaint),
524 1890 146 44 peintre
630 1890 146 44 célèbre
736 1890 93 44 par
789 1890 93 44 ses
842 1890 146 44 croquis
948 1890 80 44 de
987 1890 80 44 la
1014 1890 66 44 Ré-

113 1926 159 39 volution
232 1926 79 39 et
272 1926 79 39 de
311 1926 172 39 l’Empire.
444 1926 119 39 L.
523 1926 79 39 a.
563 1926 132 39 s.
655 1926 66 39 à
682 1926 79 39 M.
721 1926 159 39 Dehêque;
841 1926 66 39 2
867 1926 119 39 avril
946 1926 119 39 1842,
1026 1926 66 39 1
1039 1926 53 39 p.

113 1958 63 49 pl.
149 1958 81 49 in-4.
203 1958 45 49 5
212 1958 27 49 »

142 1996 212 43 Spirituelle
311 1996 141 43 épître
410 1996 113 43 dans
481 1996 169 43 laquelle
608 1996 85 43 il
650 1996 155 43 demande
763 1996 71 43 à
791 1996 113 43 être
862 1996 155 43 exempté
975 1996 85 43 du
1003 1996 85 43 ser-

109 2028 112 42 vice
179 2028 84 42 de
221 2028 112 42 nuit
291 2028 84 42 de
333 2028 84 42 la
375 2028 126 42 garde
459 2028 196 42 nationale,
614 2028 84 42 et
656 2028 112 42 prie
726 2028 84 42 M.
768 2028 154 42 Dehêque
880 2028 84 42 de
922 2028 98 42 lui
978 2028 112 42 dire
1034 2028 56 42 où

109 2068 83 41 en
151 2068 97 41 est
206 2068 97 41 son
261 2068 166 41 affaire,
385 2068 124 41 «qui,
468 2068 83 41 si
509 2068 110 41 elle
578 2068 166 41 tournait
703 2068 110 41 mal,
772 2068 152 41 dit-il,
882 2068 83 41 me
923 2068 179 41 forcerait
1048 2068 41 41 à

100 2101 82 44 me
141 2101 165 44 réfugier
265 2101 110 44 dans
333 2101 82 44 la
375 2101 151 44 Mitidja
484 2101 82 44 ou
525 2101 165 44 derrière
649 2101 96 44 les
704 2101 137 44 portes
800 2101 82 44 de
827 2101 96 44 fer.»

114 2134 98 52 19508
180 2134 186 52 CHATEAUBRIAND
332 2134 76 52 (le
376 2134 76 52 vte
420 2134 87 52 de),
474 2134 120 52 célèbre
562 2134 142 52 écrivain,
671 2134 65 52 de
703 2134 120 52 l’Acad.
791 2134 76 52 fr.
834 2134 98 52 L.
900 2134 65 52 a.
922 2134 87 52 s.

102 2179 75 41 au
140 2179 150 41 maréchal
253 2179 113 41 ....;
328 2179 75 41 23
365 2179 88 41 mai
415 2179 113 41 1817,
491 2179 63 41 1
516 2179 75 41 p.
553 2179 88 41 pl.
603 2179 113 41 in-4.
678 2179 63 41 7
691 2179 50 41 50
