1604 2825
474 45 533 137 CATALOGUE

47 203 234 110 DE
164 203 429 110 LETTRES
476 203 624 110 AUTOGRAPHES,
944 203 507 110 MANUSCRITS,

427 307 305 82 DOCUMENTS
675 307 305 82 HISTORIQUES,
904 307 191 82 ETC.

254 442 391 114 DE
514 442 261 114 A.
601 442 652 114 LAAERDEI,

347 558 180 105 A
460 558 225 105 Paris,
618 558 158 105 rue
708 558 383 105 Saint-Lazare,
1001 558 180 105 24

545 762 207 67 Vente
700 762 86 67 à
717 762 276 67 l’amiable,

320 792 166 74 soit
424 792 145 74 par
507 792 311 74 l’insertion
756 792 166 74 dans
859 792 124 74 le
901 792 311 74 bulletin,

144 861 168 80 soit
249 861 147 80 aux
333 861 253 80 enchères
523 861 295 80 publiques,
754 861 126 80 de
818 861 316 80 Collections
1070 861 126 80 ou
1112 861 274 80 parties

324 918 174 49 de
440 918 290 49 Collections
672 918 116 49 de
730 918 213 49 Lettres
865 918 348 49 autographes,

474 954 314 59 Documents
710 954 353 59 historiques,

518 1001 343 61 Manuscrits,
804 1001 172 61 etc.,
900 1001 114 61 etc.

85 1025 281 87 Achats.
306 1025 100 87 —
346 1025 261 87 Échanges.
547 1025 100 87 —
587 1025 301 87 Expertises.
828 1025 100 87 —
868 1025 261 87 Rédaction
1069 1025 120 87 de
1109 1025 341 87 Catalogues.

32 1192 274 96 N°
214 1192 213 96 12.
336 1192 152 96 —
397 1192 915 96 SEPTEMBRE-OCTOBRE-NOVEMBRE
1190 1192 305 96 1857

43 1350 168 96 2171.
155 1350 430 96 Abd-el-Kader
529 1350 243 96 (l’émir),
716 1350 112 96 et
772 1350 187 96 autres
902 1350 168 96 chefs
1014 1350 205 96 arabes.
1164 1350 112 96 1°
1201 1350 299 96 Abd

92 1426 303 61 Kader
341 1426 178 61 Billet
466 1426 142 61 aut.
555 1426 125 61 (en
626 1426 214 61 arabe).—
787 1426 107 61 2°
840 1426 410 61 Bou-Hammedy
1196 1426 196 61 califat
1339 1426 107 61 de
1374 1426 125 61 Tlem-

90 1483 159 50 sen.
189 1483 198 50 Billet
328 1483 159 50 aut.
427 1483 159 50 sig.
527 1483 139 50 (en
606 1483 218 50 arabe).
765 1483 218 50 Cachet.
924 1483 99 50 —
943 1483 556 50 Hadj

95 1527 298 60 Thamy
341 1527 175 60 Billet
463 1527 140 60 aut.
551 1527 140 60 sig.
638 1527 123 60 (en
708 1527 193 60 arabe).
848 1527 193 60 Cachet.
988 1527 88 60 —
1023 1527 368 60 El-Mazary
1321 1527 175 60 califat.

90 1578 128 62 L.
154 1578 170 62 aut.
260 1578 170 62 sig.
367 1578 149 62 (en
452 1578 234 62 arabe),
622 1578 128 62 au
686 1578 234 62 général
857 1578 298 62 Guéheneuc,
1091 1578 298 62 gouverneur
1304 1578 192 62 d’Oran.

91 1625 101 50 1
131 1625 121 50 p.
191 1625 221 50 in-fol.
352 1625 221 50 Cachet,
513 1625 161 50 avec
614 1625 121 50 la
674 1625 282 50 traduction
896 1625 121 50 en
956 1625 221 50 regard.
1117 1625 101 50 —
1137 1625 362 50 Mohammed

93 1672 438 55 Ben-Ard-Alch
476 1672 183 55 Billet
604 1672 110 55 de
659 1672 91 55 2
695 1672 183 55 lignes
823 1672 146 55 aut.
914 1672 164 55 sig.,
1024 1672 110 55 au
1078 1672 201 55 crayon,
1224 1672 110 55 en
1279 1672 183 55 arabe.
1407 1672 110 55 10
1443 1672 55 55 »

44 1711 187 71 2172.
169 1711 478 71 Abdul-Gelil
584 1711 208 71 sultan
730 1711 125 71 de
792 1711 249 71 Tripoli.
979 1711 125 71 L.
1041 1711 166 71 aut.
1145 1711 166 71 sig.
1249 1711 145 71 (en
1311 1711 187 71 arabe).

87 1770 267 58 Gefra,
274 1770 160 58 28
354 1770 293 58 janvier
567 1770 240 58 1842.
727 1770 133 58 1
780 1770 160 58 p.
860 1770 293 58 in-fol.
1074 1770 133 58 2
1127 1770 320 58 cachets.
1367 1770 133 58 3
1393 1770 107 58 50

43 1811 195 64 2173.
173 1811 412 64 Abrantès
521 1811 174 64 (Mme
629 1811 130 64 la
694 1811 260 64 duchesse
889 1811 174 64 d’),
998 1811 217 64 auteur
1150 1811 130 64 de
1215 1811 282 64 Mémoires.
1410 1811 87 64 L.

88 1863 195 66 aut.
209 1863 219 66 sig.,
356 1863 122 66 à
404 1863 195 66 M...
526 1863 195 66 Sans
648 1863 219 66 date.
794 1863 122 66 3
843 1863 146 66 p.
916 1863 170 66 pl.
1013 1863 146 66 et
1086 1863 219 66 demie
1232 1863 219 66 in-8.
1378 1863 122 66 2
1403 1863 97 66 50

139 1916 239 48 Relative
318 1916 99 48 à
358 1916 139 48 ses
438 1916 219 48 travaux
597 1916 318 48 littéraires.
836 1916 298 48 Intéressante.

48 1951 172 64 2174.
163 1951 344 64 Alençon
449 1951 268 64 (François,
660 1951 134 64 duc
736 1951 153 64 d’),
832 1951 153 64 fils
927 1951 115 64 de
985 1951 172 64 Henri
1099 1951 134 64 II.
1176 1951 115 64 L.
1233 1951 153 64 avec
1329 1951 115 64 la
1367 1951 134 64 sous

91 2013 260 65 cription
286 2013 195 65 d’une
416 2013 195 65 ligne
546 2013 173 65 aut.
655 2013 195 65 sig.,
785 2013 108 65 à
828 2013 130 65 M.
893 2013 130 65 le
958 2013 152 65 duc
1045 2013 303 65 Casimir...
1283 2013 130 65 25
1327 2013 173 65 avril.

88 2057 131 55 1
140 2057 183 55 gr.
245 2057 157 55 p.
324 2057 183 55 pl.
428 2057 288 55 in-fol.
638 2057 236 55 Belle
795 2057 288 55 lettre.
1004 2057 445 55 Intéressante.
1371 2057 131 55 7
1397 2057 105 55 50

47 2097 184 63 2175.
169 2097 409 63 Annebault
517 2097 225 63 (Claude
681 2097 164 63 d’),
783 2097 184 63 baron
906 2097 123 63 de
967 2097 184 63 Retz,
1090 2097 245 63 maréchal
1274 2097 123 63 de
1315 2097 184 63 France.

93 2153 273 58 Quittance
303 2153 168 58 sig.
408 2153 168 58 (sur
513 2153 315 58 parchemin),
765 2153 126 58 de
829 2153 126 58 la
892 2153 189 58 somme
1018 2153 126 58 de
1081 2153 105 58 3
1123 2153 147 58 000
1207 2153 168 58 écus
1291 2153 210 58 soleils,

93 2199 206 49 valant
238 2199 124 49 45
300 2199 165 49 sous
403 2199 124 49 la
465 2199 206 49 pièce,
609 2199 124 49 et
671 2199 227 49 formant
836 2199 186 49 ainsi
960 2199 165 49 6750
1064 2199 227 49 livres,
1229 2199 227 49 faisant
1373 2199 124 49 par-

95 2251 149 55 tie
180 2251 192 55 d’une
308 2251 192 55 somme
436 2251 128 55 de
500 2251 128 55 23
564 2251 149 55 250
649 2251 213 55 livres
798 2251 149 55 que
884 2251 128 55 le
948 2251 149 55 roi
1033 2251 149 55 lui
1118 2251 107 55 a
1161 2251 213 55 donnée
1310 2251 171 55 pour
1395 2251 107 55 ses

93 2298 291 66 services,
316 2298 134 66 en
384 2298 201 66 outre
518 2298 134 66 de
585 2298 157 66 ses
675 2298 291 66 pensions.
899 2298 134 66 31
966 2298 157 66 mai
1055 2298 201 66 1541.
1190 2298 246 66 Cachet.
1346 2298 157 66 Belle

-24 2347 1388 51 pièce.
948 2347 694 51 4
1087 2347 416 51 »

48 2384 193 71 2176.
176 2384 450 71 Antomarchi
562 2384 150 71 (le
647 2384 278 71 docteur),
861 2384 236 71 dernier
1033 2384 236 71 médecin
1204 2384 129 71 de
1268 2384 257 71 Napoléon
1440 2384 64 71 à

72 2437 358 60 Sainte

142 2454 128 96 1°
206 2454 170 96 Note
312 2454 128 96 de
376 2454 106 96 8
418 2454 213 96 lignes
567 2454 170 96 aut.
673 2454 170 96 sig.
780 2454 191 96 (pour
907 2454 149 96 les
993 2454 298 96 journaux),
1226 2454 149 96 1/2
1312 2454 128 96 p.
1354 2454 149 96 in

96 2534 278 59 annonçant
309 2534 149 59 que
395 2534 128 59 le
459 2534 149 59 roi
544 2534 406 59 Louis-Philippe,
886 2534 128 59 et
950 2534 128 59 sa
1014 2534 256 59 famille;
1206 2534 128 59 la
1270 2534 235 59 famille
1420 2534 85 59 de

99 2581 247 54 Napoléon,
289 2581 171 54 etc.,
403 2581 285 54 viennent
631 2581 114 54 de
688 2581 247 54 souscrire
879 2581 152 54 pour
974 2581 114 54 de
1031 2581 228 54 nombreux
1183 2581 323 54 exemplaires

97 2634 187 86 du
222 2634 228 86 plâtre,
388 2634 124 86 ou
450 2634 207 86 masque
595 2634 124 86 du
657 2634 187 86 grand
781 2634 290 86 homme
1009 2634 187 86 meulé
1134 2634 145 86 par
1217 2634 145 86 lui
1300 2634 104 86 à
1320 2634 187 86 Sainte

68 2675 221 81 Hélène.
