1633 2962
727 58 249 90 162
834 58 107 90 —

178 141 114 80 2°
235 141 114 80 L.
292 141 114 80 a.
350 141 134 80 s.,
426 141 95 80 à
464 141 114 80 M.
521 141 210 80 Paulin.
674 141 191 80 Paris,
807 141 210 80 17sept.
960 141 172 80 1833.
1074 141 95 80 2
1112 141 134 80 gr.
1189 141 114 80 p.
1246 141 134 80 pl.
1322 141 172 80 in-8.
1437 141 114 80 18
1475 141 57 80 »

178 221 133 57 Au
244 221 200 57 sujet
378 221 133 57 de
444 221 133 57 la
511 221 178 57 note
622 221 156 57 qui
711 221 333 57 précède;...
978 221 222 57 «Aucun
1133 221 378 57 défigurement,
1422 221 111 57 au-

131 265 194 59 «cune
261 265 302 59 altération
498 265 129 59 de
563 265 173 59 mort
671 265 302 59 n’existent
908 265 151 59 sur
995 265 324 59 l’empreinte
1253 265 129 59 de
1318 265 129 59 la
1361 265 173 59 figure

129 307 162 63 «de
221 307 323 63 l’empereur
475 307 300 63 Napoléon,
706 307 231 63 malgré
868 307 162 63 les
960 307 277 63 douleurs
1168 307 208 63 d’une
1306 307 231 63 longue
1445 307 92 63 et

134 361 260 54 «affreuse
334 361 220 54 agonie,
494 361 140 54 les
574 361 300 54 magnifiques
814 361 200 54 traits
955 361 120 54 de
1015 361 180 54 cette
1135 361 160 54 tête
1235 361 240 54 illustre
1395 361 140 54 n’ont

132 413 191 57 «rien
259 413 191 57 perdu
387 413 127 57 de
450 413 127 57 ce
514 413 212 57 calme,
663 413 127 57 de
727 413 191 57 cette
854 413 255 57 dignité,
1045 413 127 57 de
1109 413 191 57 cette
1237 413 297 57 expression
1449 413 85 57 de

131 454 245 61 «cénie,
309 454 178 61 qui,
421 454 245 61 pendant
599 454 178 61 tant
711 454 290 61 d’années,
934 454 156 61 ont
1023 454 268 61 commandé
1224 454 134 61 le
1291 454 245 61 respect
1447 454 89 61 et

133 510 379 52 «l’admiration
445 510 156 52 des
534 510 245 52 hommes:
712 510 134 52 on
779 510 245 52 dirait,
957 510 134 52 en
1024 510 134 52 le
1091 510 245 52 voyant,
1269 510 156 52 que
1336 510 200 52 l’empe-

132 546 210 71 «reur
272 546 210 71 ayant
412 546 210 71 perdu
552 546 164 71 son
646 546 351 71 embonpoint,
926 546 164 71 est
1020 546 210 71 tombé
1160 546 187 71 dans
1277 546 140 71 un
1324 546 210 71 profond

132 611 292 49 «sommeil,
356 611 135 49 un
423 611 202 49 léger
558 611 180 49 rire
670 611 314 49 sardonique
917 611 269 49 couvrant
1119 611 157 49 ses
1186 611 292 49 lèvres....»

84 641 179 64 2177.
203 641 318 64 Arnal
462 641 278 64 (Etienne),
681 641 239 64 comédien
860 641 119 64 et
919 641 199 64 poëte.
1059 641 119 64 L.
1118 641 159 64 aut.
1218 641 179 64 sig.,
1337 641 99 64 à
1377 641 119 64 M.
1417 641 119 64 Bal

131 696 197 55 lard,
263 696 219 55 acteur
416 696 131 55 du
482 696 329 55 Vaudeville.
744 696 219 55 Rouen,
898 696 131 55 16
963 696 175 55 août
1073 696 197 55 1835.
1204 696 110 55 2
1248 696 131 55 p.
1314 696 153 55 pl.
1380 696 153 55 in

112 738 605 64 Théâtrale.
587 738 561 64 Curieuse.
1019 738 432 64 Portr.
1321 738 216 64 3
1364 738 173 64 50

85 795 192 60 2178.
213 795 363 60 Azaïs,
512 795 320 60 philosophe,
768 795 214 60 auteur
918 795 128 60 du
982 795 235 60 système
1153 795 150 60 des
1217 795 320 60 compensations

134 845 170 56 dans
240 845 149 56 les
325 845 276 56 destinées
537 845 276 56 humaines,
750 845 170 56 etc.
856 845 127 56 L.
920 845 170 56 aut.
1026 845 191 56 sig.,
1154 845 106 56 à
1196 845 127 56 M.
1260 845 127 56 de
1302 845 234 56 Tourreil.

122 895 337 62 Paris,
358 895 168 62 5
425 895 371 62 janvier
695 895 303 62 1839.
897 895 168 62 1
964 895 202 62 p.
1065 895 236 62 pl.
1200 895 303 62 in-4.
1402 895 168 62 4
1436 895 101 62 »

182 951 118 51 Au
241 951 177 51 sujet
360 951 118 51 de
419 951 138 51 son
497 951 197 51 nouvel
635 951 236 51 ouvrage:
812 951 118 51 De
872 951 118 51 la
931 951 394 51 «Phrénologie,
1265 951 118 51 du
1305 951 236 51 Magné

137 990 250 60 «tisme
329 990 115 60 et
387 990 115 60 de
444 990 115 60 la
502 990 269 60 Folie;
713 990 250 60 questions
905 990 154 60 bien
1001 990 307 60 importantes,
1251 990 250 60 jusqu’ici
1424 990 115 60 bien

136 1037 340 53 «nébuleuses,
412 1037 149 53 que
497 1037 170 53 j’ai
604 1037 191 53 tâché
731 1037 319 53 d’éclaircir
987 1037 128 53 et
1051 1037 128 53 de
1114 1037 255 53 résoudre
1306 1037 128 53 de
1349 1037 191 53 manière

133 1088 133 58 «à
199 1088 244 58 obtenir
377 1088 133 58 le
443 1088 266 58 suffrage
643 1088 155 58 des
732 1088 177 58 bons
820 1088 311 58 esprits....»

90 1127 172 69 2179.
204 1127 229 69 Badia
376 1127 95 69 y
414 1127 286 69 Leblich
644 1127 267 69 (Domingo),
854 1127 134 69 dit
930 1127 363 69 Ali-Bey
1236 1127 191 69 savant
1350 1127 191 69 orienta

132 1188 195 52 liste
262 1188 281 52 espagnol,
479 1188 260 52 voyageur
673 1188 130 52 en
738 1188 260 52 Afrique.
933 1188 303 52 Généalogie
1171 1188 130 52 de
1236 1188 303 52 l’empereur
1452 1188 87 52 du

136 1235 204 58 Maroc,
278 1235 183 58 Muley
400 1235 244 58 Soliman,
583 1235 204 58 copiée
726 1235 142 58 par
807 1235 142 58 lui
889 1235 142 58 sur
970 1235 285 58 l’original
1194 1235 183 58 qu’il
1316 1235 142 58 lui
1377 1235 163 58 confia

139 1279 120 59 au
199 1279 180 59 Maroc
319 1279 120 59 le
379 1279 100 59 2
419 1279 180 59 avril
540 1279 180 59 1804.
660 1279 160 59 Aut.
760 1279 160 59 sig.
860 1279 120 59 de
920 1279 200 59 Badia,
1060 1279 100 59 1
1100 1279 140 59 gr.
1180 1279 120 59 p.
1241 1279 140 59 pl.
1321 1279 220 59 in-fol.
1461 1279 80 59 La

136 1332 293 76 généalogie
367 1332 147 76 est
450 1332 126 76 en
513 1332 210 76 arabe,
660 1332 126 76 et
723 1332 126 76 la
786 1332 314 76 désignation
1037 1332 126 76 de
1100 1332 189 76 cette
1226 1332 189 76 pièce
1351 1332 126 76 en
1393 1332 147 76 fran-

133 1394 230 45 çais.
287 1394 256 45 Paris,
466 1394 153 45 12
543 1394 281 45 juillet
747 1394 230 45 1814.
901 1394 128 45 1
952 1394 179 45 gr.
1054 1394 153 45 p.
1131 1394 179 45 pl.
1233 1394 281 45 in-fol.
1438 1394 128 45 6
1463 1394 77 45 »

92 1422 184 69 2180.
214 1422 409 69 Ballanche
561 1422 388 69 (Pierre-Simon),
888 1422 327 69 littérateur,
1154 1422 204 69 membre
1297 1422 123 69 de
1338 1422 204 69 l’Insti-

140 1483 160 61 tut.
240 1483 120 61 L.
300 1483 160 61 aut.
400 1483 180 61 sig.,
520 1483 100 61 à
560 1483 160 61 M...
660 1483 180 61 Lyon,
780 1483 120 61 29
840 1483 180 61 avril
961 1483 180 61 1811.
1081 1483 100 61 2
1121 1483 140 61 gr.
1201 1483 120 61 p.
1261 1483 140 61 pl.
1341 1483 180 61 in-4.
1461 1483 100 61 3
1481 1483 60 61 »

185 1530 179 66 Jolie
305 1530 199 66 lettre
444 1530 279 66 littéraire
663 1530 119 66 et
703 1530 358 66 bibliographique.

90 1582 172 66 2181.
205 1582 382 66 Barbaroux
530 1582 268 66 (Catherine
740 1582 306 66 Pons
989 1582 210 66 femme),
1141 1582 153 66 mère
1237 1582 115 66 du
1294 1582 210 66 célèbre
1428 1582 115 66 con

139 1627 285 62 ventionnel
362 1627 325 62 marseillais.
627 1627 122 62 L.
688 1627 183 62 sig.,
810 1627 122 62 au
871 1627 224 62 citoyen
1034 1627 183 62 Bosc.
1156 1627 285 62 Marseille,
1379 1627 122 62 12
1420 1627 122 62 flo-

113 1682 369 57 réal
343 1682 277 57 an
482 1682 323 57 IV.
666 1682 231 57 2
758 1682 277 57 p.
897 1682 323 57 pl.
1081 1682 415 57 in-4.
1358 1682 231 57 5
1404 1682 138 57 »

187 1709 209 74 Exposé
333 1709 250 74 touchant
521 1709 125 74 de
583 1709 125 74 sa
646 1709 250 74 profonde
834 1709 271 74 détresse;
1042 1709 167 74 elle
1147 1709 125 74 le
1209 1709 167 74 prie
1314 1709 250 74 d’écrire
1480 1709 63 74 à

141 1772 200 62 Louvet
281 1772 100 62 :
321 1772 100 62 «
361 1772 160 62 J’ai
461 1772 160 62 tout
562 1772 180 62 perdu
682 1772 120 62 en
742 1772 220 62 perdant
902 1772 140 62 mon
982 1772 180 62 fils,
1102 1772 160 62 tout
1203 1772 140 62 m’a
1283 1772 140 62 été
1363 1772 180 62 volé,
1463 1772 80 62 je

140 1822 183 64 «n’ai
262 1822 163 64 plus
364 1822 183 64 rien,
486 1822 122 64 je
547 1822 163 64 suis
649 1822 163 64 dans
751 1822 122 64 un
812 1822 163 64 état
914 1822 122 64 le
975 1822 163 64 plus
1077 1822 306 64 déplorable,
1322 1822 122 64 ne
1363 1822 183 64 pouvant

138 1883 242 55 «donner
314 1883 132 55 du
380 1883 176 55 pain
490 1883 110 55 à
533 1883 308 55 l’adorable
775 1883 220 55 enfant
929 1883 154 55 que
1017 1883 132 55 je
1083 1883 198 55 tiens
1214 1883 132 55 de
1280 1883 154 55 mon
1346 1883 198 55 malheu-

138 1916 200 67 «reux
249 1916 222 67 fils....

93 1952 170 93 2182.
206 1952 358 93 Barnave,
508 1952 207 93 célèbre
658 1952 207 93 orateur
809 1952 113 93 de
866 1952 283 93 l’Assemblée
1092 1952 320 93 constituante.
1337 1952 207 93 Du

137 2030 277 45 retour
350 2030 128 45 de
414 2030 128 45 la
478 2030 384 45 Monarchie
797 2030 277 45 Manuscrit
1010 2030 170 45 aut.
1117 2030 107 45 4
1159 2030 149 45 gr.
1245 2030 128 45 p.
1309 2030 192 45 in-4.
1436 2030 128 45 20
1479 2030 64 45 »

186 2072 219 63 «...La
339 2072 219 63 guerre
493 2072 219 63 finie,
646 2072 175 63 tous
756 2072 153 63 les
843 2072 372 63 monarchistes,
1150 2072 153 63 les
1237 2072 241 63 émigrés
1391 2072 153 63 seuls

138 2118 313 49 «exceptés,
383 2118 246 49 peuvent
562 2118 134 49 se
629 2118 223 49 réunir
785 2118 134 49 et
853 2118 223 49 réagir
1009 2118 134 49 en
1076 2118 201 49 masse
1210 2118 223 49 contre
1366 2118 134 49 un
1411 2118 134 49 gou-

142 2165 311 60 «vernement
386 2165 311 60 scandaleux
631 2165 133 60 et
698 2165 267 60 méprisé,
898 2165 156 60 qui
987 2165 133 60 ne
1054 2165 178 60 sera
1165 2165 178 60 plus
1276 2165 245 60 soutenu
1432 2165 111 60 que

140 2213 173 60 «par
248 2213 130 60 un
313 2213 194 60 parti
443 2213 194 60 aussi
572 2213 216 60 faible
723 2213 151 60 que
810 2213 173 60 vil.
918 2213 130 60 Un
983 2213 238 60 général
1155 2213 238 60 couvert
1328 2213 130 60 de
1371 2213 173 60 gloire

140 2260 198 60 «peut
272 2260 198 60 jouer
403 2260 132 60 le
469 2260 176 60 rôle
579 2260 132 60 de
645 2260 198 60 Monk,
777 2260 132 60 et
843 2260 220 60 venant
996 2260 110 60 à
1040 2260 198 60 Paris
1172 2260 176 60 pour
1282 2260 110 60 y
1304 2260 241 60 soumettre

137 2308 188 72 «les
254 2308 352 72 agitateurs,
535 2308 281 72 anéantir
746 2308 141 72 en
817 2308 188 72 même
934 2308 211 72 temps
1075 2308 141 72 un
1145 2308 375 72 gouvernement
1427 2308 117 72 qui

138 2360 299 56 «n’aurait
368 2360 230 56 qu’eux
529 2360 184 56 pour
621 2360 276 56 appui....»

90 2384 179 83 2183.
210 2384 319 83 Bélisaire
469 2384 259 83 Vinta
668 2384 279 83 secrétaire
887 2384 120 83 de
947 2384 179 83 Cosme
1066 2384 139 83 Ier
1146 2384 120 83 et
1205 2384 120 83 de
1265 2384 239 83 François
1425 2384 120 83 Ier,

140 2448 186 71 grand
264 2448 144 71 duc
347 2448 124 71 de
409 2448 248 71 Toscane.
594 2448 124 71 L.
656 2448 165 71 aut.
760 2448 165 71 sig.
863 2448 144 71 (en
945 2448 268 71 italien),
1152 2448 103 71 à
1193 2448 144 71 ...
1276 2448 186 71 Pise,
1400 2448 124 71 15
1441 2448 103 71 fé-

119 2504 337 49 vrier
343 2504 337 49 1581.
568 2504 187 49 1
643 2504 225 49 p.
756 2504 412 49 in-fol.
1056 2504 412 49 Cachet.
1356 2504 225 49 10
1431 2504 112 49 »

91 2552 193 71 2184.
219 2552 449 71 Bellegarde
604 2552 235 71 (l’abbé
775 2552 235 71 Gabriel
947 2552 128 71 du
1011 2552 150 71 Pac
1097 2552 171 71 de).
1204 2552 150 71 Son
1268 2552 278 71 attachement

139 2603 147 57 aux
223 2603 272 57 disciples
432 2603 126 57 de
495 2603 293 57 Port-Royal
725 2603 147 57 lui
809 2603 188 57 ferma
935 2603 126 57 la
998 2603 188 57 porte
1123 2603 147 57 des
1207 2603 251 57 honneurs
1395 2603 126 57 et
1437 2603 105 57 des

142 2653 205 53 dignités
296 2653 342 53 ecclésiastiques.
587 2653 154 53 Pièce
690 2653 137 53 aut.
775 2653 137 53 sig.
861 2653 223 53 l'abbé
1032 2653 103 53 de
1084 2653 325 53 Bellegarde
1341 2653 205 53 an

137 2702 227 58 cien
302 2702 186 58 comte
426 2702 124 58 de
488 2702 268 58 Lyon
695 2702 206 58 Paris,
839 2702 124 58 23
901 2702 227 58 juillet
1066 2702 186 58 1772.
1190 2702 144 58 1/2
1273 2702 124 58 p.
1335 2702 186 58 in-4.
1458 2702 103 58 5
1479 2702 62 58 »

185 2745 131 79 Il
251 2745 241 79 déclare
426 2745 153 79 que
513 2745 131 79 le
579 2745 263 79 révérend
776 2745 175 79 père
885 2745 153 79 dom
973 2745 131 79 de
1039 2745 219 79 Foris,
1192 2745 241 79 éditeur
1367 2745 131 79 de
1411 2745 131 79 Bos
