1679 2904
621 4 184 102 —
695 4 258 102 163
805 4 111 102 —

95 99 186 86 suet,
219 99 103 86 a
261 99 124 86 eu
323 99 124 86 la
385 99 186 86 bonté
508 99 124 86 de
570 99 207 86 faire,
715 99 103 86 à
756 99 124 86 sa
818 99 227 86 prière,
984 99 269 86 plusieurs
1169 99 331 86 retranchements

96 176 122 55 et
157 176 304 55 changements
400 176 101 55 à
440 176 122 55 la
501 176 223 55 préface
664 176 122 55 du
724 176 223 55 premier
887 176 203 55 volume
1029 176 142 55 des
1089 176 406 55 Sermons...

47 216 193 77 2185.
175 216 472 77 Bentivoglio
583 216 236 77 (Jean),
754 216 257 77 seigneur
947 216 129 77 de
1012 216 257 77 Bologne.
1205 216 214 77 Chassé
1355 216 129 77 de
1398 216 107 77 Bo

94 269 186 52 logne
218 269 124 52 en
280 269 165 52 1506
384 269 145 52 par
467 269 186 52 Jules
591 269 145 52 II.
674 269 124 52 L.
736 269 165 52 aut.
839 269 165 52 sig.
942 269 145 52 (en
1025 269 269 52 italien),
1232 269 103 52 à
1273 269 228 52 Antonio
1418 269 83 52 de

91 319 337 76 Thebaldusys.
365 319 232 76 Bonon.,
533 319 147 76 XX.
617 319 168 76 Aug.
723 319 190 76 1505.
849 319 105 76 1
891 319 126 76 p.
954 319 232 76 in-fol.
1123 319 232 76 Cachet.
1270 319 232 76 Déchirure

88 365 160 54 en
168 365 214 54 haut
302 365 160 54 de
382 365 160 54 la
462 365 267 54 marge,
649 365 427 54 n’atteignant
996 365 187 54 pas
1103 365 160 54 le
1183 365 267 54 texte.
1370 365 160 54 15
1423 365 80 54 »

48 396 182 97 2186.
169 396 384 97 Béranger
493 396 182 97 notre
614 396 182 97 poëte
735 396 263 97 national.
938 396 121 97 L.
998 396 162 97 aut.
1099 396 182 97 sig.,
1221 396 101 97 à
1261 396 121 97 M.
1322 396 182 97 Jarry
1423 396 81 97 de

78 459 356 64 Mancy.
328 459 214 64 19
435 459 392 64 janvier
719 459 321 64 1840.
933 459 178 64 1
1004 459 214 64 p.
1111 459 321 64 in-8.
1325 459 178 64 2
1361 459 142 64 50

47 504 177 87 2187.
165 504 354 87 Bergier
460 504 255 87 (l’abbé),
656 504 216 87 célèbre
813 504 275 87 théologien
1030 504 373 87 controversiste.
1344 504 118 87 L.
1383 504 118 87 aut.

95 573 184 58 sig.,
217 573 102 58 à
258 573 122 58 M.
319 573 245 58 Grosley,
503 573 102 58 à
544 573 204 58 Paris.
687 573 306 58 Versailles,
931 573 122 58 23
993 573 225 58 janvier
1156 573 184 58 1785.
1278 573 102 58 2
1319 573 122 58 p.
1360 573 143 58 in

-11 624 1386 56 Cachet.
997 624 630 56 5
1123 624 378 56 »

47 644 193 89 2188.
175 644 557 89 Billaud-Varenne
668 644 407 89 (Jean-Nicolas),
1011 644 386 89 conventionnel.
1333 644 129 89 L.
1375 644 129 89 aut.

93 715 201 59 sig.,
227 715 201 59 comme
361 715 336 59 commissaire
630 715 201 59 civil
764 715 179 59 près
876 715 269 59 l’armée,
1078 715 134 59 au
1145 715 246 59 général
1302 715 201 59 Dillon.

96 771 434 62 Quartier-général
466 771 130 62 de
531 771 304 62 Grand-Pré,
770 771 130 62 le
835 771 130 62 13
900 771 282 62 septembre
1117 771 195 62 1792.
1247 771 109 62 1
1291 771 130 62 p.
1356 771 152 62 pl.
1421 771 87 62 et

89 829 231 48 quart
244 829 231 48 in-4.
398 829 308 48 Vignette
629 829 154 48 de
706 829 154 48 la
783 829 411 48 municipalité
1117 829 154 48 de
1195 829 257 48 Paris.
1374 829 154 48 20
1426 829 77 48 »

142 856 128 62 Au
206 856 191 62 sujet
333 856 128 62 de
397 856 149 62 ses
482 856 298 62 opérations
716 856 298 62 militaires
950 856 106 62 à
993 856 255 62 combiner
1184 856 170 62 avec
1290 856 213 62 celles
1418 856 85 62 du

93 913 259 57 général
257 913 282 57 Dumouriez.

50 949 179 70 2189.
170 949 339 70 Bisson
449 949 239 70 (Henry),
628 949 279 70 lieutenant
847 949 120 70 de
907 949 259 70 vaisséau.
1106 949 219 70 Attaqué
1266 949 140 70 par
1346 949 120 70 de
1385 949 120 70 nom-

99 1006 183 64 breux
221 1006 224 64 pirates
384 1006 204 64 grecs,
526 1006 204 64 devant
669 1006 183 64 l’île
791 1006 122 64 de
852 1006 285 64 Staupalie,
1076 1006 163 64 dans
1177 1006 122 64 la
1238 1006 163 64 nuit
1340 1006 122 64 dn
1401 1006 102 64 5
1422 1006 81 64 au

94 1058 110 61 6
138 1058 264 61 novembre
336 1058 198 61 1827,
469 1058 198 61 après
601 1058 154 61 une
689 1058 308 61 résistance
931 1058 308 61 désespérée
1174 1058 242 61 Bisson,
1328 1058 176 61 blessé

95 1106 331 59 grièvement,
360 1106 154 59 met
448 1106 132 59 le
514 1106 154 59 feu
602 1106 154 59 aux
691 1106 265 59 poudres,
889 1106 199 59 après
1022 1106 199 59 avoir
1154 1106 154 59 dit
1242 1106 110 59 à
1286 1106 154 59 ses
1353 1106 154 59 mate-

95 1153 168 76 lots
200 1153 126 76 de
263 1153 126 76 se
326 1153 189 76 jeter
452 1153 105 76 à
494 1153 126 76 la
557 1153 168 76 mer.
662 1153 126 76 Le
725 1153 252 76 bâtiment
915 1153 210 76 saute,
1062 1153 126 76 et
1125 1153 168 76 avec
1230 1153 147 76 lui
1314 1153 147 76 les
1377 1153 126 76 bri-

97 1199 182 72 gands
218 1199 142 72 qui
299 1199 264 72 l’avaient
482 1199 223 72 assailli.

144 1235 120 80 L.
204 1235 160 80 aut.
304 1235 180 80 sig.,
424 1235 100 80 à
464 1235 140 80 son
544 1235 160 80 cher
644 1235 260 80 Ollivier.
844 1235 220 80 Smyrne,
1004 1235 100 80 5
1044 1235 140 80 mai
1124 1235 180 80 1826.
1244 1235 100 80 4
1284 1235 140 80 gr.
1364 1235 120 80 p.
1404 1235 100 80 pl.

92 1305 254 58 in-4.
261 1305 226 58 Deux
402 1305 395 58 portraits.
713 1305 226 58 Rare
854 1305 169 58 et
939 1305 254 58 belle
1109 1305 311 58 lettre.
1335 1305 198 58 100
1419 1305 85 58 »

143 1342 126 80 Il
206 1342 335 80 l’entretient
478 1342 126 80 de
541 1342 251 80 diverses
730 1342 272 80 affaires,
939 1342 126 80 et
1002 1342 230 80 ensuite
1170 1342 126 80 de
1233 1342 210 80 celles
1379 1342 126 80 de
1421 1342 84 80 la

93 1403 205 56 Grèce
230 1403 160 56 qui
321 1403 182 56 sont
435 1403 137 56 en
503 1403 182 56 plus
617 1403 251 56 mauvais
800 1403 182 56 état
914 1403 160 56 que
1005 1403 319 56 jamais....
1255 1403 182 56 «Les
1346 1403 160 56 Grecs

96 1448 378 65 «d’aujourd’hui
411 1448 126 65 ne
474 1448 168 65 sont
579 1448 147 65 pas
663 1448 168 65 ceux
768 1448 336 65 d’autrefois.
1041 1448 126 65 Il
1104 1448 252 65 n’existe
1293 1448 168 65 plus
1377 1448 126 65 chez

95 1504 182 47 «eux
209 1504 136 47 de
277 1504 296 47 Léonidas,
505 1504 136 47 de
573 1504 364 47 Thémistocle,
868 1504 136 47 ni
937 1504 205 47 aucun
1073 1504 136 47 de
1141 1504 159 47 ces
1232 1504 227 47 grands
1369 1504 136 47 hom-

95 1559 179 56 «mes
206 1559 156 56 qui
296 1559 179 56 leur
408 1559 291 56 donnaient
631 1559 291 56 l’exemple
855 1559 134 56 du
922 1559 246 56 courage
1101 1559 134 56 et
1168 1559 156 56 des
1257 1559 246 56 vertus,
1414 1559 89 56 ou

96 1598 195 52 «s’il
226 1598 130 52 en
291 1598 152 52 est
378 1598 195 52 parmi
508 1598 152 52 eux
594 1598 368 52 quelques-uns,
898 1598 152 52 ils
984 1598 173 52 sont
1093 1598 217 52 plutôt
1244 1598 130 52 un
1309 1598 195 52 objet
1417 1598 87 52 de

95 1644 282 58 «jalousie
312 1644 152 58 que
399 1644 238 58 d’amour
572 1644 173 58 pour
680 1644 195 58 leurs
811 1644 325 58 frères....»
1071 1644 130 58 Il
1136 1644 152 58 dit
1222 1644 130 58 en
1266 1644 238 58 postcrip-

96 1700 166 64 tum,
200 1700 124 64 le
262 1700 269 64 lendemain
469 1700 104 64 6
511 1700 166 64 mai,
614 1700 186 64 qu’il
738 1700 186 64 vient
863 1700 311 64 d’apprendre
1111 1700 124 64 la
1174 1700 186 64 prise
1298 1700 124 64 de
1339 1700 166 64 Misso-

98 1742 246 57 lunghi.
276 1742 134 57 La
343 1742 246 57 poignée
522 1742 134 57 de
589 1742 201 57 héros
723 1742 156 57 qui
812 1742 290 57 défendait
1035 1742 201 57 cette
1169 1742 201 57 place
1303 1742 201 57 vient
1415 1742 89 57 de

97 1791 277 64 succomber
310 1791 171 64 sous
417 1791 149 64 les
502 1791 235 64 efforts
672 1791 426 64 d’Ibrahim-Pacha.
1035 1791 149 64 Ces
1120 1791 213 64 braves
1248 1791 256 64 Souliotes,

96 1838 195 54 après
226 1838 195 54 avoir
356 1838 260 54 supporté
551 1838 217 54 toutes
703 1838 152 54 les
789 1838 260 54 horreurs
984 1838 130 54 et
1049 1838 152 54 les
1136 1838 325 54 souffrances
1374 1838 130 54 d’un

95 1890 168 55 long
200 1890 253 55 siège...
390 1890 126 55 se
453 1890 168 55 sont
558 1890 295 55 précipités
790 1890 126 55 au
853 1890 211 55 milieu
1001 1890 147 55 des
1085 1890 211 55 Turcs.
1232 1890 126 55 40
1274 1890 232 55 seulement

96 1940 147 65 sur
180 1940 168 65 2000
285 1940 147 65 ont
369 1940 210 65 réussi
516 1940 105 65 à
558 1940 126 65 se
621 1940 189 65 faire
747 1940 168 65 jour
853 1940 126 65 au
916 1940 231 65 travers
1084 1940 126 65 de
1147 1940 231 65 l’armée
1294 1940 210 65 d’opéra-

98 1980 201 89 tion.
232 1980 157 89 Les
321 1980 224 89 autres
478 1980 157 89 ont
567 1980 201 89 péri,
702 1980 246 89 heureux
881 1980 134 89 de
948 1980 134 89 ne
1015 1980 246 89 pouvoir
1194 1980 268 89 survivre
1395 1980 112 89 à
1418 1980 89 89 la

98 2025 193 65 perte
226 2025 193 65 d’une
355 2025 193 65 cause
483 2025 214 65 qu’ils
633 2025 150 65 ont
719 2025 236 65 soutenu
890 2025 129 65 si
933 2025 343 65 glorieusement.

53 2061 187 72 2190.
178 2061 374 72 Bolivar
490 2061 249 72 (Simon),
677 2061 166 72 chef
781 2061 229 72 suprême
947 2061 125 72 de
1009 2061 125 72 la
1072 2061 291 72 république
1300 2061 125 72 de
1342 2061 166 72 Colom-

95 2130 182 71 bie.
209 2130 136 71 L.
277 2130 227 71 signée
436 2130 205 71 comme
573 2130 182 71 chef
686 2130 250 71 suprême
868 2130 136 71 de
937 2130 136 71 la
1005 2130 341 71 république,
1255 2130 250 71 capitaine

97 2183 249 58 général
278 2183 158 58 des
369 2183 226 58 armées
528 2183 136 58 de
595 2183 294 58 Vénézuela
822 2183 136 58 et
890 2183 136 58 de
958 2183 136 58 la
1003 2183 498 58 Nouvelle

96 2231 154 55 (en
184 2231 308 55 espagnol),
426 2231 110 55 à
471 2231 154 55 don
559 2231 198 55 Louis
691 2231 198 55 Lopez
823 2231 242 55 Mendez,
999 2231 220 55 chargé
1153 2231 154 55 des
1242 2231 264 55 affaires
1418 2231 88 55 de

99 2276 132 56 la
165 2276 308 56 république
407 2276 132 56 de
473 2276 286 56 Vénézuela
693 2276 110 56 à
737 2276 264 56 Londres.
935 2276 440 56 Quartier-général
1287 2276 220 56 d’Angos-

102 2332 168 64 tura
207 2332 273 64 (province
417 2332 126 64 de
480 2332 252 64 Guyane).
669 2332 126 64 12
732 2332 168 64 juin
836 2332 189 64 1818.
962 2332 105 64 7
1004 2332 147 64 gr.
1088 2332 126 64 p.
1151 2332 231 64 in-fol.
1319 2332 168 64 Tête
1403 2332 105 64 im-

88 2374 339 78 primée,
335 2374 247 78 avec
489 2374 216 78 une
612 2374 432 78 traduction
951 2374 185 78 en
1044 2374 401 78 français.
1352 2374 185 78 20
1414 2374 92 78 »

146 2424 189 66 Belle
272 2424 126 66 et
335 2424 294 66 importante
565 2424 231 66 Iettre,
733 2424 126 66 au
796 2424 189 66 sujet
922 2424 126 66 de
985 2424 168 66 cinq
1090 2424 231 66 navires
1257 2424 231 66 d’armes
1404 2424 105 66 qui

101 2469 184 60 n’ont
223 2469 123 60 pu
285 2469 204 60 encore
428 2469 143 60 lui
509 2469 266 60 parvenir.
714 2469 245 60 Affaires
898 2469 286 60 générales,
1123 2469 266 60 situation
1327 2469 143 60 des
1388 2469 123 60 opé-

96 2527 236 60 rations
267 2527 386 60 militaires....
588 2527 193 60 Ainsi
717 2527 193 60 privé
846 2527 171 60 dans
953 2527 150 60 les
1039 2527 236 60 moments
1210 2527 150 60 les
1296 2527 171 60 plus
1381 2527 129 60 pré-

103 2574 186 48 cieux
227 2574 124 48 et
289 2574 145 48 les
372 2574 165 48 plus
475 2574 248 48 décisifs
661 2574 145 48 des
744 2574 186 48 armes
868 2574 124 48 et
930 2574 145 48 des
1012 2574 269 48 munitions
1219 2574 145 48 que
1281 2574 227 48 portaient

102 2618 141 55 les
182 2618 221 55 navires
343 2618 262 55 attendus,
544 2618 121 55 il
605 2618 141 55 n’a
685 2618 141 55 pas
766 2618 121 55 la
826 2618 322 55 satisfaction
1088 2618 121 55 de
1148 2618 181 55 dater
1248 2618 262 55 aujourd’hui

100 2665 137 54 sa
169 2665 250 54 dépêche
351 2665 137 54 de
419 2665 273 54 Caracas,
624 2665 137 54 et
692 2665 137 54 de
760 2665 159 54 lui
851 2665 273 54 annoncer
1056 2665 205 54 qu’il
1192 2665 137 54 ne
1261 2665 205 54 reste
1374 2665 137 54 plus

103 2714 306 78 d’Espagnols
347 2714 143 78 sur
429 2714 122 78 le
490 2714 285 78 territoire
714 2714 122 78 de
775 2714 122 78 la
836 2714 367 78 république....
1141 2714 224 78 Morillo
1304 2714 143 78 est
1365 2714 143 78 mort,
