1596 2947
131 164 137 87 Au
200 164 205 87 sujet
336 164 137 87 de
404 164 137 87 la
473 164 296 87 désertion
700 164 205 87 d’une
837 164 228 87 grande
996 164 228 87 partie
1156 164 159 87 des
1247 164 228 87 marins
1383 164 114 87 par

85 230 177 70 tous
195 230 155 70 les
284 230 221 70 moyens
438 230 309 70 possibles,
681 230 177 70 sous
791 230 265 70 prêtexte
990 230 132 70 de
1056 230 287 70 curiosité
1277 230 177 70 pour
1366 230 132 70 voir

85 291 125 63 la
148 291 188 63 fête.
273 291 230 63 Mesures
441 291 209 63 prises
587 291 125 63 et
650 291 105 63 à
692 291 230 63 prendre
859 291 167 63 dans
963 291 188 63 cette
1068 291 230 63 occasion.

40 324 177 83 2202.
158 324 335 83 Buffon
434 324 138 83 (le
513 324 177 83 comte
631 324 157 83 de),
729 324 217 83 célèbre
887 324 315 83 naturaliste.
1143 324 118 83 L.
1202 324 177 83 sig.,
1320 324 98 83 à
1359 324 118 83 M.
1399 324 98 83 Hé-

81 388 232 59 bert,
236 388 129 59 à
287 388 257 59 Dijon.
467 388 257 59 Paris,
647 388 129 59 4
699 388 309 59 décembre
930 388 232 59 1777.
1084 388 129 59 2
1136 388 154 59 p.
1213 388 232 59 in-4.
1367 388 129 59 7
1393 388 103 59 50

130 442 264 57 Affaires
328 442 286 57 diverses.
548 442 132 57 Il
614 442 110 57 a
658 442 220 57 envoyé
812 442 110 57 à
856 442 132 57 M.
922 442 264 57 Guesneau
1120 442 132 57 de
1164 442 330 57 Montbelliard,

87 492 137 50 ses
166 492 176 50 notes
283 492 157 50 «sur
381 492 118 50 un
440 492 235 50 prétendu
616 492 294 50 becfigue
851 492 313 50 d’hiver
1106 492 118 50 et
1165 492 137 50 qui
1243 492 176 50 s’est
1341 492 157 50 trouvé

86 542 199 53 «être
218 542 199 53 selon
351 542 287 53 vous-même
572 542 331 53 l’allouette
837 542 199 53 pipi.
969 542 132 53 Je
1035 542 287 53 travaille
1234 542 265 53 maintenant

86 586 147 57 «de
170 586 189 57 suite
296 586 147 57 aux
381 586 253 57 oiseaux,
570 586 126 57 et
633 586 168 57 vous
738 586 168 57 vous
844 586 274 57 trouverez
1054 586 168 57 cité
1159 586 168 57 plus
1265 586 189 57 d’une
1370 586 126 57 fois

82 634 211 56 «dans
222 634 187 56 leur
316 634 351 56 histoire....»

40 684 177 62 2203.
158 684 334 62 Buffon
434 684 138 62 (le
512 684 256 62 chevalier
709 684 157 62 de),
808 684 157 62 fils
906 684 118 62 du
965 684 315 62 naturaliste.
1221 684 138 62 Mis
1299 684 98 62 à
1339 684 157 62 mort
1417 684 79 62 le

82 732 132 84 20
148 732 243 84 juillet
325 732 199 84 1794.
457 732 132 84 L.
524 732 199 84 sig.,
656 732 110 84 à
700 732 199 84 M....
833 732 243 84 Bayeux,
1009 732 132 84 20
1075 732 243 84 octobre
1252 732 199 84 1789.
1385 732 110 84 1
1407 732 88 84 p.

57 777 417 61 in-8.
335 777 556 61 Affaires
752 777 696 61 militaires.
1309 777 232 61 2
1355 777 139 61 »

39 823 172 69 2204.
154 823 364 69 Cabréra,
460 823 172 69 comte
575 823 115 69 de
632 823 364 69 Morella
938 823 210 69 célèbre
1091 823 210 69 général
1244 823 249 69 espagnol.
1416 823 77 69 L.

84 883 157 53 aut.
182 883 176 53 sig.,
300 883 98 53 à
339 883 118 53 M.
398 883 196 53 Barry,
535 883 98 53 à
574 883 216 53 Hyères.
731 883 176 53 Lyon,
848 883 118 53 17
907 883 157 53 août
1005 883 176 53 1841.
1123 883 98 53 1
1162 883 118 53 p.
1221 883 137 53 pl.
1299 883 176 53 in-8.
1417 883 98 53 6
1436 883 59 53 »

36 932 199 62 2205.
168 932 442 62 Camuccini
544 932 221 62 (Baron
698 932 177 62 V.),
809 932 243 62 célèbre
985 932 243 62 peintre
1162 932 331 62 d’histoire.
1405 932 88 62 L.

84 983 171 88 sig.
191 983 150 88 (en
276 983 257 88 italien,
469 983 107 88 à
512 983 214 88 l’abbé
662 983 300 88 Missirini,
898 983 107 88 à
941 983 279 88 Florence.
1155 983 193 88 Rome,
1284 983 129 88 24
1327 983 171 88 décem-

73 1035 212 62 bre
194 1035 272 62 1829.
375 1035 151 62 3
436 1035 212 62 gr.
557 1035 181 62 p.
647 1035 212 62 pl.
768 1035 272 62 in-4.
950 1035 514 62 Intéressante.
1373 1035 151 62 3
1403 1035 91 62 »

37 1074 179 72 2206.
156 1074 338 72 Canova
435 1074 278 72 (Antoine),
653 1074 219 72 célèbre
812 1074 278 72 statuaire.
1031 1074 159 72 Cent
1130 1074 179 72 douze
1250 1074 199 72 lettre
1369 1074 119 72 aut.

82 1132 179 61 sig.
194 1132 157 61 (en
283 1132 291 61 italien),
507 1132 291 61 adressées
731 1132 112 61 à
776 1132 314 61 Quatremère
1023 1132 134 61 de
1090 1132 246 61 Quincy,
1269 1132 224 61 membre
1403 1132 90 61 de

81 1187 309 65 l’Institut
324 1187 132 65 de
390 1187 243 65 France,
566 1187 177 65 1802
677 1187 110 65 à
721 1187 199 65 1822,
853 1187 221 65 datées
1008 1187 132 65 de
1074 1187 199 65 Rome,
1206 1187 243 65 Vienne,
1361 1187 132 65 Flo-

81 1227 221 66 rence,
236 1227 221 66 Naples
390 1227 133 66 et
457 1227 265 66 Londres;
656 1227 199 66 elles
788 1227 133 66 se
855 1227 332 66 subdivisent
1120 1227 221 66 ainsi:
1275 1227 199 66 1802,
1385 1227 111 66 six

84 1279 184 64 lett.
206 1279 102 64 —
247 1279 163 64 1803
349 1279 184 64 douze
472 1279 184 64 lett.
594 1279 102 64 —
635 1279 184 64 1804,
758 1279 143 64 six
839 1279 184 64 lett.
962 1279 102 64 —
1003 1279 184 64 1805,
1125 1279 143 64 six
1207 1279 184 64 lett.
1330 1279 102 64 —
1350 1279 143 64 1806,

84 1319 141 59 six
164 1319 181 59 lett.
285 1319 101 59 —
326 1319 181 59 1807,
446 1319 181 59 trois
567 1319 181 59 lett.
688 1319 101 59 —
728 1319 181 59 1808,
849 1319 161 59 deux
950 1319 181 59 lett.
1071 1319 101 59 —
1111 1319 181 59 1809,
1232 1319 161 59 cinq
1333 1319 181 59 lett.
1434 1319 60 59 —

81 1380 187 55 1810,
206 1380 166 55 sept
310 1380 187 55 lett.
434 1380 104 55 —
476 1380 187 55 1811,
600 1380 166 55 neuf
704 1380 187 55 lett.
829 1380 104 55 —
870 1380 187 55 1812,
995 1380 187 55 trois
1119 1380 187 55 lett.
1244 1380 104 55 —
1285 1380 187 55 1813,
1389 1380 104 55 six

85 1421 181 62 lett.
205 1421 100 62 —
246 1421 181 62 1814,
366 1421 181 62 trois
486 1421 181 62 lett.
607 1421 100 62 —
647 1421 181 62 1815,
767 1421 141 62 une
848 1421 181 62 lett.
968 1421 100 62 —
1008 1421 181 62 1816,
1129 1421 141 62 six
1209 1421 181 62 lett.
1329 1421 100 62 —
1349 1421 141 62 1817,

85 1462 183 69 trois
207 1462 183 69 lett.
329 1462 102 69 —
370 1462 183 69 1818,
492 1462 163 69 cinq
594 1462 183 69 lett.
716 1462 102 69 —
757 1462 183 69 1819,
879 1462 163 69 neuf
981 1462 183 69 lett.
1103 1462 102 69 —
1144 1462 183 69 1820,
1266 1462 163 69 cinq
1347 1462 143 69 lett.

80 1519 110 59 —
124 1519 198 59 1821,
256 1519 220 59 quatre
410 1519 198 59 lett.
543 1519 132 59 et
609 1519 198 59 1822,
741 1519 176 59 cinq
851 1519 198 59 lett.
983 1519 286 59 Ensemble,
1204 1519 154 59 196
1292 1519 132 59 p.
1336 1519 154 59 in

82 1562 168 52 d’un
187 1562 210 52 papier
334 1562 231 52 presque
502 1562 273 52 uniforme,
712 1562 126 52 et
775 1562 231 52 pouvant
944 1562 210 52 former
1091 1562 105 52 1
1133 1562 168 52 vol.
1238 1562 189 52 in-4.
1364 1562 147 52 600
1427 1562 63 52 »

128 1609 201 57 Cette
262 1609 402 57 correspondance
596 1609 156 57 qui
686 1609 223 57 paraît
842 1609 268 57 complète
1043 1609 201 57 offre
1177 1609 134 57 un
1221 1609 268 57 très

80 1664 254 70 intérêt
265 1664 185 70 pour
380 1664 324 70 l’histoire
635 1664 162 70 des
727 1664 324 70 beaux-arts
981 1664 139 70 au
1051 1664 370 70 commencement
1351 1664 139 70 de
1398 1664 92 70 ce

82 1715 217 60 siècle.
240 1715 119 60 Il
300 1715 198 60 serait
438 1715 158 60 bien
537 1715 296 60 regrettable
774 1715 217 60 qu’elle
932 1715 138 60 fût
991 1715 237 60 dispersée.

36 1775 170 59 2207.
150 1775 322 59 Carnot
414 1775 246 59 (Lazare),
604 1775 341 59 conventionnel,
888 1775 246 59 ministre,
1077 1775 151 59 etc.
1152 1775 341 59 Rencontre

83 1819 176 53 de
201 1819 313 53 mademoiselle
456 1819 235 53 Raucourt
632 1819 118 53 et
691 1819 118 53 de
750 1819 313 53 mademoiselle
1004 1819 235 53 Chameroi
1181 1819 137 53 aux
1239 1819 255 53 Champs

81 1867 372 53 Elysées
395 1867 235 53 Dialogue
571 1867 216 53 adressé
728 1867 98 53 à
767 1867 118 53 M.
826 1867 235 53 Deleuze,
1002 1867 235 53 ceuseur.
1179 1867 98 53 4
1218 1867 137 53 gr.
1296 1867 118 53 p.
1355 1867 137 53 pl.
1414 1867 78 53 et

82 1916 211 55 quart
222 1916 211 55 aut.,
363 1916 211 55 in-4,
504 1916 188 55 avec
621 1916 164 55 des
715 1916 258 55 ratures
903 1916 141 55 et
973 1916 164 55 des
1067 1916 399 55 suppressions.
1395 1916 117 55 9
1419 1916 70 55 »

35 1956 192 73 2208.
163 1956 427 73 Chantreau
526 1956 449 73 (Pierre-Nicolas),
910 1956 299 73 historien,
1145 1956 342 73 grammairien.
1402 1956 85 73 L.

84 2018 165 49 aut.
188 2018 186 49 sig.,
311 2018 124 49 au
373 2018 227 49 citoyen
538 2018 268 49 Ginguené.
744 2018 186 49 Auch,
868 2018 124 49 14
930 2018 248 49 brumaire
1116 2018 124 49 an
1178 2018 144 49 IX.
1260 2018 103 49 2
1301 2018 124 49 p.
1343 2018 144 49 in

8 2065 1110 58 Cachet.3
934 2065 463 58 5
1119 2065 463 58 3
1211 2065 278 58 »

38 2108 174 69 2209.
154 2108 271 69 Charles
367 2108 252 69 VII,
560 2108 135 69 roi
638 2108 116 69 de
696 2108 213 69 France.
850 2108 116 69 L.
908 2108 174 69 sig.,
1025 2108 155 69 pour
1121 2108 174 69 qu’il
1237 2108 155 69 soit
1315 2108 174 69 délivré

81 2173 216 66 quinze
233 2173 195 66 cents
363 2173 173 66 écus
471 2173 130 66 au
536 2173 173 66 sire
644 2173 130 66 de
709 2173 260 66 Harcourt
903 2173 151 66 son
990 2173 303 66 conseiller
1228 2173 130 66 et
1271 2173 216 66 chambel-

81 2210 163 62 lan,
183 2210 184 62 qu’il
305 2210 204 62 envoie
448 2210 122 62 en
509 2210 265 62 ambassade
713 2210 163 62 vers
815 2210 122 62 le
876 2210 143 62 roi
958 2210 122 62 de
1019 2210 224 62 Sicile,
1182 2210 122 62 et
1223 2210 265 62 beau

78 2263 136 53 le
146 2263 159 53 roi
237 2263 296 53 d’Aragon,
465 2263 205 53 comme
601 2263 205 53 aussi
738 2263 409 53 principalement
1079 2263 318 53 par-devant
1329 2263 136 53 le
1374 2263 114 53 duc

80 2305 334 57 d’Autriche,
347 2305 200 57 etc.,
480 2305 178 57 etc.
592 2305 111 57 8
636 2305 312 57 février...
881 2305 200 57 Belle
1015 2305 200 57 pièce
1148 2305 156 57 sur
1215 2305 267 57 parchemin.

37 2363 594 51 Trace
433 2363 396 51 de
631 2363 725 51 cachet.
1158 2363 396 51 30
1290 2363 198 51 »

36 2399 166 75 2210.
146 2399 258 75 Charles
348 2399 258 75 VIII,
551 2399 129 75 roi
624 2399 110 75 de
680 2399 202 75 France.
827 2399 110 75 L.
882 2399 166 75 sig.,
992 2399 110 75 et
1047 2399 294 75 contresignée
1268 2399 221 75 Du

81 2454 300 70 bois
325 2454 94 70 à
363 2454 131 70 nos
438 2454 263 70 très-chers
644 2454 113 70 et
701 2454 150 70 bien
795 2454 169 70 amez,
907 2454 131 70 les
982 2454 282 70 conseillers
1207 2454 263 70 bourgeois,
1395 2454 94 70 ma-

80 2506 207 53 nants,
225 2506 124 53 et
287 2506 269 53 habitants
494 2506 124 53 de
556 2506 186 53 notre
681 2506 186 53 ville
805 2506 124 53 de
867 2506 186 53 Lyon.
991 2506 124 53 24
1053 2506 228 53 juin...
1219 2506 104 53 1
1260 2506 145 53 gr.
1343 2506 124 53 p.
1384 2506 104 53 pl.

75 2558 249 56 in-4.
241 2558 276 56 Cachet
435 2558 193 56 (un
545 2558 193 56 peu
656 2558 332 56 fatiguée
905 2558 221 56 dans
1043 2558 193 56 les
1153 2558 276 56 plis).
1347 2558 166 56 15
1402 2558 83 56 »

125 2609 217 61 Lettre
277 2609 347 61 intéressante
559 2609 130 61 au
624 2609 195 61 sujet
754 2609 152 61 des
840 2609 260 61 troubles
1035 2609 217 61 amenés
1187 2609 173 61 dans
1273 2609 217 61 l’église

79 2654 132 56 de
145 2654 176 56 Lyon
255 2654 154 56 par
343 2654 154 56 les
431 2654 352 56 frauduleuses
717 2654 308 56 subtilités
960 2654 154 56 des
1048 2654 176 56 gens
1158 2654 132 56 du
1224 2654 264 56 cardinal
1400 2654 88 56 de

85 2703 180 85 Lyon,
205 2703 240 85 troubles
385 2703 180 85 qu'il
506 2703 160 85 faut
606 2703 200 85 qu’ils
746 2703 220 85 fassent
906 2703 200 85 cesser
1047 2703 120 85 au
1107 2703 160 85 plus
1187 2703 120 85 tôt.

33 2737 190 87 2211.
160 2737 295 87 Charles
392 2737 232 87 IX
560 2737 148 87 roi
645 2737 127 87 de
708 2737 232 87 France.
877 2737 127 87 L.
940 2737 190 87 sig.,
1067 2737 106 87 à
1109 2737 148 87 nos
1194 2737 190 87 chers
1320 2737 127 87 et
1362 2737 127 87 bien
