1604 2862
98 131 175 87 amez
208 131 153 87 les
295 131 329 87 conseillers
558 131 132 87 de
624 131 197 87 notre
756 131 197 87 ville
887 131 132 87 de
953 131 197 87 Lyon.
1085 131 219 87 Paris,
1238 131 110 87 9
1282 131 153 87 mai
1348 131 153 87 1568.

46 183 363 65 1
192 183 436 65 gr
410 183 436 65 p.
628 183 800 65 in-fol.
1209 183 363 65 9
1282 183 218 65 »

146 225 126 79 Au
209 225 189 79 sujet
335 225 126 79 de
397 225 251 79 l’église
586 225 126 79 de
649 225 293 79 Saint-Jean
879 225 126 79 de
942 225 126 79 la
1005 225 189 79 ville
1130 225 126 79 de
1172 225 147 79 Lyon.

52 258 170 109 2212.
165 258 359 109 Choudieu
467 258 245 109 (Pierre),
656 258 189 109 député
788 258 113 109 de
845 258 472 109 Maine-et-Loire
1260 258 94 109 à
1297 258 113 109 la
1335 258 170 109 Conven

98 320 125 74 ti
161 320 334 74 onnationale.
432 320 125 74 L.
495 320 167 74 aut.
600 320 188 74 sig.,
725 320 104 74 à
767 320 167 74 M...
871 320 209 74 Paris,
1017 320 125 74 14
1080 320 167 74 mars
1185 320 188 74 1792.
1310 320 104 74 1
1352 320 125 74 p.
1394 320 104 74 pl.

-35 377 1386 66 in-4.
889 377 770 66 5
1043 377 462 66 »

56 419 189 76 2213.
182 419 420 76 Cicognara
539 419 147 76 (le
623 419 189 76 comte
749 419 462 76 François-Léopold),
1148 419 252 76 artiste,
1316 419 189 76 savant.

104 467 127 77 L.
167 467 169 77 aut.
273 467 169 77 sig.
379 467 148 77 (en
463 467 275 77 italien),
675 467 106 77 à
717 467 275 77 Ginguené.
929 467 212 77 Paris,
1077 467 127 77 31
1140 467 169 77 août
1246 467 190 77 1813.
1373 467 106 77 2
1394 467 106 77 gr.

73 521 319 76 p.
232 521 478 76 in-4.
551 521 478 76 Belle
870 521 584 76 lettre.
1295 521 266 76 5
1348 521 159 76 »

58 560 184 87 2214.
180 560 368 87 Conrart
487 560 307 87 (Valentin),
733 560 205 87 membre
876 560 123 87 de
937 560 286 87 l’Académie
1162 560 286 87 française.
1367 560 143 87 Quit-

94 611 327 71 tance
312 611 291 71 sig.
493 611 291 71 (sur
675 611 545 71 parchemin).
1111 611 327 71 1642.
1328 611 182 71 2
1365 611 145 71 50

58 668 198 77 2215.
190 668 198 77 Du
322 668 396 77 Chastellet
652 668 462 77 (Gabrielle-Emilie
1049 668 132 77 Le
1115 668 286 77 Tonnelier
1335 668 132 77 de
1379 668 132 77 Bres

115 721 179 58 teuil,
240 721 251 58 marquise).
437 721 107 58 1°
491 721 107 58 L.
545 721 143 58 aut.
634 721 143 58 sig.
724 721 268 58 Breteuil
938 721 107 58 du
992 721 358 58 Chastellet,
1296 721 89 58 à
1332 721 107 58 M.
1386 721 107 58 de
1422 721 89 58 Ci-

110 759 251 68 deville.
299 759 293 68 Bruxelles,
529 759 126 68 11
592 759 168 68 août
696 759 188 68 1740.
822 759 105 68 2
864 759 126 68 p.
927 759 126 68 un
990 759 188 68 quart
1115 759 188 68 in-4.
1241 759 230 68 Cachet.
1387 759 126 68 Por-

111 804 183 64 trait
233 804 204 64 gravé,
375 804 183 64 in-4.
497 804 102 64 —
538 804 122 64 2°
599 804 122 64 L.
660 804 183 64 aut.,
782 804 102 64 à
823 804 163 64 M...
925 804 122 64 16
986 804 224 64 janvier
1149 804 183 64 1738.
1271 804 102 64 7
1311 804 122 64 p.
1373 804 142 64 pl.
1434 804 81 64 et

87 852 414 76 demie
363 852 414 76 in-4.
639 852 414 76 Belle
914 852 506 76 lettre.
1282 852 276 76 30
1374 852 138 76 »

158 891 184 76 «...
273 891 138 76 Si
342 891 184 76 vous
457 891 253 76 écrivez
641 891 115 76 à
687 891 207 76 votre
825 891 161 76 ami
917 891 345 76 (Voltaire),
1193 891 207 76 comme
1331 891 138 76 je
1377 891 138 76 n’en

113 944 212 76 «doute
261 944 170 76 pas,
368 944 127 76 je
431 944 170 76 vous
538 944 170 76 prie
644 944 127 76 de
708 944 149 76 lui
793 944 191 76 faire
920 944 170 76 voir
1026 944 170 76 tout
1133 944 127 76 en
1196 944 191 76 beau,
1324 944 127 76 et
1388 944 127 76 de
1430 944 85 76 ne

111 993 181 84 «lui
225 993 204 84 point
361 993 227 84 mander
519 993 159 84 les
610 993 227 84 propos
768 993 136 84 du
836 993 227 84 public
995 993 159 84 qui
1086 993 317 84 pourraient
1335 993 159 84 lui
1403 993 113 84 dé-

117 1054 254 75 «plaire,
307 1054 169 75 cela
413 1054 169 75 fait
519 1054 148 75 des
603 1054 212 75 effets
751 1054 254 75 violents
942 1054 148 75 sur
1026 1054 127 75 sa
1090 1054 212 75 santé,
1238 1054 127 75 et
1301 1054 169 75 cela
1386 1054 127 75 peut

113 1108 210 54 «même
252 1108 256 54 souvent
439 1108 256 54 inffuer
625 1108 163 54 sur
718 1108 140 54 sa
765 1108 326 54 conduite...»

69 1114 163 96 2216.
177 1114 343 96 Bulaure,
467 1114 325 96 conventionnel,
738 1114 181 96 auteur
864 1114 108 96 de
918 1114 307 96 l'Histoire
1172 1114 108 96 de
1226 1114 253 96 Paris
1407 1114 108 96 etc.

111 1195 159 73 L.
191 1195 212 73 aut.
324 1195 212 73 sig.
456 1195 265 73 Paris,
642 1195 159 73 27
722 1195 292 73 octobre
934 1195 239 73 1826.
1093 1195 133 73 1
1146 1195 159 73 p.
1226 1195 239 73 in-4.
1385 1195 133 73 2
1412 1195 106 73 50

70 1237 195 74 2217.
200 1237 432 74 Dumanoir,
568 1237 216 74 amiral
719 1237 130 74 de
784 1237 238 74 France.
957 1237 130 74 L.
1022 1237 173 74 aut.
1130 1237 195 74 sig.,
1260 1237 108 74 à
1281 1237 238 74 l’amiral,

120 1291 200 62 comte
253 1291 311 62 Missiessy,
497 1291 111 62 à
542 1291 244 62 Toulon.
719 1291 222 62 Paris,
875 1291 133 62 14
942 1291 178 62 août
1053 1291 200 62 1815.
1186 1291 111 62 1
1230 1291 133 62 p.
1297 1291 200 62 in-4.
1430 1291 111 62 2
1452 1291 67 62 »

71 1343 186 84 2218.
196 1343 393 84 Durancel
527 1343 269 84 (Alfred),
734 1343 269 84 voyageur.
941 1343 124 84 L.
1003 1343 166 84 aut.
1107 1343 166 84 sig.
1210 1343 249 84 Calcuta,
1397 1343 104 84 6
1417 1343 104 84 dé-

114 1390 313 88 cembre
333 1390 281 88 1821.
520 1390 156 88 3
583 1390 219 88 gr.
708 1390 188 88 p.
802 1390 219 88 pl.
927 1390 281 88 in-4.
1114 1390 344 88 Cachet.
1365 1390 156 88 3
1396 1390 125 88 50

166 1453 237 61 Détails
339 1453 344 61 intéressants
618 1453 151 61 sur
704 1453 151 61 ses
790 1453 237 61 voyages
963 1453 172 61 dans
1070 1453 280 61 plusieurs
1285 1453 237 61 parties
1436 1453 86 61 de

122 1477 226 88 l’Inde,
267 1477 124 88 etc.

75 1510 186 94 2219.
199 1510 393 94 Emanuel
531 1510 145 94 duc
613 1510 124 94 de
675 1510 228 94 Savoie.
841 1510 186 94 Ordre
965 1510 166 94 sig.
1069 1510 145 94 (en
1151 1510 269 94 italien),
1358 1510 166 94 pour
1441 1510 83 94 la

120 1605 309 58 compagnie
358 1605 143 58 de
430 1605 286 58 Maroles.
644 1605 238 58 Turin,
810 1605 143 58 12
882 1605 167 58 mai
977 1605 214 58 1664.
1120 1605 119 58 1
1167 1605 143 58 p.
1238 1605 262 58 in-fol.
1405 1605 119 58 Ca-

-8 1629 1379 73 chet.
911 1629 766 73 5
1064 1629 460 73 »

75 1688 186 61 2220.
199 1688 433 61 Eprémesnil
571 1688 206 61 (Duval
715 1688 165 61 d’),
818 1688 289 61 conseiller
1045 1688 124 61 au
1107 1688 268 61 parlement
1314 1688 124 61 de
1355 1688 165 61 Paris.

124 1742 146 61 Mis
208 1742 105 61 à
250 1742 167 61 mort
354 1742 125 61 en
417 1742 188 61 1794.
542 1742 125 61 L.
605 1742 167 61 aut.
710 1742 167 61 sig.
814 1742 125 61 (à
877 1742 125 61 la
940 1742 125 61 3e
1002 1742 293 61 personne),
1232 1742 105 61 à
1274 1742 125 61 M.
1316 1742 209 61 Quétant,

111 1799 354 72 Paris,
358 1799 212 72 22
464 1799 283 72 août
641 1799 318 72 1784.
854 1799 177 72 1
924 1799 212 72 p.
1031 1799 248 72 pl.
1172 1799 318 72 in-4.
1384 1799 177 72 4
1420 1799 106 72 »

174 1838 193 66 Paris
302 1838 150 66 est
388 1838 129 66 un
453 1838 215 66 séjour
603 1838 365 66 insupportable
904 1838 107 66 à
947 1838 172 66 bien
1054 1838 150 66 des
1140 1838 236 66 égards.
1312 1838 172 66 Mais
1420 1838 129 66 on
1463 1838 64 66 y

130 1889 205 76 trouve
274 1889 205 76 encore
418 1889 164 76 dans
521 1889 246 76 quelques
706 1889 185 76 coins
829 1889 123 76 la
890 1889 246 76 liberté,
1075 1889 123 76 la
1137 1889 226 76 vérité,
1301 1889 123 76 la
1342 1889 185 76 justice

67 1925 487 68 et
310 1925 1056 68 l’amitié.
1123 1925 406 68 4
1204 1925 325 68 50

80 1985 179 64 2221.
199 1985 357 64 Estrées
497 1985 238 64 (Antoine
675 1985 159 64 d’),
774 1985 179 64 grand
893 1985 198 64 maître
1032 1985 119 64 de
1092 1985 337 64 l’artillerie,
1350 1985 179 64 gouver-

130 2029 169 60 neur
236 2029 127 60 de
299 2029 423 60 l’Ile-de-France.
659 2029 169 60 Père
764 2029 127 60 de
828 2029 127 60 la
891 2029 233 60 célèbre
1061 2029 296 60 Gabrielle.
1293 2029 190 60 Pièce
1399 2029 127 60 sig.

129 2074 200 71 (acte
262 2074 289 71 notarié),
485 2074 133 71 en
551 2074 178 71 date
663 2074 133 71 du
729 2074 111 71 3
774 2074 289 71 septembre
996 2074 200 71 1597.
1130 2074 111 71 1
1174 2074 133 71 p.
1241 2074 245 71 in-fol.
1419 2074 111 71 3
1441 2074 89 71 50

82 2132 184 66 2222.
204 2132 367 66 Estrées
510 2132 204 66 (Diane
653 2132 245 66 Mancini,
836 2132 245 66 duchesse
1020 2132 163 66 d’).
1122 2132 184 66 Pièce
1244 2132 204 66 signée
1367 2132 163 66 quatre

131 2184 162 70 fois
232 2184 162 70 pour
333 2184 243 70 dépenses
516 2184 122 70 de
577 2184 223 70 bouche,
739 2184 284 70 locations,
962 2184 162 70 etc.
1063 2184 182 70 1735,
1185 2184 101 70 3
1225 2184 122 70 p.
1286 2184 223 70 in-fol.
1448 2184 101 70 3
1468 2184 61 70 »

83 2234 181 62 2223.
204 2234 262 62 Féline
405 2234 282 62 Sandé,
627 2234 222 62 célèbre
788 2234 363 62 jurisconsulte.
1090 2234 121 62 L.
1150 2234 161 62 aut.
1251 2234 161 62 sig.
1352 2234 141 62 (en
1412 2234 121 62 ita-

130 2281 221 59 lien),
285 2281 111 59 à
329 2281 244 59 Nicolas
506 2281 332 59 Michelozzi,
772 2281 310 59 secrétaire
1016 2281 133 59 de
1082 2281 244 59 Laurent
1259 2281 133 59 de
1304 2281 221 59 Médicis.

130 2337 128 58 15
194 2337 255 58 décembre
385 2337 191 58 1477.
512 2337 106 58 1
555 2337 149 58 gr.
640 2337 128 58 p.
704 2337 149 58 pl.
789 2337 234 58 in-fol.
959 2337 234 58 Cachet.
1129 2337 191 58 Belle
1257 2337 234 58 lettre.
1427 2337 128 58 15
1469 2337 64 58 »

82 2374 192 71 2224.
210 2374 406 71 Fénelon,
552 2374 299 71 Archevêque
787 2374 128 71 de
851 2374 256 71 Cambrai.
1043 2374 342 71 Appréciation
1321 2374 128 71 du
1364 2374 171 71 carac

132 2429 186 59 tère,
256 2429 124 59 du
318 2429 227 59 talent,
484 2429 124 59 de
545 2429 124 59 la
607 2429 269 59 conduite,
814 2429 186 59 etc.,
938 2429 145 59 des
1021 2429 186 59 abbés
1145 2429 124 59 de
1206 2429 124 59 La
1268 2429 207 59 Chaise
1392 2429 145 59 Beau-

130 2473 267 73 poirier,
330 2473 134 73 de
397 2473 267 73 Brancas,
598 2473 223 73 Fagon,
754 2473 134 73 de
821 2473 267 73 Nogaret,
1021 2473 134 73 de
1088 2473 267 73 Monréal,
1289 2473 134 73 de
1333 2473 201 73 Fourcy,

130 2526 276 83 Fouquet,
337 2526 138 83 de
406 2526 138 83 La
475 2526 253 83 Loubère
659 2526 138 83 et
728 2526 138 83 de
797 2526 391 83 Montgaillard.
1118 2526 115 83 4
1164 2526 161 83 gr.
1256 2526 138 83 p.
1325 2526 161 83 pl.
1394 2526 138 83 aut.

16 2572 1242 62 in-4.
844 2572 828 62 35
1120 2572 414 62 »

86 2619 192 76 2225.
214 2619 341 76 Ferdinand
491 2619 256 76 Ier,
683 2619 256 76 empereur
875 2619 341 76 d’Allemagne,
1153 2619 192 76 frère
1281 2619 128 76 de
1324 2619 213 76 Charles

137 2666 203 69 Quint.
279 2666 203 69 Minute
421 2666 162 69 aut.
522 2666 162 69 sig.
623 2666 142 69 (en
705 2666 203 69 latin,
847 2666 101 69 à
887 2666 122 69 la
948 2666 122 69 3e
1009 2666 284 69 personne).
1232 2666 183 69 1564.
1353 2666 101 69 1
1394 2666 142 69 gr.
1455 2666 81 69 p.

78 2721 727 87 in-4.
563 2721 727 87 Rare.
1047 2721 485 87 10
1209 2721 323 87 ».
