1662 2903
710 29 153 88 167

80 117 190 83 2226.
207 117 338 83 Ferdinand
481 117 253 83 II,
671 117 253 83 empereur
861 117 317 83 d’Allemagne
1115 117 232 83 (guerre
1284 117 127 83 de
1347 117 127 83 30
1389 117 148 83 ans).

126 183 137 61 L.
195 183 182 61 sig.
309 183 160 61 (en
400 183 251 61 latin).
582 183 137 61 17
651 183 182 61 août
765 183 205 61 1609.
902 183 114 61 2
947 183 160 61 gr.
1038 183 137 61 p.
1107 183 251 61 in-fol.
1289 183 228 61 Sceau.
1449 183 114 61 6
1472 183 68 61 »

82 228 188 76 2227.
207 228 333 76 Ferdinand
478 228 271 76 HHI,
687 228 250 76 empereur
874 228 313 76 d’Allemagne
1124 228 229 76 (guerre
1291 228 125 76 de
1353 228 125 76 30
1395 228 146 76 ans).

111 283 238 55 L.
230 283 317 55 sig.
429 283 198 55 2
508 283 278 55 gr.
667 283 238 55 p.
786 283 437 55 in-fol.
1103 283 397 55 Sceau.
1381 283 198 55 6
1421 283 119 55 »

80 323 180 80 2228.
200 323 380 80 Florian,
520 323 320 80 littérateur,
780 323 280 80 fabuliste,
1001 323 200 80 membre
1141 323 120 80 de
1201 323 280 80 l’Académie
1401 323 140 80 fran-

130 379 188 63 çaise.
262 379 282 63 Discours
487 379 150 63 pour
581 379 282 63 l’ouverture
806 379 131 63 des
882 379 188 63 écoles
1013 379 244 63 primaires
1201 379 113 63 de
1257 379 113 63 la
1295 379 244 63 section

129 428 167 59 de
241 428 111 59 la
296 428 167 59 Halle
407 428 111 59 au
463 428 222 59 blé
630 428 185 59 Minute
760 428 148 59 aut.
852 428 93 59 1
889 428 130 59 gr.
963 428 111 59 p.
1019 428 93 59 à
1056 428 241 59 mi-marge.
1241 428 204 59 in-fol.
1371 428 167 59 (brisée

100 474 297 64 en
249 474 396 64 deux
497 474 347 64 par
695 474 297 64 le
843 474 594 64 milieu).
1289 474 297 64 10
1388 474 149 64 »

79 506 180 75 2229.
199 506 380 75 Florian,
519 506 320 75 littérateur,
779 506 280 75 fabuliste,
999 506 200 75 membre
1139 506 120 75 de
1199 506 280 75 l’Académie
1399 506 140 75 fran

131 581 185 60 çaise.
260 581 259 60 Chanson
463 581 296 60 patriotique,
703 581 129 60 sur
777 581 166 60 l’air
888 581 111 60 de
944 581 111 60 la
999 581 333 60 Carmagnole
1276 581 111 60 (8
1313 581 222 60 couplets).

125 626 98 77 —
165 626 157 77 A
262 626 117 77 un
321 626 274 77 Rossignol.
537 626 98 77 —
576 626 98 77 4
615 626 117 77 un
674 626 333 77 Amandier
948 626 157 77 etc.
1046 626 196 77 Minute
1183 626 157 77 aut.
1280 626 98 77 2
1320 626 137 77 gr.
1398 626 117 77 p.
1437 626 98 77 pl.

6 667 1250 60 in-4.
840 667 833 60 10
1117 667 417 60 »

78 708 187 62 2230.
203 708 374 62 Fourier
515 708 395 62 (Jean-Baptiste,
848 708 229 62 baron),
1014 708 229 62 célèbre
1180 708 270 62 géomètre,
1368 708 166 62 membre

125 757 130 57 de
190 757 304 57 l’Académie
429 757 304 57 française.
668 757 217 57 Notice
820 757 239 57 signée,
994 757 174 57 avec
1103 757 152 57 des
1190 757 326 57 corrections
1428 757 109 57 au-

125 808 295 62 tographes
352 808 159 62 sur
443 808 272 62 François
647 808 227 62 Viète,
806 808 295 62 géomètre,
1033 808 136 62 né
1101 808 136 62 en
1169 808 227 62 Poitou
1328 808 136 62 en
1373 808 159 62 1540,

121 858 198 56 mort
245 858 124 56 à
295 858 223 56 Paris
444 858 149 56 en
518 858 223 56 1603.
667 858 124 56 2
716 858 174 56 gr.
816 858 149 56 p.
890 858 174 56 pl.
989 858 149 56 et
1064 858 223 56 demie
1213 858 273 56 in-fol.
1411 858 124 56 8
1436 858 99 56 50

78 890 184 86 2231.
201 890 369 86 Francia
508 890 144 86 (le
590 890 267 86 docteur),
795 890 226 86 célèbre
959 890 267 86 dictateur
1164 890 123 86 du
1226 890 267 86 Paraguay.
1410 890 123 86 Note

129 953 135 61 aut.
214 953 118 61 (en
281 953 237 61 espagnol).
468 953 339 61 Asuncion
755 953 271 61 junio
975 953 102 61 29
1026 953 118 61 dei
1094 953 152 61 1836.
1195 953 85 61 1
1229 953 118 61 gr.
1297 953 102 61 p.
1348 953 118 61 pl.
1416 953 102 61 et
1449 953 85 61 de-

124 1006 154 50 mie
212 1006 198 50 grand
344 1006 242 50 in-fol.
520 1006 176 50 Avec
630 1006 154 50 une
718 1006 308 50 traduction
960 1006 132 50 en
1026 1006 264 50 français
1224 1006 132 50 et
1290 1006 154 50 une
1356 1006 176 50 notice

124 1051 298 51 manuscrite
358 1051 447 51 très-intéressante
741 1051 149 51 sur
826 1051 128 51 le
890 1051 234 51 docteur
1061 1051 256 51 Francia.
1252 1051 106 51 4
1295 1051 149 51 gr.
1380 1051 128 51 p.
1423 1051 106 51 pl.

30 1099 1271 57 in-fol.
954 1099 578 57 7
1069 1099 462 57 50

76 1133 187 66 2232.
201 1133 312 66 François
450 1133 249 66 Her,
637 1133 145 66 roi
720 1133 125 66 de
782 1133 228 66 France.
948 1133 291 66 Nomination
1177 1133 125 66 du
1239 1133 187 66 baron
1364 1133 125 66 de
1405 1133 125 66 Gri

124 1189 187 65 gnan
240 1189 117 65 à
287 1189 140 65 la
357 1189 350 65 lieutenance
637 1189 280 65 générale
847 1189 140 65 du
917 1189 373 65 gouvernement
1221 1189 140 65 de
1267 1189 257 65 Provence.

123 1249 286 79 Bourbon,
338 1249 143 79 le
409 1249 143 79 15
481 1249 191 79 août
600 1249 215 79 1541.
743 1249 238 79 Grande
910 1249 215 79 pièce
1053 1249 238 79 signée
1220 1249 286 79 in-fol.,
1411 1249 119 79 sur

38 1306 1384 43 parchemin
1102 1306 532 43 6
1209 1306 319 43 »

76 1337 184 68 2233.
198 1337 307 68 Frédérie
444 1337 225 68 HI,
607 1337 143 68 roi
689 1337 123 68 de
751 1337 225 68 Prusse.
914 1337 123 68 L.
976 1337 164 68 sig.
1078 1337 143 68 (en
1160 1337 286 68 allemand).
1364 1337 164 68 Reins

110 1386 327 58 berg,
328 1386 182 58 3
400 1386 399 58 octobre
691 1386 327 58 1780.
909 1386 254 58 1/2
1054 1386 218 58 p.
1163 1386 327 58 in-4.
1381 1386 182 58 4
1417 1386 109 58 »

75 1427 199 67 2234.
207 1427 331 67 Frédérie
473 1427 398 67 Guillaume,
804 1427 155 67 roi
892 1427 133 67 de
959 1427 243 67 Prusse.
1135 1427 133 67 L.
1202 1427 177 67 sig.
1312 1427 155 67 (en
1378 1427 155 67 alle-

114 1481 288 58 mand).
316 1481 317 58 Berlin,
547 1481 173 58 18
633 1481 317 58 janvier
864 1481 260 58 1835.
1037 1481 202 58 1/2
1152 1481 173 58 p.
1239 1481 260 58 in-4.
1412 1481 144 58 3
1441 1481 87 58 »

76 1521 182 75 2235.
197 1521 403 75 Gasparin,
540 1521 202 75 ancien
681 1521 242 75 ministre
862 1521 121 75 de
923 1521 383 75 Louis-Philippe.
1246 1521 121 75 L.
1306 1521 161 75 aut.
1387 1521 141 75 sig.,

114 1572 151 58 à
174 1572 241 58 M...
325 1572 301 58 Paris,
535 1572 181 58 15
626 1572 241 58 juin
776 1572 271 58 1823.
957 1572 151 58 5
1017 1572 211 58 gr.
1138 1572 181 58 p.
1228 1572 271 58 in-4.
1409 1572 151 58 3
1439 1572 90 58 »

73 1618 187 79 2236.
198 1618 353 79 Genlis
489 1618 166 79 (Mme
593 1618 125 79 la
655 1618 249 79 comtesse
842 1618 166 79 de).
946 1618 125 79 L.
1008 1618 166 79 aut.
1112 1618 187 79 sig.,
1237 1618 125 79 au
1299 1618 229 79 citoyen
1445 1618 83 79 Le

123 1670 191 94 Brun,
250 1670 212 94 membre
399 1670 127 94 de
462 1670 318 94 l’Institut.
717 1670 212 94 Paris,
865 1670 106 94 4
908 1670 255 94 messidor
1099 1670 127 94 an
1162 1670 149 94 IX,
1247 1670 106 94 2
1290 1670 149 94 gr.
1374 1670 127 94 p.
1417 1670 106 94 pl.

84 1727 519 51 in-4.
430 1727 519 51 Belle
776 1727 634 51 lettre.
1238 1727 346 51 12
1353 1727 173 51 »

171 1764 170 69 Elle
277 1764 212 69 désire
425 1764 233 69 obtenir
595 1764 127 69 de
659 1764 149 69 lui
744 1764 127 69 sa
807 1764 191 69 belle
935 1764 149 69 ode
1020 1764 149 69 sur
1105 1764 127 69 M.
1168 1764 127 69 de
1232 1764 233 69 Buffon,
1380 1764 149 69 cette

121 1813 145 65 ode
204 1813 227 65 qu’elle
369 1813 145 65 fit
452 1813 207 65 mettre
597 1813 124 65 en
659 1813 227 65 musique
824 1813 165 65 pour
928 1813 124 65 la
990 1813 145 65 lui
1072 1813 227 65 chanter
1238 1813 145 65 sur
1320 1813 124 65 la
1362 1813 165 65 harpe.

119 1873 189 54 «Vous
245 1873 168 54 vous
350 1873 273 54 rapelerés
561 1873 126 54 ce
624 1873 189 54 dîner
750 1873 168 54 chés
855 1873 126 54 M.
918 1873 126 54 de
981 1873 231 54 Buffon,
1149 1873 126 54 et
1213 1873 126 54 la
1255 1873 273 54 sensibilité

123 1915 299 55 «touchante
357 1915 149 55 que
443 1915 128 55 ce
506 1915 192 55 grand
634 1915 213 55 homme,
784 1915 128 55 et
848 1915 128 55 ce
912 1915 213 55 bon
1061 1915 277 55 homme
1274 1915 171 55 nous
1359 1915 171 55 montra

120 1958 136 62 «à
188 1958 182 62 tous
302 1958 159 62 les
393 1958 204 62 deux.
529 1958 182 62 J’ai
642 1958 204 62 perdu
778 1958 204 62 cette
914 1958 159 62 ode
1005 1958 182 62 avec
1119 1958 272 62 beauconp
1300 1958 227 62 d’autres

122 2010 290 61 «papiers,
345 2010 134 61 je
411 2010 134 61 ne
478 2010 134 61 me
545 2010 245 61 console
724 2010 156 61 pas
813 2010 245 61 d’avoir
991 2010 201 61 perdu
1125 2010 201 61 aussi
1259 2010 111 61 5
1303 2010 134 61 ou
1370 2010 111 61 6
1392 2010 134 61 vers

123 2049 302 69 «charmants
361 2049 151 69 que
447 2049 173 69 vous
555 2049 194 69 fites
685 2049 173 69 pour
793 2049 151 69 moi
879 2049 108 69 à
922 2049 194 69 cette
1052 2049 281 69 occasion,
1268 2049 151 69 les
1333 2049 194 69 auriés-

123 2104 289 85 «vous...»
345 2104 244 85 Libelle
523 2104 156 85 que
612 2104 200 85 vient
745 2104 133 85 de
812 2104 244 85 publier
990 2104 222 85 contre
1145 2104 178 85 elle
1256 2104 133 85 M.
1301 2104 222 85 Chénier;

120 2160 245 72 comment
298 2160 178 72 elle
409 2160 178 72 veut
520 2160 178 72 s’en
609 2160 245 72 venger...

73 2179 202 78 2237.
207 2179 403 78 Gramont
543 2179 313 78 (Philippe,
789 2179 202 78 comte
923 2179 179 78 de),
1035 2179 493 78 lieutenant-général
1438 2179 90 78 du

121 2242 210 68 Béarn.
268 2242 126 68 L.
331 2242 168 68 aut.
436 2242 189 68 sig.,
562 2242 105 68 à
604 2242 147 68 Son
688 2242 315 68 Eminence...
939 2242 210 68 Paris,
1086 2242 126 68 23
1149 2242 189 68 avril
1275 2242 189 68 1600.
1401 2242 105 68 3
1422 2242 105 68 gr.

107 2307 219 63 p.
216 2307 255 63 pl.
362 2307 401 63 in-fol.
653 2307 510 63 Très-belle
1054 2307 401 63 lettre.
1345 2307 219 63 12
1418 2307 109 63 »

169 2327 192 88 Longs
297 2327 234 88 détails
467 2327 149 88 sur
552 2327 128 88 le
616 2327 213 88 voyage
765 2327 149 88 que
850 2327 128 88 le
914 2327 149 88 roi
999 2327 128 88 et
1063 2327 128 88 la
1127 2327 192 88 reine
1255 2327 128 88 se
1298 2327 234 88 disposent

123 2392 109 55 à
167 2392 196 55 faire
298 2392 109 55 à
341 2392 240 55 Bayonne
516 2392 131 55 en
581 2392 240 55 passant
756 2392 153 55 par
843 2392 174 55 Pau,
930 2392 131 55 etc.

74 2414 193 85 2238.
202 2414 364 85 Grasse
502 2414 150 85 (le
587 2414 193 85 comte
716 2414 171 85 de),
823 2414 235 85 marquis
994 2414 128 85 de
1058 2414 364 85 Grasse-Tilly,
1336 2414 193 85 célèbre

124 2495 234 58 amiral.
294 2495 170 58 Deux
401 2495 213 58 lignes
550 2495 170 58 aut.
656 2495 170 58 sig.
763 2495 128 58 au
827 2495 149 58 bas
912 2495 192 58 d’une
1040 2495 234 58 demande
1210 2495 128 58 de
1274 2495 170 58 cent
1360 2495 170 58 livres

112 2532 194 59 de
209 2532 355 59 poudre.
467 2532 194 59 25
564 2532 355 59 juillet
822 2532 291 59 1775.
1016 2532 161 59 1
1080 2532 194 59 p.
1177 2532 291 59 in-4.
1371 2532 161 59 2
1403 2532 129 59 50

72 2575 219 70 2239.
218 2575 316 70 Guasco
461 2575 268 70 Appiano
655 2575 389 70 d’Aragon
972 2575 341 70 (Jacques),
1239 2575 292 70 seigneur
1434 2575 97 70 de

124 2635 261 55 Piombino.
325 2635 121 55 L.
385 2635 161 55 aut.
486 2635 161 55 sig.
586 2635 141 55 (en
667 2635 261 55 italien),
868 2635 101 55 à
908 2635 221 55 Nicolas
1069 2635 302 55 Michelozzi,
1290 2635 241 55 secrétaire

123 2678 134 61 de
190 2678 246 61 Laurent
369 2678 134 61 de
436 2678 268 61 Médicis.
637 2678 112 61 2
682 2678 246 61 février
860 2678 201 61 1481.
994 2678 112 61 1
1039 2678 134 61 p.
1106 2678 201 61 in-4.
1240 2678 246 61 Cachet.
1419 2678 112 61 7
1442 2678 89 61 50

76 2722 198 74 2240.
208 2722 440 74 Guettard,
582 2722 308 74 botaniste,
825 2722 220 74 membre
979 2722 132 74 de
1045 2722 242 74 l’Acad.
1221 2722 154 74 des
1287 2722 242 74 Sciences.
