1656 2897
667 53 177 86 —
702 53 177 86 168

140 138 130 68 1°
205 138 281 68 Catalogue
421 138 151 68 des
508 138 259 68 fossiles
702 138 151 68 que
789 138 173 68 l’on
897 138 303 68 désirerait
1134 138 194 68 avoir
1264 138 151 68 des
1329 138 216 68 environs

141 201 220 58 d’Aix,
295 201 176 58 pour
404 201 132 58 le
470 201 241 58 cabinet
646 201 307 58 d’histoire
887 201 285 58 naturelle
1107 201 132 58 de
1173 201 132 58 S.
1239 201 132 58 A.
1305 201 154 58 Mgr
1392 201 132 58 le
1436 201 110 58 duc

145 231 307 81 d’Orléans.
386 231 110 81 3
430 231 153 81 gr.
518 231 132 81 p.
583 231 153 81 pl.
671 231 175 81 aut.
781 231 197 81 in-4.
912 231 110 81 —
956 231 132 81 2°
1022 231 132 81 L.
1088 231 175 81 aut.
1197 231 197 81 sig.,
1329 231 110 81 à
1373 231 175 81 M...
1460 231 88 81 12

117 306 429 48 avril
403 306 381 48 1757
641 306 238 48 4
736 306 286 48 p.
879 306 333 48 pl.
1070 306 429 48 in-4.
1356 306 238 48 3
1403 306 143 48 »

188 346 272 60 Relative
392 346 159 60 aux
483 346 317 60 recherches
732 346 113 60 à
778 346 204 60 faire
913 346 159 60 des
1004 346 249 60 pierres
1185 346 317 60 calcaires,
1412 346 136 60 mon-

149 389 230 59 tagnes,
316 389 251 59 sources,
504 389 188 59 etc.,
629 389 146 59 des
713 389 251 59 environs
901 389 209 59 d’Aix.
1026 389 313 59 Intéressante.

98 429 187 94 2241.
223 429 353 94 Guidal
514 429 145 94 (le
597 429 270 94 général),
804 429 228 94 fusillé
970 429 187 94 comme
1095 429 332 94 conspirateur
1365 429 166 94 avec
1448 429 104 94 les

148 494 244 56 généraux
331 494 183 56 Malet
453 494 122 56 et
514 494 244 56 Lahorie.
697 494 122 56 L.
758 494 163 56 aut.
860 494 163 56 sig.
961 494 264 56 EMMANUEL,
1165 494 163 56 à
1266 494 203 56 madame
1388 494 163 56 la

151 541 212 64 veuve
310 541 230 64 Cresp
487 541 124 64 (sa
558 541 177 64 sœur),
682 541 177 64 née
805 541 265 64 Guidal
1018 541 159 64 place
1124 541 177 64 Neuve,
1247 541 88 64 à
1283 541 194 64 Grasse.
1407 541 141 64 Paris,

143 584 222 66 hôtel
291 584 148 66 de
366 584 148 66 la
440 584 247 66 Force,
613 584 148 66 le
687 584 123 66 5
736 584 272 66 juillet
934 584 222 66 1812.
1082 584 123 66 1
1131 584 148 66 p.
1205 584 173 66 pl.
1304 584 222 66 in-4.
1452 584 123 66 6
1477 584 74 66 »

197 628 121 62 Il
257 628 121 62 la
318 628 242 62 félicite
500 628 121 62 de
560 628 121 62 la
621 628 162 62 mise
722 628 121 62 en
783 628 222 62 liberté
944 628 121 62 de
1005 628 141 62 son
1085 628 182 62 fils,
1207 628 182 62 qu’il
1328 628 182 62 avait
1429 628 121 62 com-

147 659 234 85 promis
311 659 258 85 pendant
498 659 164 85 ses
592 659 305 85 relations
826 659 188 85 avec
944 659 281 85 l’amiral
1155 659 234 85 Sidney
1319 659 211 85 Smith
1436 659 117 85 qui

153 720 255 72 croisait
344 720 149 72 sur
429 720 149 72 nos
514 720 255 72 côtes...
705 720 212 72 «Votre
854 720 191 72 frère
981 720 212 72 (lui),
1130 720 170 72 sous
1236 720 127 72 le
1300 720 191 72 poids
1428 720 127 72 de
1470 720 85 72 la

151 783 219 58 «basse
305 783 285 58 calomnie,
524 783 241 58 victime
699 783 153 58 des
787 783 241 58 pervers
962 783 132 58 et
1028 783 175 58 d’un
1138 783 373 58 machiavélisme
1422 783 132 58 sans

150 816 291 64 «exemple,
373 816 201 64 gémit
508 816 224 64 encore
664 816 179 64 dans
776 816 157 64 les
843 816 224 64 fers...»

105 841 186 95 2242.
229 841 392 95 Guillon,
560 841 289 95 professeur
787 841 310 95 d’éloquence
1035 841 227 95 sacrée,
1200 841 207 95 évêque
1344 841 124 95 de
1386 841 165 95 Maroc,

151 918 259 71 aumônier
346 918 130 71 de
411 918 130 71 la
476 918 194 71 reine
605 918 151 71 des
692 918 281 71 Français.
908 918 130 71 L.
973 918 173 71 aut.
1081 918 194 71 sig.,
1210 918 108 71 à
1253 918 151 71 Mme
1340 918 216 71 Crespy
1470 918 86 71 le

143 956 331 67 Prince.
383 956 331 67 Bolbec,
624 956 180 67 12
714 956 271 67 sept.
895 956 271 67 1838.
1075 956 150 67 2
1135 956 180 67 p.
1225 956 271 67 in-8.
1406 956 150 67 2
1436 956 120 67 50

110 1011 159 84 2243.
216 1011 282 84 Guise
446 1011 212 84 (Charles
605 1011 106 84 de
658 1011 230 84 Lorraine,
834 1011 124 84 duc
905 1011 141 84 de),
993 1011 141 84 fils
1081 1011 106 84 du
1134 1011 335 84 Balafré
1417 1011 106 84 L.
1452 1011 106 84 avec

154 1057 124 62 la
216 1057 351 62 souscription,
505 1057 124 62 et
567 1057 144 62 six
650 1057 227 62 petites
815 1057 206 62 lignes
959 1057 165 62 aut.
1063 1057 186 62 sig.,
1186 1057 103 62 à
1228 1057 144 62 MM.
1310 1057 144 62 les
1372 1057 186 62 consuls

153 1102 130 58 de
218 1102 130 58 la
283 1102 195 58 ville
413 1102 130 58 de
478 1102 238 58 Toulon.
651 1102 303 58 Marseille,
889 1102 130 58 24
954 1102 173 58 oct.
1062 1102 195 58 1609.
1192 1102 108 58 1
1235 1102 130 58 p.
1300 1102 238 58 in-fol.
1452 1102 108 58 Ca-

37 1147 1247 75 chet.
868 1147 693 75 7
1006 1147 554 75 50

203 1199 125 71 Il
266 1199 167 71 leur
370 1199 292 71 recommande
600 1199 125 71 le
663 1199 272 71 capitaine
872 1199 209 71 Danser
1018 1199 146 71 qui
1101 1199 167 71 s’en
1206 1199 125 71 va
1269 1199 125 71 en
1331 1199 167 71 leur
1415 1199 146 71 ville

158 1233 162 77 avec
259 1233 142 77 son
340 1233 263 77 vaisseau.
542 1233 121 77 Il
603 1233 142 77 est
684 1233 162 77 sous
785 1233 121 77 la
846 1233 283 77 protection
1068 1233 121 77 du
1129 1233 142 77 roi
1210 1233 142 77 et-
1291 1233 121 77 la
1331 1233 223 77 sienne...

113 1294 174 75 2244.
228 1294 328 75 Haller
498 1294 231 75 (Albert,
672 1294 174 75 baron
788 1294 154 75 de),
884 1294 289 75 anatomiste,
1115 1294 193 75 poëte,
1250 1294 309 75 littérateur.
1482 1294 77 75 L.

157 1344 178 58 aut.
268 1344 200 58 sig.,
402 1344 111 58 à
446 1344 134 58 M.
513 1344 289 58 Duchesne.
735 1344 111 58 2
780 1344 200 58 avril
914 1344 200 58 1766.
1047 1344 111 58 1
1092 1344 134 58 p.
1158 1344 200 58 in-4.
1292 1344 245 58 Cachet.
1470 1344 111 58 6
1492 1344 67 58 »

111 1388 197 82 2245.
242 1388 284 82 Hassan
461 1388 284 82 Pacha
680 1388 153 82 dey
745 1388 219 82 d’Alger.

210 1428 214 72 Hassan
360 1428 193 72 était
488 1428 278 72 chrétien,
702 1428 129 72 né
766 1428 107 72 à
809 1428 236 72 Venise.
981 1428 129 72 Il
1045 1428 129 72 se
1109 1428 236 72 nommait
1281 1428 278 72 Andrette.
1473 1428 86 72 Le

162 1468 200 85 fameux
302 1468 239 85 corsaire
481 1468 220 85 Dragut,
641 1468 140 85 qui
721 1468 220 85 l’avait
880 1468 180 85 pris,
1000 1468 120 85 le
1060 1468 140 85 fit
1140 1468 220 85 renier,
1300 1468 160 85 puis
1379 1468 180 85 l’éleva

163 1543 122 55 et
224 1543 122 55 le
284 1543 243 55 protégea
467 1543 203 55 durant
608 1543 182 55 toute
730 1543 122 55 sa
791 1543 162 55 vie.
892 1543 182 55 C’est
1013 1543 142 55 par
1094 1543 182 55 suite
1216 1543 122 55 de
1277 1543 182 55 cette
1378 1543 182 55 circon-

161 1600 215 51 stance
312 1600 129 51 qu
377 1600 129 51 en
441 1600 172 51 1577
549 1600 129 51 il
613 1600 151 51 fut
699 1600 194 51 nommé
828 1600 215 51 pacha.
979 1600 215 51 Hassan
1130 1600 151 51 est
1216 1600 215 51 devenu
1345 1600 215 51 célèbre,

160 1635 167 60 chez
265 1635 146 60 les
348 1635 293 60 Algériens,
579 1635 146 60 par
662 1635 126 60 le
725 1635 251 60 souvenir
913 1635 126 60 de
976 1635 146 60 ses
1060 1635 251 60 cruautés
1248 1635 126 60 et
1311 1635 126 60 de
1374 1635 146 60 son
1436 1635 126 60 ava-

163 1677 188 64 rice,
288 1677 125 64 et
351 1677 188 64 parmi
476 1677 146 64 les
560 1677 271 64 chrétiens
769 1677 146 64 par
852 1677 125 64 la
915 1677 271 64 captivité
1124 1677 125 64 de
1186 1677 209 64 Michel
1311 1677 251 64 Cervantes,

164 1740 153 53 qui
251 1740 153 53 fut
339 1740 284 53 longtemps
557 1740 153 53 son
644 1740 262 53 esclave,
841 1740 131 53 et
906 1740 153 53 qui
994 1740 109 53 a
1037 1740 262 53 consigné
1234 1740 175 53 dans
1343 1740 153 53 son
1408 1740 153 53 œuvre

161 1779 301 69 immortelle
398 1779 151 69 son
484 1779 151 69 nom
570 1779 129 69 et
635 1779 151 69 une
721 1779 215 69 partie
872 1779 129 69 de
936 1779 151 69 ses
1001 1779 172 69 actes.

214 1816 123 72 L.
275 1816 163 72 aut.
377 1816 184 72 sig.,
500 1816 184 72 comme
622 1816 143 72 roi
704 1816 225 72 d’Alger
867 1816 143 72 (en
949 1816 266 72 italien),
1153 1816 102 72 à
1194 1816 143 72 son
1276 1816 204 72 ami...
1399 1816 163 72 Alger,

163 1880 142 61 mai
244 1880 182 61 1579.
365 1880 101 61 1
406 1880 142 61 gr.
487 1880 122 61 p.
548 1880 142 61 pl.
629 1880 223 61 in-fol.
791 1880 182 61 Sceau
912 1880 263 61 au-dessus
1115 1880 122 61 de
1175 1880 122 61 la
1236 1880 284 61 signature.
1459 1880 122 61 35
1499 1880 61 61 »

211 1918 131 65 Il
277 1918 240 65 réclame
451 1918 153 65 des
538 1918 218 65 Maures
691 1918 175 65 qui,
800 1918 196 65 après
931 1918 196 65 avoir
1062 1918 153 65 été
1149 1918 175 65 pris
1259 1918 153 65 par
1346 1918 153 65 des
1411 1918 153 65 Espa-

165 1967 209 62 gnols,
311 1967 230 62 étaient
479 1967 251 62 parvenus
667 1967 104 62 à
708 1967 125 62 se
771 1967 209 62 sauver
917 1967 125 62 en
980 1967 230 62 France,
1147 1967 125 62 où
1210 1967 146 62 ils
1293 1967 125 62 se
1335 1967 230 62 croyaient

164 2014 138 86 en
233 2014 206 86 terre
370 2014 206 86 amie,
508 2014 183 86 mais
623 2014 298 86 cependant
852 2014 252 86 avaient
1036 2014 161 86 été
1127 2014 161 86 mis
1219 2014 161 86 aux
1311 2014 252 86 galères
1471 2014 92 86 de

140 2065 258 67 Marseille.

115 2080 189 99 2246.
241 2080 399 99 Hedinger
577 2080 420 99 (Jean-Reinhard),
933 2080 294 99 professeur
1164 2080 126 99 de
1227 2080 357 99 jurisprudence
1500 2080 63 99 à

164 2154 257 54 Giessen,
357 2154 129 54 et
421 2154 343 54 prédicateur,
700 2154 107 54 a
743 2154 215 54 publié
893 2154 129 54 la
957 2154 193 54 Bible
1086 2154 172 54 avec
1193 2154 150 54 des
1258 2154 300 54 changements.

166 2204 125 60 L.
229 2204 167 60 aut.
333 2204 167 60 sig.
438 2204 146 60 (en
521 2204 292 60 allemand),
751 2204 104 60 à
792 2204 167 60 M...
897 2204 125 60 23
960 2204 167 60 nov.
1064 2204 188 60 1714.
1189 2204 104 60 3
1231 2204 146 60 gr.
1314 2204 146 60 pl.
1377 2204 188 60 in

123 2249 878 60 Très-belle
813 2249 690 60 lettre.
1314 2249 313 60 9
1377 2249 188 60 »

118 2308 176 58 2247.
236 2308 391 58 Héricourt
568 2308 195 58 (Louis
705 2308 156 58 de),
803 2308 215 58 célèbre
959 2308 352 58 jurisconsulte.
1252 2308 117 58 L.
1311 2308 156 58 aut.
1409 2308 176 58 sig.,
1506 2308 59 58 à

164 2354 165 63 Mlle
267 2354 247 63 Barbier,
453 2354 103 63 à
494 2354 206 63 Paris.
638 2354 124 63 De
700 2354 206 63 Thias,
845 2354 124 63 23
906 2354 186 63 sept.
1030 2354 103 63 2
1071 2354 124 63 p.
1133 2354 186 63 petit
1257 2354 206 63 in-12.
1380 2354 186 63 (Déchi-

163 2395 193 54 rure
284 2395 121 54 à
332 2395 145 54 la
405 2395 266 54 seconde
598 2395 218 54 page,
743 2395 290 54 enlevant
961 2395 145 54 la
1033 2395 169 54 fin
1130 2395 145 54 de
1202 2395 121 54 6
1251 2395 290 54 lignes).
1468 2395 121 54 3
1492 2395 73 54 »

118 2436 192 69 2248.
246 2436 405 69 Humboldt
587 2436 149 69 (le
672 2436 192 69 baron
800 2436 277 69 Alexandre
1013 2436 171 69 de),
1119 2436 234 69 savant,
1269 2436 298 69 naturaliste,

162 2489 315 59 voyageur.
404 2489 145 59 L.
477 2489 194 59 aut.
598 2489 218 59 sig.,
743 2489 121 59 à
792 2489 194 59 M...
913 2489 145 59 ce
986 2489 291 59 mardi...
1204 2489 121 59 2
1252 2489 145 59 p.
1325 2489 218 59 in-4.
1470 2489 121 59 2
1494 2489 73 59 »

117 2531 198 71 2249.
249 2531 483 71 Indulgences
666 2531 264 71 (Recueil
864 2531 154 71 d’)
952 2531 286 71 accordées
1172 2531 154 71 par
1259 2531 154 71 les
1347 2531 198 71 papes
1457 2531 110 71 aux

164 2581 261 77 églises
354 2581 166 77 des
449 2581 285 77 Jésuites
662 2581 142 77 de
710 2581 237 77 France.»

213 2626 378 86 Quarante-deux
524 2626 267 86 placards
724 2626 133 86 ou
790 2626 289 86 affiches,
1013 2626 267 86 imprimés
1213 2626 133 86 de
1279 2626 178 86 1690
1390 2626 111 86 à
1412 2626 156 86 1761,

167 2667 127 64 la
230 2667 234 64 plupart
400 2667 255 64 in-fol.,
592 2667 170 64 pour
698 2667 127 64 la
762 2667 255 64 province
953 2667 127 64 de
1017 2667 234 64 Rheims,
1187 2667 212 64 Sédan,
1335 2667 191 64 etc.,
1442 2667 127 64 plu-

168 2720 219 87 sieurs
321 2720 175 87 avec
431 2720 153 87 des
519 2720 197 87 visas
650 2720 307 87 manuscrits
891 2720 131 87 et
957 2720 241 87 signés,
1132 2720 131 87 et
1198 2720 175 87 avec
1307 2720 263 87 cachets,
1482 2720 88 87 et
