1630 2910
128 134 224 93 quatre
284 134 224 93 pièces
441 134 358 93 manuscrites,
732 134 179 93 in-4
844 134 134 93 et
911 134 246 93 in-fol.
1090 134 246 93 Réunion
1269 134 269 93 curieuse
1448 134 90 93 et

12 207 1247 74 rare.
843 207 831 74 20
1120 207 416 74 »

83 264 159 59 2250.
190 264 301 59 Isoré,
437 264 177 59 député
561 264 106 59 de
614 264 301 59 l'Oise
862 264 89 59 à
898 264 106 59 la
951 264 266 59 Convention.
1163 264 106 59 L.
1216 264 142 59 aut.
1305 264 159 59 sig.,
1411 264 106 59 au
1446 264 89 59 ci-

124 312 326 67 toyen...
368 312 272 67 Paris,
559 312 163 67 21
640 312 326 67 germinal
885 312 163 67 an
966 312 190 67 II.
1075 312 136 67 1
1129 312 163 67 p.
1211 312 299 67 in-fol.
1428 312 136 67 5
1455 312 82 67 »

179 364 123 57 Il
241 364 144 57 lui
323 364 205 57 envoie
467 364 144 57 une
549 364 205 57 lettre
693 364 123 57 de
754 364 246 57 Chartres
939 364 144 57 qui
1021 364 144 57 lui
1103 364 226 57 annonce
1267 364 185 57 qu’il
1390 364 103 57 y
1431 364 103 57 a
1452 364 82 57 un

128 404 145 59 sac
211 404 124 59 de
273 404 207 59 farine
418 404 166 59 dans
522 404 145 59 les
605 404 249 59 magasins
791 404 124 59 de
853 404 186 59 Paris
978 404 145 59 qui
1061 404 249 59 contient
1247 404 207 59 moitié
1371 404 166 59 farine

127 455 131 64 et
193 455 219 64 moitié
324 455 175 64 chaux.

80 484 185 78 2251.
204 484 267 78 Joseph
409 484 226 78 HI
573 484 246 78 empereur
757 484 328 78 d’Allemagne,
1024 484 164 78 fils
1127 484 123 78 de
1188 484 123 78 la
1250 484 205 78 grande
1373 484 164 78 Marie

126 552 260 57 Thérèse.
321 552 281 57 Apostille
538 552 238 57 signée,
711 552 130 57 en
776 552 195 57 marge
905 552 195 57 d’une
1035 552 238 57 requête
1208 552 151 57 (en
1273 552 260 57 allemand).

109 608 251 46 19
235 608 461 46 janvier
570 608 377 46 1785.
822 608 210 46 1
905 608 251 46 p.
1031 608 461 46 in-fol.
1366 608 210 46 3
1408 608 126 46 »

83 636 187 72 2252.
208 636 436 72 Kellermann
581 636 145 72 (le
664 636 270 72 général),
871 636 166 72 fils
975 636 124 72 du
1037 636 270 72 maréchal.
1245 636 124 72 L.
1307 636 166 72 aut.
1390 636 145 72 sig.,

129 701 126 55 au
192 701 252 55 maréchal
381 701 210 55 Soult.
528 701 315 55 Valladolid,
780 701 126 55 10
843 701 168 55 nov.
948 701 189 55 1809.
1074 701 105 55 3
1116 701 147 55 gr.
1200 701 126 55 p.
1263 701 231 55 in-fol.
1431 701 105 55 4
1452 701 84 55 50

175 747 272 54 Nouvelles
384 747 147 54 des
468 747 293 54 opérations
699 747 314 54 militaires:
950 747 105 54 «
992 747 126 54 La
1054 747 272 54 situation
1264 747 147 54 des
1327 747 209 54 affaires

130 789 238 55 «paraît
303 789 281 55 s’empirer
520 789 130 55 de
585 789 173 55 plus
693 789 130 55 en
758 789 173 55 plus
866 789 173 55 dans
974 789 130 55 la
1039 789 238 55 Biscaye
1212 789 130 55 et
1277 789 260 55 l’Alava.
1450 789 87 55 La

130 832 217 59 «place
282 832 130 59 de
347 832 260 59 Madragon
542 832 108 59 a
585 832 152 59 été
672 832 282 59 attaquée,
888 832 130 59 la
953 832 260 59 garnison
1148 832 195 59 s’est
1256 832 282 59 vaillamment

130 883 278 57 «défendue
343 883 128 57 et
407 883 107 57 a
450 883 256 57 repoussé
642 883 150 57 les
728 883 278 57 brigands,
941 883 192 57 etc.,
1069 883 171 57 etc.
1155 883 64 57 »

85 915 187 93 2253.
210 915 374 93 Kossuth
521 915 249 93 (Louis),
708 915 166 93 chef
812 915 125 93 de
874 915 374 93 l’insurrection
1185 915 291 93 hongroise.
1393 915 145 93 Pièce

134 985 165 66 avec
238 985 145 66 une
320 985 186 66 ligne
444 985 165 66 aut.
548 985 165 66 sig.
651 985 145 66 (en
734 985 289 66 hongrois).
961 985 186 66 1841.
1085 985 103 66 1
1127 985 124 66 p.
1189 985 145 66 gr.
1271 985 227 66 in-fol.
1437 985 103 66 4
1457 985 83 66 50

80 1008 230 84 2254.
234 1008 230 84 La
387 1008 358 84 Discipline
669 1008 460 84 ecclésiastique
1052 1008 179 84 des
1154 1008 281 84 églises
1333 1008 205 84 ré

132 1074 308 58 formées
374 1074 132 58 de
440 1074 330 58 France
704 1074 242 58 Extrait
879 1074 154 58 des
967 1074 198 58 actes
1099 1074 132 58 du
1165 1074 220 58 synode
1319 1074 176 58 tenu
1429 1074 110 58 à
1451 1074 88 58 La

132 1125 260 57 Rochelle
327 1125 130 57 au
392 1125 173 57 mois
500 1125 238 57 d’avril
673 1125 195 57 1571.
803 1125 108 57 —
846 1125 238 57 Extrait
1019 1125 130 57 du
1084 1125 216 57 synode
1235 1125 260 57 national
1408 1125 130 57 tenu

135 1172 108 55 à
179 1172 194 55 Nîmes
308 1172 130 55 le
373 1172 130 55 6e
438 1172 173 55 jour
546 1172 130 55 de
610 1172 151 55 mai
697 1172 194 55 1572.
826 1172 281 55 Manuscrit
1042 1172 130 55 de
1107 1172 130 55 31
1172 1172 130 55 p.
1237 1172 151 55 pl.
1301 1172 238 55 in

134 1217 322 68 très-belle
387 1217 276 68 écriture
595 1217 138 68 du
664 1217 230 68 temps.
825 1217 207 68 Bonne
963 1217 322 68 couverture
1217 1217 161 68 (en
1309 1217 230 68 vélin)
1447 1217 92 68 du

31 1266 1256 60 temps.
911 1266 754 60 40
1162 1266 377 60 »

180 1322 255 59 Document
371 1322 383 59 très-important
690 1322 128 59 et
754 1322 340 59 très-curieux
1031 1322 170 59 pour
1137 1322 298 59 l’histoire
1371 1322 128 59 du
1413 1322 128 59 pro-

136 1359 341 60 testantisme.
413 1359 192 60 Parmi
540 1359 149 60 les
625 1359 277 60 ministres
838 1359 128 60 et
902 1359 234 60 anciens
1073 1359 149 60 qui
1158 1359 149 60 ont
1243 1359 234 60 assisté
1413 1359 128 60 en
1456 1359 85 60 la

135 1407 299 60 conférence
370 1407 192 60 tenue
498 1407 107 60 à
540 1407 214 60 Blassy
690 1407 128 60 le
754 1407 128 60 15
818 1407 171 60 août
925 1407 192 60 1571,
1053 1407 128 60 où
1117 1407 235 60 l’avant
1288 1407 171 60 dite
1373 1407 171 60 disci-

137 1458 191 68 pline
264 1458 149 68 fut
349 1458 234 68 réglée,
520 1458 128 68 en
584 1458 255 68 laquelle
775 1458 213 68 maître
924 1458 213 68 Pierre
1073 1458 255 68 Fornelot
1264 1458 149 68 fut
1350 1458 149 68 élu
1413 1458 128 68 pour

135 1515 290 61 présider,
358 1515 134 61 on
425 1515 290 61 remarque:
648 1515 223 61 Pierre
805 1515 290 61 Fornelot,
1028 1515 268 61 ministre
1229 1515 134 61 de
1296 1515 223 61 Sédan,
1430 1515 112 61 Si-

139 1563 159 47 mon
230 1563 227 47 Fabri,
389 1563 272 47 Maucler,
592 1563 295 47 Bernardin
819 1563 295 47 Couldeux,
1046 1563 227 47 Pierre
1204 1563 249 47 Viriot,
1363 1563 181 47 Claude

136 1602 255 68 Montigni,
332 1602 176 68 Jehan
450 1602 255 68 Thovenin,
645 1602 176 68 etc.,
763 1602 157 68 etc.
861 1602 137 68 Les
939 1602 255 68 ministres
1135 1602 372 68 coureurs
1429 1602 117 68 nom-

136 1644 159 62 més
227 1644 182 62 dans
341 1644 136 62 la
409 1644 227 62 séance
568 1644 136 62 du
636 1644 136 62 18
705 1644 159 62 mai
796 1644 182 62 1572
909 1644 205 62 sont:
1046 1644 296 62 Bauguiot.
1273 1644 182 62 Jean
1364 1644 182 62 Garem-

134 1698 244 58 boise.
304 1698 268 58 Arbant.
499 1698 219 58 Denys
646 1698 293 58 Lambert.
865 1698 317 58 Saingneau
1109 1698 146 58 se
1182 1698 268 58 faisant
1353 1698 195 58 nommer

137 1748 198 57 Monsr
269 1748 132 57 de
335 1748 132 57 la
401 1748 242 57 Marche.
577 1748 220 57 Pierre
731 1748 242 57 Grenade
908 1748 132 57 se
974 1748 242 57 faisant
1150 1748 220 57 nommer
1282 1748 264 57 Saccabrie.

91 1795 193 62 2255.
219 1795 193 62 Le
347 1795 278 62 Blanc
561 1795 278 62 (l’abbé),
775 1795 300 62 secrétaire
1011 1795 128 62 de
1075 1795 128 62 la
1139 1795 257 62 duchesse
1332 1795 128 62 du
1375 1795 171 62 Maine.

136 1853 223 61 Sonnet
292 1853 178 61 aut.
403 1853 201 61 sig.,
537 1853 111 61 à
582 1853 134 61 la
648 1853 245 61 louange
827 1853 134 61 de
894 1853 201 61 Louis
1027 1853 156 61 XV.
1116 1853 201 61 1736.
1250 1853 111 61 2
1295 1853 156 61 gr.
1384 1853 134 61 p.
1429 1853 111 61 pl.

3 1891 1388 57 in-4.
928 1891 771 57 5
1082 1891 463 57 »

92 1927 182 83 2256.
213 1927 283 83 Léopold
436 1927 243 83 Ier,
618 1927 243 83 empereur
800 1927 324 83 d’Allemagne,
1063 1927 162 83 fils
1164 1927 121 83 de
1224 1927 283 83 l’empereur
1427 1927 121 83 Fer

140 1982 201 64 dinand
280 1982 160 64 III.
381 1982 120 64 L.
441 1982 160 64 sig.
541 1982 140 64 (en
621 1982 281 64 allemand).
842 1982 120 64 17
902 1982 160 64 août
1002 1982 181 64 1683.
1123 1982 100 64 2
1163 1982 140 64 gr.
1243 1982 120 64 p.
1303 1982 140 64 pl.
1363 1982 181 64 in

19 2033 1386 62 Sceau.
990 2033 693 62 6
1128 2033 416 62 »

94 2080 192 87 2257.
222 2080 299 87 Léopold
456 2080 192 87 H
585 2080 427 87 (Pierre-Joseph),
947 2080 256 87 empereur
1139 2080 341 87 d’Allemagne,
1396 2080 149 87 frère

139 2130 128 59 de
203 2130 213 59 Joseph
351 2130 149 59 II.
437 2130 128 59 L.
500 2130 170 59 sig.
607 2130 149 59 (en
692 2130 298 59 allemand).
926 2130 128 59 19
990 2130 170 59 nov.
1096 2130 191 59 1790.
1224 2130 106 59 1
1266 2130 128 59 p.
1330 2130 191 59 in-4.
1458 2130 106 59 3
1479 2130 64 59 »

91 2174 207 63 2258.
229 2174 668 63 Léopold-Guillaume,
828 2174 276 63 archiduc
1035 2174 345 63 d’Autriche,
1312 2174 230 63 évêque
1450 2174 92 63 de

137 2223 254 62 Passau,
321 2223 392 62 généralissime
644 2223 138 62 de
713 2223 254 62 l’armée
898 2223 138 62 de
967 2223 323 62 l’empereur
1220 2223 300 62 Ferdinand
1428 2223 115 62 III

139 2283 216 57 (après
291 2283 130 57 la
356 2283 173 57 mort
464 2283 130 57 de
529 2283 346 57 Wallenstein)
810 2283 216 57 contre
961 2283 151 57 les
1048 2283 260 57 Suédois,
1242 2283 303 57 gouverneur
1459 2283 87 57 de

140 2325 285 70 Pays-Bas;
359 2325 132 70 il
425 2325 285 70 combattit
645 2325 219 70 contre
798 2325 241 70 Turenne
974 2325 132 70 et
1039 2325 132 70 le
1105 2325 219 70 prince
1259 2325 132 70 de
1325 2325 219 70 Condé.
1456 2325 88 70 L.

140 2364 170 63 sig.
246 2364 149 63 (en
331 2364 341 63 allemand)...
608 2364 170 63 Oct.
715 2364 192 63 1645.
842 2364 106 63 3
885 2364 149 63 gr.
970 2364 128 63 p.
1034 2364 149 63 pl.
1119 2364 234 63 in-fol.
1289 2364 234 63 Cachet.
1460 2364 106 63 5
1481 2364 64 63 »

94 2414 177 63 2259.
212 2414 334 63 Louis,
487 2414 157 63 fils
586 2414 118 63 de
645 2414 177 63 Louis
763 2414 138 63 XIV
841 2414 118 63 et
900 2414 118 63 de
959 2414 334 63 Marie-Thérèse
1234 2414 295 63 d’Autriche,
1451 2414 98 63 dit

143 2466 394 55 Monseigneur
486 2466 103 55 ou
537 2466 103 55 le
589 2466 206 55 grand
743 2466 274 55 Dauphin
966 2466 86 55 5
1000 2466 103 55 p.
1052 2466 120 55 pl.
1120 2466 103 55 et
1172 2466 154 55 demie
1275 2466 137 55 aut.
1360 2466 137 55 in-4
1429 2466 120 55 (com-

136 2515 319 63 position
376 2515 186 63 sur
482 2515 399 63 l’histoire,
802 2515 160 63 la
882 2515 426 63 philosophie,
1228 2515 266 63 etc.).
1414 2515 160 63 12
1467 2515 80 63 »

95 2556 187 67 2260.
220 2556 249 67 Louis
407 2556 270 67 XVI,
614 2556 145 67 roi
697 2556 125 67 de
759 2556 228 67 France.
925 2556 125 67 1°
988 2556 187 67 Ordre
1112 2556 125 67 de
1174 2556 270 67 payement,
1382 2556 166 67 avec
1465 2556 83 67 le

144 2619 126 53 mot
216 2619 360 53 approuvé
522 2619 180 53 Paris,
648 2619 90 53 8
684 2619 144 53 août
774 2619 162 53 1792.
882 2619 90 53 1
918 2619 108 53 p.
972 2619 162 53 in-4.
1080 2619 306 53 Portr
1332 2619 90 53 —
1368 2619 108 53 2°
1404 2619 144 53 Minute

141 2662 181 53 d’un
255 2662 272 53 discours
459 2662 249 53 adressé
640 2662 159 53 par
731 2662 159 53 lui
821 2662 136 53 le
890 2662 136 53 19
958 2662 181 53 mars
1071 2662 204 53 1789,
1207 2662 159 53 aux
1298 2662 249 53 députés
1456 2662 91 53 du

139 2715 227 61 Béarn,
298 2715 136 61 en
366 2715 159 61 les
457 2715 295 61 engageant
685 2715 114 61 à
730 2715 295 61 retourner
957 2715 341 61 promptement
1230 2715 227 61 auprès
1389 2715 136 61 de
1434 2715 114 61 ses

141 2758 281 67 fidèles
346 2758 256 67 sujets
525 2758 153 67 de
602 2758 230 67 cette
755 2758 332 67 province.
1011 2758 128 67 1
1062 2758 153 67 p.
1139 2758 230 67 petit
1292 2758 230 67 in-4.
1446 2758 128 67 9
1471 2758 77 67 »
