1636 2944
689 52 178 89 —
761 52 249 89 170
867 52 107 89 —

103 152 197 83 2261.
235 152 482 83 Macdonald,
651 152 263 83 maréchal
848 152 132 83 de
914 152 241 83 France.
1090 152 132 83 L.
1155 152 175 83 aut.
1265 152 175 83 sig.
1353 152 197 83 Trente,

141 215 219 52 1er
266 215 344 52 ventôse
516 215 188 52 an
610 215 250 52 VII.
767 215 156 52 1
829 215 188 52 p.
923 215 282 52 in-4.
1111 215 407 52 Vignette.
1424 215 156 52 2
1455 215 94 52 »

104 235 186 94 2262.
228 235 331 94 Maine
497 235 248 94 (Auguste
683 235 124 94 de
745 235 248 94 Bourbon,
932 235 145 94 duc
1014 235 165 94 du),
1118 235 165 94 fils
1221 235 124 94 de
1283 235 186 94 Louis
1407 235 145 94 XIV
1469 235 83 94 et

151 309 129 59 de
216 309 215 59 madame
367 309 129 59 de
431 309 301 59 Montespan.
668 309 129 59 L.
732 309 172 59 aut.
840 309 194 59 sig.,
969 309 129 59 au
1034 309 194 59 comte
1163 309 129 59 de
1227 309 280 59 Bellisle.
1421 309 129 59 Ver-

151 360 254 63 sailles,
341 360 106 63 8
384 360 191 63 sept.
511 360 191 63 1754.
638 360 106 63 2
680 360 148 63 gr.
765 360 127 63 p.
829 360 148 63 pl.
913 360 127 63 et
977 360 191 63 quart
1104 360 191 63 in-4.
1231 360 254 63 Portrait
1401 360 148 63 gravé

47 405 1253 72 in-18.
924 405 752 72 12
1174 405 376 72 »

198 450 190 58 Belle
325 450 127 58 et
388 450 254 58 curieuse
578 450 211 58 lettre
726 450 127 58 au
789 450 190 58 sujet
916 450 359 58 d’infractions
1212 450 106 58 à
1254 450 127 58 la
1296 450 254 58 discipline

130 498 246 66 militaire.

103 533 194 89 2263.
233 533 561 89 MHarie-Casimir,
729 533 194 89 femme
858 533 129 89 de
923 533 280 89 Sobieski,
1138 533 151 89 roi
1225 533 129 89 de
1289 533 259 89 Pologne.
1462 533 86 89 L.

155 598 153 51 aut.
251 598 153 51 sig.
347 598 383 51 Marie-Casimir
672 598 268 51 Reyne
883 598 96 51 à
922 598 134 51 son
998 598 192 51 neveu.
1132 598 115 51 13
1190 598 192 51 mai...
1324 598 96 51 1
1362 598 115 51 p.
1420 598 134 51 pl.
1477 598 77 51 et

143 645 309 62 demie
349 645 309 62 in-4.
555 645 309 62 Belle
761 645 378 62 lettre.
1035 645 446 62 Curieuse.
1378 645 206 62 15
1447 645 103 62 »

105 694 199 65 2264.
238 694 531 65 Marie-Louise,
702 694 243 65 seconde
879 694 199 65 femme
1012 694 133 65 de
1078 694 288 65 Napoléon.
1300 694 199 65 Pièce
1410 694 133 65 sig.

154 739 155 63 (sur
251 739 291 63 parchemin),
483 739 175 63 comme
600 739 272 63 régente
813 739 116 63 de
871 739 330 63 l’Empire
1143 739 116 63 et
1201 739 194 63 signée
1337 739 136 63 par
1414 739 116 63 le
1453 739 97 63 duc

151 801 133 51 de
217 801 200 51 Massa
351 801 133 51 et
418 801 133 51 le
484 801 156 51 duc
573 801 133 51 de
640 801 245 51 Cadore,
818 801 311 51 autorisant
1040 801 512 51 Pierre

153 838 129 56 de
218 838 215 56 Salles
369 838 108 56 à
412 838 215 56 rester
562 838 129 56 au
627 838 237 56 service
799 838 129 56 du
864 838 151 56 roi
950 838 129 56 de
1014 838 323 56 Westphalie.
1251 838 301 56 Saint

152 885 109 57 6
196 885 197 57 sept.
327 885 197 57 1813.
458 885 262 57 Très-gr.
655 885 240 57 feuille
830 885 219 57 double
983 885 240 57 in-fol.
1158 885 197 57 Belle
1289 885 219 57 pièce.
1442 885 109 57 7
1464 885 87 57 50

100 917 195 73 2265.
230 917 412 73 Marignan
578 917 369 73 (Jean-Jacques
881 917 130 73 de
946 917 260 73 Médicis,
1142 917 239 73 marquis
1315 917 174 73 de),
1402 917 152 73 capi

149 978 197 74 taine
280 978 262 74 célèbre,
477 978 284 74 s’attacha
696 978 109 74 à
739 978 240 74 Morone,
914 978 262 74 ministre
1111 978 131 74 de
1176 978 262 74 François
1351 978 197 74 Sforce,

148 1025 151 55 duc
235 1025 129 55 de
299 1025 216 55 Milan,
451 1025 151 55 fut
537 1025 216 55 chargé
688 1025 345 55 d’assassiner
968 1025 216 55 Hector
1119 1025 129 55 de
1184 1025 281 55 Visconti.
1400 1025 129 55 Il
1443 1025 108 55 ac-

148 1078 245 47 complit
326 1078 134 47 ce
393 1078 267 47 meurtre,
593 1078 134 47 et
660 1078 245 47 échappa
838 1078 156 47 aux
927 1078 267 47 sicaires
1127 1078 134 47 de
1194 1078 223 47 Sforce
1350 1078 156 47 qui
1416 1078 134 47 vou-

147 1126 178 53 lait
258 1126 133 53 se
325 1126 244 53 défaire
502 1126 133 53 de
569 1126 178 53 ceux
680 1126 200 53 qu’il
814 1126 200 53 avait
947 1126 289 53 employés.
1169 1126 178 53 Mort
1280 1126 111 53 à
1325 1126 133 53 60
1391 1126 156 53 ans
1458 1126 89 53 en

146 1173 198 69 1555.
278 1173 132 69 L.
344 1173 176 69 sig.
453 1173 154 69 (en
541 1173 329 69 italien)...
805 1173 132 69 24
870 1173 241 69 juillet
1046 1173 198 69 1554.
1178 1173 110 69 1
1222 1173 132 69 p.
1288 1173 241 69 in-fol.
1441 1173 110 69 Ca-

31 1216 1242 61 chet.
859 1216 690 61 7
997 1216 552 61 50

105 1251 183 81 2266.
227 1251 305 81 Mars
471 1251 224 81 (Mlle),
634 1251 224 81 célèbre
796 1251 305 81 comédienne.
1040 1251 122 81 L.
1101 1251 163 81 aut.
1203 1251 183 81 sig.;
1325 1251 102 81 à
1366 1251 122 81 sa
1407 1251 142 81 chère

134 1317 580 64 Marceline...
605 1317 290 64 sans
786 1317 326 64 date.
1004 1317 181 64 1
1077 1317 218 64 p.
1185 1317 326 64 in-8.
1403 1317 181 64 3
1439 1317 109 64 »

200 1362 259 66 Invitation
403 1362 93 66 à
440 1362 167 66 venir
551 1362 148 66 voir
644 1362 333 66 Athalie
921 1362 111 66 ce
977 1362 167 66 soir.
1088 1362 148 66 Elle
1180 1362 148 66 sera
1273 1362 167 66 seule
1384 1362 148 66 dans
1458 1362 93 66 une

150 1410 178 58 loge
261 1410 133 58 de
327 1410 178 58 cinq
439 1410 289 58 places...
661 1410 111 58 «
705 1410 133 58 et
772 1410 178 58 vous
883 1410 222 58 pouvez
1038 1410 222 58 amener
1194 1410 155 58 vos
1282 1410 222 58 petits
1416 1410 133 58 mâle

147 1463 137 68 et
193 1463 274 68 femelles.»

107 1506 188 63 2267.
233 1506 314 63 Mars
484 1506 230 63 (Mlle),
651 1506 230 63 célèbre
819 1506 314 63 comédienne.
1070 1506 126 63 L.
1132 1506 167 63 aut.
1237 1506 188 63 sig.,
1363 1506 105 63 à
1405 1506 126 63 M.
1446 1506 105 63 Va-

142 1562 276 60 lentin
335 1562 165 60 de
418 1562 165 60 La
501 1562 331 60 Pelouse.
749 1562 248 60 Mardi
915 1562 165 60 2.
997 1562 165 60 1.
1080 1562 165 60 p.
1163 1562 193 60 pl.
1273 1562 248 60 in-8.
1439 1562 138 60 6
1466 1562 83 60 »

200 1606 231 61 Relative
373 1606 96 61 à
412 1606 251 61 l’annonce
605 1606 212 61 qu’elle
759 1606 116 61 le
817 1606 154 61 prie
913 1606 116 61 de
971 1606 174 61 faire
1087 1606 154 61 dans
1183 1606 116 61 le
1222 1606 328 61 Courrier

155 1661 314 56 Français
422 1661 173 56 qu’elle
547 1661 157 56 jouera
657 1661 141 56 jeudi
751 1661 204 56 Louise
908 1661 94 56 de
955 1661 314 56 Lignerolles
1222 1661 94 56 et
1269 1661 94 56 la
1300 1661 251 56 Gageure

144 1709 243 60 imprêvue

102 1744 183 78 2268.
224 1744 326 78 Maury
489 1744 387 78 (Jean-Siffrin),
815 1744 265 78 cardinal,
1019 1744 285 78 archevêque
1243 1744 122 78 de
1304 1744 204 78 Paris,
1427 1744 122 78 mem

152 1802 140 66 bre
232 1802 120 66 de
292 1802 279 66 l’Académie
511 1802 279 66 française.
731 1802 120 66 L.
791 1802 160 66 aut.
890 1802 180 66 sig.,
1010 1802 100 66 à
1050 1802 160 66 Mile
1150 1802 279 66 Desvignes,
1369 1802 120 66 27
1409 1802 140 66 prai-

134 1865 314 48 rial
330 1865 236 48 an
448 1865 314 48 III.
644 1865 236 48 1.
762 1865 236 48 p.
880 1865 354 48 in-4.
1116 1865 393 48 Portr.
1391 1865 196 48 9
1430 1865 118 48 »

103 1895 184 72 2269.
225 1895 347 72 Maximilien
511 1895 224 72 II
674 1895 245 72 empereur
857 1895 326 72 d’Allemagne.
1123 1895 184 72 Pièce
1245 1895 163 72 sig.
1347 1895 143 72 (en
1408 1895 143 72 alle-

138 1962 336 62 mand).
374 1962 302 62 1567.
575 1962 168 62 1
643 1962 235 62 gr.
777 1962 202 62 p.
878 1962 370 62 in-fol.
1147 1962 336 62 Sceau.
1382 1962 168 62 8
1416 1962 134 62 50

101 1998 197 71 2270.
233 1998 373 71 Maximilien
540 1998 263 71 III
737 1998 263 71 archiduc
934 1998 329 71 d’Autriche,
1197 1998 153 71 roi
1285 1998 132 71 de
1329 1998 219 71 Pologne,

149 2068 350 53 grand-maître
434 2068 131 53 de
499 2068 241 53 l’ordre
674 2068 328 53 Teutonique,
937 2068 241 53 célèbre
1112 2068 263 53 guerrier
1309 2068 219 53 contre
1441 2068 109 53 les

147 2106 191 58 Turcs
274 2106 127 58 en
338 2106 255 58 Hongrie.
529 2106 127 58 L.
592 2106 170 58 sig.
698 2106 149 58 (en
783 2106 297 58 allemand),
1017 2106 170 58 à...
1123 2106 127 58 15
1186 2106 170 58 juin
1292 2106 191 58 1605.
1420 2106 106 58 1
1441 2106 106 58 gr.

106 2154 376 62 p.
294 2154 690 62 in-fol.
796 2154 627 62 Sceau.
1235 2154 313 62 5
1297 2154 251 62 ».

102 2198 183 83 2271.
224 2198 306 83 Molé
469 2198 408 83 (François-René),
815 2198 204 83 acteur
958 2198 122 83 du
1019 2198 428 83 Théâtre-Français.
1386 2198 122 83 L.
1427 2198 122 83 aut.

149 2255 188 74 sig.,
274 2255 104 74 à
316 2255 167 74 M...
421 2255 146 74 Ier
504 2255 167 74 déc.
609 2255 188 74 1785.
734 2255 104 74 4
776 2255 125 74 p.
839 2255 146 74 pl.
922 2255 188 74 in-4.
1048 2255 209 74 Portr.
1194 2255 188 74 gravé
1319 2255 188 74 in-4.
1445 2255 125 74 12
1486 2255 63 74 »

197 2303 211 68 Lettre
345 2303 338 68 intéressante
619 2303 127 68 au
683 2303 190 68 sujet
810 2303 148 68 des
894 2303 296 68 injustices
1126 2303 127 68 de
1169 2303 380 68 l’administration

147 2331 136 106 de
215 2331 136 106 la
283 2331 474 106 Comédie-Française
690 2331 113 106 à
735 2331 158 106 son
825 2331 226 106 égard,
983 2331 136 106 et
1051 2331 113 106 à
1096 2331 248 106 l’égard
1277 2331 136 106 de
1345 2331 158 106 Mme
1412 2331 136 106 Can-

150 2399 226 62 deille,
315 2399 144 62 son
377 2399 164 62 élève.

103 2428 165 87 2272.
212 2428 274 87 Molé
432 2428 220 87 (Julie),
597 2428 146 87 sœur
688 2428 110 87 de
743 2428 220 87 l’acteur
908 2428 165 87 Molé,
1017 2428 220 87 comtesse
1182 2428 110 87 de
1219 2428 329 87 Vallivon

150 2514 229 60 actrice
316 2514 125 60 et
379 2514 208 60 auteur
524 2514 312 60 dramatique.
773 2514 125 60 L.
836 2514 166 60 aut.
940 2514 187 60 sig.,
1064 2514 104 60 à
1106 2514 125 60 M.
1168 2514 270 60 Giraudot,
1355 2514 187 60 avocat.

92 2549 845 62 Demi-p.
707 2549 692 62 in-8.
1168 2549 384 62 2
1245 2549 307 62 50

100 2593 192 73 2273.
228 2593 491 73 MHontpensier
654 2593 341 73 (Henri-Louis
931 2593 128 73 de
995 2593 256 73 Bourbon,
1187 2593 149 73 duc
1273 2593 171 73 de).
1379 2593 128 73 L.
1422 2593 128 73 avec

151 2651 121 57 la
211 2651 323 57 souscription
473 2651 181 57 d’une
594 2651 181 57 ligne
715 2651 121 57 a.
776 2651 141 57 s.,
857 2651 101 57 à
897 2651 121 57 ma
957 2651 181 57 fille
1078 2651 121 57 la
1139 2651 262 57 princesse
1320 2651 222 57 d’Orange.

146 2701 344 66 Champigny,
417 2701 123 66 8
466 2701 221 66 sept.
614 2701 221 66 1580.
761 2701 270 66 Demi-p.
958 2701 172 66 gr.
1056 2701 270 66 in-fol.
1253 2701 270 66 Cachet.
1450 2701 123 66 6
1474 2701 74 66 »

105 2739 171 83 2274.
219 2739 323 83 Monvel
485 2739 342 83 (Jacques-Marie
770 2739 323 83 Boutet
1036 2739 171 83 dit),
1150 2739 209 83 cèlèbre
1302 2739 190 83 acteur
1435 2739 114 83 de
1473 2739 76 83 la
