1710 2908
671 52 183 100 —
745 52 256 100 171
854 52 110 100 —

150 138 490 79 Comédie-Française.
573 138 134 79 L.
639 138 178 79 aut.
751 138 200 79 sig.,
884 138 134 79 au
951 138 245 79 citoyen
1129 138 245 79 Lafond.
1307 138 178 79 Sans
1396 138 156 79 date.

139 202 139 70 1
195 202 166 70 p.
278 202 194 70 pl.
389 202 222 70 in-8
528 202 166 70 en
611 202 333 70 travers.
860 202 250 70 Portr
1027 202 333 70 colorié,
1277 202 250 70 in-8.
1443 202 139 70 5
1471 202 83 70 »

196 259 128 61 Il
260 259 170 61 fait
366 259 128 61 le
430 259 170 61 plus
536 259 191 61 grand
663 259 170 61 tort
770 259 106 61 à
812 259 128 61 la
876 259 234 61 Comédie
1046 259 128 61 en
1110 259 255 61 refusant
1301 259 170 61 pour
1386 259 170 61 demain

152 310 290 55 Orosmane.
375 310 134 55 «A
442 310 156 55 ton
531 310 156 55 âge
620 310 134 55 on
687 310 134 55 ne
754 310 178 55 peut
866 310 268 55 alléguer
1066 310 134 55 la
1133 310 245 55 fatigue
1312 310 178 55 pour
1401 310 156 55 s’ex-

153 355 223 65 «cuser
309 355 134 65 de
376 355 201 65 jouer
510 355 178 65 deux
621 355 290 65 tragédies
844 355 134 65 en
911 355 201 65 trois
1045 355 223 65 jours.
1201 355 134 65 Tu
1268 355 134 65 te
1313 355 245 65 reposeras

149 397 239 57 «après,
323 397 174 57 mais
432 397 130 57 il
497 397 174 57 faut
606 397 217 57 savoir
758 397 304 57 s’exécuter
975 397 261 57 toi

103 420 193 86 2275.
231 420 386 86 Muraire
553 420 150 86 (le
638 420 236 86 comte),
810 420 279 86 président
1024 420 129 86 de
1088 420 129 86 la
1153 420 171 86 Cour
1260 420 129 86 de
1303 420 257 86 cassation.

145 492 173 60 L.
232 492 231 60 aut.
376 492 231 60 sig.
520 492 289 60 Paris,
722 492 173 60 23
809 492 202 60 mai
924 492 260 60 1807.
1097 492 144 60 1
1155 492 173 60 p.
1242 492 260 60 in-8.
1415 492 144 60 1
1444 492 115 60 75

108 527 175 77 2276.
224 527 310 77 Murat
476 527 271 77 (Joachim),
689 527 136 77 roi
767 527 116 77 de
825 527 213 77 Naples.
980 527 116 77 L.
1038 527 155 77 sig.
1135 527 175 77 J.
1252 527 330 77 Napoléon
1504 527 58 77 à

149 587 137 74 M.
218 587 296 74 Récamier.
445 587 250 74 Naples.
627 587 137 74 27
695 587 250 74 février
877 587 205 74 1811.
1014 587 205 74 Quart
1150 587 137 74 de
1219 587 182 74 page
1332 587 205 74 in-4.
1469 587 114 74 3
1492 587 68 74 »

109 624 183 81 2277.
231 624 387 81 Nevers,
557 624 265 81 manuscrit
761 624 143 81 sur
842 624 265 81 l’origine
1046 624 122 81 du
1107 624 183 81 duché
1229 624 122 81 de
1290 624 224 81 Nevers.
1453 624 102 81 6
1474 624 81 81 p.

153 688 201 69 in-4.
287 688 112 69 —
331 688 134 69 L.
398 688 201 69 sig.,
532 688 134 69 du
599 688 156 69 duc
689 688 134 69 de
756 688 246 69 Nevers.
935 688 223 69 Paris,
1091 688 112 69 3
1136 688 201 69 juin,
1270 688 112 69 1
1314 688 134 69 p.
1381 688 201 69 in-4.
1493 688 67 69 —

152 732 138 74 L.
221 732 184 74 aut.
336 732 138 74 du
406 732 161 74 duc
498 732 138 74 de
567 732 254 74 Nevers.
751 732 231 74 Paris,
913 732 115 74 2
959 732 231 74 sept.,
1120 732 115 74 4
1166 732 138 74 p.
1235 732 161 74 pl.
1328 732 207 74 in-4.
1466 732 115 74 5
1489 732 69 74 »

106 765 196 76 2278.
237 765 391 76 Nieperg
563 765 152 76 (le
649 765 196 76 comte
780 765 174 76 de),
888 765 304 76 chambellan
1127 765 130 76 de
1193 765 304 76 l’empereur
1410 765 152 76 d’Au

156 817 242 70 triche,
332 817 176 70 mari
442 817 132 70 de
508 817 373 70 l’impératrice
815 817 373 70 Marie-Louise,
1123 817 198 70 veuve
1254 817 132 70 de
1298 817 264 70 l’empereur

153 886 291 50 Napoléon.
376 886 134 50 L.
443 886 179 50 aut.
555 886 179 50 sig.
667 886 157 50 (en
757 886 268 50 allem.),
958 886 112 50 à
1003 886 157 50 Son
1092 886 380 50 Excellence...
1383 886 179 50 Parme,

148 915 147 61 6
206 915 265 61 janv.
383 915 265 61 1825.
560 915 147 61 2
619 915 206 61 gr.
737 915 177 61 p.
825 915 265 61 in-4.
1002 915 501 61 Belle-lettre.
1415 915 177 61 15
1474 915 88 61 »

108 971 184 59 2279.
230 971 348 59 Nodier
517 971 287 59 (Cbarles),
742 971 205 59 membre
885 971 123 59 de
947 971 287 59 l’Académie
1172 971 287 59 française.
1377 971 184 59 Article

160 1013 139 68 aut.
246 1013 139 68 sig.
333 1013 156 68 (pour
437 1013 312 68 l’impression),
697 1013 121 68 sur
766 1013 121 68 les
836 1013 191 68 Odes
975 1013 295 68 d’Horace
1217 1013 277 68 traduites
1425 1013 139 68 en

157 1061 215 72 vers
314 1061 333 72 français
588 1061 137 72 par
666 1061 117 72 un
725 1061 196 72 ancien
862 1061 430 72 lieutenant-général
1233 1061 117 72 de
1292 1061 117 72 la
1351 1061 196 72 grande
1468 1061 98 72 ar-

135 1107 357 64 mée.
358 1107 223 64 6
448 1107 268 64 p.
582 1107 402 64 in-4.
849 1107 268 64 en
983 1107 535 64 travers.
1385 1107 223 64 5
1429 1107 134 64 »

112 1149 172 87 2280.
227 1149 306 87 Paoli
475 1149 210 87 (Pascal
628 1149 153 87 de),
724 1149 210 87 célèbre
877 1149 210 87 général
1030 1149 191 87 corse.
1164 1149 115 87 L.
1222 1149 153 87 aut.
1317 1149 172 87 sig.,
1432 1149 115 87 de
1470 1149 96 87 ses

157 1202 274 66 initiales:
372 1202 176 66 P.
490 1202 195 66 P.
627 1202 137 66 (en
705 1202 254 66 italien).
900 1202 98 66 à
939 1202 117 66 M.
998 1202 215 66 Georgi,
1154 1202 195 66 membre
1291 1202 117 66 du
1330 1202 235 66 parlement,

156 1254 116 66 à
202 1254 255 66 Caccia.
387 1254 278 66 Rostino,
596 1254 116 66 9
642 1254 301 66 septembre
873 1254 208 66 1793.
1012 1254 116 66 1
1059 1254 162 66 gr.
1151 1254 139 66 p.
1221 1254 162 66 pl.
1313 1254 208 66 in-4.
1429 1254 139 66 Avec

136 1298 303 86 une
309 1298 607 86 traduction
786 1298 260 86 en
916 1298 563 86 français.
1349 1298 260 86 40
1436 1298 130 86 »

203 1345 273 71 Affaires
408 1345 136 71 et
476 1345 295 71 nouvelles
703 1345 295 71 diverses.
931 1345 136 71 Il
999 1345 182 71 peut
1112 1345 159 71 lui
1203 1345 295 71 annoncer,
1408 1345 159 71 comme

160 1408 166 60 deux
264 1408 186 60 faits
388 1408 269 60 certains,
595 1408 124 60 la
657 1408 290 60 conclusion
885 1408 124 60 de
947 1408 124 60 la
1009 1408 166 60 paix
1113 1408 166 60 avec
1216 1408 290 60 l’Espagne,
1444 1408 124 60 et
1485 1408 83 60 la

160 1445 231 69 défaite
328 1445 126 69 de
391 1445 147 69 ces
475 1445 231 69 pauvres
643 1445 294 69 royalistes
875 1445 252 69 français
1064 1445 273 69 débarqués
1274 1445 147 69 par
1358 1445 147 69 des
1421 1445 147 69 vais-

161 1502 191 56 seaux
288 1502 234 56 anglais
458 1502 149 56 sur
543 1502 149 56 les
628 1502 191 56 côtes
755 1502 127 56 de
819 1502 127 56 la
861 1502 234 56 Bretagne.

114 1534 208 78 2281.
252 1534 508 78 Parmentier,
691 1534 254 78 premier
876 1534 323 78 pharmacien
1130 1534 162 78 des
1223 1534 254 78 armées,
1384 1534 185 78 membre

162 1597 126 59 de
225 1597 315 59 l’Institut.
477 1597 126 59 La
540 1597 210 59 France
687 1597 147 59 lui
771 1597 168 59 doit
876 1597 378 59 l’introduction
1191 1597 126 59 et
1254 1597 126 59 la
1317 1597 231 59 calture
1464 1597 105 59 des

158 1640 234 66 pommes
322 1640 141 66 de
392 1640 234 66 terre.
556 1640 141 66 L.
626 1640 188 66 aut.
744 1640 211 66 sig.,
884 1640 141 66 au
955 1640 258 66 citoyen
1142 1640 281 66 Ducloux,
1353 1640 117 66 à
1376 1640 188 66 Nîmes.

157 1696 266 54 Paris,
344 1696 160 54 27
423 1696 346 54 thermidor
689 1696 160 54 an
769 1696 239 54 VIII.
929 1696 133 54 1
982 1696 160 54 p.
1062 1696 160 54 et
1141 1696 239 54 demie
1301 1696 239 54 in-4.
1461 1696 133 54 3
1487 1696 80 54 »

113 1729 205 89 2282.
250 1729 182 89 Pépé
363 1729 159 89 (le
454 1729 250 89 général
636 1729 296 89 Guillaume
864 1729 250 89 baron),
1046 1729 182 89 chef
1160 1729 136 89 de
1205 1729 364 89 l’insurrection

160 1785 132 75 de
226 1785 221 75 Naples
381 1785 132 75 en
447 1785 199 75 1820.
579 1785 132 75 L.
645 1785 177 75 aut.
756 1785 199 75 sig.,
888 1785 110 75 à
932 1785 132 75 M.
998 1785 221 75 Denis.
1153 1785 309 75 Marseille,
1395 1785 132 75 21
1440 1785 132 75 mars

150 1824 291 89 1831.
344 1824 162 89 2
408 1824 226 89 gr.
538 1824 194 89 p.
635 1824 226 89 pl.
764 1824 291 89 in-4.
958 1824 291 89 Belle
1152 1824 356 89 lettre.
1411 1824 162 89 7
1444 1824 129 89 50

211 1883 122 56 Il
272 1883 142 56 lui
353 1883 183 56 parle
475 1883 122 56 de
536 1883 122 56 sa
597 1883 284 56 situation,
820 1883 122 56 de
881 1883 224 56 l’ordre
1044 1883 122 56 du
1105 1883 203 56 départ
1247 1883 183 56 qu’il
1369 1883 102 56 a
1409 1883 163 56 reçu
1491 1883 81 56 du

165 1921 222 76 préfet,
326 1921 121 76 de
387 1921 121 76 la
447 1921 262 76 situation
649 1921 121 76 de
709 1921 121 76 la
770 1921 202 76 France
911 1921 262 76 vis-à-vis
1112 1921 121 76 de
1173 1921 121 76 la
1213 1921 363 76 sainte

165 1992 145 62 des
248 1992 248 62 troubles
434 1992 124 62 de
496 1992 207 62 Paris,
641 1992 124 62 de
703 1992 290 62 l’Espagne,
931 1992 186 62 etc.,
1034 1992 124 62 etc.

119 1990 182 115 2283.
240 1990 404 115 Pétrarque
584 1990 303 115 (François),
826 1990 182 115 poëte
947 1990 243 115 italien.
1129 1990 202 115 Lettre
1271 1990 121 115 en
1331 1990 182 115 latin
1453 1990 101 115 à
1473 1990 101 115 lui

165 2077 277 69 adressée,
378 2077 213 69 écrite
527 2077 128 69 de
591 2077 128 69 la
655 2077 320 69 campagne...
912 2077 171 69 3...
1018 2077 256 69 calendes
1210 2077 128 69 de
1274 2077 235 69 mars...
1445 2077 107 69 3
1466 2077 107 69 gr.

168 2117 124 71 p.
230 2117 145 71 pl.
313 2117 228 71 in-fol.
479 2117 186 71 Belle
603 2117 248 71 écriture
789 2117 207 71 ronde,
934 2117 352 71 très-lisible.
1224 2117 124 71 Le
1286 2117 207 71 papier
1431 2117 145 71 est
1493 2117 83 71 un

164 2166 152 73 peu
251 2166 261 73 fatigué;
447 2166 131 73 il
513 2166 109 73 y
556 2166 109 73 a
600 2166 261 73 quelques
796 2166 240 73 taches.
970 2166 174 73 Nous
1079 2166 109 73 y
1123 2166 196 73 avons
1253 2166 196 73 joint
1384 2166 152 73 une
1449 2166 131 73 tra-

167 2216 238 65 duction
340 2216 238 65 moderne
514 2216 151 65 (en
600 2216 303 65 français),
838 2216 173 65 avec
946 2216 130 65 la
1011 2216 195 65 copie
1141 2216 130 65 du
1206 2216 195 65 texte
1336 2216 130 65 en
1379 2216 195 65 regard,

141 2256 277 96 12
279 2256 416 96 pages
557 2256 277 96 et
696 2256 416 96 demie
973 2256 509 96 in-fol.
1343 2256 277 96 60
1435 2256 139 96 »

213 2289 195 80 Cette
343 2289 303 80 singulière
582 2289 195 80 pièce
712 2289 152 80 est
799 2289 130 80 en
864 2289 195 80 forme
994 2289 130 80 de
1059 2289 282 80 dialogue,
1276 2289 130 80 et
1341 2289 217 80 traite
1471 2289 108 80 des

167 2351 287 66 avantages
387 2351 132 66 de
454 2351 132 66 la
520 2351 287 66 pauvreté,
740 2351 154 66 des
828 2351 375 66 inconvénients
1137 2351 132 66 du
1203 2351 243 66 mariage
1380 2351 132 66 et
1446 2351 132 66 de
1490 2351 88 66 la

167 2404 252 59 famille,
356 2404 147 59 des
440 2404 189 59 mœurs
566 2404 273 59 dissolues
777 2404 147 59 des
861 2404 252 59 prêtres,
1050 2404 189 59 etc.,
1155 2404 126 59 etc.

117 2428 205 109 2284.
254 2428 478 109 Pindemonte
664 2428 159 109 (le
755 2428 251 109 marquis
937 2428 182 109 Jean
1051 2428 182 109 de),
1165 2428 205 109 poëte
1279 2428 296 109 dramatique.

163 2500 245 67 Pièce
326 2500 163 67 de
408 2500 218 67 vers
544 2500 218 67 aut.
680 2500 190 67 (en
788 2500 354 67 italien).
1060 2500 136 67 3
1115 2500 190 67 gr.
1223 2500 163 67 p.
1305 2500 245 67 in-4.
1468 2500 136 67 6
1495 2500 82 67 »

122 2555 151 83 2285
217 2555 303 83 Piron
463 2555 246 83 (Alexis),
652 2555 189 83 poëte,
784 2555 189 83 auteur
917 2555 284 83 dramatique.
1144 2555 246 83 Epître
1314 2555 265 83 gauloise

168 2598 165 69 au
278 2598 366 69 très-aventureux,
589 2598 311 69 très-frisque,
845 2598 275 69 très-accort
1065 2598 110 69 et
1120 2598 311 69 très-courtois
1358 2598 220 69 cheva

175 2639 200 93 ier
315 2639 320 93 Navarros
575 2639 220 93 (Navot,
735 2639 260 93 substitut
935 2639 120 93 du
995 2639 460 93 procureur-général).
1395 2639 160 93 1725
1475 2639 100 93 (en

138 2697 533 57 vers).
511 2697 320 57 2.
670 2697 320 57 p.
830 2697 373 57 pl.
1043 2697 479 57 in-4.
1363 2697 266 57 9
1416 2697 160 57 »

122 2731 192 89 2286.
250 2731 428 89 Pompadour
614 2731 171 89 (Mme
720 2731 128 89 la
785 2731 257 89 marquise
977 2731 171 89 de),
1084 2731 278 89 maîtresse
1298 2731 128 89 de
1362 2731 192 89 Louis
1469 2731 107 89 XV.
