1648 2895
628 42 183 99 —
702 42 256 99 172
811 42 110 99 —

105 131 127 89 L.
168 131 191 89 aut.,
296 131 106 89 à
338 131 127 89 M.
402 131 127 89 de
465 131 255 89 Vandière
656 131 170 89 (son
762 131 233 89 frère),
932 131 106 89 à
975 131 191 89 Rome,
1102 131 127 89 ce
1166 131 170 89 4...
1272 131 191 89 1750.
1399 131 106 89 1
1420 131 85 89 p.

71 208 552 57 in-18.
457 208 552 57 Cachet
844 208 552 57 brisé.
1231 208 331 57 10
1341 208 166 57 »

151 249 156 69 «Je
240 249 178 69 vous
351 249 134 69 ay
418 249 200 69 écrit
551 249 178 69 cher
663 249 267 69 bonhomme
863 249 134 69 il
930 249 111 69 y
974 249 111 69 a
1019 249 178 69 huit
1130 249 223 69 jours,
1286 249 178 69 mais
1375 249 134 69 j’ai

107 302 175 60 «été
216 302 197 60 assés
348 302 262 60 étourdie
544 302 175 60 pour
654 302 284 60 l’envoyer
872 302 175 60 trop
981 302 240 60 tard...
1156 302 350 60 Continuation
1419 302 87 60 de

107 348 222 57 «bonne
262 348 200 57 santé
395 348 133 57 de
462 348 200 57 toute
595 348 133 57 la
662 348 244 57 famille
839 348 244 57 royalle
1017 348 133 57 et
1083 348 222 57 amitié
1239 348 178 57 bien
1327 348 178 57 tendre

100 392 245 68 «pour
263 392 163 68 le
317 392 327 68 bonhomme.»

55 425 202 90 2287.
189 425 537 90 Pontchartrain
659 425 493 90 (Louis-Phélypeaux,
1085 425 202 90 comte
1219 425 179 90 de),
1308 425 202 90 premier

107 499 279 67 président
321 499 129 67 au
386 499 279 67 parlement
600 499 129 67 de
665 499 279 67 Bretagne,
879 499 172 67 puis
987 499 258 67 ministre
1180 499 129 67 et
1223 499 279 67 chancelier,

108 542 115 73 Né
165 542 115 73 en
223 542 173 73 1643.
338 542 154 73 Mort
434 542 115 73 en
492 542 173 73 1727.
607 542 115 73 L.
664 542 115 73 a.
722 542 134 73 s.,
799 542 96 73 à
837 542 154 73 M...
933 542 154 73 Sans
1029 542 173 73 date.
1144 542 96 73 1
1183 542 115 73 p.
1240 542 134 73 pl.
1317 542 173 73 in-4.
1432 542 96 73 3
1451 542 58 73 »

156 589 123 67 Il
217 589 328 67 l’entretient
483 589 123 67 de
545 589 246 67 diverses
729 589 266 67 affaires,
934 589 123 67 et
995 589 143 67 dit
1077 589 123 67 en
1138 589 184 67 P.-S.
1261 589 102 67 :
1302 589 184 67 «Nous
1405 589 102 67 at-

107 640 276 64 «tendons
314 640 184 64 avec
429 640 322 64 impatience
682 640 138 64 et
751 640 368 64 l’inquiétude
1051 640 138 64 de
1120 640 184 64 bons
1235 640 276 64 françois
1419 640 92 64 et

107 687 194 55 «bons
237 687 259 55 citoyens
431 687 151 55 des
517 687 281 55 nouuelles
733 687 216 55 vrayes
884 687 129 55 et
949 687 302 55 détaillées
1186 687 129 55 du
1251 687 216 55 combat
1381 687 129 55 san-

107 736 219 54 «glant
261 736 438 54 d’Aschaffembourg
633 736 132 54 et
699 736 153 54 des
787 736 219 54 suites
940 736 197 54 qu’il
1072 736 175 54 aura
1159 736 132 54 eu.»

57 781 205 73 2288.
194 781 591 73 Ram-Mohum-Rioy,
716 781 250 73 célèbre
898 781 136 73 et
966 781 227 73 savant
1126 781 295 73 brahmane,
1330 781 182 73 auteur

107 841 129 53 de
172 841 280 53 plusieurs
388 841 259 53 ouvrages
581 841 129 53 de
646 841 323 53 philosophie
905 841 302 53 religieuse
1142 841 129 53 en
1206 841 237 53 anglais
1379 841 129 53 et
1422 841 86 53 en

107 884 306 62 hindoustan.
351 884 122 62 L.
412 884 122 62 a.
473 884 122 62 s.
534 884 143 62 (en
616 884 265 62 anglais),
820 884 102 62 à
860 884 163 62 M...
962 884 163 62 Sans
1064 884 183 62 date.
1186 884 102 62 1
1227 884 122 62 p.
1288 884 183 62 in-8.
1410 884 102 62 2
1431 884 81 62 50

58 919 190 87 2289.
184 919 400 87 Ramorino
522 919 148 87 (le
606 919 274 87 général),
817 919 232 87 fusillé
985 919 105 87 à
1027 919 190 87 Turin
1154 919 126 87 en
1217 919 190 87 1849.
1343 919 126 87 L.
1386 919 126 87 aut.

98 992 271 51 sig.,
278 992 150 51 à
339 992 181 51 M.
429 992 331 51 Lepage.
670 992 301 51 Paris,
880 992 301 51 lundi.
1091 992 150 51 1
1151 992 181 51 p.
1241 992 241 51 in-4
1392 992 150 51 3
1422 992 90 51 »

60 1031 190 78 2290.
186 1031 337 78 Rancé
460 1031 337 78 (Armand-Jean
734 1031 126 78 Le
797 1031 316 78 Bouthillier
1050 1031 168 78 de),
1155 1031 168 78 abbé
1260 1031 126 78 et
1302 1031 211 78 réforma

108 1091 178 49 teur
219 1091 134 49 de
286 1091 134 49 la
353 1091 245 49 Trappe.
531 1091 134 49 L.
598 1091 178 49 aut.
710 1091 201 49 sig.,
843 1091 134 49 au
910 1091 267 49 Révérend
1111 1091 178 49 Père
1222 1091 156 49 Dom
1289 1091 223 49 Robin...

105 1139 150 57 (De
190 1139 128 57 la
254 1139 257 57 Trappe),
447 1139 128 57 12
511 1139 257 57 décembre
703 1139 192 57 1671.
832 1139 107 57 5
874 1139 192 57 pages
1003 1139 235 57 pleines
1174 1139 192 57 petit
1302 1139 192 57 in-8,
1409 1139 107 57 ca-

107 1187 173 53 chet
216 1187 108 53 à
259 1187 130 53 la
324 1187 173 53 cire
432 1187 216 53 rouge,
583 1187 173 53 bien
692 1187 281 53 conservé:
908 1187 151 53 Les
995 1187 238 53 lettres
1168 1187 325 53 entièrement
1406 1187 108 53 au-

92 1238 513 73 tographes
486 1238 237 73 de
605 1238 355 73 Rancé
842 1238 316 73 sont
1039 1238 395 73 rares.
1316 1238 237 73 32
1395 1238 118 73 »

156 1281 191 63 Toute
283 1281 255 63 relative
474 1281 106 63 à
517 1281 127 63 la
580 1281 233 63 réforme
750 1281 127 63 de
814 1281 149 63 son
877 1281 170 63 ordre.

60 1321 187 73 2291.
185 1321 332 73 René,
454 1321 187 73 comte
579 1321 228 73 d’Anjou
745 1321 124 73 et
807 1321 124 73 de
869 1321 270 73 Provence,
1076 1321 145 73 1er
1159 1321 145 73 duc
1242 1321 124 73 de
1284 1321 228 73 Lorraine,

112 1390 131 59 roi
187 1390 112 59 de
243 1390 187 59 Sicile
374 1390 112 59 et
430 1390 112 59 de
486 1390 262 59 Jérusalem,
692 1390 131 59 dit
766 1390 112 59 le
823 1390 187 59 Bon
953 1390 131 59 roi
1028 1390 243 59 René,
1215 1390 187 59 poëte,
1327 1390 187 59 peintre.

107 1432 130 63 Né
172 1432 108 63 à
216 1432 216 63 Angers
367 1432 130 63 en
432 1432 195 63 1408.
562 1432 173 63 Mort
670 1432 108 63 à
713 1432 151 63 Aix
799 1432 130 63 en
864 1432 195 63 1480.
994 1432 216 63 Charte
1145 1432 130 63 s.
1210 1432 130 63 et
1254 1432 260 63 contresig.

103 1480 471 54 Benjamin
500 1480 198 54 (sur
623 1480 297 54 parch.).
846 1480 272 54 Cannes,
1044 1480 149 54 26
1119 1480 198 54 fév.
1243 1480 223 54 1456.
1391 1480 149 54 20
1441 1480 74 54 »

156 1519 259 75 Relative
351 1519 108 75 à
394 1519 151 75 des
480 1519 345 75 remontrances
761 1519 151 75 qui
847 1519 151 75 lui
933 1519 151 75 ont
1020 1519 151 75 été
1106 1519 216 75 faites
1257 1519 151 75 sur
1343 1519 151 75 une
1408 1519 108 75 af-

107 1572 188 66 faire
232 1572 125 66 de
274 1572 230 66 finances.

61 1617 193 69 2292.
189 1617 300 69 Richard
425 1617 129 69 de
489 1617 279 69 Lucy,
704 1617 214 69 poëte,
854 1617 343 69 chansonnier.
1132 1617 150 69 (Il
1218 1617 150 69 fut
1282 1617 236 69 président

113 1676 108 89 de
167 1676 108 89 la
221 1676 144 89 Cour
311 1676 180 89 royale
437 1676 108 89 de
490 1676 108 89 la
544 1676 288 89 Guadeloupe.)
778 1676 270 89 Portrait
994 1676 288 89 d’Eliza
1209 1676 306 89 chanson

100 1715 462 60 nette
476 1715 231 60 aut.
620 1715 231 60 sig.
765 1715 260 60 1811.
938 1715 144 60 3
996 1715 173 60 p.
1083 1715 202 60 pl.
1198 1715 260 60 in-4.
1372 1715 144 60 2
1400 1715 116 60 50

63 1759 179 69 2293.
182 1759 318 69 Rigny
441 1759 259 69 (l’amiral
640 1759 159 69 de),
739 1759 239 69 ministre
918 1759 119 69 de
978 1759 119 69 la
1038 1759 219 69 marine.
1197 1759 119 69 L.
1256 1759 159 69 aut.
1356 1759 179 69 sig.,
1455 1759 60 69 à

106 1825 146 57 M.
179 1825 388 57 l’amiral....
494 1825 267 57 Naples,
688 1825 146 57 10
761 1825 194 57 août
883 1825 219 57 1816.
1028 1825 121 57 2
1077 1825 146 57 p.
1150 1825 170 57 pl.
1247 1825 219 57 in-4.
1393 1825 121 57 2
1417 1825 97 57 50

154 1869 275 84 Nouvelles
365 1869 127 84 de
429 1869 127 84 sa
492 1869 275 84 croisière
704 1869 148 84 sur
788 1869 148 84 les
873 1869 190 84 côtes
1000 1869 127 84 de
1063 1869 127 84 la
1106 1869 211 84 Toscane.

63 1906 175 71 2294.
179 1906 427 71 Robespierre
548 1906 175 71 (Mlle
664 1906 252 71 Charlotte
858 1906 155 71 de).
955 1906 155 71 Elle
1052 1906 97 71 a
1091 1906 194 71 publié
1227 1906 136 71 des
1285 1906 233 71 Mé

109 1973 352 88 moires
403 1973 137 88 Née
481 1973 117 88 en
540 1973 176 88 1757.
657 1973 176 88 Morte
775 1973 117 88 en
833 1973 176 88 1834.
951 1973 117 88 L.
1009 1973 176 88 aut.,
1127 1973 98 88 à
1166 1973 137 88 son
1244 1973 176 88 frère
1342 1973 176 88 Maximi-

96 2022 311 57 lien.
304 2022 346 57 Arras,
546 2022 277 57 1790
719 2022 173 57 1
788 2022 207 57 gr
892 2022 207 57 p.
995 2022 242 57 pl.
1134 2022 311 57 in-4.
1341 2022 207 57 35
1410 2022 104 57 »

160 2059 167 64 Elle
264 2059 104 64 a
306 2059 167 64 reçu
410 2059 125 64 sa
473 2059 229 64 lettre.
640 2059 167 64 Elle
744 2059 188 64 vient
869 2059 313 64 d’apprendre
1119 2059 167 64 dans
1223 2059 125 64 le
1286 2059 208 64 moment
1411 2059 104 64 que

109 2119 166 65 l’on
213 2119 145 65 est
296 2119 228 65 content
462 2119 124 65 de
524 2119 124 65 la
586 2119 332 65 contribution
856 2119 394 65 patriotique....
1187 2119 187 65 Quête
1312 2119 145 65 qui
1395 2119 104 65 a
1415 2119 104 65 été

109 2166 201 54 faite
243 2166 134 54 il
310 2166 112 54 y
355 2166 112 54 a
399 2166 224 54 quatre
556 2166 179 54 mois
668 2166 179 54 pour
779 2166 134 54 le
846 2166 335 54 soulagement
1115 2166 156 54 des
1204 2166 246 54 pauvres
1383 2166 134 54 de
1428 2166 89 54 la

109 2217 213 64 ville,
258 2217 213 64 chaque
407 2217 235 64 citoyen
578 2217 107 64 y
620 2217 107 64 a
663 2217 277 64 contribué
876 2217 192 64 selon
1004 2217 149 64 ses
1090 2217 341 64 facultés....
1367 2217 128 64 Il
1431 2217 107 64 y
1452 2217 64 64 a

110 2257 268 58 beaucoup
311 2257 134 58 de
378 2257 291 58 personnes
601 2257 156 58 qui
691 2257 134 58 ne
758 2257 246 58 veulent
937 2257 179 58 plus
1049 2257 224 58 payer;
1205 2257 201 58 elles
1317 2257 201 58 donnent

111 2311 165 73 pour
215 2311 206 73 raison
359 2311 186 73 qu’il
483 2311 124 73 ne
545 2311 165 73 faut
648 2311 144 73 pas
731 2311 227 73 nourrir
896 2311 144 73 les
978 2311 227 73 pauvres
1143 2311 103 73 à
1185 2311 165 73 rien
1288 2311 206 73 faire,
1412 2311 103 73 que

110 2360 168 59 l’on
215 2360 168 59 doit
320 2360 147 59 les
404 2360 189 59 faire
530 2360 294 59 travailler
761 2360 105 59 à
803 2360 231 59 démolir
970 2360 126 59 le
1033 2360 231 59 rempart
1201 2360 126 59 de
1264 2360 126 59 la
1306 2360 210 59 cité...;

108 2403 136 63 ce
176 2403 159 63 que
267 2403 136 63 le
335 2403 204 63 maire
471 2403 181 63 veut
584 2403 204 63 faire
720 2403 113 63 à
766 2403 159 63 cet
857 2403 295 63 égard....
1083 2403 159 63 «Je
1174 2403 136 63 ne
1242 2403 181 63 sais
1355 2403 136 63 si
1401 2403 113 63 mon

109 2453 242 55 «frère
278 2453 170 55 n’a
375 2453 170 55 pas
472 2453 242 55 oublié
642 2453 145 55 de
715 2453 194 55 vous
836 2453 242 55 parler
1006 2453 145 55 de
1079 2453 170 55 Mme
1176 2453 291 55 Marchand
1370 2453 145 55 nous

111 2503 238 50 «sommes
284 2503 259 50 brouillé
479 2503 130 50 je
544 2503 130 50 me
608 2503 173 50 suis
716 2503 259 50 permisse
911 2503 130 50 de
976 2503 151 50 lui
1062 2503 173 50 dire
1170 2503 130 50 ce
1235 2503 151 50 que
1322 2503 151 50 les
1386 2503 130 50 bons

114 2547 292 56 «patriotes
344 2547 209 56 devoit
490 2547 209 56 penser
636 2547 125 56 de
698 2547 125 56 sa
761 2547 188 56 feuil
886 2547 125 56 ce
949 2547 146 56 que
1032 2547 167 56 vous
1136 2547 125 56 en
1199 2547 230 56 pensiez
1366 2547 125 56 je
1408 2547 104 56 lui

114 2598 172 57 «est
222 2598 259 57 reproché
416 2598 151 57 son
502 2598 323 57 affectation
761 2598 108 57 a
804 2598 259 57 toujours
998 2598 215 57 maître
1149 2598 151 57 des
1235 2598 215 57 nottes
1364 2598 151 57 infa-

113 2641 234 61 «mantes
283 2641 170 61 pour
389 2641 128 61 le
453 2641 234 61 peuple,
623 2641 191 61 etc.,
751 2641 170 61 etc.
857 2641 170 61 Elle
964 2641 191 61 s’est
1091 2641 191 61 faché
1219 2641 170 61 elle
1304 2641 213 61 soutient

113 2692 209 57 «qu’il
260 2692 126 57 ni
322 2692 188 57 avoit
448 2692 146 57 pas
532 2692 377 57 d’aristocrates
845 2692 105 57 à
887 2692 188 57 Arras
1013 2692 209 57 quelle
1159 2692 314 57 connoissoit
1389 2692 126 57 tous

114 2745 276 68 «patriotes
331 2745 177 68 qu’il
449 2745 138 68 n’y
528 2745 177 68 avoit
647 2745 138 68 que
725 2745 138 68 les
804 2745 177 68 tetes
923 2745 197 68 exalté
1061 2745 138 68 qui
1139 2745 237 68 trouvoit
1317 2745 118 68 sa
1356 2745 158 68 gazete
