1614 2988
656 44 193 104 s-
752 44 225 104 174
849 44 96 104 —

73 132 190 102 2308.
199 132 379 102 Tallien
515 132 400 102 (Jean-Lambert),
852 132 379 102 conventionnel,
1168 132 211 102 membre
1315 132 126 102 du
1358 132 168 102 Comité

121 223 126 51 de
184 223 189 51 salut
310 223 231 51 public.
478 223 126 51 L.
540 223 168 51 aut.
645 223 189 51 sig.,
771 223 126 51 au
834 223 231 51 citoyen
1002 223 231 51 Clément
1170 223 126 51 de
1232 223 168 51 Ris,
1316 223 210 51 adminis-

122 252 241 67 trateur
298 252 132 67 du
364 252 329 67 département
627 252 461 67 d’Indre-et-Loire,
1022 252 110 67 à
1066 252 220 67 Tours.
1220 252 220 67 Paris,
1373 252 132 67 34
1417 252 110 67 mai

120 300 171 69 1792
226 300 214 69 (c'est
376 300 171 69 1793
483 300 192 69 qu’il
611 300 235 69 devrait
782 300 107 69 y
824 300 214 69 avoir)
974 300 171 69 l’an
1081 300 149 69 II,
1166 300 107 69 à
1209 300 107 69 2
1251 300 214 69 heures
1380 300 149 69 après

125 352 166 68 midi.
235 352 92 68 2
272 352 111 68 p.
328 352 129 68 pl.
402 352 166 68 in-4.
512 352 111 68 Le
568 352 185 68 cachet
697 352 203 68 enlevé.
845 352 111 68 La
900 352 203 68 griffe:
1048 352 314 68 Convention
1306 352 222 68 nle
1454 352 74 68 se

99 391 446 68 trouve
412 391 312 68 sur
590 391 268 68 la
724 391 714 68 suscription.
1304 391 268 68 30
1393 391 134 68 »

173 455 169 53 ....
279 455 127 53 Il
342 455 148 53 est
427 455 212 53 arrivé
575 455 127 53 au
638 455 212 53 milieu
786 455 127 53 de
850 455 127 53 la
913 455 169 53 plus
1019 455 212 53 grande
1167 455 296 53 agitation.
1379 455 148 53 Cette

122 495 165 71 nuit
226 495 124 71 le
288 495 207 71 tocsin
432 495 103 71 a
474 495 186 71 sonné
598 495 248 71 partout,
784 495 124 71 le
846 495 186 71 canon
970 495 248 71 d’alarme
1156 495 186 71 vient
1280 495 124 71 de
1342 495 124 71 se
1383 495 145 71 faire

122 560 277 47 entendre,
334 560 213 47 toutes
483 560 149 47 les
569 560 277 47 autorités
781 560 319 47 constituées
1037 560 170 47 sont
1143 560 234 47 réunies
1313 560 149 47 aux
1377 560 149 47 Jaco-

121 588 184 72 bins.
243 588 347 72 L’indignation
529 588 143 72 des
610 588 265 72 Parisiens
814 588 143 72 est
896 588 102 72 à
936 588 143 72 son
1018 588 224 72 comble,
1181 588 143 72 ils
1263 588 143 72 ont
1344 588 143 72 été
1406 588 122 72 tant

119 640 295 62 calomniés
346 640 227 62 depuis
506 640 182 62 huit
619 640 204 62 jours
755 640 273 62 surtout,
960 640 182 62 avec
1074 640 159 62 une
1164 640 295 62 impudence
1369 640 159 62 vrai-

119 684 179 71 ment
230 684 604 71 contre-révolutionnaire.
767 684 224 71 Toutes
923 684 156 71 les
1013 684 268 71 sections
1214 684 179 71 sont
1326 684 179 71 sous
1415 684 112 71 les

121 731 213 63 armes.
270 731 149 63 Les
355 731 277 63 barrières
568 731 171 63 sont
675 731 256 63 fermées.
867 731 128 63 On
931 731 149 63 dit
1016 731 213 63 qu’une
1166 731 256 63 pétition
1357 731 128 63 va
1400 731 128 63 être

118 786 286 70 présentée
338 786 176 70 pour
448 786 264 70 demander
647 786 198 70 qu’on
779 786 198 70 rende
911 786 242 70 justice
1087 786 110 70 à
1131 786 198 70 cette
1264 786 220 70 ville,
1396 786 132 70 ber-

119 827 179 82 ceau
231 827 134 82 de
298 827 134 82 la
365 827 313 82 liberté...
611 827 134 82 Le
678 827 179 82 sang
790 827 134 82 ne
857 827 179 82 sera
969 827 157 82 pas
1059 827 224 82 versé,
1216 827 134 82 au
1283 827 201 82 moins
1395 827 134 82 tout

120 875 247 90 annonce
299 875 157 90 que
389 875 135 90 ce
457 875 135 90 ne
524 875 180 90 sera
637 875 225 90 qu’une
794 875 315 90 révolution
1019 875 202 90 morale.

164 899 219 97 «....
310 899 244 97 Adieu,
480 899 244 97 depuis
651 899 146 97 27
724 899 244 97 heures
895 899 195 97 nous
1016 899 244 97 sommes
1187 899 146 97 en
1260 899 268 97 séance.
1431 899 97 97 Je

121 969 192 74 «suis
249 969 213 74 excédé
398 969 128 74 de
462 969 277 74 fatigues,
675 969 171 74 mais
782 969 256 74 j’espère
974 969 149 74 que
1059 969 128 74 çà
1123 969 171 74 ira.
1229 969 128 74 La
1272 969 256 74 commission

121 1029 171 77 «des
227 1029 192 77 douze
355 1029 128 77 va
419 1029 171 77 être
526 1029 235 77 cassée,
697 1029 128 77 le
761 1029 235 77 tumulte
932 1029 149 77 est
1017 1029 107 77 à
1060 1029 149 77 son
1145 1029 213 77 comble
1294 1029 171 77 dans
1380 1029 149 77 l’as-

116 1080 406 58 «semblée....
420 1080 76 58 »

78 1091 155 107 2309.
181 1091 276 107 Talma
406 1091 155 107 (Mlle
510 1091 207 107 Caroline
665 1091 328 107 Vanhove
942 1091 155 107 femme
1045 1091 311 107 Petit,
1304 1091 138 107 puis
1374 1091 155 107 femme),

123 1182 289 50 aujourd’hui
354 1182 231 50 comtesse
527 1182 116 50 de
585 1182 347 50 Chalot
874 1182 212 50 célèbre
1028 1182 231 50 actrice.
1201 1182 116 50 L.
1259 1182 154 50 aut.
1355 1182 173 50 sig.,
1451 1182 77 50 au

118 1207 238 66 marquis
291 1207 130 66 de
356 1207 368 66 Châteaugiron.
659 1207 130 66 26
724 1207 173 66 août
832 1207 195 66 1824.
962 1207 108 66 1
1005 1207 130 66 p.
1070 1207 130 66 et
1135 1207 195 66 demie
1265 1207 195 66 petit
1373 1207 151 66 in

90 1272 446 56 Jolie
388 1272 297 56 et
537 1272 545 56 aimable
933 1272 545 56 lettre.
1330 1272 248 56 4
1379 1272 149 56 »

76 1296 144 78 2310.
172 1296 255 78 Talma
379 1296 96 78 L.
427 1296 128 78 sig.
507 1296 303 78 Régnier
763 1296 271 78 Ligier
986 1296 96 78 et
1034 1296 303 78 Provost
1290 1296 176 78 membres
1417 1296 96 78 du
1449 1296 80 78 co

116 1355 177 87 mité
226 1355 464 87 d’administration,
624 1355 110 87 à
668 1355 133 87 M.
735 1355 221 87 Antony
889 1355 309 87 Deschamps.
1132 1355 221 87 Paris,
1287 1355 133 87 26
1331 1355 199 87 février

73 1404 625 71 1843.
489 1404 347 71 1
628 1404 416 71 p.
836 1404 625 71 in-4.
1252 1404 347 71 3
1322 1404 208 71 »

168 1450 124 68 La
230 1450 434 68 Comédie-Française
603 1450 145 68 est
685 1450 165 68 fort
789 1450 248 68 sensible
975 1450 103 68 à
1016 1450 227 68 l’envoi
1181 1450 186 68 qu’il
1306 1450 145 68 lui
1388 1450 103 68 a
1409 1450 124 68 fait

118 1501 202 58 d’une
252 1501 448 58 très-remarquable
633 1501 202 58 pièce
767 1501 134 58 de
835 1501 179 58 vers
947 1501 157 58 sur
1036 1501 202 58 Talma
1171 1501 202 58 qu'il
1305 1501 157 58 lui
1395 1501 112 58 a
1417 1501 112 58 dé-

120 1559 243 61 diée...
296 1559 132 61 Ce
363 1559 199 61 n’est
495 1559 199 61 point
627 1559 177 61 sans
738 1559 154 61 une
826 1559 265 61 profonde
1025 1559 243 61 émotion
1201 1559 154 61 que
1289 1559 177 61 l’on
1400 1559 110 61 a
1422 1559 110 61 re-

118 1598 224 57 marqué
275 1598 179 57 dans
387 1598 157 57 ces
477 1598 202 57 beaux
611 1598 179 57 vers
723 1598 135 57 le
791 1598 157 57 nom
880 1598 179 57 d’un
993 1598 247 57 artiste
1172 1598 157 57 qui
1262 1598 247 57 naguère
1419 1598 112 57 en-

118 1646 177 83 core
228 1646 265 83 occupait
427 1646 155 83 une
515 1646 199 83 place
648 1646 132 83 si
714 1646 309 83 distinguée
957 1646 199 83 parmi
1089 1646 155 83 ses
1178 1646 309 83 camarades,
1399 1646 132 83 dont

119 1696 128 56 il
183 1696 106 56 a
225 1696 234 56 emporté
395 1696 213 56 toutcs
544 1696 149 56 les
608 1696 277 56 sympathies.

70 1712 188 91 2311.
195 1712 333 91 Talon
466 1712 229 91 (Omer),
633 1712 229 91 célèbre
800 1712 208 91 avocat
945 1712 229 91 général
1112 1712 125 91 au
1175 1712 271 91 parlement
1383 1712 125 91 de
1425 1712 104 91 Pa

117 1784 180 65 ris.
229 1784 292 65 Quittance
453 1784 180 65 sig.
566 1784 135 65 de
633 1784 135 65 la
700 1784 202 65 somme
835 1784 135 65 de
902 1784 157 65 375
992 1784 225 65 livres
1149 1784 225 65 reçues
1306 1784 135 65 du
1374 1784 157 65 duc
1441 1784 90 65 de

113 1836 329 63 Bouillon.
366 1836 152 63 21
442 1836 329 63 septembre
695 1836 228 63 1631.
847 1836 127 63 1
897 1836 152 63 p.
973 1836 202 63 in-4
1100 1836 152 63 en
1176 1836 304 63 travers.
1403 1836 127 63 2
1429 1836 101 63 50

70 1882 188 69 2312.
195 1882 563 69 Théâtre-Français
696 1882 292 69 (situation
926 1882 167 69 du).
1030 1882 209 69 Notice
1176 1882 334 69 intéressante
1427 1882 104 69 sur

116 1931 130 61 la
181 1931 283 61 situation
399 1931 304 61 financière
638 1931 130 61 de
703 1931 130 61 ce
768 1931 261 61 théâtre,
964 1931 152 61 par
1051 1931 283 61 Hippolyte
1268 1931 217 61 Leroy,
1399 1931 130 61 aut.

70 1979 557 60 sig.
418 1979 348 60 9
558 1979 418 60 p.
766 1979 626 60 in-4.
1184 1979 348 60 2
1254 1979 278 60 50

71 2032 177 68 2313.
190 2032 355 68 Thénard
485 2032 138 68 (le
564 2032 217 68 baron),
722 2032 256 68 chimiste.
919 2032 118 68 L.
978 2032 118 68 a.
1037 2032 118 68 s.
1096 2032 177 68 1835.
1215 2032 99 68 1
1254 2032 118 68 p.
1313 2032 177 68 in-4.
1431 2032 99 68 1
1451 2032 79 68 50

73 2087 170 68 2314.
187 2087 359 68 Thokoli
489 2087 113 68 ou
546 2087 303 68 Tékél
792 2087 227 68 (Emeric,
962 2087 170 68 comte
1075 2087 151 68 de),
1170 2087 189 68 prince
1302 2087 113 68 de
1340 2087 189 68 Transil

116 2131 224 54 vanie,
273 2131 179 54 chef
385 2131 157 54 des
475 2131 337 54 calvinistes
744 2131 135 54 et
811 2131 314 54 mécontents
1058 2131 135 54 de
1125 2131 135 54 la
1192 2131 247 54 Hongrie
1350 2131 179 54 contre

119 2163 285 69 l’Autriche.
347 2163 114 69 L.
404 2163 152 69 sig.
500 2163 266 69 Emericq
709 2163 266 69 Thokol
918 2163 133 69 (en
994 2163 266 69 allemand),
1204 2163 95 69 à
1242 2163 171 69 André
1337 2163 190 69 Rutffay.

111 2223 142 60 8
167 2223 368 60 septembre
451 2223 255 60 1686.
621 2223 142 60 1
677 2223 170 60 p.
762 2223 312 60 in-fol.
989 2223 312 60 Cachet.
1215 2223 255 60 Rare.
1385 2223 142 60 7
1414 2223 113 60 50

70 2280 168 52 2315.
183 2280 337 52 Thokoli
463 2280 112 52 ou
519 2280 318 52 Tékél
781 2280 243 52 (Etienne,
969 2280 168 52 comte
1081 2280 150 52 de),
1174 2280 187 52 prince
1305 2280 112 52 de
1343 2280 187 52 Transyl-

116 2318 208 56 vanie,
262 2318 249 56 surnommé
449 2318 125 56 le
511 2318 353 56 Crésus
802 2318 125 56 de
864 2318 249 56 Hongrie,
1051 2318 104 56 à
1093 2318 187 56 cause
1217 2318 125 56 de
1280 2318 145 56 ses
1342 2318 187 56 grandes

119 2381 289 47 richesses,
346 2381 144 47 qui
429 2381 144 47 lui
511 2381 289 47 attirèrent
738 2381 165 47 tous
841 2381 144 47 ses
924 2381 248 47 malheurs
1109 2381 124 47 et
1171 2381 124 47 sa
1233 2381 186 47 mort.
1357 2381 124 47 L.
1398 2381 124 47 sig.

121 2419 125 75 (en
192 2419 196 75 latin),
335 2419 89 75 à
370 2419 267 75 l’empereur.
584 2419 214 75 Datum
744 2419 107 75 in
798 2419 178 75 Castro
923 2419 125 75 meo
994 2419 178 75 Muran,
1118 2419 196 75 die
1261 2419 107 75 16
1297 2419 232 75 men

112 2458 240 64 sis
280 2458 240 64 martii
448 2458 192 64 anno
568 2458 264 64 Dn
760 2458 216 64 1657.
905 2458 120 64 2
953 2458 168 64 gr.
1049 2458 144 64 p.
1121 2458 168 64 pl.
1217 2458 264 64 in-fol.
1409 2458 120 64 7
1433 2458 96 64 50

72 2509 193 77 2316.
200 2509 342 77 Thurn
478 2509 407 77 (Henri-Mathias,
821 2509 193 77 comte
949 2509 171 77 de),
1056 2509 235 77 célèbre
1206 2509 321 77 généralissime

116 2553 159 61 des
207 2553 295 61 bohémiens
434 2553 318 61 luthériens
684 2553 182 61 dans
798 2553 136 61 le
866 2553 364 61 commencement
1161 2553 136 61 de
1230 2553 136 61 la
1298 2553 227 61 guerre
1434 2553 91 61 de

117 2598 219 58 Trente
271 2598 175 58 ans;
380 2598 132 58 il
446 2598 285 58 combattit
665 2598 351 58 Wallenstein,
950 2598 132 58 Né
1016 2598 132 58 en
1082 2598 197 58 1568.
1213 2598 175 58 Mort
1323 2598 132 58 en
1367 2598 153 58 1641.

119 2642 122 68 L.
180 2642 163 68 sig.
282 2642 143 68 (en
363 2642 286 68 allemaud),
588 2642 163 68 à...
690 2642 122 68 27
751 2642 224 68 juillet
914 2642 184 68 1587.
1036 2642 102 68 1
1077 2642 143 68 gr.
1159 2642 122 68 p.
1220 2642 143 68 pl.
1302 2642 224 68 in-fol.
1444 2642 82 68 6»

73 2694 187 87 2317.
198 2694 332 87 Tilly
468 2694 374 87 (Jacques-Jean,
779 2694 187 87 comte
903 2694 166 87 de),
1007 2694 353 87 généralissime
1298 2694 145 87 des
1360 2694 166 87 armées

120 2732 132 79 de
186 2732 307 79 l’empereur
427 2732 351 79 d’Allemagne.
713 2732 132 79 L.
779 2732 176 79 sig.
888 2732 154 79 (en
976 2732 307 79 allemand),
1218 2732 198 79 1624.
1327 2732 198 79 Cachet.
