1631 2905
126 197 108 74 2
170 197 129 74 p.
234 197 237 74 in-fol.
407 197 302 74 Incomplète
644 197 129 74 du
709 197 345 74 commencement
989 197 151 74 qui
1075 197 108 74 a
1118 197 151 74 été
1205 197 237 74 enlevé.
1356 197 173 74 Portr.

88 257 362 61 de
269 257 844 61 Moncornet,
931 257 542 61 in-4.
1293 257 301 61 7
1353 257 181 61 «

85 302 165 69 2318.
195 302 422 69 Tippo-Salie
561 302 128 69 (ou
635 302 275 69 Saibi),
855 302 165 69 nabab
965 302 110 69 ou
1020 302 183 69 sultan
1148 302 110 69 du
1203 302 330 69 Mysore
1460 302 73 69 Né

129 361 134 61 en
196 361 201 61 1749.
330 361 157 61 Tué
419 361 134 61 en
487 361 201 61 1799.
621 361 201 61 Ordre
755 361 291 61 militaire
979 361 179 61 aut.
1091 361 201 61 écrit
1225 361 134 61 en
1292 361 224 61 langue
1426 361 112 61 in-

129 420 277 55 doustane,
342 420 149 55 sur
427 420 213 55 papier
576 420 170 55 fort
683 420 128 55 et
747 420 256 55 cassant,
938 420 107 55 2
981 420 128 55 p.
1045 420 170 55 in-8
1151 420 128 55 en
1215 420 256 55 travers.
1386 420 149 55 Pièce

122 451 231 61 rare
267 451 289 61 donnée
469 451 202 61 par
584 451 173 61 le
671 451 231 61 fils
816 451 173 61 du
902 451 318 61 colonel
1133 451 347 61 Pollier.
1394 451 144 61 7
1422 451 116 61 50

81 502 199 69 2319.
213 502 375 69 Vernet
522 502 287 69 (Horace),
743 502 243 69 peintre
920 502 331 69 d’histoire.
1185 502 132 69 L.
1251 502 177 69 aut.
1361 502 199 69 sig.,
1472 502 66 69 à

123 565 163 52 M.
204 565 327 52 Hersent.
450 565 272 52 Paris,
640 565 163 52 19
722 565 327 52 décembre
967 565 245 52 1817.
1130 565 136 52 1
1185 565 163 52 p.
1267 565 245 52 in-8.
1430 565 136 52 6
1457 565 82 52 »

176 602 120 61 Au
236 602 180 61 sujet
356 602 120 61 de
416 602 120 61 la
476 602 200 61 lettre
617 602 180 61 qn'il
737 602 140 61 lui
817 602 100 61 a
857 602 200 61 écrite
997 602 320 61 relativement
1258 602 120 61 au
1318 602 220 61 tableau
1458 602 80 61 de

131 652 161 68 Mgr
223 652 138 68 le
292 652 161 68 duc
385 652 369 68 d’Orléans...
684 652 231 68 «C’est
846 652 138 68 un
915 652 346 68 arrangement
1191 652 184 68 pris
1307 652 184 68 avec
1399 652 138 68 lui,

132 711 223 53 «ainsi
288 711 178 53 vous
399 711 223 53 pouvez
556 711 178 53 tout
667 711 357 53 entreprendre
957 711 178 53 sans
1069 711 134 53 me
1135 711 223 53 causer
1292 711 134 53 la
1336 711 201 53 moindre

132 746 254 58 «peine,
316 746 138 58 et
386 746 184 58 vous
501 746 184 58 avez
616 746 184 58 fait
731 746 138 58 un
800 746 138 58 si
870 746 300 58 admirable
1100 746 254 58 tableau
1284 746 138 58 de
1331 746 207 58 Gustave

129 802 231 67 «Vasa,
291 802 162 67 que
383 802 139 67 ce
453 802 231 67 serait
615 802 139 67 un
684 802 208 67 crime
823 802 139 67 de
892 802 393 67 lèze-peinture
1216 802 162 67 que
1309 802 139 67 de
1378 802 139 67 ne
1424 802 116 67 pas

132 848 202 58 «vous
266 848 224 58 donner
423 848 269 58 occasion
624 848 134 58 de
691 848 202 58 faire
826 848 134 58 la
870 848 202 58 suite.»

84 883 195 77 2320.
215 883 608 77 Vintimille-du-Luc
757 883 651 77 (Charles-Gaspard-Guillaume
1344 883 174 77 de),
1430 883 109 77 ar

132 947 263 60 chevêque
329 947 131 60 de
395 947 219 60 Paris.
548 947 131 60 L.
614 947 175 60 aut.
723 947 197 60 sig..
854 947 197 60 comme
986 947 306 60 archevêque
1227 947 219 60 d’Aix.
1358 947 175 60 Paris,

105 998 287 61 26
249 998 382 61 mars
487 998 430 61 1720.
774 998 239 61 3
869 998 287 61 p.
1013 998 334 61 pl.
1204 998 287 61 4.
1347 998 239 61 5
1395 998 143 61 »

89 1040 186 76 2321.
213 1040 352 76 Volney
503 1040 145 76 (le
586 1040 186 76 comte
710 1040 165 76 de),
813 1040 269 76 sénateur,
1020 1040 207 76 membre
1165 1040 124 76 de
1227 1040 310 76 l’Institut.
1454 1040 83 76 L.

127 1093 217 61 aut.
263 1093 244 61 sig.,
426 1093 136 61 à
480 1093 163 61 M.
561 1093 353 61 Ginguené.
833 1093 217 61 Sans
969 1093 244 61 date.
1132 1093 136 61 2
1186 1093 163 61 p.
1267 1093 244 61 in-4.
1430 1093 136 61 4
1458 1093 81 61 »

183 1146 212 61 Quelle
331 1146 254 61 agréable
521 1146 254 61 surprise
712 1146 127 61 il
775 1146 148 61 lui
860 1146 212 61 donne;
1008 1146 127 61 il
1072 1146 233 61 croyait
1241 1146 233 61 n’avoir
1389 1146 148 61 qu’un

137 1194 281 61 compliment
358 1194 100 61 à
398 1194 140 61 lui
478 1194 201 61 faire,
618 1194 120 61 il
679 1194 120 61 se
739 1194 261 61 proposait
939 1194 100 61 à
979 1194 120 61 le
1040 1194 261 61 féliciter
1240 1194 120 61 de
1300 1194 120 61 la
1340 1194 201 61 médaille

136 1250 262 53 d’Italie:
338 1250 121 53 et
398 1250 182 53 voilà
519 1250 141 53 que
600 1250 182 53 celle
721 1250 121 53 de
781 1250 282 53 l’Académie
1003 1250 141 53 lui
1064 1250 182 53 arrive.

91 1293 174 78 2322.
207 1293 387 78 Voltaire
536 1293 116 78 L.
594 1293 155 78 aut.
691 1293 155 78 sig.
788 1293 136 78 V.,
865 1293 97 78 à
904 1293 116 78 M.
962 1293 290 78 d’Argental.
1194 1293 116 78 Ce
1253 1293 174 78 16...
1369 1293 97 78 3
1407 1293 136 78 gr.
1466 1293 77 78 p.

94 1343 422 72 pl.
335 1343 362 72 et
516 1343 543 72 demie
878 1343 543 72 in-4.
1240 1343 362 72 30
1361 1343 181 72 »

183 1379 194 65 Lettre
319 1379 311 65 intéressante
571 1379 117 65 au
630 1379 175 65 sujet
746 1379 117 65 de
804 1379 117 65 sa
863 1379 175 65 pièce
979 1379 117 65 de
1038 1379 350 65 Zulime
1329 1379 155 65 «...
1407 1379 136 65 Peut-

135 1442 207 54 «être
273 1442 323 54 aurez-vous
527 1442 161 54 une
619 1442 277 54 douzaine
826 1442 138 54 de
896 1442 461 54 représentations,
1287 1442 184 54 mais
1403 1442 138 54 je
1449 1442 92 54 ne

139 1493 183 58 «veux
261 1493 204 58 jamais
403 1493 183 58 avoir
526 1493 163 58 fait
627 1493 183 58 cette
750 1493 204 58 pièce.
892 1493 122 58 Il
953 1493 143 58 n’y
1035 1493 102 58 a
1076 1493 143 58 que
1157 1493 143 58 les
1238 1493 183 58 trois
1340 1493 204 58 premiers

135 1535 214 53 «actes
284 1535 128 53 de
348 1535 364 53 supportables.
648 1535 128 53 Je
712 1535 235 53 demande
883 1535 128 53 en
947 1535 192 53 grâce
1076 1535 235 53 qu’elle
1247 1535 128 53 ne
1311 1535 171 53 soit
1396 1535 150 53 point

134 1580 324 66 «imprimée,
388 1580 162 66 que
481 1580 185 66 Mlle
597 1580 254 66 Quinaut
782 1580 185 66 vous
897 1580 139 66 en
967 1580 278 66 remettra
1175 1580 139 66 la
1244 1580 231 66 copie,
1383 1580 162 66 après

138 1641 176 46 «les
248 1641 198 46 douze
380 1641 198 46 jours
511 1641 132 46 de
577 1641 154 46 vie
665 1641 154 46 que
753 1641 198 46 cette
885 1641 220 46 pauvre
1039 1641 286 46 diablesse
1258 1641 176 46 aura
1346 1641 198 46 eus...»

91 1673 187 76 2323.
216 1673 415 76 Walkenaër
568 1673 145 76 (le
651 1673 228 76 baron),
817 1673 332 76 littérateur,
1087 1673 207 76 membre
1232 1673 124 76 de
1273 1673 270 76 l’Institut.

139 1728 117 59 L.
198 1728 157 59 aut.
296 1728 176 59 sig.,
414 1728 98 59 à
453 1728 117 59 M.
511 1728 117 59 le
570 1728 313 59 directeur...
825 1728 196 59 Paris,
962 1728 117 59 27
1020 1728 157 59 juin
1118 1728 176 59 1833.
1236 1728 98 59 1
1275 1728 117 59 p.
1334 1728 176 59 in-4.
1451 1728 98 59 1
1471 1728 78 59 50

91 1778 190 82 2324.
218 1778 465 82 Wallenstein
620 1778 592 82 (Albert-Venceslas-Eusèbe
1148 1778 127 82 de
1212 1778 275 82 Waldstein
1402 1778 148 82 dit),

137 1820 159 69 duc
228 1820 137 69 de
297 1820 319 69 Friedland,
547 1820 250 69 célèbre
729 1820 250 69 général
911 1820 137 69 de
980 1820 137 69 la
1048 1820 228 69 guerre
1207 1820 137 69 de
1276 1820 228 69 Trente
1412 1820 137 69 ans.

143 1874 269 70 Assassiné
350 1874 124 70 en
413 1874 186 70 1634.
537 1874 186 70 Pièce
661 1874 166 70 sig.
765 1874 124 70 de
827 1874 145 70 ses
910 1874 269 70 initiales
1117 1874 145 70 (en
1200 1874 269 70 allemand)
1407 1874 104 70 9
1428 1874 124 70 mars

117 1929 403 56 1630.
386 1929 224 56 1
475 1929 269 56 p.
610 1929 493 56 in-fol.
968 1929 493 56 Cachet.
1326 1929 269 56 20
1416 1929 134 56 »

97 1975 165 71 2325.
207 1975 294 71 Walsh
446 1975 129 71 (le
519 1975 239 71 vicomte),
703 1975 184 71 auteur
832 1975 129 71 des
905 1975 257 71 Lettres
1107 1975 349 71 vendéennes
1401 1975 110 71 L.
1438 1975 110 71 aut.

140 2019 208 95 sig.,
279 2019 116 95 à
325 2019 139 95 M.
394 2019 231 95 l’abbé
556 2019 254 95 Perron.
741 2019 231 95 Rouen,
903 2019 139 95 13
972 2019 185 95 déc.
1088 2019 208 95 1838.
1226 2019 139 95 2.
1296 2019 208 95 in-8.
1434 2019 116 95 2
1458 2019 92 95 50

190 2063 149 77 ...
275 2063 128 77 Il
339 2063 106 77 a
381 2063 255 77 toujours
573 2063 170 77 aimé
679 2063 106 77 à
722 2063 170 77 voir
828 2063 128 77 la
892 2063 255 77 religion
1084 2063 234 77 appuyée
1254 2063 149 77 sur
1339 2063 149 77 une
1403 2063 149 77 char-

140 2119 179 71 rue,
252 2119 134 71 et
319 2119 336 71 fertilisant
588 2119 134 71 la
655 2119 224 71 terre,
812 2119 134 71 en
879 2119 179 71 même
991 2119 202 71 temps
1125 2119 246 71 qu’elle
1305 2119 224 71 essuie
1439 2119 112 71 les

140 2174 220 65 sueurs
294 2174 154 65 des
360 2174 286 65 laboureurs.

97 2199 190 102 2326.
223 2199 337 102 Zamet
497 2199 337 102 (Sébastien),
771 2199 232 102 célèbre
940 2199 274 102 financier
1151 2199 169 102 sous
1256 2199 148 102 les
1340 2199 211 102 règnes
1467 2199 84 102 de

142 2280 204 53 Henri
279 2280 159 53 III
369 2280 136 53 et
438 2280 204 53 Henri
574 2280 159 53 IV.
665 2280 227 53 Quitt.
824 2280 182 53 sig.
938 2280 182 53 (sur
1051 2280 341 53 parchemin.)
1324 2280 204 53 1604.
1460 2280 114 53 5
1483 2280 68 53 »

100 2316 157 74 2327.
204 2316 367 74 Zangiacomi
519 2316 175 74 député
641 2316 105 74 de
694 2316 105 74 la
746 2316 315 74 Meurthe
1008 2316 122 74 aux
1078 2316 384 74 cinq-cents
1410 2316 105 74 L.
1445 2316 105 74 aut.

134 2379 252 74 sig.
291 2379 315 74 Paris,
511 2379 189 74 19
606 2379 378 74 germinal
889 2379 189 74 an
983 2379 189 74 V.
1078 2379 157 74 2
1141 2379 189 74 p.
1235 2379 283 74 in-4.
1424 2379 157 74 4
1456 2379 94 74 »

96 2469 184 68 2328.
219 2469 349 68 Mozar,
506 2469 287 68 l’immortel
731 2469 308 68 compositeur
977 2469 123 68 de
1039 2469 205 68 Don
1182 2469 349 68 Giovann,
1449 2469 103 68 des

148 2518 194 64 Nozze
293 2518 97 64 di
342 2518 242 64 Figaro
535 2518 97 64 de
584 2518 145 64 la
681 2518 145 64 Flâte
778 2518 291 64 enchantée
1020 2518 129 64 etc.
1101 2518 275 64 Scena
1327 2518 210 64 Partition
1472 2518 81 64 mu-

144 2564 213 68 sicale
293 2564 171 68 aut.
400 2564 171 68 sig.
506 2564 277 68 Monacoli,
720 2564 128 68 le
784 2564 107 68 8
826 2564 171 68 mars
933 2564 192 68 1781.
1061 2564 341 68 Vingt-quatre
1339 2564 192 68 pages
1445 2564 107 68 in-

137 2615 265 65 folio
313 2615 324 65 oblong.
549 2615 265 65 Demie
725 2615 353 65 reliure.
991 2615 471 65 Rare
1373 2615 206 65 100
1462 2615 88 65 »

139 2711 167 74 N.
251 2711 167 74 B
362 2711 111 74 M.
418 2711 223 74 LAVERDET
585 2711 130 74 est
659 2711 148 74 chez
752 2711 130 74 lui
826 2711 111 74 de
882 2711 93 74 1
919 2711 167 74 heure
1030 2711 93 74 à
1067 2711 111 74 4,
1123 2711 130 74 les
1197 2711 241 74 dimanches
1383 2711 111 74 et
1420 2711 130 74 fêtes

98 2765 241 68 exceptés,
284 2765 111 68 et
340 2765 111 68 du
395 2765 111 68 15
451 2765 167 68 avril
562 2765 111 68 au
618 2765 111 68 15
674 2765 223 68 octobre,
841 2765 130 68 les
915 2765 241 68 mercredis
1101 2765 111 68 et
1156 2765 204 68 samedis
1286 2765 223 68 seulement.
