1576 2996
614 97 228 88 EN
690 97 266 88 VENTE

293 170 160 89 A
357 170 192 89 LA
453 170 416 89 LIBRAIRIE
773 170 192 89 DE
869 170 192 89 J.
933 170 352 89 TECHENER,

544 227 147 74 RUE
628 227 126 74 DE
691 227 335 74 L’ARBRE-SEC,
942 227 105 74 52.

413 342 720 95 CORRESPONDANCE

698 427 186 58 ENTRE

-13 516 1487 94 DOILRAUTETRAUA

716 612 130 57 ET

465 656 586 115 BROSSEITTE,

502 755 211 60 Avocat
650 755 127 60 au
713 755 274 60 Parlement
924 755 127 60 de
966 755 148 60 Lyon.

382 809 255 62 PUBLIÉE
567 809 162 62 SUR
660 809 162 62 LES
753 809 324 62 MANUSCRITS
984 809 255 62 ORIGINAUX

500 863 188 86 PAR
608 863 296 86 AUGUSTE
796 863 296 86 LAVERDET,

276 927 512 92 INTRODUCTION
692 927 224 92 PAR
820 927 192 92 M.
916 927 288 92 JULES
1076 927 256 92 JANIN.

385 996 239 64 Première
576 996 175 64 édition
704 996 207 64 complète,
863 996 96 64 en
911 996 159 64 partie
1007 996 223 64 inédite

102 1053 104 64 Un
154 1053 174 64 volume
275 1053 139 64 in-8
362 1053 104 64 de
414 1053 156 64 XXXII
518 1053 87 64 —
553 1053 122 64 608
623 1053 174 64 pages,
744 1053 139 64 avec
831 1053 122 64 six
900 1053 260 64 fac-simile,
1109 1053 104 64 et
1161 1053 104 64 la
1213 1053 243 64 généalogie
1404 1053 104 64 de
1439 1053 69 64 la

544 1109 197 62 famille
687 1109 107 62 de
741 1109 197 62 Boileau
866 1109 215 62 Despréaux.

705 1151 110 56 OEEERRE
785 1151 50 56 (
805 1151 60 56 CD
835 1151 60 56 ()
865 1151 60 56 CE
885 1151 30 56 m

361 1193 331 67 <SOMMAIRE
615 1193 153 67 DU
691 1193 280 67 CONTENU
895 1193 153 67 DE
971 1193 153 67 CE
1022 1193 229 67 VOLUME:

78 1264 249 67 PREMIÈRE
265 1264 208 67 PARTIE
410 1264 249 67 (Premier
597 1264 208 67 volume
742 1264 125 67 du
805 1264 311 67 manuscrit).
1054 1264 104 67 —
1095 1264 374 67 Correspondance
1386 1264 145 67 entre

126 1316 215 54 Boileau
283 1316 254 54 Despréaux
479 1316 117 54 et
537 1316 254 54 Brossette
733 1316 274 54 (contenant
948 1316 372 54 soixante-quinze
1261 1316 215 54 lettres
1398 1316 137 54 auto-

934 1359 168 48 Arrêt
1046 1359 112 48 de
1102 1359 224 48 noblesse
1270 1359 112 48 de
1326 1359 112 48 la
1363 1359 168 48 famille

127 1356 221 52 graphes
287 1356 221 52 signées
448 1356 120 52 de
508 1356 221 52 Boileau
668 1356 301 52 Despréaux).
889 1356 60 52 —

122 1398 121 57 de
182 1398 221 57 Boileau
343 1398 282 57 Despréaux.
565 1398 101 57 —
605 1398 242 57 Sentence
786 1398 141 57 des
867 1398 242 57 requêtes
1048 1398 121 57 du
1108 1398 201 57 Palais
1249 1398 141 57 sur
1330 1398 121 57 le
1370 1398 161 57 procès

127 1438 110 54 du
182 1438 201 54 Lutrin.
328 1438 92 54 —
365 1438 201 54 Lettres
511 1438 110 54 et
566 1438 183 54 pièces
694 1438 110 54 de
749 1438 201 54 divers.
896 1438 92 54 —
932 1438 238 54 Testament
1115 1438 110 54 de
1170 1438 201 54 Boileau
1298 1438 220 54 Despréaux.

85 1483 221 66 DEUXIÊME
251 1483 203 66 PARTIE,
398 1483 111 66 ou
454 1483 388 66 Supplément
786 1483 240 66 (deuxième
970 1483 185 66 volume
1100 1483 111 66 du
1155 1483 277 66 manuscrit,)
1358 1483 166 66 compre-

124 1529 150 53 nant
218 1529 131 53 les
293 1529 206 53 papiers
442 1529 112 53 de
499 1529 206 53 Boileau
648 1529 243 53 Despréaux
836 1529 206 53 laissés
985 1529 94 53 à
1023 1529 112 53 sa
1079 1529 168 53 mort,
1191 1529 112 53 et
1247 1529 187 53 donnés
1378 1529 94 53 à
1397 1529 131 53 Bros-

124 1571 184 54 sette
246 1571 143 54 par
328 1571 204 54 l’abbé
470 1571 245 54 Boileau,
654 1571 143 54 son
736 1571 204 54 frère.
878 1571 102 54 —
919 1571 143 54 Les
1001 1571 184 54 Héros
1123 1571 122 54 du
1184 1571 204 54 Roman,
1307 1571 224 54 dialogue.

185 1613 168 46 Deux
290 1613 273 46 Épitaphes
500 1613 126 46 de
563 1613 231 46 Racine.
731 1613 105 46 —
773 1613 231 46 Réponse
941 1613 105 46 à
983 1613 126 46 un
1046 1613 231 46 mémoire
1214 1613 126 46 de
1277 1613 210 46 Claude
1403 1613 126 46 Per-

133 1655 187 51 rault.
264 1655 93 51 —
301 1655 224 51 Lettres:
469 1655 112 51 au
526 1655 168 51 comte
638 1655 112 51 de
694 1655 224 51 Vivonne;
862 1655 93 51 à
899 1655 243 51 Maucroix;
1086 1655 93 51 à
1123 1655 187 51 Racine
1254 1655 149 51 (dix
1329 1655 205 51 lettres);

129 1699 102 43 à
169 1699 204 43 Madame
312 1699 245 43 Manchon,
496 1699 123 43 sa
558 1699 184 43 sœur;
680 1699 102 43 à
721 1699 204 43 Madame
864 1699 123 43 la
925 1699 245 43 marquise
1109 1699 123 43 de
1170 1699 266 43 Villette;
1375 1699 102 43 à
1415 1699 123 43 M.
1456 1699 82 43 de

131 1740 125 51 La
194 1740 271 51 Chapelle,
403 1740 146 51 son
486 1740 188 51 neveu
611 1740 167 51 (dix
716 1740 271 51 lettres);
924 1740 104 51 à
966 1740 125 51 M.
1029 1740 125 51 le
1091 1740 188 51 comte
1217 1740 125 51 de
1258 1740 230 51 Maurepas;

1367 1743 171 45 à

130 1782 119 52 M.
190 1782 119 52 de
249 1782 357 52 Pontchartrain;
547 1782 99 52 à
587 1782 119 52 M.
646 1782 199 52 l’abbé
785 1782 218 52 Bignon;
944 1782 99 52 à
984 1782 119 52 M.
1044 1782 119 52 le
1103 1782 179 52 comte
1222 1782 119 52 de
1282 1782 179 52 Revel
1401 1782 139 52 sur
1461 1782 79 52 le

130 1824 206 49 combat
275 1824 124 49 de
337 1824 248 49 Crémone;
522 1824 103 49 à
564 1824 124 49 M.
625 1824 124 49 Le
687 1824 248 49 Verrier;
873 1824 103 49 à
914 1824 309 49 Destouches;
1162 1824 124 49 au
1224 1824 165 49 père
1306 1824 227 49 Thoulier,

139 1866 168 46 trois
251 1866 243 46 lettres),
438 1866 168 46 etc.,
550 1866 205 46 etc...;
700 1866 224 46 Maucroix
868 1866 93 46 à
905 1866 261 46 Despréaux,
1110 1866 168 46 (cinq
1223 1866 243 46 lettres);
1391 1866 149 46 Racine

130 1909 98 48 à
170 1909 274 48 Despréaux;
385 1909 117 48 le
443 1909 156 48 père
541 1909 235 48 Bouhours
717 1909 98 48 à
756 1909 274 48 Despréaux,
971 1909 176 48 etc.,
1088 1909 156 48 etc.
1186 1909 98 48 —
1225 1909 195 48 Pièces
1362 1909 117 48 de
1401 1909 137 48 vers:

131 1951 306 56 Épigrammes;
376 1951 225 56 Chanson
539 1951 102 56 à
580 1951 204 56 boire;
723 1951 225 56 Énigme;
886 1951 225 56 Parodie
1049 1951 286 56 burlesque;
1274 1951 245 56 Réponses
1437 1951 102 56 aux

128 1995 238 50 jésuites
307 1995 119 50 de
366 1995 238 50 Trévoux;
544 1995 277 50 Quatrains;
762 1995 178 50 etc.,
881 1995 159 50 etc.
980 1995 238 50 Fragment
1159 1995 159 50 d’un
1258 1995 238 50 prologue
1416 1995 119 50 d’o-

134 2042 269 62 péra....;
341 2042 228 62 Préface
507 2042 166 62 pour
611 2042 124 62 la
673 2042 207 62 Satire
818 2042 166 62 XII;
922 2042 186 62 Notes
1046 2042 166 62 pour
1149 2042 373 62 l’intelligence
1439 2042 104 62 des

135 2071 192 53 œuvres
269 2071 230 53 diverses
442 2071 115 53 de
499 2071 269 53 Despréaux,
710 2071 134 53 sur
787 2071 115 53 la
845 2071 211 53 préface
998 2071 115 53 de
1055 2071 249 53 l’édition
1247 2071 173 53 in-4°
1362 2071 115 53 de
1401 2071 134 53 1701.

90 2116 247 69 TROISIÈME
280 2116 209 69 PARTIE,
432 2116 114 69 ou
489 2116 399 69 Appendice
830 2116 95 69 —
868 2116 228 69 Mémoires
1039 2116 114 69 de
1096 2116 266 69 Brossette,
1305 2116 133 69 sur
1362 2116 171 69 Boileau

127 2164 278 54 Despréaux,
346 2164 219 54 d’après
505 2164 139 54 les
584 2164 259 54 fragments
783 2164 259 54 originaux
982 2164 259 54 conservés
1181 2164 99 54 à
1221 2164 119 54 la
1261 2164 278 54 Bibliothèque

121 2206 229 55 Impériale.

387 2213 227 48 Lettres
552 2213 124 48 de
614 2213 124 48 M.
676 2213 124 48 A.
738 2213 268 48 Péricaud,
944 2213 124 48 et
1005 2213 350 48 dissertation,
1294 2213 124 48 au
1356 2213 185 48 sujet
1459 2213 82 48 de

125 2245 278 61 Brossette.
344 2245 99 61 —
384 2245 179 61 Table
503 2245 278 61 analytique
722 2245 139 61 des
801 2245 179 61 noms,
921 2245 139 61 des
1000 2245 199 61 lieux,
1139 2245 179 61 etc.,
1259 2245 179 61 cités
1378 2245 159 61 dans
1457 2245 80 61 la

132 2287 354 54 correspondance
427 2287 177 54 entre
545 2287 216 54 Boileau
703 2287 256 54 Despréaux
900 2287 118 54 et
939 2287 236 54 Brossette.

252 2335 170 59 Prix,
365 2335 188 59 papier
497 2335 170 59 carré
591 2335 151 59 vélin.

1359 2320 117 84 10
1398 2320 98 84 fr.

1209 2325 161 83 ★0

1014 2344 102 58 0

236 2390 102 56 —

359 2395 205 67 papier
502 2395 184 67 grand
625 2395 205 67 raisin
768 2395 225 67 vélin..
932 2395 102 67 .
973 2395 102 67 .
1014 2395 102 67 .
1054 2395 102 67 .
1095 2395 102 67 .
1136 2395 102 67 .
1177 2395 102 67 .
1218 2395 102 67 .
1259 2395 102 67 .
1280 2395 61 67 .

1357 2389 119 49 15
1397 2389 99 49 fr.

363 2429 192 64 papier
497 2429 172 64 grand
612 2429 192 64 raisin
727 2429 153 64 vergé.

1368 2435 110 54 15
1404 2435 92 54 fr.

843 2430 163 67 6
941 2430 163 67 6
1006 2430 163 67 6
1137 2430 163 67 6
1234 2430 98 67 0

253 2467 159 68 Il
306 2467 80 68 a

363 2476 140 67 été
443 2476 160 67 tiré
543 2476 279 67 vingt-cinq
762 2476 299 67 exemplaires
1001 2476 140 67 sur
1081 2476 199 67 papier
1200 2476 140 67 grand

138 2490 185 103 raisin
268 2490 167 103 fort,
379 2490 185 103 vergé,
509 2490 259 103 numérotés,
713 2490 148 103 avec
806 2490 167 103 titre
917 2490 204 103 imprimé
1065 2490 148 103 noir
1158 2490 111 103 et
1195 2490 148 103 rouge,

139 2577 124 59 et
201 2577 207 59 collés
346 2577 186 59 après
470 2577 372 59 l’impression..
780 2577 103 59 .
822 2577 103 59 .
863 2577 103 59 .
904 2577 103 59 .
925 2577 62 59 .

1372 2563 117 67 30
1411 2563 98 67 fr.

93 2610 248 60 L’épitaphe
288 2610 106 60 de
341 2610 177 60 Racine
465 2610 124 60 par
536 2610 195 60 Boileau
677 2610 248 60 Despréaux,
872 2610 230 60 conservée
1049 2610 142 60 dans
1137 2610 212 60 l’Église
1279 2610 265 60 Saint

128 2660 103 62 du
179 2660 155 62 Mont,
283 2660 103 62 et
334 2660 241 62 reproduite
524 2660 138 62 dans
610 2660 103 62 ce
661 2660 189 62 volume,
799 2660 86 62 a
833 2660 120 62 été
902 2660 155 62 tirée
1005 2660 86 62 à
1040 2660 155 62 part,
1143 2660 138 62 pour
1229 2660 120 62 les
1298 2660 155 62 trois
1384 2660 155 62 papiers

128 2690 158 58 grand
234 2690 193 58 raisin,
357 2690 211 58 seulement.

236 2789 195 84 Paris.
373 2789 98 84 —
412 2789 293 84 Typographie
646 2789 117 84 de
705 2789 215 84 Gaittet
861 2789 117 84 et
919 2789 156 84 Cie,
1017 2789 137 84 rue
1095 2789 312 84 Gît-le-Cœur,
1329 2789 78 84 7.
