1228 2068
542 0 117 69 —
588 0 117 69 7
612 0 70 69 —

148 64 109 66 mer,
217 64 95 66 qui
271 64 95 66 est
326 64 136 66 blessé
421 64 68 66 à
448 64 82 66 la
489 64 123 66 main.
571 64 82 66 Il
612 64 177 66 s’appelle
748 64 136 66 Cussey
844 64 109 66 Seid
912 64 164 66 Mustapha
1035 64 136 66 Pacha.
1130 64 82 66 Je
1157 64 55 66 le

142 111 179 56 conduirai
280 111 83 56 au
321 111 124 56 Caire
404 111 110 56 avec
459 111 124 56 moi...»

144 143 148 63 28608.
248 143 192 63 OFFENBACH
396 143 207 63 (Jacques),
559 143 178 63 l’auteur
692 143 89 63 de
736 143 89 63 la
781 143 178 63 Belle
914 143 222 63 Hélène
1092 143 74 63 —
1121 143 89 63 L.
1151 143 59 63 a.

156 195 84 51 s.,
204 195 60 51 1
228 195 72 51 p.
264 195 120 51 in-18.
348 195 60 51 2
360 195 48 51 50

140 244 163 48 28609.
254 244 196 48 PAGANINI
401 244 229 48 (Niccolo),
581 244 98 48 le
630 244 147 48 grand
727 244 245 48 violoniste.
923 244 82 48 —
956 244 98 48 L.
1005 244 114 48 a.,
1070 244 82 48 à
1103 244 98 48 la
1136 244 65 48 3°

139 290 231 65 personne,
317 290 89 65 à
353 290 107 65 M.
406 290 231 65 Duverger;
584 290 178 65 Paris,
708 290 124 65 1er
779 290 142 65 oct.
868 290 160 65 1832,
975 290 124 65 1/2
1046 290 107 65 p.
1082 290 124 65 in

1072 330 150 59 12
1122 330 75 59 »

152 361 101 65 28610.
223 361 91 65 PAJOU
284 361 152 65 (Augustin),
405 361 101 65 habile
476 361 142 65 statuaire.
597 361 51 65 —
618 361 61 65 L.
648 361 61 65 a.
678 361 61 65 s.
709 361 61 65 au
729 361 71 65 comte

137 416 296 70 d’Angiviller;
380 416 174 70 Paris,
502 416 105 70 14
555 416 139 70 oct.
642 416 157 70 1778,
746 416 87 70 1
781 416 105 70 p.
833 416 122 70 1/2
903 416 157 70 in-4.
1007 416 174 70 Légère
1112 416 87 70 dé-

138 461 167 54 chirure
260 461 122 54 dans
336 461 91 54 un
381 461 152 54 angle.
488 461 91 54 14
518 461 46 54 »

177 504 83 45 Il
219 504 70 45 a
247 504 195 45 communiqué
400 504 83 45 au
441 504 125 45 sieur
525 504 139 45 Pomel,
622 504 167 45 mouleur,
747 504 153 45 l’ordre
858 504 97 45 qui
914 504 97 45 lui
970 504 70 45 a
997 504 97 45 été
1053 504 125 45 donné
1123 504 83 45 pour

150 533 152 52 l’Amour
261 533 83 52 de
303 533 208 52 Bouchardon.
469 533 97 52 Cet
524 533 125 52 homme
607 533 97 52 lui
663 533 69 52 a
690 533 139 52 promis
787 533 83 52 de
829 533 111 52 tout
898 533 152 52 quitter
1009 533 111 52 pour
1064 533 139 52 exécuter

147 575 90 56 cet
199 575 129 56 ordre.
289 575 77 56 Il
327 575 64 56 a
353 575 142 56 demandé
456 575 77 56 le
495 575 129 56 marbre
585 575 103 56 pour
649 575 154 56 exécuter
765 575 77 56 la
803 575 129 56 statue
894 575 77 56 de
919 575 129 56 Bossuet.

150 612 145 67 28611.
251 612 145 67 RAYNAL
353 612 189 67 (l’abbé),
498 612 160 67 célèbre
614 612 189 67 historien
759 612 87 67 et
802 612 218 67 philosophé.
976 612 73 67 —
1005 612 87 67 L.
1034 612 58 67 a.

141 661 98 56 s.;
197 661 196 56 Marseille,
351 661 84 56 18
392 661 126 56 sept.
476 661 126 56 1787,
560 661 70 56 1
588 661 84 56 p.
630 661 98 56 1/2
686 661 126 56 in-4.
770 661 223 56 Rare
951 661 84 56 10
979 661 42 56 »

176 696 81 60 Il
216 696 94 60 est
270 696 108 60 bien
337 696 228 60 reconnaissant
525 696 94 60 des
579 696 134 60 bontés
673 696 81 60 de
713 696 202 60 l’Académie.
874 696 81 60 Il
915 696 94 60 est
969 696 148 60 fâcheux
1076 696 94 60 que
1116 696 81 60 dans

156 736 218 49 quarante-deux
336 736 154 49 discours
451 736 115 49 aucun
528 736 115 49 n’ait
605 736 128 49 mérité
695 736 90 49 son
746 736 167 49 suffrage.
874 736 77 49 Ne
913 736 192 49 pourrait-on
1054 736 141 49 couronner

149 774 78 47 le
188 774 155 47 discours
304 774 155 47 imprimé,
421 774 104 47 s’il
486 774 91 47 est
538 774 104 47 d’un
602 774 117 47 ordre
680 774 168 47 supérieur
810 774 65 47 ?
835 774 78 47 Un
874 774 91 47 des
926 774 104 47 plus
991 774 130 47 grands
1069 774 130 47 artistes

140 803 76 59 du
178 803 114 59 temps
254 803 63 59 a
280 803 101 59 fait
343 803 89 59 son
394 803 127 59 buste.
482 803 76 59 Il
520 803 114 59 s’est
596 803 127 59 permis
685 803 76 59 de
723 803 76 59 le
761 803 127 59 léguer
849 803 89 59 par
900 803 89 59 son
950 803 165 59 testament
1077 803 63 59 à
1090 803 101 59 l’Aca-

146 835 127 49 démie.
235 835 114 49 Cette
311 835 190 49 disposition
463 835 190 49 sera-t-elle
603 835 152 49 approuvée?

136 867 155 65 28612.
245 867 217 65 ROBBERECHS
416 867 186 65 (André),
556 867 171 65 célèbre
680 867 233 65 violoniste.
866 867 78 65 —
897 867 93 65 L.
944 867 93 65 a.
990 867 93 65 s.
1037 867 78 65 à
1052 867 140 65 Mialle;

135 913 151 49 Paris,
241 913 91 49 26
286 913 136 49 sept.
377 913 136 49 1814,
468 913 76 49 1
498 913 91 49 p.
544 913 136 49 in-4.
634 913 76 49 5
650 913 45 49 »

176 955 199 45 Intéressante
337 955 124 45 lettre
424 955 75 45 où
462 955 75 45 il
499 955 112 45 parle
574 955 75 45 de
611 955 137 45 Baillot
711 955 75 45 et
748 955 75 45 de
785 955 162 45 l’arrivée
910 955 75 45 de
947 955 124 45 Viotti
1034 955 62 45 à
1046 955 100 45 Paris.

132 990 156 61 28613.
242 990 188 61 ROUSSEAU
383 990 188 61 (J.-B.),
523 990 94 61 un
570 990 94 61 de
617 990 109 61 nos
680 990 203 61 meilleurs
836 990 156 61 poëtes
945 990 203 61 lyriques.
1086 990 47 61 —

135 1033 110 67 L.
190 1033 110 67 a.
245 1033 110 67 s.
300 1033 92 67 à
336 1033 110 67 M.
391 1033 275 67 d’Argental;
611 1033 202 67 Vienne,
758 1033 110 67 11
813 1033 165 67 févr.
923 1033 165 67 1721,
1033 1033 92 67 3
1070 1033 110 67 p.
1106 1033 92 67 pl.

142 1072 132 60 in-4.
230 1072 146 60 Légère
333 1072 205 60 déchirure.
494 1072 88 60 30
523 1072 44 60 »

170 1118 191 57 Très-belle
320 1118 150 57 lettre,
429 1118 150 57 remplie
539 1118 82 57 de
579 1118 232 57 protestations
770 1118 177 57 amicales.
907 1118 95 57 «Je
961 1118 109 57 suis
1029 1118 82 57 un
1070 1118 123 57 homme
1138 1118 55 57 du

136 1164 114 43 vieux
212 1164 114 43 tems,
288 1164 139 43 dit-il,
390 1164 76 43 et
428 1164 89 43 les
478 1164 152 43 nouveaux
592 1164 152 43 systèmes
707 1164 114 43 n’ont
783 1164 89 43 pas
833 1164 114 43 assez
909 1164 101 43 bien
973 1164 127 43 réussi
1061 1164 76 43 en
1087 1164 101 43 France

142 1193 115 62 pour
214 1193 87 62 me
257 1193 173 62 dégoûter
387 1193 101 62 des
445 1193 173 62 anciens.
574 1193 130 62 Aussi
661 1193 87 62 ne
704 1193 159 62 fais-je
820 1193 130 62 aucun
906 1193 130 62 goute
993 1193 101 62 que
1051 1193 87 62 ma
1080 1193 115 62 morale

132 1232 152 42 antique
243 1232 83 42 ne
285 1232 111 42 vous
354 1232 180 42 accommode
492 1232 125 42 mieux
575 1232 97 42 que
631 1232 83 42 la
672 1232 139 42 morale
756 1232 152 42 moderne.»

134 1256 89 64 28614.
196 1256 107 64 SAINTINE
276 1256 107 64 (X.-B.),
356 1256 107 64 l’auteur
436 1256 53 64 de
463 1256 178 64 Picciola
614 1256 44 64 —
632 1256 133 64 Fragment
729 1256 98 64 d’une

141 1302 211 66 tragédie
310 1302 84 66 de
352 1302 268 66 Thémistocle
577 1302 268 66 inédite
803 1302 127 66 pièce
887 1302 84 66 de
930 1302 113 66 vers
1000 1302 113 66 aut.
1070 1302 127 66 sig.,
1141 1302 42 66 1

135 1345 95 64 p.
183 1345 95 64 in
230 1345 79 64 8
262 1345 175 64 oblong.
389 1345 143 64 Jolie
484 1345 143 64 pièce
580 1345 191 64 d’album.
723 1345 79 64 6
738 1345 48 64 »

135 1395 158 70 28615.
246 1395 126 70 SAND
324 1395 221 70 (Georges),
498 1395 95 70 la
545 1395 173 70 célèbre
671 1395 236 70 romancière.
860 1395 79 70 —
892 1395 95 70 L.
939 1395 95 70 a.
986 1395 110 70 s.,
1049 1395 79 70 1
1081 1395 95 70 p.
1112 1395 79 70 1/2

126 1444 152 66 in-8.
227 1444 168 66 Légers
345 1444 303 66 raccommodages.
598 1444 101 66 25
631 1444 51 66 »

170 1485 155 65 Curieuse
286 1485 129 65 lettre
377 1485 78 65 où
416 1485 103 65 elle
481 1485 129 65 expose
571 1485 91 65 les
623 1485 142 65 raisons
726 1485 91 65 qui
778 1485 78 65 la
817 1485 142 65 forcent
920 1485 65 65 à
946 1485 78 65 ne
985 1485 91 65 pas
1037 1485 155 65 recevoir
1140 1485 52 65 la

147 1530 124 52 visite
234 1530 75 52 de
271 1530 112 52 celui
346 1530 124 52 auquel
433 1530 99 52 elle
495 1530 124 52 écrit.
582 1530 99 52 Elle
644 1530 149 52 explique
756 1530 75 52 la
793 1530 174 52 différence
930 1530 87 52 qui
980 1530 124 52 existe
1067 1530 99 52 chez
1116 1530 75 52 elle

128 1556 113 51 entre
204 1556 176 51 l’écrivain
342 1556 75 51 et
379 1556 75 51 la
405 1556 100 51 femme.

128 1588 162 69 28616.
241 1588 146 69 SCALA
338 1588 275 69 (Bartolomeo),
565 1588 194 69 écrivain
711 1588 97 69 et
759 1588 146 69 homme
856 1588 162 69 d’Etat
970 1588 194 69 italien.
1099 1588 81 69 an-

131 1637 234 61 tagoniste
311 1637 108 61 de
365 1637 234 61 Politien.
546 1637 90 61 —
582 1637 108 61 L.
636 1637 108 61 a.
690 1637 108 61 s.
744 1637 90 61 à
780 1637 234 61 Jean-Côme
961 1637 108 61 de
997 1637 180 61 Médicis;

128 1671 220 59 Florence,
297 1671 85 59 4
331 1671 152 59 sept.
433 1671 152 59 1460,
534 1671 85 59 1
568 1671 102 59 p.
619 1671 152 59 in-4,
721 1671 203 59 adresse,
873 1671 169 59 traces
992 1671 102 59 de
1026 1671 152 59 cachet.

1047 1728 161 51 30
1101 1728 80 51 »

157 1745 75 82 Il
194 1745 87 82 est
244 1745 137 82 heureux
343 1745 87 82 que
393 1745 87 82 les
443 1745 112 82 bains
518 1745 87 82 lui
568 1745 137 82 fassent
668 1745 75 82 du
705 1745 112 82 bien¬
780 1745 162 82 Nouvelles
892 1745 137 82 diverses.

128 1797 161 64 28617.
241 1797 225 64 TAILLAISON
418 1797 225 64 (J.-Jos.),
595 1797 177 64 peintre
723 1797 241 64 d’histoire,
917 1797 97 64 né
965 1797 80 64 à
997 1797 145 64 Blaye
1077 1797 97 64 (Gi-

122 1854 193 62 ronde).
263 1854 88 62 —
298 1854 105 62 L.
351 1854 105 62 a.
403 1854 123 62 s.;
474 1854 105 62 19
526 1854 193 62 vendém.
667 1854 105 62 an
719 1854 158 62 VIII,
825 1854 88 62 2
860 1854 105 62 p.
913 1854 123 62 1/4
983 1854 158 62 in-4.
1071 1854 105 62 10.»

140 1900 77 67 Il
179 1900 77 67 se
217 1900 141 67 propose
320 1900 77 67 de
358 1900 154 67 peindre,
473 1900 103 67 pour
537 1900 77 67 le
576 1900 103 67 prix
640 1900 243 67 d’encouragement
845 1900 90 67 que
896 1900 77 67 le
935 1900 103 67 jury
999 1900 90 67 lui
1050 1900 64 67 a
1063 1900 115 67 adjugé,

117 1929 238 49 Andromaque
313 1929 154 49 offrant
425 1929 98 49 des
481 1929 112 49 dons
551 1929 168 49 funèbres
677 1929 84 49 au
719 1929 154 49 tombeau
817 1929 224 49 d’Hector.

-5 1968 191 81 28618.
129 1968 230 81 TENNYSON
301 1968 249 81 (Alfred),
493 1968 211 81 célèbre
646 1968 172 81 poëte
761 1968 230 81 anglais.
933 1968 96 81 —
971 1968 115 81 L.
1029 1968 115 81 a.
1086 1968 96 81 à
1105 1968 77 81 la
