1178 2249
493 -2 117 64 —
539 -2 117 64 4
563 -2 70 64 —

114 50 154 64 tion.
230 50 77 64 L.
269 50 77 64 a.
307 50 129 64 s.
397 50 77 64 au
436 50 180 64 professeur
577 50 154 64 Gallino;
693 50 116 64 1781,
770 50 64 64 3
796 50 77 64 p.
835 50 116 64 in-4.
912 50 116 64 Belle
976 50 116 64 lettre.

988 99 140 44 13
1034 99 70 44 »

112 130 111 51 19524.
189 130 133 51 FLANDRIN
289 130 177 51 (Hippolyte),
433 130 122 51 célèbre
521 130 133 51 peintre,
621 130 111 51 membre
698 130 66 51 de
731 130 166 51 l’Institut.
864 130 100 51 L.
920 130 89 51 a

122 178 96 46 s.
197 178 34 46 1
211 178 41 46 p.
232 178 62 46 in-8.
273 178 34 46 2
280 178 27 46 75

354 198 79 74 19525
407 198 97 74 FOSCOLO
478 198 88 74 (Ugo),
540 198 97 74 célèbre
610 198 79 74 poëte
663 198 53 74 et
690 198 106 74 patriote
769 198 106 74 italien.
849 198 79 74 L.
902 198 53 74 a.
928 198 88 74 s.
990 198 44 74 à
1008 198 53 74 M.
1025 198 71 74 Binda;

116 252 112 51 1817,
190 252 62 51 1
215 252 75 51 p.
253 252 87 51 1/2
303 252 100 51 in-4
365 252 137 51 cachet.
465 252 112 51 Belle
540 252 137 51 lettre.
640 252 62 51 3
652 252 50 51 50

123 266 103 69 19526
191 266 137 69 FRANÇOIS
294 266 80 69 Ier
340 266 80 69 roi
385 266 69 69 de
420 266 126 69 France.
511 266 103 69 L.
580 266 114 69 s.
659 266 80 69 sur
705 266 114 69 vélin,
785 266 160 69 contresig.
899 266 206 69 Robertet

117 320 102 45 aux
176 320 102 45 duc
234 320 88 45 et
278 320 204 45 seigneurie
439 320 88 45 de
483 320 161 45 Venise;
599 320 73 45 8
629 320 175 45 juillet,
760 320 102 45 1/2
818 320 88 45 p.
862 320 161 45 in-fol.
965 320 131 45 oblong.

116 358 155 51 Très-belle
238 358 111 51 pièce.
316 358 55 51 9
327 358 33 51 »

143 373 185 64 Relative
281 373 92 64 au
328 373 139 64 comte
420 373 92 64 de
466 373 92 64 la
512 373 216 64 Sommaille,
682 373 123 64 dont
759 373 92 64 la
805 373 200 64 compagnie
959 373 108 64 est
1006 373 92 64 tou-

119 430 123 53 jours
201 430 164 53 demeurée
324 430 82 53 en
365 430 137 53 Italie
461 430 137 53 depuis
556 430 82 53 la
597 430 164 53 bataille
720 430 82 53 de
748 430 109 53 Pavie.

119 468 129 46 19527
205 468 186 46 GANTEAUME
348 468 100 46 (le
405 468 129 46 comte
491 468 172 46 Honoré),
620 468 229 46 vice-amiral,
806 468 100 46 qui
864 468 143 46 ramena
949 468 158 46 Bonaparte

122 512 175 38 d’Egypte,
256 512 81 38 un
297 512 94 38 des
351 512 108 38 plus
418 512 135 38 braves
512 512 135 38 marins
607 512 81 38 de
647 512 81 38 la
687 512 202 38 République.
849 512 121 38 L.
930 512 81 38 a.
970 512 135 38 s.
1051 512 54 38 au

116 547 110 38 cit.
185 547 206 38 Caffarelli;
349 547 82 38 en
390 547 110 38 rade
459 547 82 38 de
500 547 164 38 Comaret,
623 547 82 38 22
664 547 137 38 nivôse
760 547 82 38 an
802 547 96 38 IX,
856 547 69 38 4
884 547 82 38 p.
925 547 96 38 pl.
966 547 137 38 in

118 573 104 46 tête
183 573 117 46 impr.
261 573 104 46 avec
327 573 78 46 la
366 573 117 46 belle
444 573 170 46 vignette:
574 573 143 46 Nous
679 573 196 46 gouvernions
835 573 104 46 sous
900 573 91 46 son
939 573 170 46 étoile

121 608 130 43 Superbe
216 608 71 43 et
252 608 190 43 intéressante
406 608 130 43 lettre.
501 608 59 43 7
512 608 36 43 »

132 647 97 53 19528
197 647 107 53 GARCIA
272 647 150 53 (Eugénie),
390 647 118 53 célèbre
476 647 161 53 cantatrice.
605 647 97 53 L.
669 647 64 53 a.
701 647 118 53 s.
787 647 54 53 1
808 647 64 53 p.
841 647 97 53 in-8.
905 647 54 53 2
916 647 32 53 »

130 678 98 51 19529
195 678 120 51 GAUTIER
283 678 174 51 (Théophile),
424 678 98 51 poëte
489 678 65 51 et
522 678 174 51 littérateur,
664 678 98 51 L.
729 678 65 51 a.
762 678 120 51 s.
849 678 76 51 3/4
892 678 65 51 de
925 678 65 51 p.
947 678 76 51 in

129 722 119 44 Curieuse.
220 722 46 44 1
229 722 37 44 75

131 734 111 79 19530
205 734 123 79 GEORGE
291 734 86 79 Ier
340 734 86 79 roi
390 734 210 79 d’Angleterre.
562 734 111 79 L.
636 734 111 79 s.
710 734 74 79 en
747 734 160 79 allemand,
871 734 99 79 avec
932 734 74 79 la
957 734 148 79 souscript.

122 789 89 47 et
167 789 74 47 2
196 789 148 47 lignes
300 789 133 47 aut.;
389 789 252 47 Hamptoncourt,
596 789 89 47 23
641 789 119 47 août
715 789 133 47 1717,
804 789 74 47 1
833 789 89 47 p.
878 789 178 47 in-fol.,
996 789 119 47 cachet

123 829 90 42 bien
179 829 146 42 conservé.
291 829 56 42 6
302 829 34 42 »

130 840 122 78 19531
212 840 258 78 GIRODET-TRIOSON
429 840 150 78 célèbre
538 840 150 78 peintre
647 840 204 78 d’histoire,
810 840 136 78 membre
905 840 82 78 de
932 840 177 78 l’Institut.

130 899 85 56 L.
186 899 57 56 a.
214 899 104 56 s.
290 899 85 56 1820,
346 899 47 56 1
365 899 57 56 p.
393 899 85 56 in-8.
450 899 47 56 2
459 899 38 56 50

135 913 104 71 19532
205 913 115 71 GOUNOD
285 913 115 71 (Ch.),
366 913 173 71 compositeur
504 913 69 71 de
539 913 138 71 musique.
642 913 104 71 L.
711 913 69 71 a.
746 913 127 71 s.
838 913 58 71 1
861 913 69 71 p.
896 913 104 71 in-8.
965 913 58 71 2
976 913 35 71 »

129 978 111 47 19533
203 978 136 47 GOUSSET
301 978 160 47 (Thomas),
425 978 160 47 cardinal,
548 978 173 47 archevêque
684 978 74 47 de
721 978 123 47 Reims.
807 978 111 47 L.
881 978 74 47 a.
918 978 123 47 s.
992 978 37 47 à

136 1019 81 40 M.
176 1019 135 40 Gaume;
270 1019 135 40 Reims,
365 1019 81 40 20
405 1019 121 40 sept.
486 1019 121 40 1841,
567 1019 67 40 1
594 1019 81 40 p.
635 1019 121 40 in-4.
716 1019 67 40 1
729 1019 54 40 75

135 1054 109 58 19534
208 1054 109 58 GRAHN
281 1054 158 58 (Lucile),
402 1054 134 58 célèbre
500 1054 146 58 danseuse
609 1054 170 58 allemande.
743 1054 109 58 L.
816 1054 73 58 a.
853 1054 134 58 s.
950 1054 73 58 en
974 1054 134 58 français,

129 1091 63 40 1
155 1091 75 40 p.
192 1091 88 40 1/2
242 1091 113 40 in-8,
318 1091 126 40 papier
406 1091 163 40 dentelle.
531 1091 163 40 Charmante
657 1091 138 40 lettre.
757 1091 63 40 2
770 1091 50 40 50

140 1131 112 44 19535
214 1131 112 44 GRIMM
289 1131 87 44 (le
339 1131 112 44 baron
414 1131 100 44 de),
476 1131 150 44 critique
589 1131 75 44 et
626 1131 175 44 philosophe
764 1131 150 44 célèbre.
876 1131 112 44 L.
951 1131 75 44 a.
988 1131 125 44 s.
1063 1131 50 44 au

134 1163 131 50 comte
222 1163 102 50 (de
280 1163 263 50 Saint-Priest);
499 1163 146 50 Paris,
601 1163 88 50 25
645 1163 131 50 sept.
733 1163 131 50 1789,
820 1163 73 50 2
849 1163 88 50 p.
893 1163 131 50 in-4.
981 1163 131 50 Belle
1054 1163 58 50 et

136 1196 173 47 intéressante
277 1196 119 47 lettre.
363 1196 54 47 7
374 1196 32 47 »

130 1216 113 65 19536
206 1216 139 65 GRISIER
307 1216 176 65 (Auguste),
445 1216 76 65 le
483 1216 126 65 fameux
571 1216 126 65 maître
659 1216 176 65 d’escrime.
798 1216 113 65 L.
874 1216 76 65 a.
911 1216 126 65 s.
1000 1216 63 65 à
1025 1216 76 65 M.
1050 1216 63 65 La-

130 1276 131 52 sailley,
229 1276 55 52 1
250 1276 66 52 p.
283 1276 99 52 in-4.
349 1276 99 52 Jolie
415 1276 120 52 lettre.
502 1276 55 52 1
513 1276 44 52 50

133 1306 121 60 19537
213 1306 134 60 GUÉRIN
307 1306 174 60 (Pierre),
441 1306 148 60 célèbre
548 1306 148 60 peintre
656 1306 201 60 d’histoire,
817 1306 134 60 membre
911 1306 81 60 de
938 1306 174 60 l’Institut.

134 1345 98 42 L.
199 1345 65 42 a.
232 1345 109 42 s.
308 1345 65 42 au
341 1345 98 42 comte
406 1345 65 42 de
438 1345 130 42 Chabrol,
536 1345 54 42 1
558 1345 65 42 p.
590 1345 98 42 in-8.
656 1345 54 42 2
667 1345 43 42 50

132 1377 110 50 19538
205 1377 147 50 GUÉROULT
316 1377 172 50 (Adolphe),
450 1377 172 50 publiciste
585 1377 74 50 et
622 1377 135 50 député.
720 1377 110 50 L.
793 1377 74 50 a.
830 1377 135 50 s.
928 1377 61 50 1
953 1377 74 50 p.
989 1377 110 50 in-8.
1063 1377 61 50 1
1075 1377 49 50 75

130 1419 118 46 19539
208 1419 170 46 GUILLAUME
339 1419 105 46 III,
405 1419 92 46 roi
457 1419 223 46 d’Angleterre.
641 1419 118 46 Pièce
719 1419 118 46 sig.,
798 1419 79 46 en
837 1419 118 46 tête,
916 1419 105 46 sig.
981 1419 118 46 aussi
1047 1419 65 46 par

128 1463 186 40 Carlisle,
279 1463 116 40 Boyle,
360 1463 128 40 Hill
453 1463 70 40 et
488 1463 209 40 Pelham;
662 1463 174 40 Kensington,
801 1463 70 40 14
836 1463 104 40 janv.
905 1463 104 40 1701.
975 1463 58 40 1
987 1463 46 40 p.

1028 1493 117 49 7
1051 1493 70 49 »

134 1498 141 52 in-fol.
237 1498 115 52 Belle
301 1498 102 52 pièce.

138 1507 98 74 19540
203 1507 87 74 HAUY
258 1507 163 74 (Valentin),
388 1507 120 74 célèbre
475 1507 196 74 minéralogiste,
638 1507 109 74 membre
714 1507 65 74 de
747 1507 163 74 l’Institut.
877 1507 98 74 L.
931 1507 98 74 a.

125 1572 155 38 s.
245 1572 72 38 au
281 1572 108 38 grand
352 1572 167 38 chancelier
484 1572 72 38 de
520 1572 72 38 la
556 1572 120 38 Légion
639 1572 167 38 d’Honneur;
771 1572 120 38 Paris,
855 1572 72 38 24
890 1572 96 38 juin
938 1572 84 38 1810,

158 1599 39 49 2
174 1599 47 49 p.
198 1599 87 49 in-fol.
261 1599 39 49 5
268 1599 32 49 50

164 1612 82 72 Il
205 1612 82 72 le
246 1612 109 72 prie
315 1612 82 72 de
356 1612 191 72 solliciter
506 1612 82 72 de
547 1612 191 72 l’empereur
697 1612 82 72 la
738 1612 191 72 permission
889 1612 82 72 de
930 1612 137 72 porter
1025 1612 82 72 la
1053 1612 68 72 dé-

133 1671 173 41 coration
262 1671 87 41 de
306 1671 159 41 l’ordre
421 1671 87 41 de
464 1671 231 41 Saint-Michel
652 1671 87 41 de
695 1671 159 41 Bavière
810 1671 101 41 que
868 1671 87 41 le
911 1671 101 41 duc
954 1671 159 41 Guillaume

141 1706 110 52 ient
210 1706 83 52 de
252 1706 97 52 lui
293 1706 152 52 conférer.

144 1742 113 47 19541
220 1742 100 47 HUGO
282 1742 163 47 (Victor),
407 1742 75 47 le
445 1742 113 47 grand
520 1742 125 47 poëte.
607 1742 113 47 L.
682 1742 75 47 a.
720 1742 125 47 s.
807 1742 63 47 à
832 1742 75 47 M.
870 1742 138 47 Chenay;
957 1742 163 47 Hauteville-

136 1785 126 51 House,
225 1785 76 51 21
262 1785 113 51 janv.
338 1785 113 51 1861,
414 1785 63 51 1
439 1785 76 51 p.
477 1785 88 51 pl.
527 1785 139 51 in-fol.
628 1785 76 51 25
653 1785 38 51 »

166 1793 217 68 Magnifique
337 1793 155 68 lettre
446 1793 186 68 relative
586 1793 78 68 à
617 1793 109 68 son
679 1793 155 68 dessin
788 1793 93 68 de
834 1793 124 68 John
912 1793 155 68 Brown.
1005 1793 109 68 «John

139 1851 150 51 Brown,
244 1851 255 51 s’écrie-t-il,
454 1851 105 51 est
514 1851 90 51 un
559 1851 135 51 héros
649 1851 90 51 et
694 1851 90 51 un
739 1851 165 51 martyr.
859 1851 90 51 Sa
904 1851 120 51 mort
979 1851 75 51 a
1009 1851 105 51 été
1054 1851 60 51 un

141 1887 141 46 crime,
239 1887 99 46 son
296 1887 127 46 gibet
380 1887 99 46 est
436 1887 99 46 une
493 1887 141 46 croix.
591 1887 113 46 Vous
662 1887 113 46 vous
732 1887 169 46 souvenez
859 1887 99 46 que
915 1887 155 46 j’avait
1013 1887 99 46 écrit

145 1925 60 40 u
169 1925 84 40 bas
217 1925 72 40 du
253 1925 132 40 dessin;
350 1925 120 40 P.o
434 1925 193 40 Christo
590 1925 144 40 sicut
699 1925 217 40 Christus»
879 1925 72 40 Il
915 1925 108 40 avait
988 1925 96 40 bien
1036 1925 84 40 prévu

143 1952 97 48 que
199 1952 83 48 la
240 1952 153 48 rupture
352 1952 83 48 de
393 1952 153 48 l’union
504 1952 139 48 serait
602 1952 83 48 la
643 1952 208 48 conséquence
810 1952 83 48 de
852 1952 97 48 cet
908 1952 208 48 assassinat.
1060 1952 56 48 «A

143 1989 165 37 l’heure
263 1989 90 37 où
308 1989 120 37 nous
383 1989 150 37 sommes
489 1989 120 37 tout
564 1989 90 37 ce
609 1989 105 37 qui
669 1989 135 37 était
759 1989 120 37 dans
834 1989 210 37 l’échafaud
1000 1989 90 37 de
1030 1989 90 37 John

139 2017 124 53 Brown
222 2017 83 53 en
263 2017 124 53 sort,
346 2017 97 53 les
401 2017 193 53 fatalités,
553 2017 166 53 latentes
677 2017 83 53 il
719 2017 69 53 y
746 2017 69 53 a
774 2017 83 53 un
815 2017 124 53 mois,
898 2017 110 53 sont
953 2017 166 53 maintenant

144 2056 190 43 visibles,
290 2056 88 43 et
334 2056 117 43 l’on
407 2056 131 43 peut,
495 2056 102 43 dès
553 2056 73 43 à
583 2056 175 43 présent,
714 2056 204 43 considérer
875 2056 131 43 comme
948 2056 175 43 consommées

147 2091 74 45 a
177 2091 163 45 rupture
295 2091 89 45 de
340 2091 163 45 l’Union
458 2091 222 45 américaine,
636 2091 133 45 grand
724 2091 178 45 malheur,
858 2091 89 45 et
902 2091 222 45 l’abolition
1065 2091 59 45 de

138 2123 237 45 l’esclavage,
331 2123 163 45 immense
435 2123 207 45 progrès!...»

152 2160 90 46 19542
212 2160 100 46 ISABEY
282 2160 90 46 (E.),
343 2160 110 46 peintre
423 2160 120 46 célèbre.
513 2160 90 46 L.
573 2160 60 46 a.
603 2160 110 46 s.
684 2160 50 46 1
704 2160 60 46 p.
734 2160 90 46 in-8.
794 2160 50 46 1
804 2160 40 46 50
