1196 2144
542 -6 51 48 —
562 -6 61 48 11
583 -6 31 48 —

122 37 122 68 22277
203 37 203 68 ROBESPIERRE
365 37 230 68 (Maximilien),
554 37 149 68 célèbre
662 37 243 68 conventionnel,
864 37 162 68 décapité
986 37 81 68 en
1013 37 95 68 1794.

130 79 99 59 L.
196 79 122 59 s.
285 79 88 59 sig.
340 79 99 59 aussi
406 79 77 59 par
450 79 254 59 Billaud-Varenne,
671 79 166 59 Couthon
804 79 66 59 et
837 79 144 59 Collot
936 79 177 59 d’Herbois;

134 121 72 62 25
170 121 143 62 prairial
277 121 72 62 an
313 121 84 62 II,
361 121 60 62 1
385 121 72 62 p.
420 121 143 62 in-fol.,
528 121 95 62 vig.
587 121 72 62 et
623 121 95 62 tête
683 121 107 62 impr.
754 121 72 62 24
778 121 36 62 »

128 153 115 65 22278
205 153 179 65 ROCHAMBEAU
346 153 90 65 (J.
397 153 77 65 B.
435 153 77 65 D.
474 153 141 65 VIMEUR,
576 153 115 65 comte
653 153 102 65 de),
717 153 153 65 maréchal
832 153 77 65 de
870 153 141 65 France.
960 153 153 65 L.

126 192 112 76 a.
200 192 124 76 s.
287 192 62 76 à
312 192 75 76 M.
349 192 75 76 de
387 192 187 76 Saint-Paul;
536 192 187 76 Saint-Malo,
685 192 62 76 6
710 192 99 76 août
772 192 112 76 1779,
847 192 87 76 3/4
897 192 75 76 de
934 192 75 76 p.
971 192 112 76 in-4.
1046 192 62 76 4
1058 192 50 76 50

163 225 163 63 Relative
286 225 68 63 à
313 225 82 63 la
354 225 190 63 nomination
503 225 82 63 de
544 225 95 63 son
598 225 109 63 fils
666 225 150 63 (depuis
775 225 163 63 général)
897 225 82 63 au
938 225 122 63 grade
1020 225 82 63 de
1047 225 68 63 co-

126 277 132 52 lonel
214 277 88 52 en
258 277 146 52 second
361 277 88 52 de
390 277 205 52 Bourbonnais.

137 306 100 61 22279
204 306 156 61 ROCHAMBEAU
326 306 178 61 (Donatien-M.
471 306 89 61 Jos.
527 306 67 61 de
561 306 123 61 VIMEUR,
650 306 123 61 vicomte
739 306 89 61 de),
795 306 89 61 fils
851 306 67 61 du
873 306 67 61 pré-

134 344 140 56 cédent,
236 344 140 56 général
337 344 76 56 en
375 344 114 56 chef,
452 344 178 56 gouverneur
591 344 76 56 de
629 344 241 56 Saint-Domingue,
832 344 102 56 mort
883 344 76 56 glo-

136 377 142 55 rieusement
248 377 51 55 à
268 377 61 55 la
298 377 122 55 bataille
390 377 61 55 de
420 377 122 55 Leipzig.
512 377 91 55 L.
573 377 61 55 a.
603 377 112 55 s.
684 377 132 55 Maubeuge,
786 377 51 55 6
806 377 91 55 avril
857 377 71 55 1792,

139 424 72 50 1/2
180 424 62 50 p.
211 424 92 50 in-4.
272 424 51 50 3
282 424 31 50 »

140 448 76 56 22280
190 448 85 56 ROSSET
250 448 170 56 (Pierre-Fulcrand
394 448 68 56 de),
437 448 76 56 poëte
488 448 127 56 didactique,
589 448 85 56 auteur
649 448 51 56 de
666 448 161 56 l'Agricul

139 475 156 69 ure
263 475 62 69 né
295 475 52 69 à
315 475 166 69 Montpellier.
451 475 94 69 L.
513 475 62 69 a.
544 475 104 69 s.
617 475 52 69 à
638 475 62 69 M.
669 475 104 69 Balse;
742 475 114 69 (1785),
825 475 52 69 5
846 475 62 69 p.
877 475 73 69 1/4
918 475 94 69 in-8.
970 475 146 69 Rare

1013 511 120 36 10
1053 511 60 36 »

174 536 150 74 Superbe
283 536 150 74 lettre,
392 536 82 74 où
433 536 82 74 il
473 536 95 74 lui
528 536 136 74 envoie
623 536 95 74 une
677 536 95 74 ode
732 536 68 74 à
759 536 82 74 sa
800 536 150 74 louange
908 536 95 74 qui
963 536 122 74 tient
1031 536 95 74 trois

141 598 120 53 pages
221 598 80 53 de
261 598 80 53 la
287 598 120 53 lettre.

142 613 119 71 22281
221 613 146 71 ROSSINI
327 613 119 71 (G.),
406 613 185 71 l’illustre
552 613 198 71 compositeur
711 613 79 71 de
750 613 159 71 musique.
870 613 93 71 Son
909 613 212 71 portrait

143 653 198 66 photographié
304 653 87 66 par
353 653 136 66 Carjat,
453 653 198 66 signé
614 653 124 66 in-18.
701 653 174 66 Très-belle
837 653 149 66 épreuve.
949 653 62 66 6
961 653 50 66 50

143 690 118 63 22282
222 690 79 63 LE
261 690 118 63 MÊME.
340 690 118 63 Pièce
419 690 79 63 de
458 690 66 63 6
484 690 105 63 lig.
550 690 105 63 aut.
616 690 118 63 sig.,
695 690 79 63 en
734 690 171 63 français,
865 690 79 63 au
905 690 92 63 bas
957 690 118 63 d’une
1023 690 105 63 poésie

146 724 161 60 intitulée
269 724 99 60 A
331 724 74 60 la
368 724 186 60 France;
517 724 124 60 Passy,
603 724 74 60 10
641 724 124 60 juill.
727 724 111 60 1864,
801 724 62 60 2
826 724 74 60 p.
863 724 87 60 1/2
913 724 111 60 in-4.
975 724 148 60 Très

150 781 87 45 pièce.
211 781 44 45 9
220 781 26 45 »

174 788 83 80 Il
216 788 152 80 déclare
326 788 124 80 qu’on
409 788 110 80 peut
478 788 124 80 faire
561 788 83 80 de
602 788 83 80 la
644 788 193 80 très-bonne
796 788 152 80 musique
906 788 97 80 sur
961 788 97 80 les
1003 788 124 80 paroles

140 848 86 47 du
183 848 130 47 chœur
269 848 130 47 qu’il
356 848 130 47 vient
428 848 187 47 d’examiner.

141 853 106 84 22283
212 853 118 84 ROUGET
295 853 71 84 DE
330 853 106 84 LISLE
401 853 130 84 (Jos.),
495 853 142 84 l’auteur
602 853 71 84 de
637 853 71 84 la
673 853 236 84 Marseillaise.
873 853 71 84 L.
909 853 71 84 a.
944 853 118 84 s.
1027 853 59 84 à
1050 853 71 84 M.
1074 853 59 84 Le-

157 899 161 71 vasseur;
278 899 242 71 Choisy-le-Roi,
479 899 81 71 26
519 899 121 71 févr.
600 899 148 71 (1834),
708 899 67 71 1
735 899 81 71 p.
775 899 121 71 in-8.
856 899 121 71 Jolie
936 899 134 71 pièce.
1030 899 67 71 9
1044 899 40 71 »

151 929 120 72 22284
231 929 146 72 ROULAND
337 929 120 72 (P.),
417 929 160 72 ministre
537 929 80 72 de
577 929 226 72 l’instruction
763 929 160 72 publique
883 929 107 72 sous
950 929 160 72 Napoléon
1056 929 80 72 III.

154 987 86 56 L.
212 987 58 56 a.
241 987 106 56 s.
318 987 86 56 1854,
375 987 48 56 1
394 987 58 56 p.
423 987 86 56 in-8.
481 987 48 56 3
490 987 29 56 »

160 1003 103 69 22285
228 1003 138 69 ROUSSEAU
332 1003 80 69 (J.
378 1003 92 69 J.),
435 1003 69 69 le
470 1003 103 69 grand
539 1003 149 69 écrivain.
654 1003 92 69 Reçu
711 1003 69 69 de
746 1003 57 69 5
769 1003 92 69 lig.
826 1003 92 69 aut.
884 1003 103 69 sig.;
941 1003 92 69 Paris,

148 1055 62 59 8
172 1055 112 59 janv.
247 1055 112 59 1779,
322 1055 62 59 1
347 1055 75 59 p.
384 1055 100 59 in-8
447 1055 137 59 oblong.
547 1055 112 59 Jolie
621 1055 125 59 pièce.
709 1055 75 59 20
734 1055 37 59 »

153 1070 122 78 22286
234 1070 162 78 ROUSSEAU
355 1070 149 78 (l’abbé
463 1070 162 78 Pierre),
585 1070 216 78 littérateur,
760 1070 122 78 poëte
841 1070 81 78 et
882 1070 135 78 auteur
963 1070 176 78 dramatique,

151 1115 167 65 fondateur
279 1115 77 65 du
318 1115 180 65 Journal
459 1115 295 65 encyclopédique
716 1115 90 65 qui
767 1115 90 65 lui
818 1115 115 65 valut
895 1115 90 65 une
947 1115 103 65 vive
998 1115 141 65 polémique

156 1146 106 64 avec
222 1146 133 64 Fréron
315 1146 80 64 né
355 1146 66 64 à
382 1146 173 64 Toulouse.
514 1146 120 64 L.
594 1146 80 64 a.
634 1146 133 64 s.
727 1146 80 64 au
767 1146 173 64 président
900 1146 159 64 Hénault;
1019 1146 120 64 Alby,
1086 1146 53 64 29

161 1195 100 66 juill.
231 1195 90 66 1765,
291 1195 50 66 2
311 1195 60 66 p.
341 1195 70 66 3/4
381 1195 90 66 in-4.
440 1195 160 66 Rare
560 1195 50 66 10»

184 1204 187 83 Très-belle
331 1204 147 83 lettre,
438 1204 80 83 où
478 1204 80 83 il
518 1204 120 83 parle
599 1204 80 83 de
639 1204 80 83 sa
679 1204 174 83 position.
813 1204 120 83 «J’ay
893 1204 80 83 vu
933 1204 80 83 le
973 1204 134 83 monde,
1054 1204 80 83 dit-

150 1253 97 67 il;
206 1253 111 67 cinq
275 1253 97 67 ans
331 1253 139 67 d’exil
428 1253 125 67 m’ont
511 1253 139 67 appris
608 1253 69 67 à
636 1253 83 67 le
678 1253 194 67 connoitre.
831 1253 97 67 Les
886 1253 139 67 bontés
983 1253 83 67 du
1025 1253 97 67 Roy
1067 1253 69 67 ont

152 1287 123 66 opéré
235 1287 110 66 dans
303 1287 82 66 le
344 1287 137 66 public
440 1287 82 66 ma
481 1287 247 66 justification.
687 1287 82 66 Je
728 1287 110 66 n’ay
796 1287 110 66 donc
865 1287 110 66 plus
933 1287 110 66 rien
1002 1287 69 66 à
1016 1287 123 66 désirer

151 1321 103 64 que
210 1321 88 64 de
254 1321 191 64 conserver
401 1321 177 64 l’estime
534 1321 88 64 de
578 1321 103 64 mes
637 1321 118 64 amis
710 1321 88 64 et
754 1321 88 64 de
784 1321 250 64 l’augmenter...»

161 1341 102 81 22287
229 1341 91 81 RUGE
286 1341 148 81 (Arnold),
399 1341 125 81 célèbre
490 1341 159 81 publiciste
615 1341 68 81 et
649 1341 216 81 révolutionnaire
831 1341 148 81 allemand.
945 1341 102 81 L.
1013 1341 68 81 a.
1036 1341 102 81 s.

161 1411 71 50 en
197 1411 153 50 français,
314 1411 59 50 1
338 1411 71 50 p.
373 1411 82 50 1/4
420 1411 106 50 in-8.
490 1411 59 50 2
502 1411 47 50 50

159 1418 118 85 22288
238 1418 157 85 SABATIER
356 1418 289 85 (André-Hyacinthe),
605 1418 197 85 littérateur
762 1418 79 85 et
802 1418 118 85 poëte
881 1418 184 85 distingué,
1025 1418 79 85 né
1064 1418 66 85 à
1077 1418 66 85 Ca-

166 1461 139 72 vaillon
268 1461 190 72 (Vaucluse).
419 1461 114 72 Au
495 1461 139 72 citoyen
596 1461 177 72 Dupuy
735 1461 114 72 pièce
811 1461 76 72 de
849 1461 101 72 vers
912 1461 101 72 aut.
976 1461 114 72 sig.;
1051 1461 76 72 26
1077 1461 63 72 ni-

161 1510 100 51 vôse
223 1510 138 51 (1797),
323 1510 63 51 1
348 1510 75 51 p.
386 1510 113 51 in-4.
461 1510 113 51 Belle
536 1510 125 51 pièce.
623 1510 63 51 4
636 1510 38 51 »

165 1531 122 74 22289
247 1531 243 74 SAINT-EVREMOND
449 1531 162 74 (Charles
571 1531 81 74 de
611 1531 189 74 MARGUETEL,
760 1531 162 74 seigneur
881 1531 108 74 de),
949 1531 149 74 célèbre
1043 1531 95 74 écri-

164 1574 99 61 vain
226 1574 74 61 et
263 1574 87 61 bel
313 1574 124 61 esprit
399 1574 74 61 du
437 1574 199 61 dix-septième
598 1574 137 61 siècle.
697 1574 112 61 L.
772 1574 74 61 a.
809 1574 124 61 s.
896 1574 62 61 à
921 1574 124 61 l’abbé
1008 1574 74 61 de
1033 1574 99 61 Haute-

153 1609 168 64 feuille;
279 1609 84 64 19
321 1609 196 64 septembre,
475 1609 70 64 3
503 1609 84 64 p.
545 1609 98 64 pl.
601 1609 126 64 in-8,
686 1609 154 64 cachet.
798 1609 210 64 Très-légère
966 1609 154 64 cassure
1064 1609 84 64 dans

170 1661 50 48 un
195 1661 66 48 pli.
236 1661 50 48 28
252 1661 25 48 »

187 1654 106 84 Jolie
258 1654 129 84 lettre,
351 1654 70 84 où
387 1654 70 84 il
422 1654 129 84 demande
516 1654 82 84 des
562 1654 152 84 nouvelles
680 1654 70 84 de
715 1654 70 84 la
750 1654 106 84 santé
820 1654 70 84 de
855 1654 106 84 Ninon
914 1654 47 84 de

148 1727 145 49 Lenclos.

158 1727 122 88 22290
240 1727 177 88 SAINT-LUC
376 1727 177 88 (François
512 1727 190 88 d’ESPINAY,
662 1727 163 88 seigneur
784 1727 109 88 de),
852 1727 163 88 illustre
974 1727 177 88 capitaine
1097 1727 54 88 du

164 1779 153 70 seizième
279 1779 141 70 siècle,
381 1779 153 70 surnommé
496 1779 115 70 le
573 1779 179 70 brave
714 1779 204 70 grand-maître
880 1779 77 70 de
918 1779 217 70 l’artillerie,
1084 1779 64 70 tué

161 1809 80 76 au
201 1809 120 76 siège
281 1809 174 76 d’Amiens,
415 1809 80 76 en
455 1809 120 76 1597.
535 1809 120 76 P.
616 1809 147 76 s.
723 1809 67 76 3
749 1809 107 76 oct.
816 1809 120 76 1594,
897 1809 67 76 2
923 1809 80 76 p.
964 1809 147 76 in-fol.
1057 1809 94 76 Belle

179 1876 75 43 pièce.
231 1876 45 43 10
246 1876 22 43 »

161 1875 112 77 22291
235 1875 150 77 SAINTINE
347 1875 87 77 (X.
397 1875 100 77 B.),
460 1875 150 77 écrivain
572 1875 75 77 et
609 1875 162 77 romancier
734 1875 174 77 distingué,
871 1875 125 77 auteur
958 1875 75 77 de
983 1875 162 77 Pic

171 1926 132 59 ciola.
273 1926 61 59 L.
303 1926 61 59 a.
334 1926 112 59 s.
415 1926 51 59 1
435 1926 61 59 p.
466 1926 102 59 in-12.
537 1926 92 59 Jolie
598 1926 112 59 lettre.
679 1926 51 59 2
689 1926 31 59 »

174 1951 107 70 22292
245 1951 95 70 SAND
305 1951 155 70 (George),
424 1951 71 70 la
459 1951 131 70 célèbre
555 1951 178 70 romancière.
697 1951 107 70 L.
769 1951 71 70 a.
804 1951 119 70 s.
887 1951 59 70 à
911 1951 119 70 Michel
994 1951 107 70 Lévy;
1054 1951 95 70 Nohant

173 2008 103 48 1867,
241 2008 57 48 1
264 2008 69 48 p.
299 2008 80 48 pl.
345 2008 103 48 in-8.
414 2008 57 48 3
425 2008 46 48 50

166 2023 120 65 22293
246 2023 133 65 SARDOU
339 2023 213 65 (Victorien),
512 2023 80 65 le
552 2023 146 65 célèbre
658 2023 133 65 auteur
752 2023 200 65 dramatique.
911 2023 93 65 Son
965 2023 160 65 portrait
1071 2023 80 65 pho-

110 2067 162 57 tographié
234 2067 87 57 par
284 2067 137 57 Carjat,
384 2067 200 57 signé
546 2067 125 57 in-18.
633 2067 175 57 Très-belle
770 2067 150 57 épreuve.
895 2067 62 57 4
908 2067 37 57 »
