1172 2195
563 20 90 46 —
599 20 90 46 9
617 20 54 46 —

602 73 64 57 L.
645 73 43 57 a.
666 73 72 57 s.
716 73 36 57 à
731 73 43 57 sa
752 73 64 57 chère
795 73 93 57 Marianne;
866 73 64 57 Sala,
909 73 50 57 21,
938 73 64 57 sept.
981 73 64 57 1834,
1024 73 36 57 1
1038 73 43 57 p.
1059 73 50 57 1/2
1081 73 50 57 in

154 117 123 43 Très-jolie
251 117 96 43 lettre.
321 117 140 43 Rare
434 117 53 43 32
452 117 26 43 »

157 149 110 47 22247
230 149 208 47 MARIE-AMÉLIE,
401 149 110 47 reine
474 149 86 47 des
523 149 159 47 Français.
645 149 110 47 L.
719 149 134 47 s.
816 149 110 47 1843,
890 149 86 47 1/2
939 149 73 47 p.
975 149 134 47 in-fol.
1073 149 61 47 2
1085 149 49 47 25

157 187 109 45 22248
229 187 109 45 MARIO
302 187 72 45 DE
338 187 121 45 CANDIA
423 187 109 45 (J.),
495 187 133 45 célèbre
592 187 145 45 chanteur
700 187 72 45 du
737 187 242 45 Théâtre-Italien.
942 187 109 45 L.
1014 187 72 45 a.
1038 187 97 45 s.

154 228 85 38 en
196 228 185 38 français,
338 228 71 38 à
367 228 85 38 la
410 228 185 38 princesse
552 228 213 38 Belgiojoso,
722 228 71 38 3
750 228 85 38 p.
793 228 128 38 in-8,
878 228 156 38 cachet.
978 228 156 38 Charmante

161 262 80 41 épître.
219 262 36 41 3
226 262 29 41 75

148 280 103 56 22249
216 280 92 56 MARS
274 280 126 56 (Mlle),
366 280 69 56 la
400 280 126 56 célèbre
492 280 138 56 actrice.
596 280 103 56 L.
664 280 69 56 a.
699 280 115 56 s.
779 280 57 56 à
802 280 80 56 Mme
848 280 138 56 Leclerc,
952 280 57 56 2
975 280 69 56 p.
1009 280 80 56 pl.
1044 280 80 56 in

162 332 32 41 Jolie
184 332 36 41 pièce.
209 332 18 41 4
212 332 11 41 »

150 359 108 47 22250
222 359 120 47 MARTIN
305 359 143 47 (Henri),
413 359 108 47 notre
485 359 131 47 célèbre
580 359 167 47 historien.
712 359 108 47 L.
783 359 72 47 a.
819 359 131 47 s.
915 359 84 47 1/2
963 359 72 47 p.
999 359 108 47 in-8.
1070 359 60 47 1
1082 359 48 47 75

150 399 132 51 22251
238 399 161 51 MAYENNE
355 399 175 51 (Charles
487 399 88 51 de
531 399 190 51 LORRAINE,
677 399 102 51 duc
735 399 117 51 de),
808 399 175 51 illustre
940 399 190 51 capitaine
1072 399 58 51 du

150 437 148 48 seizième
261 437 136 48 siècle,
360 437 74 48 le
397 437 99 48 chef
458 437 74 48 de
495 437 74 48 la
532 437 123 48 ligue.
619 437 111 48 L.
693 437 74 48 a.
730 437 123 48 s.
816 437 74 48 au
853 437 161 48 président
965 437 161 48 d’Hautfort;

149 474 123 52 Paris,
235 474 62 52 9
260 474 111 52 janv.
334 474 111 52 1584,
408 474 62 52 1
432 474 74 52 p.
469 474 148 52 in-fol.,
580 474 148 52 cachets.
691 474 173 52 Très-belle
827 474 136 52 lettre.
925 474 74 52 27
950 474 37 52 »

154 513 100 53 22252
221 513 89 53 MÉRY
276 513 122 53 (Jos.),
365 513 122 53 célèbre
454 513 111 53 poëte.
531 513 78 53 Son
576 513 200 53 portrait-carte
742 513 178 53 photographié
887 513 78 53 par
920 513 100 53 Carjat,

157 549 159 50 signé
286 549 99 50 in-18.
356 549 89 50 Belle
415 549 119 50 épreuve.
504 549 50 50 3
514 549 40 50 50

149 565 132 69 22253
237 565 191 69 MEYERBEER
384 565 206 69 (Giacomo),
546 565 176 69 illustre
678 565 220 69 compositeur
855 565 88 69 de
899 565 176 69 musique,
1016 565 118 69 membre

156 624 73 46 de
192 624 183 46 l’Institut.
339 624 110 46 L.
412 624 73 46 a.
448 624 122 46 s.
534 624 61 46 à
558 624 146 46 Guilbert
668 624 73 46 de
704 624 195 46 Pixérécourt;
863 624 122 46 Paris,
948 624 73 46 15
985 624 110 46 avril
1046 624 85 46 1827,

183 660 44 49 1
201 660 53 49 p.
227 660 62 49 1/2
263 660 80 49 in-8.
316 660 44 49 5
325 660 27 49 »

175 671 154 64 Curieuse
290 671 128 64 épître
380 671 77 64 où
418 671 77 64 il
457 671 90 64 lui
508 671 141 64 demande
610 671 90 64 des
661 671 166 64 nouvelles
789 671 77 64 de
828 671 90 64 son
879 671 115 64 opéra
956 671 77 64 de
981 671 154 64 Ro

152 718 323 50 bert-le-Diable
438 718 87 50 qui
487 718 87 50 est
537 718 75 50 en
574 718 75 50 ce
612 718 124 50 moment
699 718 62 50 à
724 718 75 50 la
749 718 124 50 censure.

152 746 123 57 22254
234 746 164 57 MIRABEAU
357 746 96 57 (le
412 746 123 57 comte
494 746 109 57 de),
562 746 191 57 l’illustre
712 746 150 57 orateur
822 746 82 57 de
863 746 205 57 l’Assemblée
1013 746 123 57 consti-

156 790 126 55 tuante.
247 790 103 55 L.
316 790 115 55 a.
397 790 57 55 à
420 790 69 55 M.
454 790 138 55 Fellenc;
557 790 115 55 Paris,
638 790 69 55 27
672 790 92 55 oct.
730 790 103 55 1783,
798 790 57 55 4
821 790 69 55 p.
856 790 103 55 in-4.
925 790 92 55 Deux
971 790 80 55 pages

155 827 95 50 sont
214 827 71 50 de
250 827 71 50 la
285 827 95 50 main
345 827 95 50 d’un
404 827 178 50 secrétaire.
546 827 71 50 16
569 827 36 50 »

181 843 137 62 Épître
277 843 96 62 des
332 843 110 62 plus
401 843 178 62 curieuses
538 843 82 62 où
579 843 82 62 il
620 843 123 62 donne
703 843 96 62 des
758 843 151 62 détails
867 843 247 62 philosophiques
1059 843 69 62 sur

146 892 82 46 sa
187 892 178 46 position.
325 892 82 46 Il
366 892 96 46 lui
421 892 137 46 manque
517 892 178 46 plusieurs
654 892 165 46 qualités
777 892 110 46 pour
846 892 110 46 être
915 892 96 46 sûr
969 892 82 46 de
997 892 137 46 réussir,

146 928 125 35 après
229 928 111 35 quoi
299 928 83 35 il
340 928 97 35 lui
396 928 194 35 manquerait
548 928 97 35 les
604 928 250 35 circonstances.
812 928 111 35 «Les
881 928 208 35 réputations
1034 928 97 35 tran-

155 954 160 45 chantes
272 954 116 45 soit
344 954 87 45 en
388 954 131 45 bien,
475 954 116 45 soit
548 954 87 45 en
591 954 116 45 mal,
664 954 189 45 effraient
809 954 160 45 presque
926 954 189 45 également
1056 954 73 45 une

156 985 247 42 administration
362 985 151 42 pénible
472 985 82 42 et
513 985 220 42 chancelante,
692 985 82 42 et
733 985 110 42 l’on
802 985 69 42 y
829 985 124 42 prend
911 985 110 42 sans
980 985 82 42 le
1007 985 124 42 vouloir

146 1027 121 38 même
222 1027 91 38 en
267 1027 151 38 dégoût
373 1027 106 38 les
433 1027 151 38 hommes
539 1027 121 38 d’un
615 1027 197 38 caractère
766 1027 121 38 trop
842 1027 212 38 marqué...»
1008 1027 91 38 Il
1038 1027 91 38 ter-

146 1052 115 51 mine
218 1052 101 51 par
275 1052 101 51 des
333 1052 173 51 plaintes
462 1052 202 51 très-vives
621 1052 144 51 contre
721 1052 101 51 son
779 1052 115 51 père
851 1052 86 51 et
894 1052 86 51 sa
937 1052 115 51 mère
1009 1052 86 51 et
1038 1052 101 51 donne

149 1093 99 51 des
206 1093 184 51 nouvelles
347 1093 85 51 de
390 1093 99 51 ses
432 1093 128 51 procès.

639 1109 58 69 22255
677 1109 71 69 MOLITOR
729 1109 64 69 (Gabr.
774 1109 39 69 J.
793 1109 58 69 Jos.,
832 1109 71 69 comte),
883 1109 77 69 maréchal
941 1109 39 69 de
960 1109 71 69 France.
1012 1109 58 69 L.
1050 1109 39 69 a.
1070 1109 71 69 s.
1115 1109 32 69 Mâ-

157 1162 98 47 con,
218 1162 74 47 10
255 1162 111 47 janv.
329 1162 111 47 1809,
403 1162 61 47 3
427 1162 74 47 p.
464 1162 135 47 in-fol.
563 1162 61 47 3
575 1162 49 47 50

181 1200 150 41 Superbe
291 1200 137 41 lettre
386 1200 123 41 toute
468 1200 164 41 relative
591 1200 96 41 aux
646 1200 137 41 terres
742 1200 96 41 que
796 1200 191 41 l’empereur
947 1200 96 41 lui
1001 1200 68 41 a
1015 1200 123 41 données

155 1236 116 39 dans
227 1236 87 39 la
270 1236 188 39 Poméranie
415 1236 87 39 et
458 1236 101 39 qui
516 1236 188 39 composent
660 1236 87 39 sa
689 1236 159 39 dotation.

153 1266 127 44 22256
237 1266 141 44 MONCEY
336 1266 98 44 (B.
392 1266 112 44 ADR.
462 1266 169 44 JANNOT),
589 1266 98 44 duc
645 1266 84 44 de
687 1266 211 44 Conegliano,
856 1266 169 44 maréchal
982 1266 84 44 de
1010 1266 127 44 France.

157 1306 94 40 L.
219 1306 63 40 a.
251 1306 115 40 s.
334 1306 94 40 1819,
397 1306 73 40 3/4
439 1306 63 40 de
470 1306 63 40 p.
501 1306 94 40 in-4.
564 1306 52 40 3
575 1306 31 40 »

151 1336 120 51 22257
231 1336 120 51 MONCK
311 1336 173 51 (George),
444 1336 93 51 duc
497 1336 213 51 d’Albemarle,
670 1336 80 51 le
710 1336 213 51 restaurateur
884 1336 93 51 des
937 1336 160 51 Stuarts.
1044 1336 93 51 Pièce

157 1380 103 40 sig.
222 1380 271 40 Albemarle;
454 1380 77 40 23
493 1380 103 40 août
557 1380 116 40 1660,
635 1380 90 40 1/2
686 1380 77 40 p.
725 1380 116 40 in-4,
802 1380 142 40 cachet.
906 1380 207 40 Rare
1073 1380 77 40 15
1099 1380 39 40 »

158 1407 127 49 22258
243 1407 212 49 MONTESQUIOU
412 1407 155 49 (Pierre
525 1407 113 49 de),
596 1407 127 49 comte
681 1407 212 49 d’Artagnan,
850 1407 170 49 maréchal
978 1407 85 49 de
1006 1407 127 49 France,

164 1446 158 48 ouverneur
286 1446 73 48 de
322 1446 146 48 Provencé
432 1446 73 48 et
468 1446 158 48 d’Artois.
590 1446 110 48 P.
663 1446 134 48 s.
760 1446 73 48 24
797 1446 97 48 nov.
857 1446 110 48 1702,
930 1446 61 48 1
955 1446 73 48 p.
979 1446 61 48 1/2

158 1485 70 41 in-4.
205 1485 39 41 2
213 1485 31 41 50

283 1499 98 63 22259
348 1499 98 63 MURAT
414 1499 152 63 (Joachim),
533 1499 76 63 roi
577 1499 65 63 de
609 1499 120 63 Naples,
696 1499 120 63 fusillé
783 1499 65 63 en
816 1499 98 63 1815.
881 1499 98 63 L.
946 1499 65 63 a.
979 1499 109 63 s.
1055 1499 54 63 à
1066 1499 76 63 André

286 1547 130 43 Dumont
377 1547 78 43 le
416 1547 130 43 fameux
507 1547 248 43 conventionnel),
716 1547 195 43 sous-préfet
872 1547 78 43 du
911 1547 195 43 département
1068 1547 78 43 de
1094 1547 52 43 la

278 1590 116 38 Somme
355 1590 64 38 ;
381 1590 128 38 Paris,
471 1590 77 38 15
509 1590 141 38 ventôse
612 1590 77 38 an
651 1590 103 38 XII,
715 1590 64 38 1
741 1590 77 38 p.
779 1590 116 38 in-4,
856 1590 103 38 vig.
921 1590 77 38 et
959 1590 103 38 tête
1023 1590 116 38 impr.
1088 1590 51 38 Un

280 1612 102 43 timbre
351 1612 132 43 d’amateur
452 1612 71 43 sur
493 1612 61 43 la
524 1612 102 43 pièce.
595 1612 91 43 Jolie
656 1612 102 43 lettre
727 1612 132 43 d’amitié.
828 1612 61 43 20
849 1612 30 43 »

168 1648 111 49 22260
241 1648 147 49 NAPOLÉON
352 1648 86 49 III
401 1648 147 49 empereur
512 1648 86 49 des
561 1648 160 49 Français.
684 1648 111 49 L.
757 1648 74 49 a.
794 1648 123 49 s.
880 1648 74 49 (à
917 1648 74 49 la
954 1648 160 49 princesse
1064 1648 74 49 Bel-

287 1687 135 59 gioso);
385 1687 148 59 Londres,
496 1687 74 59 18
533 1687 98 59 nov.
594 1687 111 59 1839,
668 1687 62 59 1
693 1687 74 59 p.
730 1687 123 59 in-12.
816 1687 160 59 Charmante
939 1687 135 59 épître.
1037 1687 74 59 25
1062 1687 37 59 »

309 1720 79 57 22261
362 1720 88 57 NEWTON
424 1720 106 57 (Isaac),
503 1720 53 57 un
529 1720 62 57 des
564 1720 70 57 plus
608 1720 114 57 illustres
696 1720 97 57 savants
766 1720 53 57 de
793 1720 149 57 l’Angleterre.
916 1720 79 57 P.
960 1720 79 57 s.

319 1769 65 44 sur
356 1769 92 44 vélin;
420 1769 55 44 13
448 1769 83 44 févr.
504 1769 83 44 1696,
559 1769 46 44 1
578 1769 55 44 p.
605 1769 102 44 in-fol.
679 1769 102 44 oblong.
753 1769 129 44 Très-jolie
855 1769 92 44 pièce,
911 1769 55 44 bien

164 1802 74 47 conservée.
222 1802 84 47 Rare
290 1802 32 47 40
300 1802 16 47 »

307 1808 105 69 22262
378 1808 129 69 NICOLAY
471 1808 141 69 (Nicolas
577 1808 94 69 de),
635 1808 70 69 un
670 1808 82 69 des
717 1808 94 69 plus
776 1808 141 69 célèbres
881 1808 152 69 voyageurs
998 1808 141 69 français
1092 1808 47 69 du

288 1861 131 48 seizième
386 1861 120 48 siècle,
474 1861 109 48 auteur
550 1861 66 48 de
583 1861 120 48 savants
670 1861 142 48 ouvrages,
780 1861 66 48 né
812 1861 66 48 en
845 1861 142 48 Dauphiné.
954 1861 98 48 L.
1020 1861 66 48 a.
1042 1861 98 48 s.

287 1903 77 43 en
326 1903 115 43 latin
403 1903 64 43 à
428 1903 90 43 son
480 1903 115 43 frère
557 1903 115 43 Erard
634 1903 154 43 Nicolay;
749 1903 141 43 Trèves,
852 1903 77 43 26
890 1903 115 43 janv.
967 1903 103 43 1545
1019 1903 115 43 (1546),

302 1927 49 57 3/4
330 1927 42 57 de
351 1927 42 57 p.
371 1927 62 57 in-4.
413 1927 62 57 Jolie
455 1927 69 57 pièce.
503 1927 111 57 Rare
593 1927 42 57 20
607 1927 21 57 »

319 1949 103 69 22263
387 1949 126 69 NOVERRE
479 1949 80 69 (J.
525 1949 92 69 G.),
583 1949 126 69 célèbre
675 1949 184 69 chorégraphe,
824 1949 69 69 le
858 1949 172 69 réformateur
996 1949 69 69 de
1031 1949 103 69 l’art
1088 1949 46 69 du

163 2000 112 51 ballet
241 2000 67 51 au
275 2000 179 51 dix-huitième
420 2000 123 51 siècle.
510 2000 101 51 L.
577 2000 67 51 a.
610 2000 123 51 s.
700 2000 101 51 1793,
767 2000 56 51 1
789 2000 67 51 p.
823 2000 101 51 in-4.
890 2000 56 51 2
901 2000 45 51 25

295 2040 105 47 22264
365 2040 116 47 ONSLOW
447 2040 151 47 (George),
563 2040 128 47 célèbre
656 2040 175 47 compositeur
796 2040 70 47 de
831 2040 140 47 musique,
935 2040 116 47 membre
1017 2040 70 47 de
1040 2040 93 47 l’Ins-

163 2077 122 45 titut.
248 2077 109 45 L.
321 2077 73 45 a.
357 2077 122 45 s.
442 2077 73 45 au
479 2077 109 45 baron
552 2077 73 45 de
588 2077 146 45 Trémont;
698 2077 122 45 Paris,
783 2077 73 45 18
819 2077 97 45 mars
880 2077 109 45 1831,
953 2077 61 45 5
977 2077 73 45 p.
1013 2077 85 45 pl.
1050 2077 85 45 in

157 2109 164 44 Charmante
283 2109 138 44 épître,
384 2109 138 44 remplie
485 2109 75 44 de
522 2109 138 44 détails
623 2109 151 44 intimes.
736 2109 63 44 5
749 2109 50 44 50
