1170 2181
558 11 49 65 —
578 11 49 65 6
588 11 29 65 —

28 73 139 71 22210
120 73 217 71 HÉDOUVILLE
291 73 108 71 (G.
353 73 93 71 M.
399 73 108 71 Th.
461 73 155 71 Jos.),
570 73 170 71 général
693 73 93 71 en
740 73 139 71 chef,
833 73 248 71 pacificateur
1034 73 93 71 de
1065 73 62 71 la

133 111 132 52 Vendée.
229 111 108 52 L.
301 111 72 52 a.
337 111 120 52 s.
421 111 72 52 au
457 111 132 52 général
553 111 132 52 Travot;
649 111 132 52 Angers,
745 111 72 52 17
781 111 144 52 brumaire
889 111 72 52 an
925 111 108 52 VIII,
985 111 60 52 3/4

131 158 73 38 de
167 158 73 38 p.
204 158 109 38 in-4,
276 158 97 38 tête
337 158 109 38 impr.
410 158 158 38 Curieuse.
531 158 61 38 5
543 158 49 38 50

164 194 84 41 Il
206 194 98 41 lui
262 194 140 41 envoie
360 194 98 41 une
416 194 224 41 proclamation
598 194 126 41 qu’il
683 194 168 41 l’engage
809 194 70 41 à
837 194 126 41 faire
921 194 182 41 connaître
1047 194 70 41 par

133 224 112 44 tous
203 224 98 44 les
259 224 140 44 moyens
358 224 197 44 possibles.
512 224 98 44 «Il
568 224 112 44 faut
639 224 169 44 éclairer
765 224 98 44 les
821 224 197 44 malheureux
962 224 154 44 habitants

136 261 100 38 des
193 261 186 38 campagnes
336 261 129 38 parce
422 261 129 38 qu’il
508 261 100 38 n’y
566 261 115 38 aura
637 261 143 38 aucune
737 261 129 38 grâce
823 261 143 38 contre
924 261 115 38 ceux
995 261 100 38 qui
1038 261 72 38 se-

138 288 114 44 ront
209 288 114 44 pris
280 288 100 44 les
337 288 128 44 armes
422 288 71 44 à
451 288 85 44 la
493 288 156 44 main...
607 288 114 44 Vous
678 288 199 44 connaissez
835 288 142 44 autant
934 288 100 44 que
977 288 142 44 personne

138 329 89 41 la
183 329 149 41 guerre
287 329 89 41 de
332 329 89 41 la
377 329 149 41 Vendée
481 329 89 41 et
526 329 119 41 vous
600 329 239 41 contribuerez
794 329 149 41 encore
898 329 104 41 une
958 329 119 41 fois
1033 329 75 41 à
1047 329 75 41 son

124 363 224 40 extinction...»

139 400 114 37 22211
215 400 102 37 HEIM
279 400 102 37 (Fr.
342 400 127 37 Jos.),
431 400 140 37 célèbre
533 400 140 37 peintre
635 400 190 37 d’histoire,
787 400 127 37 membre
876 400 76 37 de
914 400 190 37 l’Institut.
1054 400 63 37 Son

145 428 209 58 portrait-carte
320 428 186 58 photographié
471 428 81 58 par
517 428 128 58 Carjat,
610 428 198 58 signé
773 428 116 58 in-18.
854 428 105 58 Belle
924 428 139 58 épreuve.
1029 428 58 58 5
1040 428 35 58 »

137 466 126 49 22212
221 466 295 49 HÉRAULT-SÉCHELLES
474 466 98 49 (M.
530 466 112 49 J.),
600 466 154 49 célèbre
712 466 253 49 conventionnel,
923 466 168 49 décapité
1035 466 84 49 avec

136 499 139 45 Danton.
237 499 113 45 L.
313 499 76 45 a.
351 499 126 45 s.
439 499 76 45 au
477 499 126 45 Comité
565 499 76 45 de
603 499 113 45 salut
678 499 139 45 public;
779 499 139 45 Colmar,
880 499 76 45 27
917 499 151 45 frimaire
1031 499 76 45 an
1056 499 63 45 II,

147 542 75 51 3/4
190 542 65 51 de
223 542 65 51 p.
255 542 119 51 in-fol.
341 542 65 51 15
363 542 32 51 »

171 551 150 77 Rappelé
281 551 82 77 au
322 551 109 77 sein
390 551 82 77 de
431 551 82 77 la
472 551 205 77 Convention,
636 551 82 77 il
677 551 164 77 proteste
800 551 96 77 que
854 551 82 77 sa
895 551 164 77 conduite
1018 551 68 77 a
1032 551 82 77 tou-

140 604 128 48 jours
225 604 100 48 été
282 604 128 48 digne
368 604 86 48 de
411 604 86 48 la
453 604 185 48 Montagne.
596 604 128 48 «Loin
681 604 157 48 d’avoir
795 604 71 48 à
824 604 86 48 me
867 604 185 48 défendre,
995 604 114 48 dit

139 647 86 36 ce
182 647 115 36 sera
254 647 101 36 moi
311 647 101 36 qui
369 647 201 36 attaquerai
527 647 72 36 à
556 647 101 36 mon
613 647 129 36 tour,
700 647 101 36 non
757 647 115 36 avec
829 647 101 36 les
887 647 129 36 armes
973 647 86 36 de
1016 647 86 36 la
1045 647 72 36 ca-

143 672 141 45 lomnie
241 672 98 45 que
298 672 112 45 l’on
368 672 155 45 emploie
480 672 141 45 contre
579 672 112 45 moi,
649 672 112 45 mais
719 672 112 45 avec
790 672 141 45 celles
888 672 84 45 de
930 672 84 45 la
958 672 141 45 vérité.»

367 702 96 68 22213
431 702 106 68 HOZIER
505 702 117 68 (Pierre
590 702 85 68 d'),
643 702 127 68 seigneur
739 702 64 68 de
771 702 64 68 La
803 702 106 68 Garde,
877 702 117 68 célèbre
962 702 170 68 généalogiste
1090 702 42 68 et

138 749 165 51 historien,
268 749 71 51 né
303 749 59 51 à
327 749 165 51 Marseille.
457 749 106 51 L.
527 749 71 51 a.
563 749 130 51 s.
657 749 118 51 Paris,
740 749 71 51 12
775 749 106 51 avril
846 749 106 51 1632,
917 749 59 51 1
940 749 71 51 p.
975 749 83 51 pl.
1011 749 106 51 in

144 783 88 59 Légère
206 783 88 59 tache.
267 783 141 59 Rare
382 783 53 59 22
400 783 26 59 »

172 800 120 68 Belle
251 800 80 68 et
291 800 213 68 intéressante
464 800 146 68 lettre.
570 800 93 68 «Je
623 800 173 68 travaille
756 800 106 68 tant
823 800 93 68 que
876 800 80 68 je
915 800 120 68 puis,
995 800 146 68 dit-il,
1088 800 40 68 à

139 855 91 48 mon
191 855 196 48 Histoire
348 855 91 48 des
400 855 183 48 Chevaliers
544 855 78 48 du
583 855 261 48 Saint-Esprit
805 855 91 48 que
858 855 78 48 je
897 855 105 48 fais
962 855 91 48 par
1014 855 78 48 le
1041 855 78 48 com-

136 884 188 57 mandement
280 884 87 57 du
324 884 101 57 Roy
381 884 87 57 et
425 884 87 57 en
468 884 116 57 suis
540 884 159 57 presque
656 884 116 57 venu
729 884 72 57 à
757 884 116 57 bout
830 884 101 57 non
888 884 101 57 pas
945 884 116 57 sans
1003 884 116 57 diffi

126 926 158 43 culté...»

152 952 119 49 22214
231 952 132 49 JASMIN
323 952 185 49 (Jacques),
468 952 145 49 célèbre
574 952 132 49 poëte.
666 952 119 49 Pièce
745 952 79 49 de
785 952 106 49 vers
851 952 106 49 aut.
917 952 119 49 sig.,
996 952 79 49 en
1022 952 106 49 langue

146 997 192 49 provençale;
300 997 205 49 Montpellier,
467 997 77 49 29
505 997 103 49 déc.
569 997 115 49 1847,
646 997 64 49 1
672 997 77 49 p.
711 997 90 49 pl.
762 997 115 49 in-8.
839 997 180 49 Très-jolie
980 997 128 49 pièce.
1070 997 64 49 6
1083 997 38 49 »

143 1047 121 59 22215
223 1047 134 59 JOSEPH
317 1047 107 59 (Fr.
384 1047 148 59 Leclerc
492 1047 81 59 DU
532 1047 175 59 TREMBLAY,
666 1047 94 59 dit
720 1047 81 59 LE
760 1047 134 59 PÈRE),
854 1047 81 59 le
895 1047 134 59 fameux
975 1047 148 59 confident

142 1101 80 51 du
182 1101 160 51 cardinal
302 1101 80 51 de
342 1101 187 51 Richelieu.
489 1101 120 51 L.
569 1101 80 51 a.
609 1101 134 51 s.
703 1101 67 51 à
729 1101 80 51 S.
769 1101 93 51 Em.
823 1101 93 51 (le
876 1101 160 51 cardinal
996 1101 80 51 de
1023 1101 107 51 Laval-

150 1131 137 48 lette);
249 1131 112 48 Ruel,
324 1131 75 48 14
361 1131 100 48 août
424 1131 137 48 (1635),
524 1131 62 48 4
549 1131 75 48 p.
586 1131 137 48 in-fol.
686 1131 137 48 Superbe
785 1131 125 48 pièce.
873 1131 75 48 45
898 1131 37 48 »

179 1165 95 47 Document
250 1165 110 47 historique
337 1165 63 47 d’un
376 1165 63 47 haut
416 1165 95 47 intérêt.
487 1165 39 47 —
502 1165 47 47 Il
526 1165 95 47 félicite
597 1165 47 47 le
621 1165 95 47 cardinal
684 1165 47 47 d’a-

149 1204 137 44 voir,
240 1204 91 44 de
286 1204 167 44 concert
407 1204 122 44 avec
483 1204 167 44 Bernard
605 1204 91 44 de
650 1204 243 44 Saxe-Weimar,
848 1204 182 44 débloqué
969 1204 152 44 Mayence,

142 1234 130 41 donne
228 1234 101 41 des
286 1234 187 41 nouvelles
430 1234 87 41 de
473 1234 187 41 l’attaque
617 1234 87 41 du
661 1234 173 41 Milanais
790 1234 87 41 et
834 1234 130 41 mande
920 1234 101 41 que
978 1234 101 41 les
1021 1234 101 41 Espa-

144 1269 118 42 nols
218 1269 162 42 veulent
336 1269 132 42 faire
424 1269 147 42 passer
527 1269 88 42 10
571 1269 74 42 à
600 1269 147 42 12,000
703 1269 191 42 Allemands
850 1269 88 42 en
895 1269 162 42 Italie.
1012 1269 88 42 Le
1042 1269 88 42 Père

141 1302 148 39 Joseph
245 1302 192 39 manifeste
393 1302 104 39 son
452 1302 207 39 étonnement
615 1302 89 39 de
659 1302 89 39 ce
704 1302 104 39 que
763 1302 192 39 l’Empire,
911 1302 118 39 sans
985 1302 148 39 argent
1074 1302 59 39 et

148 1338 112 42 sans
218 1338 154 42 vivres,
330 1338 140 42 puisse
428 1338 126 42 avoir
512 1338 112 42 tant
582 1338 84 42 de
624 1338 112 42 gens
693 1338 84 42 de
735 1338 140 42 toutes
833 1338 140 42 parts.
931 1338 84 42 Il
973 1338 154 42 termine
1071 1338 56 42 en

152 1367 98 59 lui
208 1367 196 59 témoignant
362 1367 154 59 combien
474 1367 84 59 le
516 1367 98 59 roi
572 1367 84 59 et
614 1367 84 59 le
655 1367 168 59 cardinal
781 1367 84 59 de
823 1367 182 59 Richelieu
963 1367 112 59 sont
1019 1367 112 59 satis-

149 1402 121 47 faits
229 1402 80 47 de
269 1402 94 47 ses
309 1402 121 47 succès.

156 1430 119 54 22216
235 1430 119 54 JUNOT
315 1430 119 54 (A.),
394 1430 93 54 duc
448 1430 199 54 d’Abrantès,
607 1430 146 54 général
713 1430 80 54 en
753 1430 119 54 chef,
832 1430 80 54 le
872 1430 186 54 conquérant
1018 1430 80 54 du
1044 1430 80 54 Por-

152 1476 123 46 tugal.
238 1476 111 46 L.
311 1476 74 46 a.
348 1476 123 46 s.
434 1476 61 46 à
459 1476 86 46 son
508 1476 111 46 valet
582 1476 74 46 de
618 1476 135 46 chambre
717 1476 135 46 Joseph;
815 1476 61 46 6
840 1476 111 46 juil.
913 1476 111 46 1813,
987 1476 61 46 2
1011 1476 74 46 p.
1036 1476 86 46 in

152 1512 90 44 cachet.
217 1512 49 44 15
242 1512 41 44 »

332 1535 170 57 Singulière
466 1535 122 57 épître
551 1535 85 57 qui
599 1535 85 57 est
648 1535 158 57 empreinte
769 1535 73 57 de
806 1535 73 57 la
842 1535 109 57 folie
915 1535 97 57 dont
976 1535 73 57 le
1012 1535 85 57 duc
1049 1535 85 57 était

263 1579 142 39 atteint.
370 1579 59 39 —
393 1579 71 39 Il
429 1579 71 39 se
465 1579 118 39 plaint
547 1579 71 39 de
583 1579 95 39 tous
642 1579 83 39 ses
690 1579 190 39 domestiques:
844 1579 71 39 on
879 1579 71 39 le
915 1579 107 39 vole,
986 1579 71 39 il
1021 1579 83 39 n’a
1057 1579 71 39 plus

146 1619 87 41 ni
189 1619 174 41 huilier,
319 1619 87 41 ni
363 1619 145 41 huile,
464 1619 87 41 ni
507 1619 116 41 sel,
580 1619 87 41 ni
623 1619 159 41 poivre,
739 1619 87 41 ni
783 1619 145 41 sucre.
884 1619 145 41 «Venez
985 1619 130 41 tous,
1058 1619 72 41 que

160 1650 174 34 personne
290 1650 87 34 ne
333 1650 87 34 se
377 1650 116 34 dise
449 1650 159 34 malade,
565 1650 101 34 car
623 1650 87 34 je
666 1650 101 34 les
724 1650 217 34 regarderais
897 1650 130 34 comme
970 1650 159 34 morts...»

144 1684 105 37 Dans
209 1684 79 37 un
249 1684 315 37 post-scriptum
524 1684 79 37 il
563 1684 144 37 demande
668 1684 105 37 1000
734 1684 184 37 bouteilles
878 1684 79 37 de
917 1684 105 37 vin,
983 1684 92 37 200
1022 1684 105 37 d’éau-

152 1714 125 44 de-vie
240 1714 113 44 etc.,
315 1714 100 44 mais
378 1714 75 44 il
416 1714 75 44 se
453 1714 125 44 ravise
541 1714 75 44 et
579 1714 88 44 dit
629 1714 113 44 qu’il
704 1714 100 44 vaut
767 1714 113 44 mieux
842 1714 88 44 les
892 1714 138 44 laisser
992 1714 63 44 à
1005 1714 125 44 Trieste.

150 1745 121 56 22217
230 1745 108 56 KARR
298 1745 202 56 (Alphonse),
459 1745 148 56 célèbre
567 1745 162 56 écrivain
688 1745 81 56 et
728 1745 188 56 romancier.
876 1745 148 56 Article
984 1745 108 56 aut.
1038 1745 94 56 sig.,

143 1789 112 41 avec
213 1789 154 41 ratures
325 1789 84 41 et
367 1789 224 41 corrections,
548 1789 70 41 9
576 1789 84 41 p.
618 1789 112 41 in-8
688 1789 154 41 oblong.
800 1789 182 41 Spirituel
939 1789 168 41 article.
1065 1789 70 41 4
1079 1789 56 41 50

150 1822 108 58 22218
222 1822 156 58 LAFAYETTE
342 1822 144 58 (Motier,
450 1822 132 58 marquis
546 1822 96 58 de),
606 1822 144 58 illustre
714 1822 132 58 général
810 1822 72 58 et
846 1822 132 58 député.
942 1822 108 58 L.
1014 1822 72 58 a.
1038 1822 96 58 s.

146 1872 67 48 à
172 1872 80 48 la
212 1872 173 48 princesse
345 1872 200 48 Belgiojoso,
505 1872 67 48 à
531 1872 133 48 Tours;
625 1872 173 48 Lagrange,
758 1872 67 48 3
784 1872 93 48 mai
837 1872 120 48 1833,
917 1872 67 48 3
944 1872 80 48 p.
970 1872 67 48 pl.

160 1904 65 39 in-4.
203 1904 43 39 10
217 1904 22 39 »

195 1933 228 62 Très-curieuse
382 1933 134 62 épître
476 1933 80 62 où
516 1933 80 62 il
556 1933 107 62 fait
623 1933 80 62 un
663 1933 147 62 piquant
770 1933 147 62 tableau
878 1933 80 62 de
918 1933 80 62 la
958 1933 174 62 politique
1078 1933 54 62 du

154 1977 231 42 gouvernement
341 1977 87 42 et
384 1977 87 42 de
428 1977 202 42 l’attitude
586 1977 87 42 de
629 1977 87 42 la
673 1977 144 42 France
774 1977 187 42 vis-à-vis
918 1977 101 42 les
961 1977 173 42 puissances

163 2008 181 37 trangères.
306 2008 78 37 Il
344 2008 130 37 raille
435 2008 91 37 les
487 2008 130 37 menées
578 2008 78 37 de
616 2008 78 37 la
655 2008 130 37 police
746 2008 78 37 et
785 2008 91 37 les
837 2008 143 37 mesures
927 2008 104 37 prises

158 2042 125 39 contre
245 2042 87 39 les
295 2042 150 39 banquets
407 2042 137 39 offerts
507 2042 87 39 par
557 2042 87 39 les
607 2042 175 39 patriotes.
744 2042 87 39 «Il
794 2042 87 39 est
844 2042 137 39 défendu
944 2042 62 39 à
957 2042 87 39 Lyon,

153 2073 150 52 dit-il,
262 2073 82 52 de
303 2073 150 52 chanter
412 2073 82 52 la
452 2073 217 52 Marseillaise
629 2073 95 52 que
683 2073 245 52 Louis-Philippe
887 2073 163 52 chantait
1010 2073 82 52 si
1037 2073 95 52 bien,

153 2117 83 43 ce
195 2117 97 43 qui
250 2117 235 43 ressemblerait
443 2117 69 43 à
471 2117 97 43 une
526 2117 166 43 jalousie
650 2117 83 43 de
692 2117 207 43 virtuose...
844 2117 41 43 »
