1119 2252
490 -1 96 60 —
528 -1 96 60 8
547 -1 58 60 —

24 57 147 62 6959.
121 57 98 62 LA
170 57 212 62 CHALOTAIS
333 57 212 62 (Caradeuc
496 57 130 62 de),
577 57 212 62 procureur
740 57 228 62 général-au
903 57 179 62 parlement

122 108 75 49 de
159 108 162 49 Bretagne.
283 108 112 49 L.
358 108 75 49 a.
395 108 137 49 s.
495 108 149 49 Saintes,
607 108 75 49 16
644 108 99 49 nov.
706 108 112 49 1772,
781 108 62 49 2
805 108 75 49 p.
843 108 87 49 1/2
892 108 112 49 in-4.
955 108 124 49 Curieuse

119 141 138 50 lettre
216 141 166 50 relative
340 141 69 50 à
368 141 97 50 ses
423 141 166 50 malheurs
547 141 83 50 et
589 141 69 50 à
616 141 83 50 sa
658 141 166 50 position
782 141 83 50 de
823 141 166 50 fortune,
934 141 138 50 plaintes

114 173 163 48 amères
228 173 163 48 contre
342 173 114 48 les
407 173 212 48 manœuvres
570 173 212 48 employées
733 173 114 48 par
798 173 114 48 ses
863 173 196 48 ennemis.
1010 173 81 48 6
1026 173 49 48 »

115 206 112 44 6960.
189 206 137 44 LACOMBE
289 206 150 44 (Louis),
402 206 150 44 musicien
514 206 200 44 compositeur,
676 206 112 44 jolie
751 206 112 44 L.
826 206 75 44 a.
864 206 125 44 s.
951 206 125 44 Marly,
1026 206 50 44 Le

126 237 94 53 Roy,
185 237 70 53 24
220 237 94 53 août
279 237 106 53 1854,
349 237 59 53 1
373 237 70 53 p.
408 237 106 53 in-8.
478 237 59 53 1
490 237 47 53 75

119 261 112 54 6961.
193 261 174 54 LACORDAIRE
330 261 112 54 (H.),
405 261 187 54 dominicain,
554 261 137 54 célèbre
654 261 199 54 prédicateur.
816 261 112 54 L.
890 261 75 54 a.
928 261 124 54 s.
1002 261 75 54 Tou-

126 305 111 38 louse,
203 305 100 38 1854.
270 305 77 38 1/2
314 305 66 38 p.
347 305 100 38 in-4.
414 305 55 38 2
425 305 44 38 50

115 328 82 63 6962.
169 328 55 63 LA
197 328 109 63 FONTAINE
279 328 82 63 (Jean
333 328 73 63 de),
378 328 55 63 le
406 328 82 63 grand
460 328 127 63 fabuliste.
560 328 82 63 On
615 328 55 63 ne
642 328 100 63 s’avise
715 328 91 63 jamais
769 328 73 63 de

121 374 154 50 tout
244 374 92 50 conte
306 374 123 50 autogr.,
398 374 51 50 1
419 374 62 50 p.
449 374 72 50 3/4
490 374 113 50 in-fol.
573 374 62 50 80
593 374 31 50 »

122 397 108 67 6963.
194 397 155 67 LAMENNAIS
313 397 84 67 (F.
361 397 96 67 de).
421 397 131 67 célèbre
516 397 143 67 écrivain
624 397 167 67 publiciste
755 397 72 67 et
791 397 131 67 député.
887 397 108 67 L.
959 397 72 67 a.
982 397 96 67 s.

119 443 72 50 10
155 443 107 50 avril
227 443 107 50 1839,
298 443 60 50 3
322 443 72 50 p.
358 443 84 50 pl.
406 443 107 50 in-8.
477 443 107 50 Belle
549 443 131 50 lettre.
644 443 72 50 15
668 443 36 50 »

118 488 109 38 —.«
181 488 124 38 Nous
258 488 155 38 sommes
367 488 186 38 toujours
507 488 124 38 dans
584 488 202 38 l’attente
739 488 124 38 d’un
817 488 202 38 ministère
972 488 109 38 que
1019 488 62 38 le

122 518 83 39 le
164 518 97 39 roi
219 518 83 39 ne
261 518 139 39 paraît
358 518 97 39 pas
413 518 139 39 pressé
510 518 83 39 de
552 518 153 39 former,
663 518 125 39 parce
746 518 125 39 qu’il
829 518 83 39 le
871 518 166 39 voudrait
982 518 97 39 d’une

119 545 137 50 façon
210 545 91 50 et
256 545 91 50 la
301 545 167 50 chambre
423 545 91 50 de
469 545 213 50 l’autre...
636 545 91 50 Le
682 545 107 50 roi
743 545 122 50 perd
819 545 152 50 chaque
926 545 122 50 jour
987 545 91 50 dans

117 577 194 46 l’opinion,
270 577 83 46 et
311 577 83 46 il
353 577 83 46 ne
395 577 139 46 semble
492 577 97 46 pas
547 577 111 46 s’en
617 577 153 46 douter,
728 577 111 46 cela
797 577 111 46 peut
867 577 83 46 le
908 577 125 46 mener
978 577 97 46 loin.

118 606 88 50 On
162 606 161 50 parlait
279 606 88 50 de
323 606 234 50 l’entêtement
513 606 88 50 de
557 606 161 50 Charles
674 606 88 50 X,
718 606 88 50 ce
762 606 161 50 n’était
879 606 117 50 rien
952 606 117 50 près
1011 606 59 50 de

113 646 134 41 celui
203 646 89 41 de
247 646 298 41 Louis-Pliilippe.
501 646 104 41 Ses
560 646 224 41 engagements
739 646 119 41 avec
814 646 104 41 les
873 646 209 41 puissances
1022 646 45 41 y

118 675 130 38 sont,
204 675 86 38 je
247 675 144 38 crois,
348 675 115 38 pour
420 675 187 38 beaucoup;
564 675 86 38 êt
608 675 115 38 puis
680 675 245 38 l’humiliation
882 675 86 38 de
925 675 144 38 céder.
1011 675 58 38 Le

121 705 159 41 château
236 705 72 41 a
265 705 130 41 voulu
351 705 188 41 organiser
496 705 101 41 une
553 705 144 41 petite
655 705 144 41 émeute
756 705 101 41 qui
813 705 144 41 serait
914 705 130 41 venue
986 705 87 41 très

114 737 72 40 à
142 737 130 40 point
229 737 115 40 pour
301 737 101 40 ses
358 737 187 40 intérêts,
502 737 86 40 il
545 737 72 40 a
574 737 158 40 echoué.
689 737 86 40 Le
733 737 144 40 peuple
833 737 72 40 a
862 737 86 40 eu
905 737 86 40 le
948 737 101 40 bon
992 737 86 40 sens

113 766 90 43 de
158 766 90 43 ne
203 766 105 43 pas
263 766 90 43 se
308 766 165 43 laisser
429 766 165 43 prendre
549 766 75 43 à
579 766 105 43 cet
639 766 210 43 abominable
804 766 150 43 piège.
910 766 90 43 Et
955 766 90 43 ce
985 766 90 43 sont

113 808 111 40 ces
176 808 253 40 provocateurs
382 808 95 40 de
430 808 221 40 désordres,
604 808 111 40 ces
667 808 253 40 ordonnateurs
872 808 95 40 dé
904 808 174 40 massacres

115 836 100 42 qui
172 836 172 42 accusent
301 836 129 42 leurs
386 836 215 42 adversaires
558 836 86 42 de
601 836 157 42 vouloir
715 836 200 42 l’anarchié
873 836 86 42 et
916 836 86 42 de
959 836 86 42 la
987 836 86 42 pré-

118 865 148 41 parer!
222 865 89 41 Je
266 865 89 41 ne
311 865 133 41 sache
399 865 104 41 pas
459 865 89 41 de
503 865 118 41 race
577 865 118 41 plus
651 865 192 41 perverse;
799 865 118 41 plus
873 865 178 41 odieuse,
991 865 89 41 plus

112 899 167 34 infâme,
233 899 106 34 que
294 899 137 34 cette
385 899 182 34 canaille
522 899 91 34 de
568 899 137 34 cour,
659 899 106 34 que
720 899 106 34 ces
780 899 198 34 mamelucks
932 899 91 34 du
963 899 106 34 juste

119 932 147 41 milieu
222 932 88 41 et
266 932 88 41 de
310 932 88 41 la
355 932 147 41 pensée
457 932 191 41 immuable.
605 932 162 41 Bugeaud
722 932 103 41 est
781 932 88 41 un
825 932 103 41 des
884 932 147 41 types.
972 932 103 41 Quand

119 961 84 35 la
161 961 141 35 nation
260 961 84 35 de
302 961 99 35 qui
358 961 113 35 l’on
429 961 84 35 se
471 961 113 35 joue
541 961 113 35 avec
612 961 113 35 tant
682 961 225 35 d’imprudence
865 961 84 35 se
893 961 183 35 réveillera-

115 992 146 46 t-elle
218 992 117 46 donc
290 992 102 46 une
349 992 131 46 bonne
436 992 146 46 fois?;
538 992 88 46 Je
582 992 131 46 dinai
670 992 117 46 hier
743 992 117 46 avec
815 992 117 46 lord
888 992 190 46 Brougham,
1020 992 58 46 il

118 1029 76 40 a
148 1029 167 40 quelque
270 1029 137 40 chose
361 1029 91 40 de
407 1029 152 40 Dupin,
513 1029 122 40 mais
589 1029 91 40 il
635 1029 122 40 vaut
711 1029 137 40 mieux
802 1029 122 40 pour
878 1029 91 40 le
909 1029 167 40 caractère

114 1056 84 41 et
156 1056 99 41 lui
212 1056 99 41 est
269 1056 225 41 certainement
452 1056 113 41 très
522 1056 183 41 supérieur
663 1056 113 41 pour
733 1056 84 41 le
761 1056 155 41 talent...

112 1084 139 55 6964.
204 1084 201 55 LAMOIGNON
359 1084 93 55 DE
406 1084 186 55 BASVILLE
545 1084 217 55 (Nicolas),
716 1084 201 55 intendant
871 1084 93 55 du
902 1084 170 55 Languedoc

116 1126 114 42 après
192 1126 76 42 la
230 1126 177 42 révocation
369 1126 76 42 de
407 1126 127 42 l’édit
496 1126 76 42 de
534 1126 139 42 Nantes.
635 1126 114 42 L.
711 1126 139 42 a.
812 1126 76 42 s.
850 1126 127 42 Nimes,
939 1126 76 42 ce
977 1126 76 42 28
1002 1126 76 42 sep-

127 1156 118 42 tembre
210 1156 107 42 1707,
281 1156 59 42 1
305 1156 71 42 p.
340 1156 83 42 1/2
388 1156 107 42 in-4.
459 1156 59 42 2
471 1156 47 42 50

111 1188 129 41 6965.
197 1188 158 41 LEGANEZ
311 1188 100 41 (le
368 1188 158 41 marquis
483 1188 115 41 de),
555 1188 200 41 gouverneur
712 1188 86 41 du
755 1188 186 41 Milanais,
898 1188 158 41 général
998 1188 72 41 cé-

126 1220 122 40 lèbre.
211 1220 110 40 L.
284 1220 122 40 s.
370 1220 146 40 Valence,
480 1220 73 40 21
516 1220 134 40 octobre
614 1220 110 40 1637,
687 1220 61 40 1
711 1220 73 40 p.
748 1220 134 40 in-fol.
845 1220 207 40 Rare.
1016 1220 61 40 4
1028 1220 37 40 »

109 1255 128 56 6966.
194 1255 185 56 MAINTENON
336 1255 100 56 (F.
393 1255 199 56 d’Aubigné,
550 1255 171 56 marquise
678 1255 114 56 de),
749 1255 128 56 notes
834 1255 85 56 de
877 1255 71 56 8
905 1255 142 56 lignes
991 1255 85 56 aut.

121 1290 195 35 elatives
267 1290 81 35 à
300 1290 98 35 la
349 1290 163 35 maison
463 1290 98 35 de
512 1290 228 35 Saint-Cyr,
691 1290 114 35 1/2
756 1290 98 35 p.
805 1290 147 35 in-8.
903 1290 81 35 4
919 1290 65 35 50

106 1321 124 42 6967.
189 1321 124 42 MARIE
272 1321 331 42 (Elisabeth-Françoise
562 1321 83 42 de
603 1321 152 42 Savoie,
714 1321 138 42 épouse
811 1321 193 42 d’Alphonse
963 1321 97 42 VI,
1004 1321 69 42 roi

118 1360 80 44 de
158 1360 173 44 Portugal.
291 1360 120 44 L.
371 1360 133 44 s.
464 1360 80 44 au
504 1360 120 44 comte
584 1360 80 44 de
624 1360 200 44 Gubernatis,
784 1360 187 44 Salvaterra
930 1360 120 44 1679,
1010 1360 67 44 1
1024 1360 53 44 p.

115 1394 110 48 in-4.
188 1394 135 48 Cachets
286 1394 74 48 et
323 1394 123 48 soies,
409 1394 172 48 très-jolie
544 1394 135 48 lettre.
642 1394 61 48 5
654 1394 37 48 »

117 1421 111 52 6968.
190 1421 111 52 MAURY
264 1421 86 52 (J.
313 1421 160 52 Siffren),
436 1421 160 52 cardinal,
559 1421 123 52 membre
645 1421 74 52 de
682 1421 135 52 l’Acad.
780 1421 135 52 franç.,
878 1421 111 52 L.
952 1421 123 52 s
1026 1421 49 52 au

119 1467 149 40 préfet
224 1467 90 40 de
268 1467 90 40 la
313 1467 149 40 Seine,
418 1467 75 40 2
448 1467 179 40 décembre
582 1467 134 40 1812,
672 1467 105 40 3/4
731 1467 90 40 de
776 1467 90 40 p.
821 1467 134 40 in-4,
896 1467 179 40 invitation

126 1503 103 38 our
185 1503 176 38 assister
317 1503 88 38 au
361 1503 88 38 Te
405 1503 132 38 Deum,
493 1503 103 38 qui
552 1503 117 38 sera
625 1503 147 38 chanté
728 1503 117 38 dans
801 1503 176 38 l’église
918 1503 147 38 métropo-

119 1532 160 35 litaine
236 1532 116 35 pour
308 1532 87 35 la
352 1532 189 35 solennité
497 1532 87 35 de
541 1532 262 35 l’anniversaire
759 1532 87 35 du
803 1532 233 35 couronnement
992 1532 87 35 de
1021 1532 58 35 Sa

117 1562 172 38 Majesté,
246 1562 129 38 ainsi
331 1562 129 38 qu’au
417 1562 158 38 service
532 1562 186 38 funéraire
675 1562 115 38 pour
747 1562 100 38 les
804 1562 200 38 militaires
961 1562 129 38 morts
1033 1562 43 38 à

108 1594 70 36 la
143 1594 141 36 bataille
249 1594 199 36 d’Austerlitz.
413 1594 59 36 5
425 1594 35 36 »

110 1626 107 45 6969.
181 1626 189 45 MONTGAILLARD
335 1626 83 45 (G.
382 1626 213 45 Honoré-Roques,
560 1626 95 45 abbé
619 1626 95 45 de),
678 1626 166 45 historien.
809 1626 107 45 L.
880 1626 71 45 a.
903 1626 95 45 s.

123 1660 112 37 Paris,
201 1660 101 37 1823,
269 1660 56 37 1
291 1660 67 37 p.
325 1660 90 37 3/4,
381 1660 101 37 in-4.
449 1660 56 37 2
460 1660 45 37 50

118 1690 128 47 6970.
203 1690 142 47 QUELEN
302 1690 213 47 (Hyacinthe,
473 1690 128 47 comte
558 1690 114 47 de),
629 1690 199 47 archevêque
785 1690 85 47 de
828 1690 142 47 Paris,
927 1690 142 47 membre
1012 1690 57 47 de

124 1724 127 56 l'Acad.
217 1724 115 56 franç.
297 1724 104 56 L.
366 1724 69 56 a.
401 1724 115 56 s.
481 1724 69 56 au
516 1724 81 56 duc
562 1724 69 56 de
597 1724 104 56 Damas
666 1724 104 56 Crux.
735 1724 115 56 Paris,
815 1724 104 56 1825,
884 1724 58 56 1
907 1724 69 56 p.
930 1724 58 56 pl.

114 1759 73 37 in-4.
163 1759 41 37 2
171 1759 24 37 »

108 1781 122 50 6971.
190 1781 122 50 TARIN
271 1781 122 50 (Paul
352 1781 108 50 de),
420 1781 190 50 précepteur
569 1781 81 50 du
610 1781 95 50 duc
664 1781 81 50 de
705 1781 176 50 Bordeaux.
841 1781 136 50 évêque
935 1781 81 50 de
963 1781 108 50 Stras-

109 1823 104 48 bourg.
182 1823 94 48 L.
244 1823 63 48 a.
275 1823 104 48 s.
348 1823 63 48 29
380 1823 83 48 juin
432 1823 94 48 1830,
494 1823 52 48 1
515 1823 63 48 p.
546 1823 94 48 in-4.
609 1823 52 48 1
619 1823 42 48 75

117 1849 108 57 6972.
189 1849 144 57 WOLOWSKI
297 1849 108 57 (L.),
368 1849 144 57 écrivain
476 1849 180 57 économiste,
620 1849 72 57 et
656 1849 132 57 député.
752 1849 108 57 L.
823 1849 72 57 a.
859 1849 120 57 s.,
943 1849 60 57 1
955 1849 48 57 p.

129 1890 52 42 in-8.
164 1890 29 42 1
170 1890 23 42 75

105 1914 121 56 6973.
185 1914 94 56 ZÉA
239 1914 162 56 BERMUDEZ
361 1914 148 56 (Joach.
469 1914 108 56 de),
536 1914 148 56 célèbre
644 1914 162 56 ministre
765 1914 81 56 de
806 1914 175 56 Ferdinand
927 1914 81 56 VII.

125 1955 77 55 L.
177 1955 52 55 a.
203 1955 95 55 s.
272 1955 43 55 2
289 1955 52 55 p.
314 1955 69 55 3/4,
357 1955 77 55 in-8.
409 1955 43 55 2
418 1955 34 55 25

117 2014 122 58 6974.
199 2014 216 58 Dictionnaire
374 2014 95 58 des
428 2014 135 58 pièces
523 2014 203 58 autographes
685 2014 135 58 volées
780 2014 95 58 aux
834 2014 230 58 bibliothèques
1009 2014 68 58 pu-

116 2062 162 45 bliques
234 2062 89 45 de
279 2062 89 45 la
323 2062 162 45 France,
441 2062 162 45 précéde
559 2062 266 45 d’observations
780 2062 103 45 sur
839 2062 89 45 le
883 2062 177 45 commerce
1001 2062 74 45 des

108 2096 245 40 autographes,
307 2096 107 40 par
368 2096 122 40 Lud.
444 2096 168 40 Lalanne
567 2096 92 40 et
613 2096 92 40 H.
659 2096 184 40 Bordier.
796 2096 153 40 Paris,
888 2096 184 40 Panckouke,

115 2126 104 48 1853,
185 2126 58 48 1
208 2126 92 48 vol.
265 2126 104 48 in-8,
335 2126 81 48 br.
381 2126 58 48 8
392 2126 35 48 »

148 2144 101 65 (II
205 2144 86 65 ne
248 2144 130 65 reste
335 2144 101 65 que
392 2144 115 65 très
464 2144 101 65 peu
522 2144 245 65 d'exemplaires
723 2144 86 65 de
767 2144 101 65 cet
810 2144 158 65 ouvrage.)
