1156 2211
508 5 61 52 —
532 5 61 52 7
544 5 37 52 —

106 59 161 69 mentines,
230 59 87 69 des
279 59 137 69 Lettres
379 59 74 69 de
416 59 137 69 Clément
515 59 99 69 XIV,
577 59 99 69 etc.
639 59 112 69 L.
714 59 74 69 a.
751 59 124 69 s.
838 59 62 69 à
863 59 161 69 Voltaire.
975 59 99 69 Paris.

116 118 176 39 septemb.
249 118 132 39 1776,
337 118 74 39 4
366 118 88 39 p.
410 118 103 39 pl.
469 118 132 39 in-4.
557 118 132 39 Belle
646 118 88 39 et
690 118 250 39 intéressante.
896 118 162 39 Lettre.
1013 118 74 39 6
1028 118 44 39 »

140 134 110 58 Vifs
209 134 193 58 sentiments
361 134 221 58 d’admiration
540 134 110 58 pour
609 134 83 58 le
650 134 124 58 génie
733 134 83 58 de
775 134 179 58 Voltaire,
913 134 83 58 il
940 134 138 58 rectifie

113 184 166 45 l’erreur
237 184 97 45 qui
293 184 83 45 le
334 184 110 45 fait
403 184 138 45 naître
500 184 83 45 en
541 184 166 45 Touraine
666 184 83 45 et
707 184 124 45 donne
790 184 83 45 de
831 184 124 45 longs
914 184 83 45 et
942 184 138 45 intéres-

112 214 131 57 sants
200 214 160 57 détails
316 214 102 57 sur
374 214 87 57 la
417 214 218 57 publication
591 214 102 57 des
649 214 160 57 Lettres
765 214 87 57 de
794 214 189 57 Ganganelli.

111 243 116 69 6945.
189 243 155 69 CAUCHOIS
305 243 155 69 LEMAIRE,
421 243 206 69 littérateur,
589 243 181 69 publiciste
731 243 77 69 et
769 243 219 69 pamphlétaire.
937 243 142 69 L.

119 297 108 41 a.
191 297 132 41 s.
287 297 108 41 1829,
359 297 60 41 1
382 297 72 41 p.
418 297 84 41 1/2
466 297 108 41 in-8,
538 297 144 41 relative
646 297 60 41 à
670 297 72 41 un
706 297 108 41 éloge
778 297 108 41 qu’il
849 297 96 41 doit
909 297 108 41 faire
981 297 72 41 en
1005 297 72 41 con-

121 324 130 45 currence
219 324 87 45 avec
273 324 185 45 Paul-Louis
425 324 174 45 Courier
567 324 54 45 2
577 324 33 45 »

117 341 132 63 6946.
205 341 248 63 CHATEAUBRIAND
410 341 102 63 (le
468 341 161 63 vicomte
585 341 117 63 de),
658 341 146 63 membre
760 341 88 63 de
804 341 161 63 l’Acad.
907 341 175 63 française.

115 388 98 53 L.
180 388 65 53 a.
213 388 109 53 s.
289 388 65 53 31
322 388 120 53 décemb.
409 388 98 53 1820,
474 388 54 53 1
496 388 65 53 p.
528 388 98 53 in-4.
594 388 54 53 5
605 388 44 53 50

146 415 135 60 Jolie
236 415 150 60 lettre
341 415 75 60 à
371 415 105 60 une
432 415 120 60 dame
507 415 75 60 à
537 415 180 60 laquelle
672 415 90 60 il
717 415 165 60 annonce
837 415 135 60 qu'il
928 415 120 60 part
988 415 90 60 pour

112 451 191 49 Berlin...
259 451 191 49 Veuillez,
406 451 161 49 Madame,
523 451 117 49 user
596 451 88 49 de
640 451 132 49 toute
728 451 132 49 votre
816 451 191 49 puissance
963 451 117 49 pour
1021 451 59 49 me

125 477 127 58 faire
210 477 170 58 rappeler
337 477 170 58 bientôt,
465 477 85 58 je
507 477 156 58 m’offre
621 477 113 58 pour
691 477 127 58 votre
776 477 156 58 lecteur
890 477 198 58 d'histoire
1031 477 57 58 et

122 514 145 50 pour
212 514 109 50 le
267 514 235 50 suppléant
448 514 109 50 de
502 514 109 50 M.
556 514 109 50 de
611 514 272 50 Humboldt...

117 550 131 50 6947.
205 550 161 50 CLAUSEL
322 550 88 50 DE
366 550 161 50 MONTALS
482 550 161 50 (E.-G),
599 550 146 50 évêque
701 550 88 50 de
745 550 190 50 Ghartrès,
891 550 175 50 écrivain
1008 550 73 50 re-

118 580 134 50 ligieux.
218 580 101 50 L.
286 580 67 50 a.
319 580 112 50 s.
397 580 145 50 Chartres,
509 580 101 50 1844,
576 580 56 50 1
599 580 67 50 p.
632 580 78 50 1/2
677 580 101 50 in-4.
744 580 56 50 1
755 580 45 50 50

117 602 125 68 6948.
201 602 139 68 DESAIX
298 602 83 68 DE
340 602 167 68 VOYGOUX,
465 602 153 68 célèbre
576 602 153 68 général
688 602 97 68 tué
743 602 70 68 à
771 602 167 68 Marengo.
896 602 125 68 P.
966 602 125 68 s.

126 650 134 46 comme
215 650 163 46 général
334 650 89 46 en
379 650 119 46 chef
453 650 89 46 de
498 650 163 46 l’armée
617 650 253 46 d’Angleterre,
825 650 74 46 1
854 650 89 46 p.
899 650 163 46 in-fol.
1018 650 74 46 3
1033 650 59 46 75

129 675 117 68 6949.
207 675 196 68 DÉSAUGIERS,
364 675 196 68 chansonnier
520 675 78 68 et
559 675 130 68 auteur
651 675 196 68 dramatique,
807 675 117 68 L.
885 675 78 68 a.
924 675 130 68 s.
1016 675 65 68 à
1029 675 65 68 Ar-

129 716 112 61 nand.
203 716 149 61 Séville,
315 716 112 61 1827,
390 716 62 61 1
415 716 75 61 p.
452 716 87 61 1/4
502 716 112 61 in-4.
576 716 62 61 2
589 716 37 61 »

120 733 114 74 6950.
197 733 127 74 DUROC,
286 733 89 74 duc
336 733 76 74 de
374 733 140 74 Frioul,
476 733 114 74 grand
552 733 153 74 maréchal
667 733 76 74 du
705 733 140 74 palais.
807 733 114 74 L.
883 733 76 74 a.
921 733 127 74 s.
997 733 102 74 Saint-

123 794 117 44 Cloud,
205 794 117 44 in-12,
287 794 58 44 1
310 794 70 44 p.
345 794 128 44 in-fol.
439 794 58 44 2
450 794 47 44 50

123 797 118 73 6951.
202 797 157 73 ESCHERNY
320 797 262 73 (François-Louis,
543 797 118 73 comte
622 797 105 73 d’),
687 797 210 73 littérateur.
858 797 118 73 L.
937 797 79 73 a.
976 797 131 73 s.
1055 797 39 73 à

123 860 144 43 Madame
224 860 87 43 de
267 860 202 43 Marchangy.
425 860 144 43 Paris,
526 860 87 43 13
570 860 101 43 mai
627 860 130 43 1814,
714 860 72 43 2
743 860 87 43 p.
786 860 101 43 pl.
843 860 130 43 in-4.
930 860 72 43 2
944 860 58 43 50

151 883 205 53 Charinante
312 883 146 53 lettre
414 883 117 53 dans
487 883 175 53 laquelle
619 883 88 53 il
663 883 88 53 se
707 883 146 53 plaint
809 883 88 53 de
853 883 248 53 l’éloignement
1043 883 58 53 du

128 909 191 60 domicile
272 909 96 60 de
319 909 160 60 Madâme
431 909 96 60 de
479 909 255 60 Marchangy...
686 909 175 60 Comment
814 909 239 60 voulez-vous
989 909 112 60 qu’un

131 946 214 56 octogénaire
302 946 86 56 et
345 946 157 56 au-delà
459 946 128 56 aille
544 946 257 56 périodiquement
758 946 86 56 se
801 946 157 56 plonger
915 946 86 56 de
957 946 114 56 nuit
1014 946 86 56 dans

132 975 136 58 votre
222 975 166 58 vieille
343 975 106 58 rue
404 975 91 58 du
449 975 166 58 Temple?
570 975 211 58 Donnez-moi
736 975 196 58 l’esprit,
887 975 106 58 les
947 975 151 58 jambes
1038 975 60 58 et

131 1006 108 61 les
192 1006 93 61 30
239 1006 108 61 ans
300 1006 93 61 de
346 1006 93 61 M.
393 1006 123 61 Aimé
470 1006 170 61 Martin,
593 1006 108 61 et;
655 1006 123 61 vous
732 1006 170 61 verrez,
855 1006 170 61 Madame,
979 1006 93 61 si
1009 1006 93 61 vous

134 1041 137 53 aurez
225 1041 91 53 un
270 1041 197 53 chevalief
422 1041 137 53 mieux
513 1041 167 53 disposé
635 1041 76 53 à
665 1041 152 53 rompre
771 1041 106 53 une
832 1041 137 53 lance
923 1041 152 53 contre
1014 1041 91 53 tout

132 1077 208 50 détracteur
296 1077 89 50 de
341 1077 89 50 la
385 1077 119 50 dame
460 1077 119 50 dont
534 1077 89 50 je
579 1077 89 50 me
624 1077 238 50 déclarerici,
817 1077 134 50 jeune
906 1077 89 50 ou
951 1077 149 50 vieux,
1040 1077 60 50 le

131 1121 119 39 très
205 1121 149 39 humble
310 1121 193 39 serviteur
458 1121 89 39 et
488 1121 223 39 admirateur...

129 1120 109 78 6952.
201 1120 133 78 ESTRÉES
298 1120 121 78 (César
383 1120 97 78 d’),
443 1120 157 78 cardinal,
564 1120 121 78 membre
648 1120 72 78 de
684 1120 133 78 l’Acad.
781 1120 85 78 fr.
829 1120 109 78 L.
902 1120 133 78 s.
998 1120 97 78 avec
1047 1120 48 78 la

139 1173 182 55 souscription
287 1173 114 55 autog.
366 1173 193 55 Paris,
525 1173 102 55 1695,
594 1173 57 55 1
616 1173 68 55 p.
651 1173 125 55 in-fol.
742 1173 57 55 2
753 1173 34 55 »

140 1202 102 59 6953.
208 1202 147 59 EXCELMANS
321 1202 79 59 (le
366 1202 102 59 cte),
434 1202 136 59 maréchal
536 1202 68 59 de
570 1202 125 59 France.
661 1202 102 59 L.
729 1202 68 59 a.
763 1202 125 59 s.
854 1202 57 59 3
877 1202 68 59 p.
911 1202 79 59 pl.
945 1202 79 59 in

146 1257 95 39 Cachet.
216 1257 43 39 2
224 1257 35 39 50

139 1269 108 59 6954.
211 1269 121 59 FRÉRON
296 1269 253 59 (Elie-Catherine),
513 1269 181 59 littérateur
657 1269 72 59 et
693 1269 157 59 critique.
814 1269 108 59 L.
886 1269 72 59 a.
922 1269 133 59 s.
1019 1269 60 59 à
1031 1269 72 59 Mer-

137 1311 103 53 cier
201 1311 205 53 Saint-Léger,
368 1311 77 53 15
406 1311 103 53 juin
471 1311 115 53 1765,
547 1311 64 53 1
573 1311 77 53 p.
612 1311 90 53 pl.
663 1311 115 53 in-8.
740 1311 64 53 3
753 1311 38 53 »

138 1338 134 62 6955.
228 1338 179 62 GONZAGUE
362 1338 209 62 (Ferdinand
526 1338 119 62 de),
600 1338 164 62 célèbre
719 1338 164 62 général
839 1338 89 62 de
869 1338 239 62 Charles

144 1375 115 57 connu
221 1375 90 57 par
272 1375 77 57 sa
311 1375 154 57 cruauté.
426 1375 77 57 L.
464 1375 90 57 s.,
515 1375 115 57 1548,
592 1375 64 57 1
618 1375 77 57 p.
656 1375 154 57 in-fol.,
771 1375 115 57 rare.
848 1375 64 57 5
861 1375 38 57 »

140 1403 125 65 6956.
223 1403 166 65 Grégoire
348 1403 111 65 XVI,
417 1403 125 65 pape,
500 1403 152 65 rescrit
611 1403 125 65 signé
694 1403 83 65 de
735 1403 83 65 sa
777 1403 138 65 propre
874 1403 111 65 main
943 1403 83 65 et
971 1403 138 65 intitulé

143 1443 295 59 Chirographe
400 1443 77 59 au
438 1443 154 59 cardinal
554 1443 218 59 Lambruschini,
734 1443 64 59 8
759 1443 116 59 févr.
836 1443 116 59 1837,
913 1443 64 59 6
939 1443 77 59 p.
978 1443 90 59 3/4
1016 1443 90 59 in

144 1496 142 40 Pièce
239 1496 347 40 très-intéressante.
539 1496 95 40 15
571 1496 47 40 »

179 1506 231 68 Autorisation
366 1506 101 68 par
424 1506 87 68 le
467 1506 187 68 souverain
611 1506 159 68 pontife
727 1506 87 68 au
770 1506 144 68 prince
871 1506 130 68 royal
957 1506 130 68 Oscar
1029 1506 87 68 fils

143 1544 118 56 aîné
217 1544 88 56 de
261 1544 88 56 S.
305 1544 88 56 M.
349 1544 88 56 le
393 1544 103 56 roi
452 1544 88 56 de
496 1544 132 56 Suède
585 1544 88 56 et
629 1544 74 56 à
658 1544 88 56 la
702 1544 191 56 princesse
849 1544 191 56 Joséphine
982 1544 132 56 Maximi-

148 1575 159 60 lienne,
263 1575 130 60 fille
349 1575 115 60 aîné
421 1575 86 60 du
465 1575 144 60 prince
565 1575 159 60 Eugène,
681 1575 101 60 duc
738 1575 86 60 de
782 1575 231 60 Leuctemberg,
969 1575 86 60 de
998 1575 115 60 vendre

146 1610 202 52 moyennant
302 1610 93 52 un
348 1610 155 52 tribut
457 1610 93 52 de
504 1610 109 52 300
566 1610 124 52 écus
644 1610 171 52 romains
768 1610 155 52 envers
877 1610 93 52 le
908 1610 202 52 Saint

151 1639 104 59 les
211 1639 179 59 diverses
345 1639 209 59 propriétés
509 1639 194 59 foncières
658 1639 149 59 qu’ils
762 1639 194 59 possèdent
911 1639 119 59 dans
986 1639 104 59 les
1031 1639 89 59 pro-

151 1667 149 58 vinces
255 1667 89 58 du
300 1667 179 58 Bolonais
434 1667 89 58 et
479 1667 89 58 du
523 1667 208 58 Ferrarais,
687 1667 134 58 ainsi
777 1667 134 58 qu’un
866 1667 149 58 palais
970 1667 149 58 appelé
1059 1667 60 58 de

149 1705 185 57 Caprara,
287 1705 139 57 situé
380 1705 123 57 dans
457 1705 92 57 la
503 1705 139 57 ville
595 1705 92 57 de
641 1705 185 57 Bologne,
780 1705 216 57 lesquelles
934 1705 185 57 propriètes

152 1735 174 54 avaient
279 1735 111 54 été
342 1735 174 54 érigées
469 1735 95 54 en
516 1735 142 54 duché
611 1735 111 54 par
674 1735 95 54 un
722 1735 158 54 décrêt
832 1735 95 54 de
880 1735 111 54 feu
927 1735 190 54 l’empereur

151 1762 178 67 Napoléon
285 1762 89 67 en
329 1762 119 67 date
403 1762 89 67 du
448 1762 89 67 14
492 1762 104 67 mai
552 1762 133 67 1813,
641 1762 89 67 et
685 1762 193 67 conférées
833 1762 74 67 à
863 1762 148 67 ladite
952 1762 163 67 princesse

154 1796 90 57 et
199 1796 75 57 a
229 1796 105 57 ses
289 1796 226 57 descendants
470 1796 150 57 mâles,
575 1796 105 57 par
635 1796 135 57 ordre
725 1796 90 57 de
755 1796 241 57 primogéniture.

151 1838 125 50 6957.
234 1838 181 50 HELVÉTIUS
373 1838 278 50 (Claude-Adrien),
610 1838 208 50 littérateur
777 1838 83 50 et
818 1838 208 50 philosophe,
985 1838 139 50 auteur
1068 1838 56 50 du

160 1857 108 78 livre
232 1857 108 78 de
304 1857 204 78 l’Esprit,
472 1857 120 78 projet
556 1857 72 78 de
592 1857 120 78 lettre
676 1857 96 78 aut.
736 1857 60 78 à
760 1857 156 78 Voltaire,
880 1857 60 78 1
904 1857 72 78 p.
940 1857 84 78 1/2
988 1857 108 78 in-4.
1060 1857 72 78 12
1084 1857 36 78 »

153 1893 63 68 —
179 1893 75 68 Il
216 1893 88 68 lui
266 1893 113 68 parle
342 1893 75 68 de
379 1893 88 68 son
430 1893 126 68 maudit
517 1893 113 68 livre
593 1893 113 68 de
668 1893 213 68 l’Esprit,
844 1893 88 68 qui
894 1893 113 68 vient
969 1893 126 68 d’être
1045 1893 75 68 sup-

163 1930 126 52 primé
247 1930 84 52 et
289 1930 98 52 qui
346 1930 140 52 excite
444 1930 140 52 contré
542 1930 98 52 lui
598 1930 84 52 la
640 1930 112 52 plus
711 1930 169 52 violente
837 1930 253 52 persécution...
1034 1930 84 52 J’ay

166 1952 113 66 fait
237 1952 99 66 les
293 1952 241 66 rétractations
492 1952 128 66 qu’on
577 1952 71 66 a
605 1952 142 66 voulu,
705 1952 113 66 mais
776 1952 113 66 cela
846 1952 99 66 n’à
903 1952 128 66 point
988 1952 113 66 paré
1045 1952 85 66 l’o-

165 1987 118 55 rage
239 1987 103 55 qui
298 1987 147 55 gronde
401 1987 206 55 maintenant
563 1987 118 55 plus
636 1987 118 55 fort
710 1987 103 55 que
769 1987 162 55 jamais,
887 1987 88 55 je
931 1987 118 55 suis
990 1987 132 55 dénoncé

169 2017 70 58 à
197 2017 84 58 la
239 2017 183 58 Sorbonne,
380 2017 183 58 peut-être
521 2017 84 58 le
563 2017 169 58 sérai-je
690 2017 70 58 à
718 2017 211 58 l’assemblée
887 2017 84 58 du
929 2017 155 58 clergé,
1042 2017 84 58 je
1070 2017 56 58 ne

168 2054 116 53 sais
241 2054 102 53 pas
299 2054 116 53 trop
372 2054 87 53 si
416 2054 87 53 ma
460 2054 175 53 personne
591 2054 102 53 est
649 2054 87 53 en
692 2054 160 53 surété,
809 2054 87 53 et
852 2054 87 53 si
896 2054 87 53 je
940 2054 87 53 ne
983 2054 131 53 serai
1056 2054 73 53 pas

160 2099 143 48 obligé
260 2099 86 48 de
302 2099 157 48 quitter
417 2099 86 48 la
445 2099 157 48 France...

70 2108 122 80 6958.
152 2108 176 80 JOINVILLE
287 2108 176 80 (François
423 2108 190 80 d’Orléans,
572 2108 135 80 prince
666 2108 108 80 dé),
734 2108 122 80 L.
815 2108 81 80 a.
856 2108 95 80 s.,
910 2108 81 80 s.
951 2108 149 80 d.
1059 2108 68 80 2
1073 2108 54 80 p.

82 2128 939 87 in-4.
708 2128 522 87 4
812 2128 313 87 »
