1605 2985
651 103 180 84 —
723 103 252 84 262
831 103 108 84 —

116 176 190 94 sig.,
243 176 106 94 à
285 176 127 94 M.
349 176 127 94 de
412 176 127 94 la
475 176 254 94 Bouïsse.
666 176 275 94 Palancia,
877 176 127 94 13
941 176 233 94 février
1110 176 190 94 1809.
1237 176 106 94 2
1279 176 127 94 p.
1343 176 169 94 in-4
1427 176 106 94 (en

69 265 696 51 partie
557 265 418 51 en
765 265 696 51 vers).
1253 265 348 51 3
1322 265 209 51 »

67 296 194 67 3247.
197 296 431 67 Delambre,
563 296 388 67 mathématicien,
887 296 216 67 membre
1038 296 129 67 de
1103 296 324 67 l’Institut.
1361 296 129 67 1°
1405 296 129 67 Rap

117 356 189 52 port
236 356 236 52 signé,
401 356 165 52 sur
495 356 189 52 deux
614 356 354 52 instruments
897 356 307 52 présentés
1133 356 118 52 à
1181 356 331 52 l’Académie
1417 356 118 52 par

117 389 127 62 M.
180 389 190 62 Laur,
307 389 275 62 géomètre.
519 389 190 62 1821.
646 389 106 62 4
688 389 148 62 gr.
773 389 127 62 p.
836 389 148 62 pl.
921 389 233 62 in-fol.
1090 389 148 62 (La
1174 389 254 62 vignette
1365 389 127 62 en
1407 389 127 62 tête

118 447 103 58 a
159 447 144 58 été
241 447 226 58 coupée,
405 447 123 58 et
466 447 103 58 a
507 447 185 58 ainsi
630 447 205 58 enlevé
774 447 123 58 le
835 447 205 58 milieu
979 447 123 58 de
1040 447 103 58 8
1081 447 246 58 lignes.)
1266 447 103 58 —
1307 447 123 58 2°
1368 447 123 58 L.
1409 447 123 58 aut.

118 497 182 63 sig.,
239 497 121 63 au
300 497 223 63 citoyen
462 497 202 63 Firmin
604 497 202 63 Didot.
745 497 101 63 3
786 497 142 63 gr.
867 497 121 63 p.
928 497 142 63 pl.
1009 497 182 63 in-4.
1130 497 223 63 Remplie
1292 497 121 63 de
1333 497 202 63 chiffres

68 537 419 52 de
278 537 1116 52 logarithmes.
1184 537 349 52 7
1254 537 279 52 50

72 575 191 66 3248.
199 575 425 66 Delavigne
560 575 297 66 (Casimir),
794 575 191 66 poëte
921 575 319 66 dramatique,
1176 575 212 66 membre
1325 575 127 66 de
1367 575 170 66 l’Aca-

117 633 213 62 démie
259 633 331 62 Française.
519 633 142 62 L.
590 633 189 62 aut.
708 633 189 62 sig.
826 633 236 62 Paris.
992 633 118 62 1
1039 633 165 62 gr.
1133 633 142 62 p.
1204 633 165 62 pl.
1299 633 213 62 in-8.
1440 633 118 62 4
1464 633 71 62 »

70 675 200 61 3249.
203 675 445 61 Demarest,
581 675 534 61 ingénieur-géographe,
1049 675 400 61 mathématicien,
1360 675 178 61 auteur

120 731 125 57 du
183 731 167 57 plan
287 731 354 57 topographique
579 731 125 57 de
641 731 292 57 Marseille.
871 731 125 57 L.
933 731 167 57 aut.
1038 731 167 57 sig.
1142 731 209 57 Paris,
1288 731 125 57 20
1329 731 209 57 décembre

77 778 597 55 1817.
475 778 332 55 1
607 778 398 55 p.
806 778 597 55 in-4.
1204 778 332 55 1
1271 778 265 55 75

74 816 169 67 3250.
187 816 394 67 Desessarts
525 816 188 67 (Denis
656 816 169 67 de
769 816 300 67 Chanet,
1013 816 169 67 dit),
1125 816 206 67 célèbre
1275 816 244 67 comédien,
1444 816 94 67 so-

121 884 250 54 ciétaire
308 884 125 54 du
371 884 437 54 Théâtre-Français,
745 884 125 54 où
808 884 125 54 il
870 884 208 54 débuta
1016 884 125 54 en
1078 884 187 54 1772.
1203 884 125 54 L.
1266 884 166 54 aut.
1370 884 187 54 sig.,
1474 884 62 54 à

122 923 123 52 M.
184 923 123 52 le
246 923 144 52 duc
328 923 123 52 de
389 923 287 52 Villequier
615 923 144 52 (Il
697 923 103 52 y
738 923 103 52 a
779 923 123 52 en
840 923 164 52 tête
943 923 164 52 deux
1045 923 205 52 lignes
1189 923 164 52 aut.
1291 923 164 52 sig.
1394 923 123 52 du
1435 923 103 52 duc

120 969 133 67 de
186 969 355 67 Villequier).
474 969 111 67 1
519 969 133 67 p.
585 969 155 67 pl.
674 969 177 67 in-4
785 969 133 67 en
851 969 266 67 travers.
1051 969 266 67 Portrait
1250 969 222 67 gravé.
1405 969 133 67 13
1449 969 89 67 50

169 1014 132 62 Il
235 1014 154 62 lui
323 1014 243 62 demande
500 1014 177 62 pour
610 1014 154 62 lui
699 1014 132 62 et
765 1014 154 62 ses
853 1014 309 62 camarades,
1096 1014 177 62 pour
1206 1014 221 62 avoir,
1360 1014 177 62 dans
1449 1014 88 62 le

123 1069 243 56 courant
300 1069 133 56 de
366 1069 199 56 l’été
499 1069 133 56 de
565 1069 199 56 1778,
698 1069 177 56 joué
809 1069 199 56 trois
942 1069 177 56 fois
1052 1069 155 56 des
1141 1069 288 56 proverbes
1362 1069 177 56 pour
1450 1069 89 56 la

124 1114 185 56 Reine
247 1114 103 56 à
288 1114 246 56 Bellevue
472 1114 164 56 chez
575 1114 410 56 Mesdames
923 1114 164 56 joué
1026 1114 164 56 cinq
1128 1114 205 56 autres
1272 1114 164 56 fois
1374 1114 164 56 pour
1456 1114 82 56 Sa

124 1164 246 54 Majesté,
308 1164 164 54 soit
410 1164 102 54 à
451 1164 307 54 Versailles,
697 1164 164 54 soit
800 1164 102 54 à
820 1164 205 54 Trianon.

78 1208 175 66 3251.
194 1208 370 66 Deshays,
506 1208 370 66 conchiologiste.
818 1208 195 66 Quatre
954 1208 214 66 lettres
1110 1208 156 66 aut.
1207 1208 175 66 sig.,
1324 1208 97 66 à
1363 1208 117 66 M.
1402 1208 136 66 Huot,

119 1260 125 55 à
169 1260 374 55 Versailles.
468 1260 249 55 Paris,
643 1260 349 55 1827-1838.
917 1260 324 55 Ensemble,
1166 1260 125 55 5
1216 1260 150 55 p.
1291 1260 224 55 in-8.
1440 1260 125 55 4
1465 1260 75 55 »

76 1302 188 68 3252.
201 1302 480 68 Deslonchamps
619 1302 251 68 (Eudes),
807 1302 271 68 géologue.
1016 1302 125 68 L.
1079 1302 167 68 aut.
1183 1302 188 68 sig.,
1308 1302 104 68 à
1350 1302 125 68 M.
1392 1302 146 68 Huot,

125 1356 343 64 naturaliste.
403 1356 193 64 Caen,
532 1356 129 64 16
596 1356 172 64 nov.
704 1356 193 64 1826.
832 1356 107 64 2
875 1356 129 64 p.
940 1356 150 64 pl.
1025 1356 129 64 et
1090 1356 193 64 demie
1218 1356 193 64 in-4.
1326 1356 214 64 Scienti-

19 1405 1267 67 fique.
906 1405 634 67 2
1033 1405 507 67 50

77 1441 200 67 3253.
210 1441 488 67 Desmoulins,
631 1441 222 67 auteur
786 1441 133 67 de
853 1441 310 67 l’Histoire
1097 1441 155 67 des
1185 1441 200 67 races
1296 1441 244 67 humaines.

108 1501 226 59 L.
221 1501 301 59 aut.
410 1501 301 59 sig.
598 1501 339 59 Tiers
824 1501 226 59 de
937 1501 301 59 page
1126 1501 339 59 in-4.
1352 1501 188 59 1
1389 1501 151 59 50

77 1553 183 59 3254.
199 1553 386 59 Dezobry,
524 1553 285 59 historien.
747 1553 122 59 L.
808 1553 163 59 aut.
910 1553 163 59 sig.
1012 1553 203 59 Paris,
1154 1553 122 59 30
1215 1553 163 59 déc.
1316 1553 183 59 1837.
1438 1553 102 59 2
1459 1553 81 59 p.

9 1597 1256 52 in-8.
846 1597 698 52 1
985 1597 558 52 50

79 1643 180 61 3255.
199 1643 320 61 Dollé
460 1643 300 61 (Frédéric),
700 1643 280 61 historien.
920 1643 120 61 L.
980 1643 160 61 aut.
1080 1643 160 61 sig.
1181 1643 140 61 1/2
1261 1643 120 61 p.
1321 1643 180 61 in-8.
1441 1643 100 61 1
1461 1643 80 61 50

78 1695 183 58 3256.
200 1695 387 58 Dolomien
525 1695 224 58 (Déodat
688 1695 265 58 Gratet
892 1695 244 58 de),
1075 1695 224 58 c-lèbre
1217 1695 326 58 minéralogiste,

127 1740 221 61 membre
281 1740 132 61 de
348 1740 309 61 l’Académie
591 1740 155 61 des
679 1740 265 61 sciences
878 1740 132 61 et
944 1740 132 61 de
1010 1740 331 61 l’Institut.
1253 1740 287 61 Trente

128 1792 257 57 lettres,
320 1792 171 57 dont
427 1792 171 57 deux
534 1792 171 57 aut.
642 1792 193 57 sig.,
770 1792 128 57 et
834 1792 343 57 trente-trois
1113 1792 171 57 aut.
1220 1792 150 57 (il
1305 1792 171 57 y'en
1413 1792 107 57 a
1434 1792 107 57 une

127 1829 359 69 incomplète),
419 1829 292 69 adressées
643 1829 135 69 de
711 1829 225 69 Paris,
868 1829 135 69 de
935 1829 202 69 Rome,
1070 1829 135 69 de
1138 1829 315 69 Marseille,
1385 1829 135 69 de
1430 1829 112 69 Ge-

124 1880 216 63 nève,
268 1880 144 63 de
340 1880 216 63 Lyon,
484 1880 144 63 de
556 1880 144 63 La
628 1880 384 63 Roche-Guyon,
939 1880 216 63 etc.,
1083 1880 144 63 de
1155 1880 192 63 1782
1275 1880 120 63 à
1323 1880 216 63 1801,
1443 1880 96 63 au

127 1937 236 62 général
298 1937 236 62 Dejean,
470 1937 129 62 la
534 1937 236 62 plupart
706 1937 107 62 à
748 1937 129 62 M.
813 1937 257 62 Philippe
1006 1937 129 62 de
1070 1937 172 62 Foy,
1177 1937 236 62 attaché
1349 1937 129 62 au
1392 1937 150 62 corps

127 1981 131 70 du
193 1981 218 70 génie,
345 1981 109 70 à
389 1981 218 70 Malte,
542 1981 131 70 et
607 1981 109 70 à
651 1981 131 70 M.
716 1981 262 70 Salvator
912 1981 284 70 Micallef,
1131 1981 262 70 horloger
1327 1981 109 70 à
1349 1981 196 70 Naples.

130 2031 284 56 Ensemble,
349 2031 153 56 115
436 2031 153 56 gr.
524 2031 131 56 p.
589 2031 153 56 pl.
655 2031 153 56 in

174 2050 391 89 Correspondance
500 2050 217 89 intime
652 2050 130 89 du
717 2050 174 89 plus
826 2050 195 89 grand
956 2050 239 89 intérêt
1130 2050 152 89 sur
1216 2050 152 89 les
1281 2050 261 89 principaux

129 2125 295 57 événements
361 2125 126 57 de
424 2125 126 57 sa
487 2125 169 57 vie,
593 2125 148 57 son
677 2125 211 57 séjour
824 2125 105 57 a
867 2125 211 57 Malte,
1014 2125 148 57 les
1098 2125 337 57 persécutions
1372 2125 190 57 qu'il
1478 2125 63 57 a

128 2169 296 66 éprouvées,
360 2169 148 66 les
445 2169 253 66 affaires
635 2169 296 66 politiques
867 2169 127 66 du
931 2169 211 66 temps,
1057 2169 127 66 etc.

176 2223 201 65 Notes
310 2223 134 65 et
377 2223 224 65 pièces
534 2223 269 65 diverses
735 2223 313 65 concernant
981 2223 291 65 Dolomieu:
1205 2223 134 65 1°
1250 2223 291 65 Application

126 2268 142 61 du
197 2268 260 61 systène
386 2268 331 61 méthodique
646 2268 142 61 de
717 2268 284 61 Dolomieu
930 2268 189 61 pour
1048 2268 142 61 la
1119 2268 378 61 minéralogie,
1426 2268 118 61 à
1449 2268 95 61 la

129 2325 365 55 détermination
429 2325 129 55 de
493 2325 279 55 l’espèce,
708 2325 107 55 à
750 2325 129 55 la
815 2325 343 55 connaissance
1094 2325 129 55 de
1158 2325 150 55 ses
1244 2325 322 55 caractères,
1480 2325 64 55 à

128 2365 104 55 à
170 2365 125 55 la
232 2365 312 55 description
482 2365 146 55 des
565 2365 270 55 minéraux,
773 2365 125 55 et
835 2365 104 55 à
877 2365 166 55 leur
981 2365 187 55 ordre
1105 2365 125 55 de
1168 2365 312 55 collection.
1417 2365 125 55 20
1459 2365 83 55 p.

129 2417 160 56 in-4
229 2417 120 56 et
289 2417 219 56 in-fol.
448 2417 319 56 manuscrites,
707 2417 160 56 dont
807 2417 100 56 8
847 2417 120 56 de
907 2417 120 56 sa
967 2417 179 56 main.
1086 2417 100 56 —
1126 2417 120 56 2°
1186 2417 140 56 Dix
1266 2417 179 56 lett.
1385 2417 160 56 aut.
1465 2417 80 56 et

127 2474 172 60 aut.
234 2474 172 60 sig.
341 2474 107 60 à
384 2474 150 60 lui
470 2474 279 60 adressées
685 2474 129 60 ou
750 2474 129 60 le
814 2474 322 60 concernant.
1072 2474 279 60 Ensemble,
1287 2474 129 60 24
1352 2474 129 60 p.
1395 2474 150 60 in

93 2525 464 45 plus
383 2525 290 45 4
499 2525 580 45 pièces
906 2525 464 45 sig.
1196 2525 406 45 100
1370 2525 174 45 »

82 2540 183 75 3257.
203 2540 345 75 Dubois
488 2540 142 75 (le
569 2540 223 75 comte),
731 2540 203 75 préfet
873 2540 122 75 de
934 2540 203 75 police
1076 2540 162 75 sous
1178 2540 264 75 l’empire.
1381 2540 122 75 L.
1421 2540 122 75 aut.

132 2615 161 55 sig.
233 2615 202 55 Paris,
374 2615 121 55 28
434 2615 222 55 ventôse
596 2615 121 55 an
656 2615 161 55 VII.
757 2615 101 55 2
797 2615 121 55 p.
858 2615 141 55 pl.
938 2615 121 55 et
999 2615 181 55 demie
1120 2615 181 55 in-4.
1241 2615 161 55 Tête
1341 2615 181 55 impr.
1442 2615 101 55 Vi-

37 2650 1275 63 gnette.
964 2650 580 63 2
1080 2650 464 63 50

84 2689 185 97 3258.
208 2689 349 97 Dubois
496 2689 247 97 (Louis),
681 2689 267 97 agronoie.
886 2689 123 97 L.
948 2689 164 97 aut.
1051 2689 185 97 sig.,
1174 2689 103 97 à
1215 2689 123 97 M.
1277 2689 247 97 Michaud.
1441 2689 103 97 Li-

117 2750 356 80 sieux,
367 2750 214 80 28
474 2750 285 80 nov.
652 2750 321 80 1814.
865 2750 178 80 2
937 2750 214 80 p.
1043 2750 249 80 pl.
1186 2750 321 80 in-8.
1400 2750 178 80 2
1435 2750 107 80 »

178 2798 190 65 Envoi
304 2798 295 65 d’articles
536 2798 169 65 pour
642 2798 127 65 la
705 2798 295 65 Biographie
916 2798 295 65 Universelle.
