1664 2956
775 87 256 83 266
885 87 110 83 —

175 166 126 82 L.
238 166 168 82 avec
343 166 126 82 la
406 166 336 82 souscription
679 166 189 82 d’une
805 166 189 82 ligne
931 166 168 82 aut.
1036 166 189 82 sig.,
1162 166 105 82 à
1204 166 126 82 M.
1267 166 126 82 de
1330 166 210 82 Ludde.
1456 166 126 82 Pau,

169 232 154 60 27
246 232 308 60 décembre
478 232 231 60 1553.
632 232 128 60 1
683 232 154 60 p.
760 232 231 60 in-4.
914 232 283 60 Cachet.
1120 232 231 60 Belle
1274 232 257 60 pièce.
1454 232 154 60 12
1505 232 77 60 »

129 282 180 67 3306.
249 282 239 67 Henri
428 282 199 67 II
568 282 140 67 roi
648 282 120 67 de
707 282 219 67 France.
867 282 319 67 Instructions
1126 282 180 67 sig.,
1246 282 120 67 et
1286 282 299 67 contresignées

177 335 382 64 Bourdin
498 335 161 64 pour
599 335 261 64 Robertet.
800 335 141 64 Mai
880 335 181 64 1555.
1000 335 100 64 4
1041 335 141 64 gr.
1121 335 121 64 p.
1181 335 141 64 pl.
1262 335 221 64 in-fol.
1402 335 181 64 Superbe

132 380 594 80 pièce
528 380 924 80 politique.
1254 380 396 80 15
1386 380 198 80 »

231 440 172 52 ....
338 440 279 52 «Désirant
553 440 301 52 grattifier
789 440 129 52 la
853 440 193 52 Royne
982 440 343 52 d’Angleterre
1261 440 129 52 sa
1325 440 193 52 bonne
1433 440 150 52 sœur,

178 476 105 63 »
220 476 252 63 monseig.
409 476 126 63 le
472 476 189 63 légat
598 476 126 63 et
661 476 189 63 lesd.
787 476 252 63 depputez
975 476 231 63 angloys
1143 476 126 63 en
1206 476 126 63 la
1269 476 252 63 requeste
1437 476 147 63 quilz

176 528 112 57 »
220 528 157 57 ont
310 528 224 57 faicte
466 528 179 57 pour
578 528 134 57 la
645 528 313 57 déliurance
891 528 157 57 des
981 528 358 57 ambassadeurs
1272 528 157 57 des
1361 528 224 57 villes
1496 528 89 57 de

177 569 110 61 »
221 569 220 61 Milan,
375 569 198 61 Lodes
507 569 132 61 et
573 569 264 61 Crémone,
771 569 154 61 qui
859 569 154 61 ont
947 569 176 61 esté
1057 569 176 61 pris
1167 569 154 61 sur
1255 569 132 61 la
1321 569 154 61 mer
1387 569 198 61 retour-

177 623 110 86 »
221 623 176 86 nant
331 623 374 86 d’Angleterre,
639 623 132 86 et
705 623 242 86 accorde
881 623 198 86 quilz
1012 623 220 86 soient
1166 623 264 86 déliurez
1364 623 132 86 et
1430 623 154 86 mis
1496 623 88 86 en

174 676 111 55 »
218 676 311 55 liberté...
440 676 67 55 »

128 701 187 84 3307.
253 701 250 84 Henri
440 701 208 84 IV
586 701 146 84 roi
669 701 125 84 de
731 701 229 84 France.
898 701 125 84 L.
960 701 187 84 sig.,
1085 701 125 84 et
1147 701 333 84 contresignée
1397 701 187 84 Forget,

176 767 147 58 aux
260 767 294 58 trésoriers
491 767 252 58 généraux
680 767 147 58 des
764 767 252 58 finances
954 767 126 58 de
1017 767 189 58 Lyon.
1143 767 210 58 Paris,
1290 767 126 58 27
1353 767 168 58 mars
1437 767 147 58 1600.

169 812 177 57 1
239 812 248 57 gr.
381 812 212 57 p.
487 812 390 57 in-fol.
771 812 354 57 Portr.
1018 812 319 57 gravé
1231 812 319 57 in-8.
1443 812 177 57 6
1479 812 106 57 »

129 854 180 66 3308.
249 854 240 66 Henri
428 854 200 66 IV
568 854 220 66 (statue
728 854 160 66 d’).
828 854 120 66 L.
887 854 160 66 aut.
987 854 160 66 sig.
1087 854 120 66 de
1147 854 160 66 Gay,
1247 854 220 66 docteur
1386 854 200 66 médecin,

174 914 314 55 adressée
409 914 157 55 au
488 914 340 55 rédacteur
750 914 183 55 des
854 914 314 55 Annales.
1090 914 131 55 1
1142 914 157 55 p.
1221 914 183 55 pl.
1325 914 236 55 in-4.
1482 914 131 55 3
1508 914 79 55 »

224 953 126 66 Il
287 953 231 66 propose
455 953 126 66 de
518 953 252 66 terminer
707 953 357 66 l’inscription
1000 953 126 66 de
1063 953 126 66 la
1126 953 210 66 statue
1273 953 231 66 d’Henri
1441 953 126 66 IV
1483 953 105 66 par

179 1006 137 56 ces
258 1006 177 56 mots:
376 1006 236 56 Union
553 1006 118 56 et
611 1006 275 56 oubl,
828 1006 255 56 prononcés
1024 1006 137 56 par
1103 1006 177 56 Louis
1220 1006 196 56 XVIII.
1338 1006 177 56 Motifs.

128 1052 188 93 3309.
253 1052 251 93 Henri
441 1052 125 93 de
504 1052 313 93 Prusse,
755 1052 188 93 frère
880 1052 125 93 du
943 1052 188 93 grand
1068 1052 271 93 Frédéric.
1277 1052 125 93 L.
1339 1052 167 93 sig.
1423 1052 167 93 Rhins

170 1112 283 53 berg,
358 1112 189 53 11
453 1112 283 53 sept.
642 1112 283 53 1797.
831 1112 283 53 Quart
1019 1112 189 53 de
1114 1112 252 53 page
1271 1112 283 53 in-4.
1460 1112 157 53 3
1492 1112 94 53 »

130 1148 193 80 3310.
258 1148 386 80 Héroard
580 1148 236 80 (Jean),
752 1148 193 80 sieur
880 1148 129 80 de
945 1148 365 80 Vaulgrineuse,
1245 1148 236 80 premier
1395 1148 193 80 médecin

175 1212 139 51 de
244 1212 209 51 Louis
383 1212 209 51 XIII.
522 1212 232 51 Quitt.
684 1212 185 51 sig.
800 1212 185 51 (sur
916 1212 278 51 parch.).
1125 1212 116 51 8
1171 1212 255 51 janvier
1356 1212 209 51 1618.
1495 1212 116 51 2
1519 1212 70 51 »

129 1265 202 59 3311.
263 1265 427 59 Hoffmann
623 1265 292 59 (Amédée),
847 1265 247 59 médecin
1027 1265 337 59 homœôpathe.
1296 1265 135 59 L.
1363 1265 180 59 aut.
1453 1265 135 59 sig.

164 1310 356 64 Paris,
414 1310 178 64 4
485 1310 285 64 juin
663 1310 321 64 1835.
877 1310 178 64 1
948 1310 214 64 p.
1055 1310 249 64 pl.
1198 1310 321 64 in-4.
1412 1310 178 64 2
1447 1310 143 64 50

128 1360 212 60 3312.
270 1360 354 60 Hortense
553 1360 472 60 Beauharnais,
954 1360 212 60 reine
1096 1360 142 60 de
1166 1360 307 60 Hollande.
1402 1360 142 60 L.
1449 1360 142 60 aut.

179 1428 174 66 sig.,
294 1428 96 66 à
333 1428 116 66 sa
391 1428 154 66 mère
487 1428 386 66 i(madame
815 1428 154 66 mère
912 1428 116 66 de
970 1428 309 66 l’Empereur).
1220 1428 116 66 Ce
1278 1428 193 66 lundi,
1413 1428 135 66 14.
1491 1428 96 66 1
1510 1428 77 66 p.

175 1467 187 67 pl.
282 1467 213 67 demi
415 1467 240 67 in-8.
575 1467 267 67 Papier
762 1467 293 67 gaufré.
976 1467 347 67 Charmante
1242 1467 293 67 lettre.
1456 1467 160 67 20
1509 1467 80 67 »

226 1510 249 65 «Madame
408 1510 227 65 Molien
566 1510 136 65 te
634 1510 249 65 donnera
816 1510 136 65 de
884 1510 159 65 nos
974 1510 317 65 nouvelles,
1223 1510 136 65 ma
1291 1510 204 65 chère
1405 1510 181 65 maman;

183 1560 103 63 »
225 1560 165 63 mais
328 1560 124 63 il
390 1560 145 63 est
473 1560 165 63 bien
576 1560 269 63 difficile
783 1560 165 63 d’en
886 1560 186 63 avoir
1010 1560 145 63 des
1093 1560 248 63 tiennes,
1279 1560 124 63 on
1341 1560 124 63 me
1403 1560 145 63 dit
1465 1560 124 63 heu-

181 1618 110 55 »
225 1618 287 55 reusement
446 1618 154 55 que
534 1618 132 55 tu
600 1618 132 55 te
666 1618 220 55 portes
820 1618 198 55 bien,
953 1618 154 55 que
1041 1618 132 55 tu
1107 1618 220 55 parles
1261 1618 331 55 quelquefois
1504 1618 88 55 de

182 1656 104 53 »
224 1656 166 53 moi,
327 1656 166 53 sans
431 1656 166 53 cela
534 1656 124 53 je
597 1656 207 53 serais
742 1656 249 53 vraiment
928 1656 166 53 bien
1032 1656 228 53 triste,
1197 1656 124 53 et
1260 1656 124 53 je
1322 1656 249 53 croirais
1487 1656 104 53 que

180 1709 112 59 »
224 1709 135 59 tu
292 1709 135 59 ne
359 1709 224 59 m’aime
516 1709 247 59 plus..»
695 1709 179 59 Elle
807 1709 135 59 va
875 1709 112 59 à
919 1709 269 59 Wisbaden
1121 1709 179 59 avec
1233 1709 135 59 le
1301 1709 157 59 Roi
1390 1709 135 59 et
1435 1709 157 59 Napo-

179 1749 235 59 léon...
350 1749 300 59 Nomination
585 1749 128 59 de
649 1749 214 59 quatre
799 1749 193 59 dames
928 1749 128 59 du
992 1749 235 59 palais.
1163 1749 235 59 Quelles
1334 1749 193 59 elles
1441 1749 150 59 sont.

180 1804 177 58 Elle
291 1804 155 58 dit
379 1804 133 58 en
445 1804 310 58 terminant.
689 1804 288 58 «Napoléon
910 1804 133 58 et
976 1804 199 58 Louis
1109 1804 177 58 sont
1220 1804 177 58 bien
1330 1804 266 58 portants
1507 1804 89 58 et

178 1859 109 66 »
222 1859 174 66 bien
331 1859 261 66 gentils.
527 1859 174 66 Nous
636 1859 349 66 t’embrassons
919 1859 174 66 tous
1028 1859 174 66 bien
1137 1859 305 66 tendrement
1376 1859 196 66 ainsi
1485 1859 109 66 que

199 1896 348 66 l’Empereur.»

132 1916 167 88 3313.
244 1916 352 88 Houssaye
540 1916 241 88 (Arsène),
725 1916 296 88 littérateur,
966 1916 241 88 rédacteur
1151 1916 111 88 en
1206 1916 148 88 chef
1299 1916 111 88 de
1336 1916 259 88 l'Ar

184 1997 306 58 tiste
436 1997 108 58 1°
490 1997 108 58 L.
544 1997 144 58 aut.
634 1997 162 58 sig.,
742 1997 90 58 à
778 1997 144 58 M...
868 1997 90 58 2
903 1997 108 58 p.
957 1997 126 58 pl.
1029 1997 108 58 et
1083 1997 162 58 demie
1191 1997 162 58 in-8.
1299 1997 90 58 —
1335 1997 108 58 2°
1389 1997 162 58 Pièce
1479 1997 108 58 sig.

181 2046 187 48 1851.
306 2046 104 48 1
347 2046 125 48 p.
410 2046 187 48 in-4.
534 2046 104 48 —
576 2046 125 48 3°
638 2046 145 48 Son
721 2046 208 48 portr.
866 2046 249 48 original
1053 2046 145 48 (au
1136 2046 249 48 crayon),
1323 2046 145 48 par
1385 2046 208 48 Eustache

155 2093 511 63 Lorsay,
526 2093 279 63 et
665 2093 464 63 charge
990 2093 511 63 gravée.
1362 2093 232 63 3
1408 2093 186 63 50

131 2139 194 61 3314.
261 2139 387 61 Hummel
583 2139 344 61 compositeur,
863 2139 344 61 surintendant
1143 2139 129 61 de
1208 2139 129 61 la
1272 2139 237 61 musique
1444 2139 129 61 du
1487 2139 108 61 roi

180 2195 124 61 de
242 2195 228 61 Prusse.
408 2195 124 61 L.
471 2195 166 61 sig.
574 2195 145 61 (en
657 2195 270 61 italien),
865 2195 104 61 à
906 2195 290 61 Chérubini.
1135 2195 228 61 Vienne,
1301 2195 104 61 8
1342 2195 187 61 avril
1446 2195 145 61 1827.

154 2238 645 59 Demi-page
650 2238 298 59 in
799 2238 298 59 4.
948 2238 546 59 Cachet.
1345 2238 248 59 2
1395 2238 198 59 50

134 2285 171 75 3315.
248 2285 304 75 Jauin
495 2285 228 75 (Jules),
666 2285 304 75 littérateur,
912 2285 247 75 critique.
1102 2285 114 75 L.
1159 2285 152 75 aut.
1254 2285 171 75 sig.,
1368 2285 95 75 à
1387 2285 209 75 madame...

173 2343 284 50 Paris,
372 2343 171 50 28
457 2343 227 50 août
599 2343 256 50 1849.
770 2343 142 50 2
826 2343 171 50 p.
912 2343 199 50 pl.
1025 2343 171 50 et
1111 2343 256 50 demie
1281 2343 256 50 in-8.
1452 2343 142 50 3
1480 2343 114 50 50

235 2395 191 61 .....
362 2395 128 61 M.
426 2395 361 61 d’Henneville,
724 2395 149 61 son
809 2395 255 61 confrère
1000 2395 128 61 et
1064 2395 149 61 son
1149 2395 170 61 ami,
1255 2395 191 61 s’est
1361 2395 234 61 dépouillé

184 2441 164 59 pour
286 2441 164 59 lui,
388 2441 123 59 en
449 2441 123 59 le
511 2441 225 59 faisant
674 2441 205 59 passer
818 2441 143 59 par
900 2441 143 59 ses
981 2441 205 59 belles
1125 2441 205 59 mains,
1268 2441 164 59 afin
1370 2441 164 59 sans
1452 2441 143 59 doute

182 2488 155 57 que
270 2488 133 57 ce
337 2488 266 57 souvenir
536 2488 155 57 lui
624 2488 155 57 fût
713 2488 221 57 encore
868 2488 177 57 plus
978 2488 288 57 précieux,
1200 2488 177 57 d’un
1310 2488 288 57 très-beau
1509 2488 89 57 et

183 2534 348 63 très-curieux
466 2534 283 63 manuscrit
684 2534 152 63 qui
771 2534 218 63 serait
923 2534 174 63 déjà
1032 2534 131 63 un
1097 2534 261 63 ornement
1293 2534 261 63 précieux
1467 2534 131 63 pour

181 2586 155 48 son
269 2586 221 48 humble
424 2586 376 48 bibliothèque,
734 2586 221 48 encore
888 2586 133 48 ce
955 2586 177 48 beau
1065 2586 287 48 manuscrit
1286 2586 133 48 va
1353 2586 155 48 lui
1419 2586 177 48 rendre

181 2634 129 61 de
245 2634 321 61 très-grands
502 2634 257 61 services
695 2634 171 61 pour
802 2634 129 61 un
866 2634 193 61 livre
995 2634 279 61 entrepris
1209 2634 214 61 depuis
1338 2634 257 61 longtemps,

184 2679 225 57 souvent
347 2679 225 57 quitté,
511 2679 225 57 souvent
675 2679 225 57 repris,
839 2679 123 57 et
900 2679 184 57 qu’il
1023 2679 123 57 va
1085 2679 205 57 finir,
1228 2679 164 57 pour
1331 2679 225 57 l’année
1474 2679 123 57 pro-

182 2731 240 55 chaine,
357 2731 131 55 si
422 2731 174 55 Dieu
531 2731 131 55 et
596 2731 131 55 M.
662 2731 262 55 Proudhon
858 2731 153 55 lui
945 2731 240 55 prêtent
1098 2731 174 55 vie...

137 2763 158 92 3316.
243 2763 264 92 Karr
454 2763 264 92 (Alphonse),
665 2763 176 92 auteur
789 2763 123 92 des
859 2763 317 92 Guèpes
1123 2763 141 92 etc.
1211 2763 106 92 L.
1264 2763 141 92 aut.
1352 2763 141 92 sig.
1440 2763 123 92 1er
1492 2763 106 92 juin
