1086 2331
98 41 443 61 ÉMISSIONS
458 41 360 61 PUBLIQUES
707 41 222 61 DE

108 72 178 58 L'O.
237 72 97 58 R.
270 72 162 58 T.F.

171 391 137 72 Chaque
267 391 110 72 jour
336 391 82 72 et
377 391 151 72 pendant
487 391 124 72 toute
570 391 82 72 la
611 391 124 72 durée
693 391 82 72 de
735 391 82 72 la
776 391 179 72 Biennale,
900 391 137 72 l’Office

165 442 90 54 de
210 442 271 54 Radiodiffusion
436 442 210 54 Télévision
601 442 195 54 Française
751 442 210 54 présentera
917 442 90 54 de
962 442 90 54 18
992 442 45 54 à

164 473 94 38 20
211 473 157 38 heures
321 473 110 38 une
384 473 188 38 émission
509 473 172 38 publique.

166 516 160 56 Chacune
283 516 87 56 de
326 516 102 56 ces
384 516 189 56 émissions
529 516 116 56 sera
602 516 218 56 retransmise
776 516 247 56 simuitanément
964 516 73 56 sur

165 548 99 62 les
221 548 197 62 récepteurs
376 548 84 62 de
418 548 197 62 télévision
573 548 197 62 disséminés
728 548 113 62 dans
799 548 99 62 les
855 548 141 62 salles
954 548 84 62 de
982 548 56 62 la

148 584 174 45 Biennale.

164 627 116 61 Pour
237 627 87 61 le
281 627 189 61 programme
426 627 175 61 détaillé
557 627 87 61 de
601 627 145 61 chaque
703 627 160 61 séance,
819 627 87 61 se
862 627 175 61 reporter
979 627 58 61 au

164 670 185 49 calendrier
309 670 79 49 de
349 670 79 49 la
389 670 159 49 Biennale
508 670 79 49 et
548 670 79 49 au
588 670 146 49 tableau
694 670 199 49 d’affichage
853 670 66 49 à
879 670 159 49 l’entrée
985 670 53 49 du

161 696 153 64 Théâtre
272 696 153 64 d’Essai
384 696 125 64 ainsi
467 696 125 64 qu’au
550 696 181 64 programme
689 696 181 64 distribué
828 696 111 64 dans
898 696 83 64 la
926 696 111 64 salle.

164 731 88 54 Le
208 731 205 54 calendrier
369 731 88 54 de
413 731 102 54 ces
471 731 190 54 émissions
617 731 190 54 s’établit
764 731 132 54 comme
837 731 102 54 suit:

156 947 194 62 JEUNES
306 947 209 62 POETES
470 947 254 62 (responsable:
679 947 254 62 Jean-Clarence
874 947 164 62 Lambert).

154 1021 152 54 mardi
255 1021 84 54 5
272 1021 101 54 oct.

153 1093 140 61 mardi
247 1093 93 61 12
278 1093 93 61 oct.

156 1146 138 51 mardi
248 1146 92 51 19
279 1146 92 51 oct.

155 1195 138 46 mardi
247 1195 92 46 26
278 1195 92 46 oct.

505 1025 76 56 La
543 1025 152 56 Bataille
657 1025 76 56 de
695 1025 139 56 Lépante
796 1025 76 56 de
834 1025 139 56 J.J.
923 1025 114 56 Lé

503 1064 203 45 vèque.
671 1064 120 45 Poésie
742 1064 108 45 Action.

499 1106 63 53 T
525 1106 63 53 L
550 1106 88 53 XVI
600 1106 75 53 de
637 1106 151 53 Alain
738 1106 188 53 Jouffroy

498 1154 102 43 Zar.

503 1197 76 48 Le
541 1197 153 48 Principe
656 1197 216 48 d’Incertitude
834 1197 76 48 de
860 1197 178 48 Jean

502 1239 197 44 Clarence
646 1239 184 44 Lambert.

152 1289 154 49 mardi
254 1289 85 49 2
289 1289 137 49 nov.
374 1289 222 49 Spectacle
545 1289 205 49 présenté
698 1289 120 49 par
767 1289 102 49 le
818 1289 171 49 Groupe
938 1289 102 49 de
972 1289 68 49 la

496 1330 166 51 Galerie
617 1330 106 51 des
677 1330 166 51 Jeunes.
798 1330 151 51 Babel.
903 1330 136 51 Opéra
979 1330 60 51 de

503 1363 157 46 David
607 1363 183 46 Guerdon

157 1404 113 48 (Le
221 1404 193 48 vendredi
366 1404 96 48 29
414 1404 177 48 octobre
543 1404 96 48 au
591 1404 177 48 Théâtre
720 1404 113 48 102
784 1404 96 48 de
832 1404 96 48 la
880 1404 161 48 Maison
977 1404 64 48 de

153 1443 192 40 l’O.RT.F.
301 1443 74 40 à
331 1443 89 40 21
375 1443 89 40 h.
420 1443 266 40 enregistrement
641 1443 148 40 public
745 1443 133 40 d’une
834 1443 192 40 sélection
967 1443 74 40 des

154 1480 157 41 séances
268 1480 229 41 précédemment
454 1480 200 41 présentées
612 1480 72 41 à
640 1480 86 41 la
683 1480 172 41 Biennale
812 1480 100 41 les
869 1480 86 41 5,
912 1480 100 41 12,
955 1480 86 41 19et

153 1507 92 50 26
183 1507 168 50 octobre).

149 1616 207 51 JEUNES
308 1616 270 51 VIRTUOSES
530 1616 254 51 (responsable
737 1616 79 51 :
769 1616 111 51 Guy
816 1616 191 51 Erismann).

152 1678 182 58 mercredi
288 1678 91 58 29
319 1678 106 58 sept.

153 1731 193 50 mercredi
298 1731 80 50 6
314 1731 96 50 oct.

153 1809 182 48 mercredi
289 1809 91 48 13
319 1809 91 48 oct.

152 1881 181 56 mercredi
288 1881 90 56 20
318 1881 90 56 oct.

154 1999 179 53 mercredi
289 1999 90 53 27
318 1999 90 53 oct.

153 2049 198 45 mercredi
301 2049 82 45 3
317 2049 99 45 nov.

497 1683 190 61 Sébastien
652 1683 178 61 Risler<
782 1683 155 61 (pianiste).

501 1732 132 53 Clara
600 1732 165 53 Bonaldi
732 1732 176 53 (violoniste)
876 1732 66 53 et
898 1732 143 53 Syl

497 1773 123 48 vain
587 1773 168 48 Billier
710 1773 146 48 (pianiste).

495 1817 187 43 Hélène
638 1817 144 43 Boschi
739 1817 86 43 et
782 1817 173 43 Germaine
897 1817 144 43 Mou

497 1855 161 46 nier
626 1855 64 46 (2
648 1855 107 46 pianos).

496 1892 185 53 Françoise
647 1892 139 53 Doué
751 1892 162 53 (soprano),
867 1892 174 53 Elisa

492 1929 155 42 beth
605 1929 310 42 Fontan-Binoche
859 1929 183 42 (harpiste),

489 1967 179 44 Jacques
630 1967 217 44 Castagner
796 1967 166 44 (flûtiste).

493 2011 175 49 Claude
627 2011 216 49 Bonneton
789 2011 175 49 (pianiste).

491 2056 188 51 Georges
639 2056 269 51 Pludermacher
854 2056 175 51 (pianiste).

141 2191 82 65 184
