1086 2331
184 341 94 75 Les
237 341 121 75 films
318 341 80 75 de
358 341 80 75 la
398 341 148 75 Section
505 341 188 75 Télévision
653 341 107 75 sont
720 341 161 75 projetés
841 341 107 75 tous
908 341 94 75 les
948 341 94 75 jours

178 383 88 67 de
222 383 88 67 15
266 383 73 67 à
296 383 88 67 18
340 383 147 67 heures
442 383 103 67 sur
501 383 88 67 un
545 383 176 67 ensemble
677 383 88 67 de
721 383 205 67 récepteurs
867 383 176 67 disséminés

179 408 65 69 à
205 408 143 69 travers
309 408 78 69 le
348 408 130 69 Forum,
440 408 78 69 le
479 408 91 69 bar
531 408 78 69 et
570 408 91 69 les
622 408 117 69 trois
700 408 130 69 étages
791 408 78 69 de
818 408 195 69 l’exposition.

180 447 81 82 En
220 447 134 82 outre,
314 447 94 82 les
368 447 188 82 récepteurs
516 447 81 82 de
556 447 188 82 télévision
704 447 255 82 retransmettront
906 447 134 82 simuita-

177 489 146 72 nément
280 489 205 72 l’émission
441 489 176 72 publique
573 489 88 72 de
617 489 88 72 18
660 489 146 72 heures
763 489 88 72 et
807 489 88 72 le
851 489 190 72 spectacle
982 489 59 72 de

175 521 84 74 21
217 521 140 74 heures
315 521 98 74 qui
370 521 140 74 seront
468 521 140 74 donnés
566 521 112 74 dans
635 521 84 74 le
677 521 126 74 cadre
761 521 84 74 du
803 521 153 74 Théâtre
900 521 140 74 d’Essai.

175 570 115 68 Pour
247 570 87 68 le
290 570 188 68 programme
434 570 173 68 détaillé
564 570 87 68 de
607 570 144 68 chaque
708 570 159 68 séance,
824 570 87 68 se
867 570 173 68 reporter
982 570 58 68 au

172 610 184 65 calendrier
317 610 79 65 de
356 610 79 65 la
396 610 158 65 Biennale
514 610 79 65 et
554 610 79 65 au
593 610 145 65 tableau
699 610 198 65 d’affichage
857 610 66 65 à
883 610 158 65 l’entrée
988 610 53 65 du

168 637 162 51 Théâtre
271 637 147 51 d’Essai.

160 936 156 66 Jean
273 936 226 66 ANTOINE
457 936 85 66 né
499 936 85 66 en
542 936 113 66 1930
613 936 71 66 à
641 936 184 66 Bruxelles
768 936 184 66 (Belgique).

161 966 113 56 Dieu
231 966 141 56 est-il
330 966 127 56 Pop?,
415 966 127 56 1964.
499 966 127 56 Henri
584 966 141 56 Bille,
682 966 113 56 R.T.
739 966 56 56 B.

160 1000 93 68 La
206 1000 185 68 jeunesse
345 1000 201 68 polonaise
499 1000 185 68 (extrait
638 1000 93 68 de
684 1000 77 68 9
715 1000 108 68 000
777 1000 139 68 O00),
869 1000 139 68 1965.
946 1000 93 68 Andé

157 1032 163 50 Hagon,
255 1032 130 50 R.T.B.

160 1077 202 69 Frédéric
318 1077 101 69 van
376 1077 216 69 BESIEN
549 1077 87 69 né
592 1077 87 69 en
636 1077 115 69 1933
708 1077 72 69 à
737 1077 115 69 Gand
794 1077 188 69 (Belgique).

157 1111 132 76 First
245 1111 132 76 round
333 1111 103 76 (un
392 1111 117 76 jour
466 1111 117 76 avec
539 1111 103 76 Bob
598 1111 176 76 Kennedy,
730 1111 176 76 séquence
862 1111 88 76 de
891 1111 147 76 9000000)

154 1145 140 56 1964.
247 1145 140 56 André
340 1145 155 56 Hagon,
448 1145 124 56 R.T.
510 1145 62 56 B.

153 1189 216 62 Salvator
326 1189 173 62 NAY
456 1189 87 62 né
499 1189 87 62 en
542 1189 115 62 1933
614 1189 72 62 à
643 1189 173 62 Jemappes
758 1189 188 62 (Belgique).

149 1240 79 46 «
181 1240 127 46 Mods
260 1240 95 46 et
307 1240 174 46 Rockers
434 1240 79 46 "
466 1240 190 46 (extrait
608 1240 95 46 de
655 1240 79 46 9
687 1240 111 46 000
750 1240 142 46 000),
845 1240 142 46 1964.
924 1240 111 46 André

153 1262 141 49 Hagon,
252 1262 85 49 R.
294 1262 85 49 T.
322 1262 57 49 B.

151 1412 199 66 Maurice
307 1412 256 66 CAPOVILLA
521 1412 85 66 né
563 1412 85 66 en
606 1412 114 66 1936
677 1412 71 66 à
706 1412 171 66 Valinhos
819 1412 157 66 (Brésil).

147 1447 195 56 Coulisses
297 1447 90 56 du
342 1447 195 56 Football,
478 1447 105 56 1964.

146 1595 184 68 Robert
287 1595 212 68 ENRICO
457 1595 85 68 né
499 1595 85 68 en
542 1595 113 68 1931
612 1595 71 68 à
641 1595 141 68 Liévin
725 1595 156 68 (France).

138 1630 81 57 «
170 1630 97 57 La
219 1630 211 57 redevance
381 1630 97 57 du
430 1630 179 57 fantôme
560 1630 81 57 ,
576 1630 114 57 1964.

140 1671 144 69 Guy
240 1671 230 69 CASARIL
427 1671 86 69 né
470 1671 86 69 en
513 1671 115 69 1933
585 1671 72 69 à
614 1671 331 69 Miramont-de-Guyenne
887 1671 144 69 (France)

138 1714 78 59 «
170 1714 93 59 La
216 1714 125 59 nuit
294 1714 156 59 écoute
403 1714 218 59 Marguerite
575 1714 125 59 Long
652 1714 78 59 ,
668 1714 109 59 1964.

140 1756 207 63 Maurice
303 1756 236 63 CHATEAU
494 1756 89 63 né
539 1756 89 63 en
583 1756 118 63 1931
657 1756 74 63 à
686 1756 192 63 Marseille
819 1756 162 63 (France).

130 1789 95 50 «
168 1789 172 50 Zoum,
263 1789 134 50 1964.

135 1827 241 69 Jean-Emile
333 1827 269 69 JEANNESSON
560 1827 85 69 né
603 1827 85 69 en
645 1827 113 69 1932
716 1827 99 69 aux
773 1827 170 69 Islettes
886 1827 142 69 (France)

133 1867 81 53 «
165 1867 258 53 L’interview,
358 1867 113 53 1965.

133 1906 80 63 «
165 1906 112 63 Six
229 1906 207 63 comédiens
388 1906 128 63 sans
468 1906 239 63 personnages
659 1906 80 63 ,
675 1906 112 63 1965.

135 1947 177 64 Roger
268 1947 222 64 KAHANE
445 1947 89 64 né
490 1947 89 64 en
534 1947 118 64 1932
608 1947 74 64 à
637 1947 251 64 Bois-Colombes
830 1947 162 64 (France).

132 1979 73 64 «
162 1979 87 64 Le
205 1979 175 64 musicien
336 1979 117 64 dans
409 1979 87 64 la
453 1979 117 64 cité
526 1979 87 64 *,
555 1979 102 64 1964.

128 2017 89 48 «
164 2017 266 48 Bach-Braque
376 2017 124 48 1965.

133 2059 162 72 Erie
251 2059 88 72 LE
295 2059 176 72 HUNG
427 2059 88 72 né
471 2059 88 72 en
515 2059 118 72 1932
589 2059 73 72 à
618 2059 176 72 Haïphong
736 2059 176 72 (Vietnam).

127 2092 85 53 «
161 2092 171 53 Bécaud
281 2092 85 53 ,
298 2092 119 53 1964.

127 2115 83 67 "
161 2115 183 67 Esope",
277 2115 117 67 1964.
