1086 2373
50 123 212 58 ITALIE

186 607 269 67 Commissaire
401 607 215 67 général:
562 607 233 67 Fortunato
724 607 179 67 Bellonzi

189 669 200 48 Secrétaire
346 669 157 48 général
460 669 86 48 de
503 669 86 48 la
545 669 228 48 Quadriennale
731 669 128 48 d’Art
817 669 86 48 de
845 669 100 48 Rome.

131 854 96 47 La
179 854 112 47 fin
243 854 112 47 des
307 854 160 47 mythes
418 854 96 47 et
466 854 112 47 des
530 854 239 47 traditions-
722 854 144 47 trait
801 854 160 47 caracté-

86 895 206 46 ristique
241 895 103 46 de
292 895 155 46 notre
395 895 172 46 époque
516 895 86 46 -
550 895 224 46 préoccupe
722 895 120 46 non
774 895 189 46 seulement

86 932 123 44 les
157 932 263 44 philosophes
367 932 105 44 et
419 932 123 44 les
489 932 263 44 humanistes,
699 932 140 44 mais
787 932 158 44 aussi
874 932 88 44 les

84 966 206 47 savants.
239 966 172 47 Depuis
359 966 206 47 quelques
514 966 189 47 années,
651 966 103 47 en
703 966 172 47 effet,
806 966 155 47 ceux

87 1008 247 42 recherchent
284 1008 99 42 de
334 1008 132 42 plus
416 1008 99 42 en
466 1008 132 42 plus
548 1008 99 42 le
597 1008 198 42 dialogue
746 1008 132 42 avec
828 1008 99 42 la
861 1008 99 42 phi-

86 1044 188 43 losophie
227 1044 94 43 et
274 1044 94 43 la
321 1044 203 43 religion,
477 1044 109 43 qui
540 1044 203 43 défendent
696 1044 109 43 les
759 1044 172 43 valeurs
868 1044 94 43 dont

84 1080 243 52 l’Humanité
274 1080 87 52 a
309 1080 173 52 besoin
430 1080 139 52 pour
499 1080 139 52 vivre.

130 1121 125 64 Dans
209 1121 94 64 la
256 1121 250 64 civilisation
459 1121 204 64 actuelle,
616 1121 110 64 qui
678 1121 204 64 considère
819 1121 141 64 l’homme

83 1172 161 44 comme
191 1172 287 44 l’instrument
424 1172 108 44 du
477 1172 215 44 progrès,
639 1172 125 44 non
710 1172 161 44 comme
818 1172 108 44 sa
854 1172 108 44 fin,

84 1208 94 43 et
131 1208 125 43 dans
209 1208 187 43 laquelle
350 1208 94 43 il
397 1208 109 43 n’y
459 1208 78 43 a
490 1208 125 43 plus
569 1208 94 43 de
615 1208 172 43 liberté
740 1208 203 43 véritable
881 1208 78 43 de-

86 1248 125 42 puis
164 1248 109 42 que
227 1248 109 42 les
289 1248 218 42 idéologies
460 1248 109 42 ont
523 1248 125 42 pris
601 1248 93 42 la
647 1248 140 42 place
741 1248 93 42 de
788 1248 171 42 l’unité
897 1248 62 42 du

83 1289 193 38 savoir,
224 1289 105 38 ni
277 1289 281 38 l’engagement
505 1289 246 38 politique,
698 1289 105 38 ni
750 1289 105 38 le
785 1289 176 38 document

83 1325 253 41 agnostique,
286 1325 101 41 ni
336 1325 219 41 l’évasion
505 1325 236 41 romanesque
691 1325 101 41 ne
742 1325 186 41 peuvent
860 1325 101 41 plus

86 1359 209 37 répondre
243 1359 122 37 aux
312 1359 227 37 questions
487 1359 105 37 du
539 1359 192 37 présent
679 1359 105 37 et
731 1359 122 37 aux
784 1359 174 37 pressen-

85 1397 182 42 timents
217 1397 198 42 éveillés
365 1397 116 42 par
431 1397 99 42 un
481 1397 215 42 lendemain
646 1397 165 42 obscur
761 1397 99 42 et
811 1397 149 42 lourd
893 1397 66 42 de

63 1434 198 48 menaces.

129 1479 144 49 C’est
225 1479 192 49 pourquoi
369 1479 112 49 les
433 1479 192 49 artistes
576 1479 80 49 -
608 1479 176 49 surtout
736 1479 112 49 les
784 1479 176 49 jeunes

86 1525 209 42 prennent
243 1525 87 42 à
277 1525 174 42 douter
400 1525 122 42 des
469 1525 227 42 positions
644 1525 262 42 extrêmement
836 1525 122 42 indi-

84 1560 257 36 vidualistes
290 1560 103 36 et
341 1560 223 36 négatives
513 1560 103 36 de
564 1560 309 36 l’avant-garde,
822 1560 103 36 et
856 1560 103 36 même

86 1595 115 42 des
151 1595 214 42 poétiques
316 1595 115 42 qui
382 1595 230 42 s’occupent
563 1595 280 42 exclusivement
777 1595 181 42 d’idéolo-

85 1636 111 44 gie
149 1636 222 44 politique,
323 1636 95 44 ou
371 1636 111 44 qui
434 1636 222 44 constatent
609 1636 95 44 la
656 1636 143 44 crise
752 1636 111 44 des
799 1636 159 44 valeurs,

84 1671 137 56 sans
169 1671 205 56 vraiment
323 1671 188 56 prendre
443 1671 120 56 part.

129 1716 102 49 Il
180 1716 102 49 ne
231 1716 169 49 s’agit
349 1716 119 49 pas
417 1716 152 49 d’une
519 1716 220 49 nostalgie
688 1716 102 49 du
739 1716 169 49 passé,
840 1716 119 49 d’une

82 1758 187 37 espèce
213 1758 112 37 de
269 1758 243 37 recherche
456 1758 112 37 du
512 1758 168 37 temps
624 1758 187 37 perdu,
755 1758 149 37 mais
829 1758 131 37 d’une

87 1796 194 39 exigence
232 1796 194 39 profonde
378 1796 113 39 qui
443 1796 129 39 vise
523 1796 81 39 à
556 1796 210 39 retrouver
717 1796 113 39 les
782 1796 178 39 racines
895 1796 65 39 de

89 1832 95 43 la
137 1832 111 43 vie
200 1832 174 43 humaine
327 1832 95 43 et
374 1832 79 43 à
406 1832 158 43 rendre
517 1832 95 43 au
564 1832 174 43 travail
691 1832 95 43 et
738 1832 79 43 à
754 1832 206 43 l’existence

87 1873 141 40 même
176 1873 106 40 de
229 1873 194 40 l’homme
370 1873 124 40 une
441 1873 301 40 signification
671 1873 265 40 métaphysique.

127 1913 156 56 Voici
231 1913 139 56 donc
317 1913 121 56 que
387 1913 104 56 de
439 1913 173 56 jeunes
560 1913 208 56 artistes
716 1913 225 56 italiens-
872 1913 87 56 six

88 1958 218 47 peintres,
256 1958 151 47 trois
356 1958 251 47 sculpteurs,
557 1958 100 47 un
607 1958 234 47 architecte
792 1958 84 47 —
825 1958 134 47 font
892 1958 67 47 la

90 1996 170 50 preuve
209 1996 102 50 de
260 1996 136 50 leur
346 1996 170 50 talent
465 1996 119 50 sur
533 1996 102 50 le
584 1996 153 50 thème
686 1996 102 50 du
720 1996 239 50 comportement

89 2034 102 38 de
140 2034 153 38 Jésus
242 2034 170 38 envers
361 2034 119 38 les
429 2034 204 38 pécheurs
583 2034 85 38 -
617 2034 102 38 et
668 2034 238 38 souhaitent
838 2034 119 38 qu’un

90 2071 131 44 jour
171 2071 115 44 une
237 2071 164 44 petite
351 2071 164 44 église
466 2071 131 44 soit
548 2071 164 44 dédiée
662 2071 98 44 au
712 2071 115 44 bon
777 2071 164 44 larron
875 2071 82 44 qui

93 2106 112 54 n’a
157 2106 160 54 encore
269 2106 160 54 obtenu
381 2106 96 54 ni
429 2106 112 54 les
493 2106 176 54 fidèles
622 2106 96 54 ni
670 2106 112 54 les
734 2106 176 54 prières
846 2106 112 54 qu’il

92 2144 163 59 aurait
206 2144 180 59 mérités
337 2144 98 59 en
386 2144 147 59 grand
484 2144 180 59 nombre,
614 2144 147 59 alors
712 2144 114 59 que
777 2144 114 59 les
826 2144 131 59 Phari-

92 2182 150 50 siens
192 2182 100 50 de
242 2182 133 50 tous
325 2182 117 50 les
392 2182 150 50 temps
492 2182 150 50 n’ont
592 2182 166 50 jamais
708 2182 100 50 su
758 2182 216 50 pardonner
908 2182 50 50 à

93 2227 135 47 ceux
177 2227 118 47 qui
245 2227 287 47 transgressent
481 2227 118 47 les
548 2227 135 47 lois
616 2227 185 47 humaines.

77 2283 72 41 76
