1132 2373
340 49 379 83 ÉDITION
637 49 162 83 DE
691 49 379 83 GRAVURES

140 627 150 64 Quatre
245 627 180 64 graveurs
380 627 105 64 ont
440 627 105 64 été
500 627 180 64 désignés
635 627 120 64 pour
710 627 180 64 exécuter
845 627 150 64 chacun
935 627 75 64 une

141 658 147 71 planche
248 658 94 71 qui
301 658 107 71 sera
368 658 121 71 tirée
449 658 80 71 au
489 658 121 71 cours
569 658 80 71 de
609 658 80 71 la
649 658 161 71 Biennale
770 658 134 71 devant
864 658 80 71 le
890 658 121 71 public.

141 691 111 69 sous
210 691 83 69 la
252 691 180 69 direction
390 691 83 69 de
431 691 138 69 J.J.J.
528 691 124 69 Rigal
611 691 152 69 assisté
722 691 83 69 de
763 691 83 69 G.
805 691 166 69 Gerbault
929 691 83 69 et
957 691 55 69 de

143 744 83 55 P.
185 744 152 55 Degouy.
295 744 83 55 Ce
323 744 97 55 sont:

144 832 210 70 Christian
314 832 210 70 FOSSIER
485 832 79 70 né
524 832 79 70 en
563 832 105 70 1943
629 832 66 70 à
655 832 118 70 Paris
721 832 144 70 (France).

142 883 205 84 Enrique
303 883 132 84 MARIN
391 883 219 84 MUNOZ,
567 883 88 84 né
610 883 88 84 en
654 883 117 84 1935
727 883 73 84 à
757 883 161 84 Séville
859 883 161 84 (Espagne)

141 950 232 65 Michèle
324 950 398 65 NEDELEC-OUBRERIE
672 950 116 65 née
738 950 99 65 en
788 950 133 65 1931
871 950 83 65 à
887 950 133 65 Angers

144 1043 232 64 Krystyna
329 1043 309 64 SMIECHOWSKA
592 1043 108 64 née
653 1043 93 64 en
700 1043 124 64 1935
777 1043 77 64 à
808 1043 185 64 Cracovie
931 1043 93 64 (Po

147 1256 102 66 Ces
205 1256 174 66 gravures
335 1256 145 66 seront
437 1256 145 66 tirées
538 1256 73 66 à
567 1256 102 66 150
625 1256 218 66 exemplaires
799 1256 203 66 numérotés,
944 1256 87 66 dont

145 1304 103 52 140
204 1304 103 52 sur
263 1304 133 52 vélin
352 1304 89 52 de
396 1304 177 52 Hollande
529 1304 103 52 des
589 1304 207 52 papeteries
751 1304 163 52 Royales
869 1304 103 52 Van
914 1304 118 52 Gelder

143 1339 143 49 Zonen
238 1339 238 49 d’Amsterdam
429 1339 238 49 (papeteries
620 1339 95 49 de
668 1339 254 49 Montevrain),
858 1339 175 49 numérotés

146 1366 82 56 de
187 1366 68 56 1
214 1366 68 56 à
242 1366 95 56 140
296 1366 82 56 et
337 1366 82 56 10
378 1366 150 56 tirages
487 1366 82 56 de
527 1366 109 56 tête
596 1366 95 56 sur
650 1366 136 56 papier
745 1366 82 56 du
786 1366 136 56 Moulin
881 1366 82 56 de
909 1366 122 56 Richard

146 1414 84 44 de
188 1414 112 44 Bas,
258 1414 182 44 numérotés
397 1414 84 44 de
439 1414 70 44 A
467 1414 70 44 à
481 1414 56 44 J.

147 1454 105 60 Ces
207 1454 181 60 gravures
343 1454 151 60 seront
448 1454 166 60 vendues
569 1454 166 60 pendant
689 1454 90 60 le
735 1454 121 60 mois
810 1454 90 60 de
855 1454 90 60 la
885 1454 151 60 Biennale

147 1508 69 42 à
175 1508 96 42 des
230 1508 110 42 prix
299 1508 303 42 exceptionnellement
546 1508 83 42 bas.

148 1546 88 62 La
192 1546 175 62 deuxième
324 1546 88 62 et
368 1546 88 62 la
411 1546 190 62 troisième
558 1546 175 62 Biennale
689 1546 88 62 de
733 1546 132 62 Paris
821 1546 161 62 avaient
923 1546 117 62 publié

146 1595 114 43 une
211 1595 146 43 série
308 1595 227 43 comportant
487 1595 114 43 des
552 1595 162 43 œuvres
665 1595 97 43 de
714 1595 162 43 Ronald
828 1595 162 43 Abram,
925 1595 114 43 Jean-

149 1616 130 54 Marie
235 1616 187 54 Albagnac.
379 1616 130 54 Tuvia
465 1616 144 54 Berri,
566 1616 130 54 Paolo
652 1616 130 54 Boni,
739 1616 115 54 Yves
811 1616 158 54 Jobert.
911 1616 130 54 Barbara

148 1652 265 50 Kwasniewska,
364 1652 182 50 Voshiko
496 1652 149 50 Noma,
595 1652 132 50 Jean
678 1652 215 50 Peschard,
843 1652 165 50 Arthur
943 1652 99 50 Piza

149 1684 85 55 et
191 1684 156 55 Eugénio
305 1684 156 55 Tellez.
418 1684 85 55 Il
461 1684 128 55 reste
546 1684 170 55 quelques
673 1684 213 55 exemplaires
844 1684 85 55 de
886 1684 128 55 cette
957 1684 85 55 col-

148 1715 170 55 lection
271 1715 108 55 qui
333 1715 170 55 peuvent
457 1715 124 55 être
534 1715 155 55 acquis
643 1715 93 55 au
689 1715 139 55 Musée
782 1715 139 55 d’Art
875 1715 170 55 Moderne
983 1715 62 55 de

152 1765 75 51 la
190 1765 113 51 Ville
266 1765 75 51 de
303 1765 113 51 Paris
379 1765 75 51 et
416 1765 63 51 à
442 1765 75 51 la
479 1765 163 51 librairie
605 1765 75 51 La
630 1765 88 51 Hune.
