1132 2373
447 70 323 79 SÉLECTIONS
694 70 304 79 RÉGIONALES

149 377 92 82 Le
195 377 200 82 programme
348 377 92 82 de
394 377 261 82 collaboration
609 377 123 82 avec
686 377 108 82 les
748 377 169 82 Casinos
855 377 77 82 qui

150 412 139 79 n’avait
251 412 88 79 été
302 412 189 79 qu’esquissé
453 412 76 79 il
491 412 63 79 y
516 412 63 79 a
541 412 101 79 deux
604 412 101 79 ans,
667 412 63 79 a
692 412 101 79 pris
756 412 113 79 cette
819 412 113 79 fois

150 457 92 69 une
202 457 144 69 ampleur
307 457 118 69 toute
386 457 223 69 particulière,
569 457 118 69 grâce
648 457 92 69 aux
700 457 144 69 efforts
792 457 144 69 conjugués

150 483 85 74 de
192 483 85 74 M.
234 483 155 74 Maurice
347 483 155 74 Guérin,
460 483 183 74 Président
601 483 85 74 du
643 483 169 74 Syndicat
770 483 99 74 des
812 483 127 74 Casinos

148 515 190 79 autorisés
295 515 88 79 de
338 515 161 79 France,
455 515 88 79 et
499 515 102 79 des
558 515 205 79 animateurs
719 515 102 79 des
777 515 161 79 casinos
880 515 58 79 de

151 556 374 72 Charbonnières-les-Bains,
485 556 187 72 Deauville,
632 556 80 72 La
672 556 134 72 Baule,
765 556 107 72 Nice
832 556 80 72 et
859 556 80 72 Nie

151 639 82 65 En
192 639 136 65 effet,
288 639 136 65 chacun
383 639 82 65 de
424 639 95 65 ces
479 639 150 65 casinos
588 639 68 65 a
615 639 164 65 organisé
738 639 95 65 une
778 639 164 65 exposition

150 667 195 69 d’artistes
303 667 83 69 de
345 667 83 69 sa
387 667 139 69 région
484 667 83 69 et
526 667 153 69 parfois
637 667 111 69 même
707 667 97 69 une
748 667 195 69 présentation

150 702 88 65 de
194 702 192 65 plusieurs
342 702 147 65 jeunes
445 702 221 65 compagnies,
622 702 192 65 également
754 702 192 65 régionales,

151 734 124 71 parmi
234 734 193 71 lesquelles
385 734 83 71 un
426 734 124 71 jury,
509 734 151 71 composé
619 734 83 71 de
660 734 220 71 personnalité
825 734 124 71 locales

151 773 84 68 et
193 773 84 68 de
235 773 238 68 représentants
431 773 84 68 de
473 773 84 68 la
515 773 168 68 Biennale
640 773 84 68 de
682 773 140 68 Paris,
780 773 70 68 a
808 773 140 68 choisi
892 773 56 68 un

152 804 160 60 certain
269 804 145 60 nombre
370 804 203 60 d’artistes
530 804 87 60 et
574 804 87 60 de
617 804 218 60 compagnies.
791 804 145 60 Ainsi,
878 804 73 60 par

153 837 95 64 ces
208 837 203 64 initiatives
370 837 217 64 muitipliées,
546 837 203 64 différentes
709 837 149 64 régions
817 837 81 64 de
845 837 108 64 France

154 870 100 71 ont
211 870 86 71 pu
254 870 114 71 être
325 870 186 71 associées
468 870 114 71 plus
540 870 214 71 étroitement
711 870 100 71 que
768 870 100 71 par
825 870 86 71 le
854 870 100 71 passé

154 920 88 48 aux
205 920 163 48 activités
330 920 75 48 de
368 920 75 48 la
393 920 138 48 Biennale.

157 942 91 75 Les
209 942 155 75 artistes
325 942 78 75 de
364 942 78 75 la
403 942 142 75 Section
506 942 103 75 arts
571 942 181 75 plastiques
713 942 116 75 ainsi
778 942 181 75 sélectionnés

154 992 169 60 figurent
281 992 211 60 ci-dessous;
450 992 99 60 les
506 992 197 60 compagnies
661 992 197 60 théâtrales
816 992 113 60 sont
872 992 85 60 men-

155 1031 159 53 tionnées
274 1031 106 53 dans
340 1031 80 53 la
380 1031 159 53 rubrique
486 1031 159 53 spectacle.

156 1060 86 66 Il
199 1060 115 66 faut
271 1060 158 66 ajouter
386 1060 101 66 que
443 1060 201 66 l’activité
601 1060 101 66 des
659 1060 158 66 Casinos
774 1060 86 66 de
817 1060 144 66 France
903 1060 58 66 ne

156 1097 123 62 s’est
238 1097 96 62 pas
293 1097 151 62 limitée
403 1097 68 62 à
430 1097 96 62 cet
485 1097 137 62 effort
581 1097 82 62 de
622 1097 233 62 présélection,
813 1097 110 62 mais
868 1097 96 62 qu’en

156 1136 112 52 1964
226 1136 168 52 certains
352 1136 154 52 d’entre
463 1136 112 52 eux,
533 1136 126 52 ainsi
617 1136 98 52 que
673 1136 168 52 certains
798 1136 154 52 musées,
896 1136 70 52 ont

155 1169 211 59 accueilli
317 1169 114 59 les
382 1169 227 59 SELECTIONS
560 1169 97 59 DE
609 1169 97 59 LA
658 1169 195 59 BIENNALE
804 1169 97 59 DE
836 1169 130 59 PARIS,

157 1203 231 52 c’est-à-dire
344 1203 101 52 les
402 1203 173 52 lauréats
532 1203 87 52 de
576 1203 87 52 la
619 1203 188 52 Troisième
764 1203 188 52 Biennale.
894 1203 72 52 Ces

156 1240 206 54 sélections
318 1240 235 54 comprenaient
509 1240 117 54 huit
582 1240 279 54 manifestations:
817 1240 103 54 une
861 1240 103 54 expo-

157 1275 154 52 sition-
269 1275 84 52 un
311 1275 154 52 concert
423 1275 84 52 de
465 1275 154 52 musique
578 1275 210 52 enregistrée
746 1275 70 52 -
774 1275 84 52 un
816 1275 154 52 récital
914 1275 56 52 de

159 1302 145 61 piano-
260 1302 116 61 deux
332 1302 203 61 programmes
492 1302 87 61 de
535 1302 130 61 films
622 1302 101 61 sur
680 1302 145 61 l’art-
782 1302 87 61 un
811 1302 159 61 spectacle

157 1334 231 55 dramatique-
341 1334 92 55 un
388 1334 200 55 spectacle
542 1334 277 55 chorégraphique
773 1334 77 55 -
804 1334 92 55 un
834 1334 139 55 concert

159 1371 86 53 de
202 1371 129 53 jazz.
287 1371 100 53 Ces
345 1371 172 53 diverses
473 1371 257 53 manifestations
688 1371 100 53 ont
745 1371 100 53 été
788 1371 186 53 accueillies

161 1403 102 59 par
220 1403 102 59 les
278 1403 160 59 casinos
394 1403 87 59 de
438 1403 116 59 Nice
511 1403 87 59 et
554 1403 87 59 de
598 1403 262 59 Charbonnières,
816 1403 102 59 les
860 1403 116 59 Musées

161 1444 185 45 d’Annecy,
303 1444 128 45 Mâcon
389 1444 86 45 et
432 1444 86 45 du
474 1444 128 45 Havre
560 1444 86 45 et
603 1444 86 45 la
646 1444 128 45 ville
731 1444 86 45 de
760 1444 128 45 Dieppe.

160 1479 129 59 Ainsi
246 1479 72 59 a
274 1479 86 59 pu
317 1479 143 59 naître
418 1479 129 59 entre
504 1479 100 59 les
561 1479 186 59 Troisième
705 1479 86 59 et
748 1479 186 59 Quatrième
877 1479 100 59 Bien-

162 1515 119 58 nale
236 1515 89 58 un
281 1515 193 58 véritable
429 1515 163 58 courant
547 1515 207 58 d’échanges
710 1515 133 58 entre
799 1515 133 58 Paris
888 1515 89 58 et
918 1515 59 58 la

162 1550 209 59 province,
323 1550 112 59 une
387 1550 321 59 décentralisation
660 1550 225 59 réciproque
820 1550 161 59 comprise

163 1597 131 40 comme
251 1597 102 40 une
309 1597 189 40 véritable
440 1597 232 40 collaboration.

379 1715 224 57 PEINTURE
547 1715 112 57 ET
585 1715 149 57 DESSIN

166 1777 148 50 Jean
273 1777 202 50 BATAIL
435 1777 81 50 né
476 1777 81 50 en
516 1777 108 50 1930
584 1777 67 50 à
611 1777 108 50 Lyon
665 1777 148 50 (France).

114 1819 173 38 266
250 1819 86 38 Les
299 1819 124 38 mains,
385 1819 99 38 1964
447 1819 173 38 (peinture,
583 1819 74 38 73
620 1819 62 38 x
633 1819 86 38 100).

112 1843 182 50 267
255 1843 143 50 Paysage
359 1843 78 50 de
398 1843 117 50 Lyon,
476 1843 104 50 1964
540 1843 182 50 (peinture,
683 1843 78 50 73
722 1843 65 50 x
735 1843 91 50 100).

167 1891 169 55 Paul
289 1891 291 55 BURGHOFFER
534 1891 92 55 né
580 1891 92 55 en
626 1891 123 55 1940
703 1891 77 55 à
734 1891 153 55 Colmar
825 1891 169 55 (France).

115 1936 174 43 268
252 1936 149 43 Paysage,
364 1936 100 43 1965
426 1936 174 43 (peinture,
563 1936 87 43 100
613 1936 62 43 x
625 1936 75 43 81).

117 1970 159 45 269
239 1970 73 45 La
275 1970 110 45 Cité,
349 1970 98 45 1965
410 1970 171 45 (peinture,
544 1970 73 45 70
581 1970 61 45 x
593 1970 73 45 50).

114 2005 205 52 Robert
272 2005 237 52 DURAND
462 2005 95 52 né
509 2005 95 52 en
556 2005 126 52 1931
635 2005 79 52 à
667 2005 190 52 Charlieu
793 2005 174 52 (France).

118 2058 170 38 270
251 2058 73 38 Un
288 2058 134 38 certain
385 2058 109 38 soir,
458 2058 97 38 1964
518 2058 134 38 (huile,
615 2058 85 38 116
664 2058 61 38 x
676 2058 73 38 89).

118 2083 167 56 271
249 2083 72 56 Il
285 2083 84 56 n’y
333 2083 60 56 a
357 2083 96 56 rien
417 2083 143 56 d’autre,
524 2083 96 56 1964
584 2083 131 56 (huile,
680 2083 84 56 116
727 2083 60 56 x
739 2083 72 56 81).

171 2129 193 57 Jeanne
319 2129 252 57 GERARDIN
527 2129 104 57 née
586 2129 89 57 en
631 2129 119 57 1930
705 2129 74 57 à
735 2129 133 57 Nimes
809 2129 163 57 (France).

175 2171 158 51 Fenêtre
290 2171 173 51 ouverte,
419 2171 115 51 1963
491 2171 158 51 (huile,
606 2171 86 51 92
649 2171 72 51 x
664 2171 86 51 65).

118 2213 163 43 273
244 2213 138 43 Atelier
344 2213 75 43 de
381 2213 113 43 nuit,
456 2213 100 43 1964
519 2213 138 43 (huile,
619 2213 88 43 114
669 2213 63 43 x
681 2213 88 43 146).
