1086 2373
162 85 228 53 FRANCE

207 186 161 56 317
319 186 161 56 CENTRE
416 186 225 56 CULTUREL

208 232 187 52 Présenté
349 232 125 52 sous
426 232 140 52 forme
520 232 93 52 de
551 232 171 52 maquette.

186 272 250 55 Responsable:

206 320 159 85 Atila
325 320 172 85 BIRO
457 320 79 85 né
497 320 79 85 en
537 320 106 85 1931
603 320 66 85 à
629 320 159 85 Budapest
749 320 185 85 (Hongrie).
881 320 172 85 Architecte.

189 358 146 43 peintre.

207 399 157 63 Marc
321 399 214 63 ALVAREZ
493 399 86 63 né
536 399 86 63 en
578 399 129 63 1941.
650 399 200 63 Journaliste.

204 442 175 81 Claude
338 442 229 81 BEAUJOUR
527 442 81 81 né
568 442 81 81 en
608 442 108 81 1934
675 442 67 81 à
702 442 148 81 Auxerre
810 442 175 81 (France).
932 442 121 81 Peinte

186 476 188 43 fresquiste.

202 513 232 79 Jean-Pierre
395 513 180 79 FERRY
537 513 77 79 né
576 513 77 79 en
615 513 103 79 1937
679 513 64 79 à
705 513 129 79 Albert
795 513 168 79 (France).
911 513 142 79 Sculpteu.

198 565 247 69 Jean-Marie
402 565 218 69 RENAUD
576 565 87 69 né
620 565 87 69 en
664 565 116 69 1938
736 565 73 69 à
751 565 305 69 St

204 594 208 58 (France).
348 594 224 58 Photographe.

196 761 169 77 318
314 761 185 77 L'ECOLE
449 761 219 77 LETTRISTE
618 761 101 77 AU
668 761 185 77 SERVICE
803 761 101 77 DU
837 761 219 77 FRONTDE

198 797 130 46 LA
270 797 201 46 JEUNESSE

199 845 188 63 Présentée
343 845 116 63 sous
416 845 130 63 forme
503 845 87 63 de
546 845 217 63 projections
705 845 261 63 audio

175 887 252 53 Responsable:

197 932 199 75 Roland
350 932 261 75 SABATIER
565 932 92 75 né
611 932 92 75 en
656 932 123 75 1942
733 932 77 75 à
764 932 184 75 Toulouse
886 932 169 75 (France.)

195 970 165 45 peintre,
305 970 151 45 écrivain.

196 1010 218 68 Roberto
368 1010 249 68 ALTMANN
570 1010 93 68 né
617 1010 93 68 en
664 1010 125 68 1942
742 1010 78 68 à
773 1010 93 68 La
819 1010 156 68 Havane
913 1010 140 68 (Cuba).

181 1047 245 47 Peintre

196 1091 189 73 Pierre
342 1091 233 73 BATTINI
531 1091 87 73 né
574 1091 87 73 en
618 1091 116 73 1939
691 1091 73 73 à
720 1091 131 73 Paris
807 1091 189 73 (France).
938 1091 116 73 Peinte

192 1128 198 66 Viviane
347 1128 184 66 BROWN
488 1128 99 66 née
545 1128 85 66 en
587 1128 113 66 1940
658 1128 71 66 à
686 1128 155 66 Alençon
799 1128 184 66 (France).
926 1128 127 66 Peinte

176 1161 196 49 journaliste.

193 1209 241 70 Micheline
389 1209 257 70 HACHETTE
600 1209 106 70 née
661 1209 91 70 en
706 1209 121 70 1939
781 1209 75 70 à
812 1209 136 70 Paris
887 1209 166 70 (France).

177 1240 148 43 Peintre.

192 1284 146 71 Aude
298 1284 226 71 JESSEMIN
484 1284 93 71 née
537 1284 80 71 en
576 1284 106 71 1937
643 1284 66 71 à
669 1284 305 71 Premilly-sur-Claise
921 1284 133 71 (France)

173 1316 146 44 peintre.

190 1357 170 60 Alain
317 1357 85 60 de
360 1357 213 60 LATOUR
530 1357 85 60 né
572 1357 85 60 en
615 1357 113 60 1932
686 1357 71 60 à
714 1357 113 60 Auch
785 1357 184 60 (France).
927 1357 128 60 Homme
997 1357 57 60 de

191 1392 160 48 lettres.
297 1392 133 48 Peintre.

191 1435 270 61 Claude-Pierre
420 1435 202 61 QUENIY
581 1435 81 61 né
622 1435 81 61 en
662 1435 108 61 1941
730 1435 67 61 à
743 1435 310 61 Ferrières

193 1467 189 50 (France).
323 1467 145 50 peintre.

188 1511 155 56 Alain
304 1511 181 56 SATIER
446 1511 77 56 né
485 1511 77 56 en
524 1511 103 56 1944
588 1511 65 56 à
614 1511 155 56 Toulouse
730 1511 168 56 (France).
846 1511 207 56 Peintre

184 1554 196 55 Jacques
338 1554 239 55 SPACAGNA
535 1554 84 55 né
577 1554 84 55 eb
619 1554 112 55 1936
689 1554 70 55 à
717 1554 126 55 Paris
801 1554 182 55 (France).
928 1554 126 55 Peinte.

189 1588 211 61 Frédéric
357 1588 225 61 STUDENY
540 1588 84 61 né
582 1588 84 61 en
624 1588 112 61 1935
694 1588 70 61 à
722 1588 112 61 Agen
792 1588 182 61 (France).
919 1588 126 61 Peinte.

195 1628 161 68 Rosie
315 1628 121 68 VRONS
396 1628 148 68 KY
503 1628 94 68 née
557 1628 81 68 en
597 1628 107 68 1937
665 1628 67 68 à
691 1628 121 68 Paris
772 1628 175 68 (France).
893 1628 161 68 Sculpteur.

182 1789 159 56 319
277 1789 286 56 ESPACE

186 1832 125 67 Essai
270 1832 84 67 de
311 1832 139 67 centre
409 1832 139 67 public
506 1832 125 67 animé
590 1832 111 67 pour
660 1832 84 67 la
701 1832 125 67 ville
785 1832 84 67 de
813 1832 139 67 Béziers.

186 1877 182 62 Présenté
322 1877 121 62 sous
398 1877 137 62 forme
489 1877 91 62 de
535 1877 182 62 maquette
672 1877 91 62 et
717 1877 91 62 de
763 1877 228 62 projections
930 1877 121 62 audio

169 1915 166 46 visuelles.

191 1964 200 57 Surplombant
350 1964 80 57 la
390 1964 133 57 vallée
484 1964 120 57 cette
563 1964 213 57 construction
737 1964 173 57 accueille
870 1964 93 57 les
910 1964 146 57 visiteurs

185 2008 132 49 dans
267 2008 115 49 une
333 2008 197 49 ambiance
481 2008 214 49 consacrée
645 2008 99 49 au
694 2008 164 49 Rugby.
809 2008 115 49 Ces
859 2008 197 49 visiteursy

188 2036 196 50 pénètrent,
342 2036 182 50 circulent
482 2036 84 50 au
524 2036 140 50 hasard
622 2036 98 50 des
677 2036 266 50 sollicitations,
887 2036 168 50 empruntant

194 2069 87 44 les
243 2069 175 44 escaliers,
381 2069 87 44 les
431 2069 137 44 rampes,
531 2069 87 44 les
581 2069 125 44 ponts,
668 2069 87 44 les
718 2069 200 44 passerelles,
880 2069 87 44 les
918 2069 137 44 couloirs,

186 2102 113 55 les
250 2102 193 55 paliers,
395 2102 113 55 les
460 2102 290 55 plates-formes,
702 2102 161 55 conçus
814 2102 145 55 comme
911 2102 113 55 une
959 2102 97 55 œuve

186 2135 174 50 sculptée
317 2135 87 50 et
361 2135 160 50 peinte.
477 2135 102 50 Ils
535 2135 174 50 prennent
665 2135 247 50 connaissance,
868 2135 131 50 comme
955 2135 102 50 ils
999 2135 58 50 le

183 2173 163 48 seraient
306 2173 123 48 grâce
388 2173 68 48 à
415 2173 82 48 la
456 2173 136 48 camera
551 2173 95 48 par
606 2173 95 48 des
660 2173 204 48 travellings
823 2173 150 48 variés,
932 2173 82 48 et
960 2173 95 48 comme

180 2195 127 67 s’ils
265 2195 85 67 se
307 2195 212 67 déplaçaient
477 2195 184 67 librement
618 2195 113 67 dans
689 2195 184 67 l’espace,
831 2195 127 67 d’une
901 2195 156 67 évocation

170 2254 82 48 150
