1013 2373
49 186 154 98 glaise
156 186 108 98 lui
218 186 108 98 est
279 186 169 98 devenue
402 186 108 98 une
464 186 138 98 façon
556 186 200 98 naturelle
710 186 92 98 de
740 186 154 98 s’expri

81 274 110 85 Roi
144 274 173 85 Friberg
270 274 142 85 vient
364 274 94 85 de
412 274 189 85 Gôteborg
553 274 94 85 et
600 274 110 85 est
663 274 126 85 l’un
742 274 110 85 des
789 274 110 85 quel-

52 327 125 82 ques
131 327 157 82 jeunes
240 327 188 82 artistes
381 327 172 82 suédois
506 327 94 82 de
553 327 157 82 valeur
663 327 110 82 qui
726 327 157 82 soient
820 327 78 82 do-

51 357 204 80 miciliés
204 357 102 80 en
255 357 170 80 dehors
374 357 102 80 de
425 357 238 80 Stockholm.
613 357 102 80 Il
664 357 119 80 est
715 357 187 80 fortement

53 399 217 76 influencé
220 399 117 76 par
287 399 183 76 Francis
420 399 167 76 Bacon.
537 399 100 76 On
587 399 83 76 a
620 399 200 76 beaucoup
754 399 150 76 recours

52 431 79 83 à
84 431 110 83 lui
147 431 94 83 en
194 431 142 83 Suède
288 431 126 83 pour
367 431 110 83 les
430 431 173 83 dessins
556 431 299 83 d’illustrations
808 431 94 83 et
839 431 63 83 il

52 471 193 84 s’essaie
197 471 210 84 également
358 471 81 84 à
390 471 242 84 différentes
584 471 242 84 expériences
761 471 145 84 décora

81 565 152 72 Alors
183 565 119 72 que
250 565 119 72 les
318 565 169 72 jeunes
437 565 186 72 talents
572 565 237 72 graphiques
742 565 169 72 abondent

55 606 93 65 en
102 606 156 65 Suède,
211 606 93 65 il
258 606 78 65 y
289 606 78 65 a
320 606 171 65 pénurie
444 606 93 65 de
491 606 156 65 jeunes
600 606 233 65 sculpteurs.
787 606 93 65 Le
818 606 93 65 plus

55 637 202 75 important
211 637 109 75 est
273 637 202 75 peut-être
429 637 202 75 Karl-Olov
585 637 156 75 Bjôrk.
694 637 93 75 Il
741 637 171 75 écrivit
850 637 62 75 un

54 673 149 73 livre
154 673 99 73 il
203 673 83 73 y
236 673 83 73 a
269 673 198 73 quelques
418 673 182 73 années,
550 673 132 73 dans
633 673 165 73 lequel
749 673 99 73 il
782 673 132 73 accusa

54 716 194 70 l’Ecole
195 716 123 70 des
266 716 247 70 Beaux-Arts
460 716 106 70 de
513 716 229 70 Stockholm
689 716 106 70 de
724 716 194 70 maintenir

53 755 131 67 des
128 755 225 67 méthodes
297 755 338 67 d’enseignement
579 755 338 67 conservatrices
842 755 75 67 et

56 792 329 70 conventionnelles.
338 792 94 70 Ce
385 792 141 70 livre
479 792 141 70 donna
573 792 125 70 lieu
652 792 78 70 à
683 792 94 70 de
730 792 125 70 vifs
793 792 125 70 débats

57 828 138 68 mais
143 828 155 68 amena
247 828 224 68 néanmoins
419 828 104 68 de
471 828 242 68 nombreuses
644 828 276 68 améliorations.

56 882 144 52 Bork
146 882 126 52 est
218 882 234 52 également
398 882 234 52 fortement
577 882 180 52 engagé
703 882 144 52 dans
793 882 108 52 le
829 882 90 52 do-

59 922 129 56 maine
131 922 173 56 politique.

88 963 105 53 La
140 963 174 53 figure
262 963 209 53 centrale
419 963 105 53 de
471 963 105 53 ce
523 963 157 53 petit
628 963 174 53 groupe
750 963 105 53 de
785 963 139 53 jeunes

58 994 197 62 artistes
205 994 328 62 constructivistes
484 994 98 62 en
533 994 147 62 Suède
631 994 115 62 est
697 994 131 62 Lars
762 994 164 62 Englund.

60 1032 98 65 Il
109 1032 82 65 a
141 1032 196 65 assemblé
289 1032 164 65 autour
403 1032 98 65 de
452 1032 115 65 lui
518 1032 115 65 une
583 1032 196 65 phalange
714 1032 213 65 internatio-

60 1075 132 56 nale
142 1075 230 56 d’artistes
323 1075 99 56 de
372 1075 132 56 même
454 1075 263 56 orientation.
668 1075 115 56 Ils
734 1075 99 56 ne
783 1075 132 56 sont
849 1075 82 56 pas

58 1113 247 54 nombreux,
248 1113 152 54 mais
343 1113 133 54 ont
419 1113 133 54 une
495 1113 190 54 grande
628 1113 266 54 importance
818 1113 114 54 pour

61 1142 148 69 notre
159 1142 115 69 vie
225 1142 247 69 artistique.
422 1142 181 69 Englund
554 1142 197 69 lui-même
702 1142 148 69 avait
784 1142 148 69 d’abord

59 1198 201 43 travailé
210 1198 151 43 d’une
311 1198 151 43 façon
412 1198 134 43 très
496 1198 235 43 ascétique,
680 1198 134 43 mais
764 1198 101 43 il
815 1198 84 43 a
831 1198 101 43 com-

58 1224 158 56 mencé
164 1224 105 56 au
216 1224 158 56 cours
322 1224 105 56 de
374 1224 123 56 ces
445 1224 228 56 dernières
620 1224 176 56 années
743 1224 88 56 à
760 1224 176 56 produire

64 1259 90 60 un
109 1259 105 60 art
169 1259 120 60 plus
245 1259 181 60 sensuel.
380 1259 90 60 Il
425 1259 90 60 se
470 1259 135 60 livre
561 1259 196 60 également
711 1259 75 60 à
741 1259 166 60 présent
862 1259 75 60 à
877 1259 60 60 de

64 1307 231 60 nombreuses
245 1307 248 60 expériences
443 1307 116 60 sur
509 1307 99 60 le
542 1307 132 60 béton.

572 1386 205 54 Ludvig
696 1386 246 54 Rasmusson.

334 1720 227 55 PEINTURE
505 1720 114 55 ET
542 1720 152 55 DESSIN

79 1782 168 56 Lars
201 1782 244 56 ENGLUND
399 1782 92 56 né
445 1782 92 56 en
491 1782 122 56 1933
567 1782 76 56 à
598 1782 199 56 Stockholm
735 1782 153 56 (Suède).

81 1803 161 53 1
198 1803 161 53 Montage
315 1803 322 53 cinématographique,
593 1803 117 53 1963
666 1803 161 53 (laque,
783 1803 102 53 168
842 1803 73 53 x
857 1803 102 53 100).

109 1852 209 39 Collection
273 1852 164 39 William
392 1852 238 39 Aronowitsch,
571 1852 179 39 Stockholm.

82 1865 160 55 2
202 1865 133 55 Relief
295 1865 80 55 en
335 1865 107 55 zinc
401 1865 80 55 I,
441 1865 107 55 1964
508 1865 133 55 (zinc.
601 1865 80 55 71
641 1865 67 55 x
668 1865 107 55 71).
735 1865 187 55 Collection
868 1865 93 55 Ralph

82 1933 151 63 3
196 1933 126 63 Relief
284 1933 76 63 en
322 1933 101 63 zinc
385 1933 88 63 II,
435 1933 101 63 1964
498 1933 126 63 (zinc,
586 1933 76 63 71
624 1933 63 63 x
649 1933 101 63 71).
712 1933 176 63 Collection
838 1933 126 63 Jeanette

113 2020 141 42 Roi
212 2020 226 42 FRIBERG
395 2020 85 42 né
437 2020 85 42 en
479 2020 113 42 1934
550 2020 70 42 à
578 2020 183 42 Uddevalla
705 2020 141 42 (Suède).

83 2042 172 52 4
212 2042 158 52 Hommage
327 2042 72 52 à
356 2042 158 52 Sigmund
470 2042 144 52 Freud,
571 2042 115 52 1965
643 2042 172 52 (crayon,
772 2042 86 52 90
815 2042 72 52 x
829 2042 101 52 100).

84 2087 162 42 5
206 2087 135 42 Limite
301 2087 203 42 mnémonique,
464 2087 108 42 1965
531 2087 162 42 (crayon,
653 2087 81 42 70
694 2087 68 42 x
707 2087 95 42 100).

87 2123 148 40 6
198 2123 160 40 Intérieur
321 2123 74 40 I,
358 2123 99 40 1965
419 2123 148 40 (crayon,
530 2123 74 40 70
567 2123 62 40 x
580 2123 86 40 100).

90 2159 144 37 7
198 2159 156 37 Intérieur
318 2159 84 37 II,
366 2159 96 37 1965
425 2159 144 37 (crayon,
533 2159 72 37 70
569 2159 60 37 x
581 2159 84 37 100).

86 2189 154 51 8
202 2189 218 51 Conférencier,
381 2189 103 51 1965
445 2189 154 51 (crayon,
561 2189 77 51 70
599 2189 64 51 x
612 2189 90 51 100).
