1181 2331
266 41 602 90 MANIFESTATIONS
753 41 344 90 ANNEXE

316 221 221 57 GALERIE
490 221 95 57 LE
537 221 158 57 SOLEIL
648 221 126 57 DANS
727 221 95 57 LA
758 221 158 57 TETE

274 255 103 60 10,
333 255 103 60 rue
392 255 88 60 de
436 255 205 60 Vaugirard,
597 255 132 60 Paris
685 255 117 60 (6e)
759 255 73 60 —
788 255 117 60 ODE.
847 255 117 60 80

329 303 211 62 Exposition
495 303 90 62 du
540 303 106 62 1er
600 303 90 62 au
646 303 90 62 29
691 303 166 62 octobre
796 303 106 62 1965.

284 337 208 66 Vernissage
448 337 89 66 le
493 337 149 66 samedi
597 337 74 66 2
627 337 164 66 octobre
746 337 89 66 de
790 337 89 66 18
835 337 74 66 à
865 337 89 66 21
894 337 60 66 h.

379 385 120 41 Tous
454 385 105 41 les
514 385 135 41 jours
604 385 120 41 sauf
679 385 90 41 le
709 385 150 41 dimanche

344 415 90 61 de
389 415 90 61 10
434 415 75 61 h
463 415 75 61 à
493 415 90 61 12
538 415 75 61 h
568 415 90 61 30
613 415 90 61 et
657 415 90 61 de
702 415 90 61 14
747 415 75 61 h
777 415 75 61 à
807 415 90 61 19
836 415 60 61 h.

410 472 215 53 DESSINS
579 472 108 53 DES
625 472 215 53 ARTISTES

299 500 229 71 INVITES
478 500 114 71 PAR
544 500 114 71 LES
609 500 163 71 JEUNES
707 500 245 71 CRITIQUES

181 555 72 62 «
209 555 86 62 Le
252 555 144 62 Soleil
353 555 115 62 dans
425 555 86 62 la
468 555 115 62 Tête
554 555 86 62 en
597 555 144 62 accord
697 555 115 62 avec
769 555 86 62 la
812 555 172 62 Biennale
941 555 86 62 de
970 555 115 62 Paris,

182 597 175 68 présente
314 597 102 68 les
372 597 160 68 dessins
488 597 102 68 des
547 597 175 68 peintres
678 597 160 68 choisis
795 597 102 68 par
853 597 73 68 «
882 597 87 68 La
926 597 131 68 jeune
999 597 87 68 cri-

181 629 136 67 tique
287 629 121 67 afin
362 629 91 67 de
407 629 76 67 *
438 629 151 67 donner
543 629 76 67 à
574 629 151 67 voir::
679 629 106 67 aux
740 629 181 67 amateurs
876 629 136 67 d’art
951 629 136 67 nouveau

183 671 91 52 un
228 671 181 52 panorama
364 671 121 52 plus
440 671 166 52 complet
560 671 106 52 des
621 671 151 52 œuvres
727 671 91 52 de
772 671 106 52 ces
832 671 151 52 jeunes
923 671 166 52 artistes.

185 715 82 53 le
226 715 136 53 dessin
322 715 123 53 étant
403 715 191 53 l’ossature
553 715 82 53 de
594 715 123 53 toute
662 715 150 53 peinture.

424 1613 231 52 GALERIE
606 1613 99 52 DU
639 1613 248 52 TOURNESOL

319 1647 103 57 36,
378 1647 103 57 rue
437 1647 89 57 de
482 1647 192 57 Verneuil,
629 1647 133 57 Paris
718 1647 118 57 (7e)
791 1647 74 57 —
821 1647 118 57 BAB.
880 1647 118 57 42

386 1691 219 56 Exposition
558 1691 94 56 du
605 1691 78 56 5
636 1691 94 56 au
683 1691 94 56 23
730 1691 172 56 octobre
839 1691 94 56 1965

334 1736 208 52 Vernissage
497 1736 89 52 le
542 1736 134 52 mardi
631 1736 74 52 5
661 1736 163 52 octobre
779 1736 89 52 de
824 1736 89 52 18
868 1736 74 52 à
898 1736 89 52 22
928 1736 59 52 h.

345 1775 115 65 Tous
417 1775 101 65 les
474 1775 130 65 jours
561 1775 115 65 sauf
633 1775 86 65 le
676 1775 173 65 dimanche
805 1775 86 65 et
848 1775 86 65 le
877 1775 101 65 lundi

490 1817 93 55 de
537 1817 93 55 15
584 1817 78 55 n
615 1817 93 55 30
661 1817 78 55 à
692 1817 93 55 19
739 1817 78 55 n
754 1817 78 55 30.

478 1895 135 69 UN
568 1895 90 69 AN
598 1895 254 69 D’EXISTENCE

216 1961 98 72 Les
272 1961 112 72 sept
342 1961 140 72 jeunes
440 1961 182 72 peintres,
580 1961 196 72 Boltanski,
733 1961 210 72 Bonneville,
901 1961 154 72 Indali,
1013 1961 84 72 Le
1041 1961 84 72 Gac,

215 2020 182 45 Mollien,
351 2020 136 45 Ramon
442 2020 91 45 et
487 2020 166 45 Romero,
608 2020 106 45 qui
669 2020 227 45 participent
851 2020 76 45 à
881 2020 136 45 cette
957 2020 166 45 présenta-

215 2043 109 55 tion
283 2043 95 55 ont
338 2043 82 55 eu
379 2043 95 55 une
433 2043 190 55 exposition
582 2043 217 55 particulière
759 2043 68 55 à
786 2043 82 55 la
827 2043 150 55 Galerie
936 2043 82 55 du
963 2043 163 55 Tournesol.

218 2076 83 52 Et
260 2076 124 52 c’est
342 2076 83 52 le
383 2076 124 52 bilan
466 2076 110 52 d’un
535 2076 83 52 an
576 2076 220 52 d’existence,
755 2076 151 52 pendant
865 2076 138 52 lequel
962 2076 110 52 elle
1017 2076 110 52 essaya

215 2108 96 53 de
263 2108 144 53 créer
359 2108 112 53 des
423 2108 192 53 rapports
567 2108 192 53 nouveaux
711 2108 144 53 entre
807 2108 208 53 marchand,
967 2108 160 53 public
1063 2108 64 53 et

218 2151 179 57 artistes,
356 2151 97 57 que
411 2151 110 57 nous
480 2151 165 57 présente
604 2151 124 57 cette
673 2151 138 57 galerie.

1045 2194 87 48 159
