1086 2331
125 14 605 99 MANIFESTATIONS
615 14 375 99 ANNEXES

469 1203 213 62 GALERIE
621 1203 198 62 LAMBERT

261 1248 100 59 14,
318 1248 100 59 rue
375 1248 314 59 St-Louis-en-l'Ile,
646 1248 128 59 Paris
731 1248 114 59 (4e)
802 1248 71 59 —
831 1248 114 59 DAN.
888 1248 114 59 51

272 1285 213 56 Exposition
439 1285 91 56 du
485 1285 91 56 30
530 1285 198 56 septembre
683 1285 91 56 au
728 1285 91 56 30
774 1285 167 56 octobre
880 1285 107 56 1965.

283 1330 205 53 Vernissage
445 1330 88 53 le
489 1330 132 53 jeudi
577 1330 88 53 30
621 1330 191 53 septembre
768 1330 88 53 de
812 1330 88 53 17
856 1330 73 53 à
885 1330 88 53 20
914 1330 59 53 h.

317 1369 114 60 Tous
388 1369 100 60 les
445 1369 129 60 jours
531 1369 114 60 sauf
603 1369 86 60 le
646 1369 172 60 dimanche
774 1369 86 60 et
817 1369 86 60 le
846 1369 100 60 lundi

307 1412 90 61 de
352 1412 90 61 10
397 1412 75 61 h
427 1412 90 61 30
472 1412 75 61 à
502 1412 90 61 12
547 1412 75 61 h
577 1412 90 61 et
622 1412 90 61 de
667 1412 90 61 14
712 1412 75 61 n
742 1412 90 61 30
787 1412 75 61 à
817 1412 90 61 18
862 1412 75 61 n
877 1412 75 61 30.

325 1462 394 59 JEUNESJPEINTRES
657 1462 124 59 DE
719 1462 166 59 CINO
802 1462 124 59 PAVS

359 1510 186 55 Hongrie,
498 1510 186 55 Pologne.
622 1510 279 55 Tchécoslovaquie,

459 1547 83 48 U.
501 1547 83 48 R.
542 1547 125 48 S.S.,
611 1547 194 48 Yougoslavie.

169 1594 84 64 La
211 1594 154 64 Galerie
323 1594 154 64 Lambert
435 1594 70 64 a
463 1594 112 64 fait
533 1594 196 64 connaître,
688 1594 140 64 depuis
786 1594 126 64 1959,
870 1594 98 64 une
912 1594 140 64 cinquan-

166 1627 129 65 taine
252 1627 86 65 de
294 1627 143 65 jeunes
395 1627 172 65 peintres
523 1627 215 65 originaires
695 1627 114 65 pour
767 1627 86 65 la
810 1627 157 65 plupart
910 1627 143 65 d’Europe

166 1669 200 51 Orientale,
323 1669 200 51 d’Espagne,
480 1669 157 51 d’Asie,
595 1669 186 51 d’Afrique
738 1669 86 51 et
780 1669 200 51 d’Amérique
923 1669 129 51 Latine.

166 1693 83 61 Le
208 1693 97 61 but
263 1693 152 61 qu’elle
373 1693 83 61 se
415 1693 152 61 propose
525 1693 97 61 est
580 1693 83 61 de
622 1693 152 61 montrer
732 1693 83 61 au
774 1693 138 61 public
870 1693 166 61 parisien
981 1693 69 61 les

162 1732 196 60 tendances
313 1732 196 60 actuelles
463 1732 90 60 de
509 1732 90 60 la
554 1732 181 60 peinture
689 1732 166 60 moderne
810 1732 136 60 créée
900 1732 90 60 en
930 1732 121 60 dehors

163 1766 106 56 des
224 1766 167 56 centres
345 1766 182 56 d’Europe
466 1766 213 56 Occidentale.

163 1799 271 54 L’hebdomadaire
389 1799 181 54 polonais
524 1799 90 54 :*
569 1799 181 54 Tygodnik
705 1799 211 54 Powszechny
855 1799 196 54 définissait

162 1837 127 57 ainsi
246 1837 127 57 notre
331 1837 169 57 galerie:
458 1837 113 57 elle
528 1837 99 57 est
584 1837 127 57 jeune
669 1837 127 57 d’une
753 1837 141 57 double
852 1837 169 57 manière:
965 1837 84 57 d’a-

163 1866 101 56 bord
227 1866 76 56 en
265 1866 127 56 raison
353 1866 76 56 de
391 1866 114 56 l’âge
467 1866 76 56 de
505 1866 89 56 ses
556 1866 152 56 artistes
669 1866 76 56 et
707 1866 139 56 ensuite
809 1866 89 56 par
859 1866 76 56 le
897 1866 114 56 genre
960 1866 89 56 d’art

158 1903 184 45 qu’elle
275 1903 167 45 seconde.

160 1938 73 63 «
190 1938 87 63 La
233 1938 160 63 Galerie
350 1938 160 63 Lambert
466 1938 131 63 prend
554 1938 87 63 le
597 1938 146 63 risque
699 1938 87 63 de
743 1938 131 63 juger
831 1938 204 63 uniquement
976 1938 73 63 sur

172 1966 93 62 les
225 1966 172 62 promesses
357 1966 186 62 plastiques
503 1966 93 62 et,
556 1966 80 62 en
596 1966 119 62 cela,
676 1966 106 62 elle
742 1966 119 62 tient
822 1966 212 62 parfaitement
981 1966 66 62 son

156 2010 127 65 rôle
236 2010 95 65 de
283 2010 191 65 marchand
427 2010 111 65 qui
490 2010 111 65 est
554 2010 207 65 d’imposer
713 2010 95 65 et
761 2010 111 65 non
824 2010 95 65 de
856 2010 191 65 constater.

144 2037 186 47 (Combat.)

160 2069 99 58 Les
216 2069 113 58 cinq
287 2069 141 58 jeunes
386 2069 169 58 peintres
513 2069 198 58 rassemblés
668 2069 113 58 dans
739 2069 127 58 cette
823 2069 198 58 exposition
964 2069 85 58 sont

157 2101 111 67 tous
227 2101 70 67 à
254 2101 83 67 la
296 2101 139 67 pointe
393 2101 97 67 des
449 2101 195 67 recherches
602 2101 195 67 plastiques
755 2101 83 67 de
797 2101 111 67 leur
866 2101 111 67 pays
936 2101 83 67 et
964 2101 83 67 nous

156 2143 151 50 sommes
261 2143 166 50 heureux
382 2143 90 50 de
427 2143 106 50 les
488 2143 196 50 présenter
638 2143 75 50 à
653 2143 121 50 Paris.

139 2190 87 41 196
