1086 2331
113 36 605 79 MANIFESTATIONS
603 36 375 79 ANNEXES

523 221 162 47 GALERIE
639 221 81 47 9

255 251 89 68 9,
300 251 104 68 rue
359 251 104 68 des
419 251 223 68 Beaux-Arts,
597 251 134 68 Paris
686 251 119 68 (6e)
761 251 74 68 —
791 251 119 68 ODE.
850 251 119 68 00

355 297 215 72 Exposition
523 297 92 72 du
569 297 107 72 1er
631 297 92 72 au
677 297 92 72 31
723 297 169 72 octobre
830 297 92 72 1965

265 330 207 88 Vernissage
428 330 89 88 le
472 330 177 88 mercredi
605 330 89 88 29
649 330 192 88 septembre
796 330 89 88 de
841 330 89 88 17
885 330 74 88 à
914 330 89 88 20
944 330 59 88 h.

230 373 116 83 Tous
303 373 102 83 les
361 373 131 83 jours
449 373 116 83 sauf
521 373 87 83 le
565 373 131 83 lundi
652 373 131 83 matin
739 373 87 83 de
783 373 87 83 10
826 373 73 83 h
856 373 87 83 30
899 373 73 83 à
928 373 102 83 12n
972 373 58 83 30

489 420 89 56 et
534 420 89 56 de
578 420 89 56 14
623 420 89 56 h.
667 420 89 56 30
711 420 74 56 à
741 420 89 56 19
771 420 59 56 h.

344 474 179 65 NEUF
474 474 195 65 PEINTRES
621 474 98 65 DE
669 474 98 65 LA
702 474 228 65 BIENNALE

225 521 196 66 Avny-
371 521 196 66 Darnaud-
518 521 196 66 Gasquet-
665 521 212 66 Guichard-
811 521 212 66 Hamonet

343 554 201 71 Iscan-
481 554 448 71 Risos

173 601 176 86 Pourquoi
305 601 147 86 réunir
408 601 103 86 ces
467 601 73 86 9
496 601 176 86 peintres
628 601 88 86 de
672 601 132 86 moins
760 601 88 86 de
804 601 88 86 35
848 601 103 86 ans
906 601 117 86 dont
980 601 88 86 on
1009 601 44 86 a

170 646 118 44 déjà
244 646 177 44 remarqué
377 646 104 44 les
422 646 177 44 affinités?

171 675 182 69 Peinture
307 675 136 69 riche
398 675 91 69 en
443 675 167 69 matière
565 675 91 69 ou
610 675 121 69 non,
686 675 182 69 écriture
822 675 136 69 large
913 675 91 69 ou
943 675 106 69 serée

166 717 226 66 qu’importe.
346 717 135 66 Seule
437 717 90 66 la
482 717 120 66 même
557 717 195 66 nécessité
707 717 120 66 dans
782 717 180 66 laquelle
918 717 105 66 ils
963 717 90 66 sont

169 744 224 74 d’appréhender
354 744 79 74 la
393 744 132 74 nature
486 744 106 74 dans
552 744 79 74 un
591 744 132 74 esprit
683 744 79 74 de
723 744 158 74 liberté,
842 744 106 74 sans
895 744 158 74 contrainte

166 777 196 60 figurative
320 777 84 60 ou
362 777 140 60 autre,
460 777 98 60 est
516 777 112 60 leur
585 777 126 60 signe
669 777 84 60 de
697 777 168 60 ralliement

168 811 84 70 Ce
210 811 140 70 groupe
308 811 98 70 est
365 811 84 70 le
407 811 140 70 reflet
505 811 112 70 d’un
575 811 140 70 esprit
674 811 98 70 que
730 811 112 70 l’on
800 811 183 70 rencontre
927 811 126 70 souvent

164 846 111 66 chez
233 846 97 66 les
289 846 166 66 artistes
413 846 83 66 de
455 846 125 66 cette
538 846 208 66 génération:
704 846 83 66 un
745 846 138 66 besoin
842 846 208 66 authentique
995 846 55 66 de

159 879 156 67 vérité
269 879 125 67 dans
347 879 94 67 un
394 879 156 67 combat
503 879 219 67 absolument
675 879 188 67 présent,
816 879 125 67 sans
894 879 125 67 pour
956 879 94 67 cela

159 912 162 65 vouloir
277 912 89 65 ou
322 912 89 65 le
366 912 177 65 scandale
499 912 89 65 ou
543 912 89 65 la
572 912 207 65 provocation.

323 1519 238 73 GALERIE
510 1519 204 73 PEINTRES
664 1519 102 73 DU
698 1519 187 73 MONDE

283 1545 104 70 43,
343 1545 104 70 rue
402 1545 193 70 Vivienne,
550 1545 134 70 Paris
639 1545 119 70 (2e)
713 1545 74 70 —
743 1545 119 70 CEN.
802 1545 119 70 74

310 1596 214 59 Exposition
478 1596 92 59 du
524 1596 107 59 1er
585 1596 92 59 au
630 1596 92 59 26
676 1596 168 59 octobre
783 1596 107 59 1965.

198 1639 204 62 Vernissage
359 1639 88 62 le
403 1639 175 62 vendredi
534 1639 102 62 1er
593 1639 161 62 octobre
710 1639 88 62 de
753 1639 88 62 17
797 1639 73 62 h
826 1639 88 62 30
870 1639 73 62 à
899 1639 88 62 20
929 1639 58 62 h.

237 1683 115 57 Tous
309 1683 101 57 les
366 1683 129 57 jours
452 1683 115 57 sauf
524 1683 86 57 le
568 1683 173 57 dimanche
697 1683 86 57 et
740 1683 86 57 le
783 1683 129 57 lundi
855 1683 101 57 matin

296 1721 90 66 de
341 1721 90 66 10
386 1721 75 66 h
416 1721 75 66 à
446 1721 90 66 13
491 1721 75 66 h
521 1721 90 66 30
566 1721 90 66 et
611 1721 90 66 de
656 1721 90 66 14
701 1721 75 66 h
731 1721 90 66 30
776 1721 75 66 à
806 1721 90 66 17
836 1721 60 66 h.

307 1779 178 53 HUIT
436 1779 194 53 PEINTRES
582 1779 97 53 DE
631 1779 97 53 LA
663 1779 227 53 BIENNALE

294 1813 228 56 CHOISIS
473 1813 114 56 PAR
538 1813 98 56 LA
587 1813 147 56 JEUNE
669 1813 228 56 CRITIQUE

154 1849 376 76 Breyten-Buraglio-
484 1849 314 76 Cheval-Bertrand-
735 1849 282 76 Darotchetche

306 1889 211 55 Ivakovic
475 1889 70 55 -
503 1889 155 55 Lacoste
615 1889 70 55 -
643 1889 141 55 Rouan-
727 1889 155 55 Skira

136 1929 107 70 Huit
202 1929 160 70 peintres
323 1929 94 70 ont
376 1929 94 70 été
430 1929 147 70 choisis
537 1929 94 70 par
590 1929 80 70 la
630 1929 120 70 jeune
710 1929 160 70 critique
831 1929 107 70 pour
884 1929 147 70 affronter

145 1973 161 62 gspace
257 1973 225 62 monumental
434 1973 113 62 que
499 1973 209 62 constitue
659 1973 96 62 le
708 1973 129 62 hall
788 1973 96 62 du
836 1973 145 62 Musée
916 1973 113 62 d’Art

134 2025 179 51 ivivuerne
272 2025 83 51 de
314 2025 83 51 la
355 2025 124 51 Ville
438 2025 83 51 de
479 2025 138 51 Paris.
576 2025 69 51 A
603 2025 193 51 l’occasion
755 2025 83 51 de
796 2025 124 51 cette
865 2025 166 51 importante

133 2046 249 63 manifestation
338 2046 88 63 de
382 2046 88 63 la
426 2046 103 63 IVe
485 2046 190 63 Biennale,
631 2046 88 63 et
675 2046 117 63 pour
749 2046 190 63 permettre
895 2046 103 63 une
939 2046 88 63 con-

133 2077 177 64 naissance
269 2077 109 64 plus
337 2077 204 64 approfondie
500 2077 82 64 de
541 2077 149 64 l’œuvre
650 2077 82 64 de
690 2077 95 64 ces
745 2077 177 64 artistes,
881 2077 82 64 la
908 2077 122 64 Galerie

151 2108 159 67 eintres
266 2108 87 67 du
309 2108 130 67 Monde
396 2108 173 67 présente
525 2108 87 67 un
569 2108 173 67 ensemble
698 2108 87 67 de
742 2108 144 67 toiles
828 2108 202 67 significatif

149 2145 85 67 de
191 2145 85 67 la
234 2145 227 67 personnalité
419 2145 85 67 et
461 2145 99 67 des
518 2145 199 67 recherches
674 2145 85 67 de
717 2145 142 67 chacun
816 2145 156 67 d’entre
916 2145 85 67 eux.

111 2190 87 53 198
