1086 2373
212 413 278 48 Commissaire
435 413 222 48 général:
601 413 204 48 Edouard
731 413 148 48 Probst

216 465 206 53 Conseiller
378 465 88 53 du
422 465 236 53 Gouvernement
614 465 88 53 au
658 465 191 53 Ministère
805 465 103 53 des
864 465 118 53 Arts
923 465 59 53 et

160 602 119 59 Les
228 602 137 59 deux
314 602 205 59 artistes
467 602 119 59 qui
535 602 273 59 représentent
757 602 102 59 le
791 602 188 59 Luxemboug

113 649 173 41 cette
228 649 173 41 année
344 649 173 41 n’ont
460 649 193 41 qu’une
595 649 173 41 chose
710 649 116 41 en
768 649 212 41 commun:
903 649 77 41 is

115 682 238 49 continuent
302 682 85 49 à
336 682 170 49 croire
455 682 119 49 aux
523 682 170 49 vertus
641 682 102 49 de
692 682 102 49 la
743 682 221 49 peinture.
896 682 85 49 Sil

114 723 174 47 s’agit
235 723 104 47 là
287 723 156 47 d’une
392 723 208 47 position
548 723 122 47 qui
617 723 156 47 n’est
721 723 122 47 pas
791 723 191 47 adoptée
913 723 69 47 pa

115 759 131 48 tous
196 759 114 48 les
262 759 163 48 jeunes
376 759 294 48 d’aujourd’hui,
621 759 98 48 on
670 759 131 48 peut
751 759 180 48 estimer
866 759 114 48 qu’au

114 792 131 48 fond
195 792 131 48 elle
277 792 115 48 est
343 792 147 48 moins
441 792 180 48 démodée
572 792 115 48 que
637 792 196 48 certains
785 792 98 48 se
817 792 164 48 plaisent

113 833 83 48 à
147 833 100 48 le
197 833 233 48 prétendre.
380 833 167 48 Croire
497 833 83 48 à
530 833 100 48 la
580 833 217 48 peinture,
747 833 133 48 pour
830 833 117 48 nos
880 833 100 48 deux

112 876 205 43 artistes,
270 876 142 43 c’est
365 876 158 43 croire
476 876 79 43 à
507 876 95 43 la
555 876 205 43 nécessité
712 876 111 43 non
776 876 205 43 seulement
918 876 63 43 de

112 908 136 39 dire
197 908 187 39 quelque
333 908 170 39 chose,
452 908 136 39 mais
537 908 102 39 de
588 908 102 39 le
639 908 136 39 dire
724 908 102 39 en
775 908 102 39 se
809 908 170 39 préoccu-

113 954 138 47 pant
199 954 104 47 de
251 954 104 47 ce
303 954 138 47 qui,
389 954 86 47 à
424 954 190 47 l’heure
562 954 225 47 actuelle,
735 954 121 47 est
804 954 104 47 si
855 954 190 47 souvent
994 954 121 47 dé¬

113 987 145 43 crié:
209 987 113 43 les
274 987 177 43 valeurs
402 987 257 43 esthétiques.
611 987 113 43 Par
676 987 209 43 ailleurs,
836 987 161 43 chacun
933 987 48 43 a

111 1023 112 50 un
167 1023 169 50 autre
280 1023 300 50 tempérament,
524 1023 131 50 une
599 1023 169 50 autre
711 1023 206 50 manière
861 1023 112 50 et
917 1023 206 50 jusqu’à

78 1063 353 41 une
279 1063 454 41 autre
582 1063 606 41 matière.

155 1103 109 54 Lou
218 1103 171 54 Kreintz
342 1103 233 54 affectionne
529 1103 93 54 le
576 1103 171 54 pastel.
700 1103 109 54 Non
762 1103 140 54 parce
840 1103 140 54 qu’elle

111 1147 200 47 voudrait
261 1147 184 47 séduire
395 1147 117 47 par
462 1147 100 47 la
512 1147 184 47 douceur
645 1147 100 47 et
695 1147 100 47 le
745 1147 200 47 fragile,
879 1147 100 47 mais

113 1186 147 42 parce
211 1186 147 42 qu’il
309 1186 114 42 lui
374 1186 180 42 importe
505 1186 98 42 de
554 1186 163 42 donner
668 1186 82 42 à
700 1186 114 42 ses
766 1186 180 42 teintes
880 1186 98 42 sou-

111 1220 164 49 tenues
225 1220 98 49 ce
275 1220 180 49 velouté
406 1220 115 49 qui
471 1220 197 49 augmente
619 1220 82 49 à
652 1220 98 49 la
701 1220 131 49 fois
783 1220 131 49 leur
849 1220 131 49 charme

113 1261 98 44 et
162 1261 131 44 leur
243 1261 245 44 profondeur.
439 1261 98 44 Il
488 1261 82 44 y
521 1261 82 44 a
554 1261 180 44 quelque
684 1261 147 44 chose
782 1261 98 44 de
815 1261 163 44 solennel

109 1300 142 47 dans
198 1300 124 47 son
269 1300 142 47 art,
357 1300 195 47 quelque
499 1300 159 47 chose
605 1300 106 47 de
658 1300 248 47 chaleureux
835 1300 142 47 aussi,

108 1335 214 42 d’ardent
269 1335 107 42 et
322 1335 107 42 en
376 1335 143 42 même
465 1335 161 42 temps
572 1335 107 42 de
608 1335 161 42 secret.

155 1378 122 52 Marc
231 1378 198 52 Reckinger
383 1378 107 52 est
444 1378 183 52 partisan
581 1378 91 52 de
627 1378 91 52 la
672 1378 183 52 peinture
810 1378 76 52 à
825 1378 152 52 l’huile.

112 1421 117 47 Des
179 1421 166 47 aplats
295 1421 183 47 souvent
429 1421 166 47 larges
545 1421 100 47 se
595 1421 216 47 partagent
762 1421 117 47 ses
812 1421 166 47 tableaux

112 1464 91 37 et
157 1464 122 37 s’il
234 1464 107 37 est
294 1464 167 37 évident
416 1464 107 37 que
477 1464 122 37 tous
553 1464 107 37 ces
614 1464 137 37 bruns
705 1464 91 37 et
751 1464 107 37 ces
812 1464 137 37 noirs
888 1464 91 37 sont

113 1507 170 37 choisis
236 1507 93 37 en
283 1507 108 37 vue
345 1507 93 37 de
391 1507 186 37 traduire
530 1507 93 37 de
577 1507 93 37 la
623 1507 232 37 mélancolie,
809 1507 93 37 de
855 1507 93 37 la
886 1507 93 37 nos-

111 1540 170 40 talgie,
234 1540 93 40 de
281 1540 263 40 l’abattement,
498 1540 93 40 il
544 1540 108 40 est
606 1540 108 40 non
668 1540 139 40 moins
761 1540 139 40 clair
854 1540 108 40 que
901 1540 77 40 les

114 1576 185 41 couleurs
252 1576 108 41 ont
314 1576 108 41 une
376 1576 154 41 valeur
484 1576 170 41 propre,
608 1576 108 41 que
669 1576 93 41 le
716 1576 123 41 soin
793 1576 123 41 avec
855 1576 123 41 lequel

111 1613 145 45 elles
207 1613 128 45 sont
288 1613 177 45 étalées
416 1613 96 45 et
464 1613 257 45 harmonisées,
673 1613 161 45 trahit
785 1613 112 45 une
833 1613 145 45 recher-

110 1656 113 37 che
174 1656 241 37 d’équilibre
367 1656 145 37 ainsi
464 1656 113 37 que
528 1656 97 37 le
577 1656 145 37 souci
673 1656 97 37 de
721 1656 145 37 faire
818 1656 97 37 de
850 1656 129 37 l’œuve

111 1686 116 47 une
178 1686 182 47 réalité
310 1686 199 47 purement
443 1686 199 47 picturale.

727 1722 172 63 Edouard
837 1722 140 63 Probst.

405 1863 229 74 PEINTURE
576 1863 114 74 ET
615 1863 152 74 DESSIN

164 1929 265 48 Marie-Lou
380 1929 249 48 KREINTZ
579 1929 116 48 née
645 1929 100 48 en
695 1929 133 48 1934
778 1929 83 48 à
795 1929 182 48 Luxembour

131 1998 159 46 1
250 1998 198 46 Composition
408 1998 79 46 I,
448 1998 106 46 1964
514 1998 159 46 (pastel,
633 1998 79 46 49
673 1998 66 46 x
686 1998 79 46 63).

133 2034 155 47 2
249 2034 194 47 Composition
404 2034 90 47 II,
456 2034 103 47 1964
521 2034 155 47 (pastel,
637 2034 78 47 49
676 2034 65 47 x
689 2034 78 47 63).

132 2068 152 46 3
246 2068 190 46 Composition
398 2068 101 46 III,
462 2068 101 46 1964
525 2068 152 46 (pastel,
639 2068 76 46 49
677 2068 63 46 x
690 2068 76 46 63).

167 2116 162 41 Marc
285 2116 265 41 RECKINGER
506 2116 88 41 né
550 2116 88 41 en
594 2116 118 41 1940
668 2116 74 41 à
697 2116 206 41 Ettelbruck
845 2116 133 41 (Luxen

131 2181 169 61 4
258 2181 141 61 T64-22
357 2181 155 61 Hommage
470 2181 71 61 à
498 2181 99 61 mon
554 2181 127 61 Père,
639 2181 113 61 1964
710 2181 155 61 (huile,
823 2181 85 61 90
865 2181 71 61 x
879 2181 99 61 110).

132 2220 149 57 5
244 2220 100 57 Jour
306 2220 124 57 d’Eté,
393 2220 100 57 1965
455 2220 137 57 (huile,
555 2220 87 57 110
604 2220 62 57 x
617 2220 87 57 72).»
