1086 2373
153 69 296 74 FILMS
375 69 172 74 SUR
449 69 271 74 L'ART

221 415 95 70 Les
276 415 123 70 films
358 415 95 70 sur
412 415 123 70 l’Art
494 415 136 70 seront
589 415 164 70 projetés
712 415 109 70 tous
780 415 95 70 les
835 415 123 70 jours
916 415 82 70 de
957 415 82 70 16
998 415 68 70 à
1012 415 68 70 184

216 461 116 45 dans
289 461 87 45 le
333 461 131 45 cadre
420 461 87 45 du
463 461 160 45 Théâtre
580 461 160 45 d’Essai
696 461 87 45 de
739 461 87 45 la
768 461 160 45 Biennale.

219 484 115 66 Pour
290 484 86 66 le
333 484 187 66 programme
477 484 172 66 détaillé
606 484 86 66 de
649 484 144 66 chaque
750 484 158 66 séance,
865 484 86 66 se
908 484 172 66 reporter
1023 484 57 66 au

219 518 183 76 Calendrier
363 518 78 76 de
402 518 78 76 la
441 518 157 76 Biennale
559 518 78 76 et
598 518 78 76 au
637 518 144 76 tableau
742 518 196 76 d’affichage
899 518 65 76 à
925 518 157 76 l’entrée
1030 518 52 76 du

213 551 163 59 Théâtre
317 551 148 59 d’Essai.

133 820 315 60 REPUBLIQUE
393 820 222 60 FEDERALE
541 820 315 60 D’ALLEMAGNE

209 902 177 64 Peter
342 902 236 64 SCHAMONI
534 902 88 64 né
578 902 88 64 en
622 902 118 64 1934
696 902 74 64 à
725 902 147 64 Berlin
814 902 206 64 (Allemagne).

205 941 144 62 Voyage
305 941 86 62 de
348 941 216 62 découvertes
521 941 115 62 sans
593 941 158 62 savoir,
707 941 129 62 1963.
794 941 244 62 Internationes
995 941 86 62 e.
1024 941 57 62 V.

186 974 130 45 Bonn.

121 1098 218 57 AUTRICHE

206 1186 171 52 Ferry
334 1186 199 52 RADAX
490 1186 85 52 né
533 1186 85 52 en
576 1186 114 52 1932
647 1186 71 52 à
676 1186 142 52 Vienne
761 1186 185 52 (Autriche).

203 1223 90 54 En
248 1223 151 54 marge,
354 1223 121 54 1963
429 1223 166 54 (noir).
549 1223 151 54 Victor
655 1223 90 54 N.
700 1223 151 54 Cohen,
790 1223 136 54 Zurich.

203 1255 275 60 Hundertwasser,
432 1255 122 60 1965
508 1255 137 60 (noir
599 1255 92 60 et
630 1255 183 60 couleurs).

125 1338 147 57 BRESIL

199 1421 182 70 Paulo
336 1421 106 70 Gil
396 1421 91 70 de
442 1421 167 70 ANDRADE
563 1421 228 70 SOARES
746 1421 91 70 né
791 1421 91 70 en
837 1421 122 70 1935
913 1421 76 70 à
928 1421 152 70 Salvador

188 1464 156 44 (Brésil).

197 1499 184 57 Histoire
335 1499 92 57 du
381 1499 184 57 Cangaço,
519 1499 123 57 1965
581 1499 138 57 (noir).

110 1619 198 61 CANADA

194 1716 199 55 Marcel
346 1716 244 55 CARRIERE
545 1716 92 55 né
591 1716 92 55 en
637 1716 122 55 1934
713 1716 76 55 à
743 1716 153 55 Québec
835 1716 168 55 (Canada).

190 1747 221 60 Villeneuve,
367 1747 295 60 peintre-barbier,
618 1747 74 60 1
648 1747 118 60 964.
722 1747 148 60 Office
825 1747 177 60 national
958 1747 89 60 du
987 1747 89 60 Filn

170 1783 161 42 Canada.

188 1831 209 55 Jacques
352 1831 239 55 GODBOUT
546 1831 89 55 né
591 1831 89 55 en
635 1831 119 55 1933
710 1831 75 55 à
740 1831 179 55 Montréal
859 1831 164 55 (Canada).

191 1876 94 54 Le
238 1876 140 54 monde
332 1876 94 54 va
379 1876 125 54 nous
457 1876 172 54 prendre
582 1876 125 54 pour
660 1876 109 54 des
722 1876 203 54 sauvages,
878 1876 140 54 1963.
956 1876 125 54 Office

191 1905 185 59 National
330 1905 93 59 du
376 1905 139 59 Film,
453 1905 139 59 Canada.

110 2017 201 57 ESPAGNE

184 2103 236 66 Antonio
370 2103 186 66 MERCERO
505 2103 270 66 JULDAIN
724 2103 101 66 né
775 2103 101 66 en
826 2103 135 66 1936
910 2103 84 66 à
927 2103 152 66 Lasarte

174 2144 198 46 (Espagne).

185 2179 144 63 Trotin
285 2179 187 63 troteras,
429 2179 129 63 1962.
515 2179 129 63 Ecole
602 2179 201 63 Officielle
760 2179 86 63 de
803 2179 158 63 cinéma,
904 2179 129 63 Madrid.

172 2236 88 53 174
