1013 2373
114 437 231 67 Commissaire
298 437 185 67 général:
437 437 200 67 Kaarlo
575 437 185 67 Koroma

116 480 194 69 Secrétaire
269 480 153 69 général
380 480 83 69 de
421 480 83 69 la
463 480 153 69 Société
574 480 97 69 des
630 480 167 69 Artistes
741 480 180 69 Finlandais.

67 636 93 62 Il
114 636 78 62 y
145 636 78 62 a
176 636 109 62 une
239 636 187 62 certaine
379 636 171 62 réserve
504 636 218 62 réfléchie,
659 636 265 62 caractéristique

28 672 125 62 des
100 672 179 62 jeunes
225 672 215 62 artistes
386 672 251 62 finlandais
584 672 143 62 qui,
673 672 143 62 même
763 672 143 62 sous
834 672 90 62 une

29 706 155 69 forme
132 706 172 69 libre,
253 706 224 69 cherchent
425 706 103 69 un
477 706 259 69 raffinement
684 706 172 69 achevé
787 706 138 69 plutôt

28 745 175 66 qu’une
151 745 263 66 spontanéité
362 745 263 66 étincelante
572 745 105 66 et
625 745 281 66 complètement
835 745 88 66 ou-

30 779 159 70 verte.
142 779 96 70 Ce
190 779 144 70 trait
285 779 96 70 se
333 779 223 70 rapportant
508 779 80 70 à
540 779 96 70 la
588 779 144 70 forme
684 779 112 70 est
748 779 96 70 en
779 779 144 70 général

28 826 312 54 contrebalancé
284 826 128 54 par
358 826 110 54 le
413 826 202 54 contact
559 826 128 54 vif
633 826 110 54 et
688 826 220 54 sensible
834 826 92 54 des

31 860 199 57 artistes
181 860 133 57 avec
264 860 100 57 la
313 860 182 57 nature,
446 860 100 57 le
496 860 199 57 paysage,
645 860 100 57 la
695 860 182 57 lumière
827 860 100 57 et
861 860 66 57 le

31 900 241 60 changement
220 900 172 60 brutal
341 900 121 60 des
410 900 189 60 saisons
547 900 121 60 qui
616 900 155 60 donne
719 900 86 60 à
737 900 189 60 l’expres-

32 949 130 47 sion
113 949 195 47 visuelle
259 949 98 47 la
308 949 244 47 profondeur,
503 949 179 47 parfois
633 949 98 47 la
682 949 179 47 tension
796 949 130 47 drama-

28 967 159 62 tique
134 967 106 62 et
188 967 195 62 souvent
329 967 106 62 un
382 967 177 62 aspect
506 967 195 62 lyrique
648 967 106 62 et
683 967 248 62 contemplatif

70 1071 369 45 L’expressionnisme
387 1071 193 45 puisant
527 1071 123 45 ses
597 1071 246 45 impulsions
791 1071 141 45 dans
861 1071 70 45 la

34 1102 164 52 nature
148 1102 82 52 a
181 1102 114 52 des
246 1102 229 52 traditions
426 1102 180 52 solides
557 1102 98 52 en
606 1102 213 52 Finlande,
769 1102 131 52 mais
835 1102 98 52 dans

35 1141 95 55 la
83 1141 189 55 peinture
225 1141 284 55 d’après-guerre
461 1141 253 55 l’aspiration
667 1141 79 55 à
698 1141 95 55 la
746 1141 142 55 forme
825 1141 111 55 dense

34 1182 93 48 et
81 1182 202 48 classique
236 1182 78 48 a
267 1182 109 48 été
329 1182 124 48 plus
407 1182 140 48 forte
500 1182 93 48 et
546 1182 109 48 des
608 1182 140 48 liens
701 1182 93 48 se
748 1182 124 48 sont
810 1182 124 48 créés.

35 1220 168 54 surtout
157 1220 122 54 avec
233 1220 107 54 les
294 1220 183 54 courants
431 1220 91 54 de
477 1220 137 54 l’art
568 1220 183 54 abstrait
690 1220 244 54 international.

73 1266 98 53 On
122 1266 130 53 peut
203 1266 130 53 voir
284 1266 114 53 une
350 1266 195 53 réaction
496 1266 163 53 contre
610 1266 147 53 cette
692 1266 244 53 structuration

35 1309 217 48 accentuée
202 1309 133 48 dans
286 1309 100 48 la
336 1309 150 48 forme
436 1309 167 48 libre,
552 1309 234 48 approchant
736 1309 100 48 de
769 1309 167 48 l’infor-

36 1343 212 50 malisme,
196 1343 212 50 pratiqué
355 1343 124 50 par
426 1343 106 50 la
479 1343 159 50 jeune
585 1343 266 50 génération.
797 1343 142 50 Ceci
868 1343 71 50 se

36 1381 170 47 révèle
155 1381 136 47 dans
240 1381 153 47 l’art
343 1381 222 47 graphique
513 1381 102 47 en
564 1381 136 47 noir
649 1381 102 47 et
700 1381 153 47 blanc
803 1381 102 47 de
837 1381 102 47 Simo

38 1419 184 47 Hannula
172 1419 117 47 (né
239 1419 100 47 en
289 1419 167 47 1932),
406 1419 217 47 cultivant
573 1419 117 47 les
640 1419 167 47 formes
740 1419 201 47 primitives

37 1455 243 57 mythiques,
228 1455 104 57 et
280 1455 139 57 dont
367 1455 104 57 la
419 1455 191 57 lumière
558 1455 174 57 claire
680 1455 104 57 et
715 1455 226 57 l’obscurité

36 1497 160 45 douce
143 1497 249 45 renferment
356 1497 124 45 une
427 1497 160 45 autre
534 1497 195 45 réalité
676 1497 89 45 *
711 1497 213 45 invitant
853 1497 89 45 aux

36 1538 185 42 voyages
171 1538 134 42 dans
255 1538 101 42 le
305 1538 269 42 fantastique.
523 1538 134 42 Cela
607 1538 101 42 se
658 1538 185 42 reflète
792 1538 134 42 dans
859 1538 84 42 les

37 1570 246 53 peintures
226 1570 170 53 d’une
340 1570 189 53 pudeur
472 1570 227 53 discrète
642 1570 113 53 et
680 1570 265 53 délicatement

36 1610 241 44 composées
222 1610 111 44 de
278 1610 167 44 Kimmo
389 1610 223 44 Kaivanto
556 1610 130 44 (né
630 1610 111 44 en
685 1610 167 44 1932)
797 1610 148 44 dont
871 1610 74 44 le

39 1650 157 48 point
143 1650 105 48 de
196 1650 175 48 départ
318 1650 175 48 semble
440 1650 140 48 être
527 1650 105 48 la
580 1650 209 48 grandeur
719 1650 227 48 silencieuse

39 1690 101 51 du
90 1690 185 51 paysage
207 1690 185 51 hivernal.

79 1731 102 48 Le
130 1731 221 48 caractère
300 1731 221 48 fortement
470 1731 221 48 plastique
641 1731 119 48 des
709 1731 238 48 sculptures
879 1731 68 48 de

40 1773 160 41 Laila
147 1773 213 41 Pullinen
307 1773 142 41 (née
396 1773 107 41 en
449 1773 160 41 1933)
556 1773 124 41 qui
627 1773 320 41 s’épanouissent
876 1773 71 41 en

42 1813 206 51 brillants
201 1813 159 51 effets
312 1813 95 51 de
359 1813 190 51 couleur,
502 1813 206 51 provient,
661 1813 159 51 malgré
772 1813 111 51 son
819 1813 127 51 carac-

38 1846 146 45 tère
129 1846 273 45 dramatique,
348 1846 164 45 d’une
457 1846 255 45 conception
657 1846 109 45 de
712 1846 164 45 forme
803 1846 146 45 solide

43 1891 92 48 et
73 1891 184 48 classique.

616 1969 167 55 Seppo
709 1969 242 55 Niinivaara.
