1086 2373
171 77 228 60 FRANCE

214 186 166 51 322
330 186 133 51 LIEU
413 186 99 51 DE
446 186 249 51 RENCONTRE

217 256 179 88 Présenté
352 256 120 88 sous
426 256 135 88 forme
516 256 90 88 de
561 256 179 88 maquette
695 256 90 88 et
740 256 90 88 de
785 256 224 88 projections
949 256 105 88 audio

200 301 167 49 visuelles.

214 346 125 70 Conçu
297 346 111 70 pour
367 346 83 70 un
408 346 125 70 large
492 346 153 70 public,
603 346 83 70 ce
645 346 167 70 bâtiment
769 346 69 70 à
797 346 139 70 usages
881 346 180 70 polyvalents

211 382 128 70 serait
301 382 141 70 destiné
404 382 64 70 à
430 382 77 70 la
468 382 231 70 représentation
661 382 77 70 de
699 382 193 70 différentes
841 382 218 70 manifestations:

211 416 205 73 artistiques,
378 416 192 73 théâtrales,
531 416 218 73 folkloriques,
710 416 256 73 chorégraphiques,
915 416 141 73 musicales

211 456 125 63 ainsi
294 456 139 63 qu’aux
391 456 180 63 variétés,
530 456 222 63 projections,
710 456 222 63 conférences,
890 456 139 63 galas,
973 456 83 63 etc.

212 488 83 66 Un
254 488 111 66 hall
323 488 166 66 d’entrée
447 488 83 66 et
489 488 193 66 d’accueil,
641 488 97 66 une
696 488 138 66 grande
792 488 124 66 salle
875 488 83 66 de
903 488 152 66 spectacle

207 518 99 67 des
264 518 156 67 foyers,
377 518 99 67 une
434 518 241 67 bibliothèque,
633 518 99 67 une
690 518 227 67 discothèque,
874 518 99 67 une
931 518 128 67 salle
1002 518 57 67 de

207 554 149 66 réunion
316 554 81 66 et
356 554 81 66 de
397 554 163 66 congrès,
519 554 95 66 des
573 554 135 66 loges,
668 554 81 66 un
709 554 122 66 local
790 554 271 66 d’administration
1007 554 54 66 et

208 593 213 62 conciergerie,
384 593 113 62 etc.,
459 593 63 62 à
484 593 175 62 différents
622 593 138 62 niveaux
722 593 75 62 et
759 593 138 62 faisant
860 593 125 62 partie
935 593 125 62 intégrée

206 622 84 65 de
248 622 98 65 cet
304 622 168 65 ensemble
430 622 98 65 qui
486 622 84 65 ne
528 622 112 65 peut
598 622 126 65 avoir
682 622 84 65 de
724 622 140 65 valeur
822 622 210 65 qu’implanté
976 622 84 65 dans

207 661 84 59 un
249 661 112 59 lieu
319 661 112 59 doté
389 661 84 59 de
431 661 154 59 jardins
542 661 126 59 d’une
626 661 126 59 ville
710 661 84 59 de
752 661 154 59 moyenne
863 661 196 59 importance
1003 661 56 59 au

184 687 139 41 moins.

185 757 250 47 Responsable:

204 817 257 78 Jean-Pierre
418 817 271 78 MALAUSSENA
647 817 86 78 né
690 817 86 78 en
732 817 114 78 1935
804 817 71 78 à
832 817 129 78 Blida
904 817 157 78 (Algére).

187 851 186 47 Sculpteur.

200 903 246 64 Jean-Paul
400 903 200 64 DUMAS
553 903 92 64 né
600 903 92 64 en
646 903 123 64 1940
723 903 77 64 à
753 903 200 64 Marseille
892 903 169 64 (France).

184 938 197 48 Architecte.

199 990 215 56 Claude
365 990 380 56 HENRI-ROUSSEAU
695 990 99 56 né
745 990 99 56 en
795 990 132 56 1937
877 990 83 56 à
894 990 165 56 Fourques

204 1021 193 52 (France).
338 1021 193 52 Architecte.

195 1075 273 58 Jean-Claude
423 1075 91 58 de
468 1075 213 58 LATTRE
635 1075 91 58 né
681 1075 91 58 en
726 1075 121 58 1939
802 1075 76 58 à
832 1075 167 58 Abidjan
939 1075 121 58 (Côte-

197 1109 215 55 d’Ivoire).
366 1109 200 55 Sculpteur
504 1109 262 55 (commentateur).

194 1159 213 57 Thierry
361 1159 304 57 VAUBOURGOIN
619 1159 91 57 né
665 1159 91 57 en
710 1159 122 57 1944
786 1159 76 57 à
817 1159 137 57 Paris
893 1159 167 57 (France).

183 1192 146 49 Peintre.

189 1412 141 65 323
267 1412 219 65 ORATOIRE

191 1506 183 65 Présenté
328 1506 122 65 sous
404 1506 137 65 forme
495 1506 91 65 de
541 1506 183 65 maquette
678 1506 91 65 et
723 1506 91 65 de
769 1506 228 65 projections
936 1506 122 65 audio

175 1546 168 45 visuelles.

192 1590 126 50 Petit
276 1590 168 50 oratoire
402 1590 112 50 pour
472 1590 84 50 un
515 1590 112 50 lieu
585 1590 84 50 de
613 1590 182 50 pèlerinage.

191 1627 182 45 L’esprit:
331 1627 154 45 symbole
442 1627 126 45 d’une
526 1627 210 45 progression
694 1627 210 45 spirituelle
861 1627 196 45 transposée
1001 1627 56 45 en

187 1662 140 62 formes
285 1662 84 62 et
327 1662 168 62 couleurs
453 1662 112 62 dans
523 1662 224 62 l’impression
706 1662 126 62 d’une
790 1662 140 62 pensée
874 1662 182 62 religieuse,

190 1702 128 59 Moyen
275 1702 86 59 de
318 1702 228 59 réalisation:
503 1702 128 59 béton
589 1702 114 59 armé
660 1702 86 59 et
703 1702 143 59 dalles
803 1702 86 59 de
845 1702 128 59 verre
917 1702 143 59 colorées

189 1744 203 39 participent
352 1744 68 39 à
379 1744 257 39 l’architecture.
596 1744 95 39 Les
650 1744 135 39 lignes
745 1744 81 39 de
785 1744 149 39 contact
894 1744 81 39 de
934 1744 95 39 ces
975 1744 81 39 deux

187 1781 177 35 matériaux
324 1781 123 35 étant
405 1781 204 35 d’épaisseur
569 1781 204 35 différente,
732 1781 150 35 parfois
841 1781 218 35 irrégulières
1005 1781 54 35 et

185 1805 232 60 incertaines,
374 1805 160 60 amènent
490 1805 116 60 vers
563 1805 102 60 une
621 1805 160 60 tension
722 1805 189 60 religieuse.

166 1871 249 55 Responsable:

187 1935 191 64 Peter
330 1935 270 64 RAKSANYI
553 1935 95 64 né
600 1935 95 64 en
648 1935 127 64 1935
727 1935 79 64 à
759 1935 191 64 Budapest
886 1935 175 64 (Hongrie)

169 1970 193 46 Architecte.

187 2017 207 70 Claudine
353 2017 193 70 HENRY
504 2017 97 70 née
559 2017 83 70 en
601 2017 110 70 1930
670 2017 69 70 à
697 2017 124 70 Paris
780 2017 179 70 (France).
904 2017 138 70 Peintre.

186 2080 249 47 Pierre-Yves
394 2080 194 47 LEVEL
546 2080 83 47 né
588 2080 83 47 en
629 2080 111 47 1937
699 2080 69 47 à
726 2080 125 47 Paris
810 2080 180 47 (France).
934 2080 125 47 Compos

167 2114 104 43 teur.

184 2161 196 42 Nicole
335 2161 317 42 NAGY-BRIDIER
607 2161 106 42 née
667 2161 91 42 en
713 2161 121 42 1930
788 2161 76 42 à
818 2161 136 42 Paris
894 2161 166 42 (France).

168 2195 182 47 Sculpteur.

172 2253 83 41 152
