1086 2373
398 725 189 55 NOTES

55 817 89 53 La
100 817 179 53 Biennale
234 817 89 53 ne
278 817 89 53 se
323 817 149 53 charge
427 817 104 53 pas
487 817 89 53 de
531 817 149 53 vendre
635 817 104 53 les
695 817 149 53 œuvres
784 817 149 53 exposées

56 853 108 52 Elle
124 853 95 52 est
178 853 176 52 néanmoins
314 853 68 52 à
341 853 81 52 la
381 853 203 52 disposition
544 853 95 52 des
598 853 176 52 visiteurs
733 853 108 52 pour
801 853 108 52 leur
855 853 81 52 don-

55 890 105 50 ner
115 890 120 50 tous
190 890 270 50 renseignements
415 890 105 50 sur
475 890 105 50 les
534 890 180 50 artistes
669 890 195 50 exposants
819 890 90 50 et
849 890 90 50 pour

55 923 145 51 mettre
156 923 101 51 ces
214 923 174 51 artistes
344 923 87 51 en
387 923 159 51 rapport
503 923 116 51 avec
575 923 101 51 les
633 923 188 51 acheteurs
763 923 174 51 éventuels.

58 954 81 52 Le
99 954 217 52 propriétaire
275 954 95 52 des
329 954 135 52 œuvres
424 954 122 52 n’est
505 954 176 52 mentionné
640 954 95 52 que
694 954 149 52 lorsque
789 954 149 52 celles

57 997 265 56 n’appartiennent
280 997 98 56 pas
336 997 70 56 à
350 997 167 56 l’artiste.

60 1125 103 68 Les
119 1125 147 68 œuvres
222 1125 176 68 marquées
354 1125 117 68 sont
427 1125 220 68 reproduites
603 1125 73 68 à
632 1125 88 68 la
676 1125 103 68 fin
735 1125 88 68 du
764 1125 176 68 catalogue.

61 1190 85 53 Le
103 1190 156 53 premier
217 1190 156 53 chiffre
331 1190 99 53 des
388 1190 199 53 dimensions
544 1190 99 53 des
601 1190 142 53 œuvres
700 1190 85 53 se
743 1190 142 53 réfère
843 1190 71 53 à
857 1190 85 53 leur

61 1218 162 59 hauteur;
183 1218 81 59 le
224 1218 149 59 second,
332 1218 68 59 à
359 1218 108 59 leur
427 1218 162 59 largeur;
549 1218 81 59 le
589 1218 189 59 troisième,
738 1218 68 59 à
765 1218 108 59 leur
819 1218 122 59 profon-

60 1270 118 52 deur
134 1270 133 52 (pour
222 1270 103 52 les
267 1270 206 52 sculptures).

65 1307 96 64 Les
120 1307 165 64 gravures
244 1307 96 64 des
298 1307 192 64 différents
449 1307 110 64 pays
518 1307 233 64 participants,
710 1307 123 64 ainsi
792 1307 96 64 que
833 1307 110 64 celles

63 1347 85 56 de
105 1347 85 56 la
148 1347 242 56 participation
347 1347 185 56 française
490 1347 100 56 ont
547 1347 100 56 été
603 1347 171 56 groupées
732 1347 114 56 dans
803 1347 100 56 une
845 1347 100 56 salle

64 1385 147 59 unique
167 1385 191 59 consacrée
314 1385 73 59 à
343 1385 88 59 la
387 1385 161 59 gravure
490 1385 249 59 internationale.
