1013 2373
100 490 255 74 Commissaire
304 490 204 74 général:
456 490 170 74 Lilian
558 490 204 74 Somerville

104 544 181 68 Directeur
243 544 84 68 du
285 544 111 68 Fine
355 544 111 68 Arts
424 544 195 68 Department
578 544 84 68 au
619 544 153 68 British
731 544 153 68 Council
828 544 56 68 de

54 712 112 72 Au
110 712 167 72 cours
222 712 130 72 des
296 712 223 72 quelques
463 712 186 72 années
594 712 130 72 qui
668 712 223 72 viennent
817 712 74 72 de

23 758 243 68 s’écouler,
214 758 156 68 s’est
318 758 226 68 constitué
492 758 191 68 quelque
631 758 156 68 chose
736 758 122 68 que
788 758 104 68 l’on

25 792 200 79 pourrait
175 792 183 79 appeler
309 792 183 79 l’Ecole
442 792 100 79 de
492 792 200 79 Londres,
642 792 100 79 et
692 792 100 79 sa
725 792 167 79 création

24 832 115 69 est
89 832 99 69 en
139 832 164 69 grande
254 832 164 69 partie
369 832 181 69 l’œuvre
500 832 230 69 d’artistes
665 832 230 69 britanniques

25 872 139 73 âgés
112 872 104 73 de
164 872 156 73 moins
268 872 104 73 de
320 872 104 73 36
372 872 139 73 ans.
459 872 104 73 Ce
511 872 156 73 n’est
616 872 122 73 une
685 872 156 73 école
790 872 104 73 ni
824 872 70 73 au

25 911 129 62 sens
106 911 258 62 stylistique,
316 911 97 62 ni
364 911 97 62 au
412 911 129 62 sens
493 911 194 62 chauvin,
639 911 129 62 mais
719 911 97 62 en
768 911 97 62 ce
800 911 97 62 sens

25 944 116 79 que
92 944 116 79 les
158 944 198 79 artistes
306 944 132 79 très
389 944 165 79 divers
505 944 116 79 qui
571 944 99 79 en
620 944 132 79 font
703 944 165 79 partie
802 944 99 79 sont

27 984 226 65 conscients
204 984 97 65 de
253 984 129 65 leur
333 984 210 65 autonomie
495 984 97 65 au
543 984 129 65 sein
624 984 97 65 de
672 984 145 65 l’art
753 984 145 65 contem-

26 1029 185 65 porain.
160 1029 117 65 Ils
228 1029 101 65 ne
278 1029 185 65 doivent
412 1029 151 65 guère
513 1029 84 65 à
547 1029 151 65 l’art
647 1029 252 65 britannique
832 1029 67 65 du

28 1061 162 69 passé,
141 1061 97 69 et
190 1061 130 69 tout
271 1061 97 69 en
320 1061 276 69 reconnaissant
546 1061 130 69 leur
627 1061 146 69 dette
725 1061 162 69 envers
822 1061 81 69 les

27 1104 246 55 mouvements
221 1104 263 55 artistiques
431 1104 211 55 récents,
589 1104 105 55 en
642 1104 176 55 Europe
765 1104 105 55 et
800 1104 105 55 pius

29 1138 319 66 particulièrement
300 1138 111 66 aux
364 1138 239 66 Etats-Unis,
555 1138 111 66 ils
618 1138 111 66 ont
682 1138 223 66 conscience
841 1138 64 66 de

30 1186 178 57 pouvoir
160 1186 195 57 apporter
306 1186 130 57 leur
387 1186 260 57 contribution
598 1186 146 57 d’une
695 1186 178 57 manière
809 1186 97 57 dis-

32 1230 140 53 tincte
130 1230 84 53 et
158 1230 211 53 individuelle.

68 1263 109 59 lls
131 1263 203 59 rejettent
287 1263 141 59 toute
381 1263 235 59 distinction
569 1263 235 59 doctrinaire
757 1263 141 59 entre
835 1263 78 59 art

32 1315 197 43 figuratif
183 1315 91 43 et
229 1315 106 43 art
289 1315 197 43 abstrait.
441 1315 197 43 Toutefois
592 1315 121 43 ceux
668 1315 167 43 d’entre
789 1315 106 43 eux
834 1315 76 43 qui

33 1342 228 60 exposèrent
212 1342 98 60 il
260 1342 81 60 y
293 1342 81 60 a
325 1342 130 60 deux
407 1342 114 60 ans
472 1342 81 60 à
504 1342 98 60 la
553 1342 195 60 Biennale
700 1342 98 60 de
748 1342 146 60 Paris
830 1342 81 60 re-

32 1379 266 60 présentaient
248 1379 116 60 une
315 1379 233 60 esthétique
498 1379 133 60 plus
581 1379 249 60 figurative,
780 1379 133 60 dans
847 1379 66 60 la

33 1418 170 54 mesure
152 1418 102 54 où
203 1418 119 54 ils
271 1418 204 54 tiraient
424 1418 136 54 leur
508 1418 204 54 imagerie
661 1418 119 54 des
729 1418 187 54 sources
848 1418 68 54 du

33 1467 83 49 «
67 1467 116 49 pop
133 1467 116 49 art
200 1467 83 49 ,
233 1467 133 49 même
316 1467 250 49 lorsqu’elle
516 1467 150 49 était
616 1467 200 49 élaborée
765 1467 83 49 à
799 1467 100 49 la
832 1467 83 49 ma-

36 1508 144 42 nière
132 1508 224 42 abstraite.
308 1508 112 42 Les
372 1508 192 42 artistes
517 1508 176 42 exposés
645 1508 128 42 ici,
725 1508 128 42 sont
805 1508 96 42 en
837 1508 80 42 re-

34 1529 171 54 vanche
153 1529 239 54 préoccupés
341 1529 85 54 à
375 1529 102 54 la
427 1529 137 54 fois
512 1529 205 54 d’images
666 1529 256 54 figuratives
854 1529 68 54 et

36 1571 193 59 d’images
181 1571 241 59 abstraites,
374 1571 129 59 mais
454 1571 129 59 leur
535 1571 145 59 style
631 1571 97 59 de
680 1571 257 59 présentation
873 1571 48 59 a

37 1627 139 40 plus
123 1627 104 40 de
175 1627 173 40 points
297 1627 191 40 communs
435 1627 139 40 avec
522 1627 139 40 ceux
609 1627 139 40 dont
696 1627 121 40 les
748 1627 173 40 préoccu-

35 1647 208 53 pations
187 1647 151 53 sont
281 1647 208 53 surtout
433 1647 284 53 abstraites.
660 1647 170 53 Comme
774 1647 170 53 c’est
868 1647 57 53 à

39 1686 181 51 l’heure
170 1686 198 51 actuelle
319 1686 99 51 le
368 1686 115 51 cas
434 1686 115 51 des
500 1686 198 51 artistes
648 1686 115 51 les
714 1686 132 51 plus
780 1686 148 51 sérieux

38 1724 134 49 dans
122 1724 134 49 tous
206 1724 118 49 les
274 1724 151 49 pays,
374 1724 118 49 ils
442 1724 118 49 ont
509 1724 202 49 tendance
660 1724 84 49 à
694 1724 235 49 rechercher
862 1724 67 49 la

39 1775 140 38 plus
126 1775 174 38 grande
248 1775 174 38 clarté
370 1775 209 38 possible
527 1775 140 38 dans
614 1775 279 38 l’expression
823 1775 105 38 for-

38 1809 179 38 melle.
163 1809 143 38 Mais
252 1809 125 38 ces
324 1809 214 38 artistes
485 1809 286 38 britanniques
717 1809 214 38 essayent
860 1809 71 38 en

40 1834 137 53 même
126 1834 154 53 temps
229 1834 103 53 de
280 1834 223 53 concilier
452 1834 154 53 cette
555 1834 172 53 clarté
675 1834 137 53 avec
760 1834 120 53 une
812 1834 120 53 ambi-

40 1875 179 43 valence
170 1875 97 43 de
218 1875 179 43 contenu
348 1875 114 43 qui
413 1875 162 43 laisse
527 1875 114 43 une
592 1875 211 43 ouverture
754 1875 81 43 à
771 1875 162 43 l’inter-

40 1909 273 54 prétation.
254 1909 175 54 Comme
370 1909 136 54 l’a
448 1909 214 54 déclaré
604 1909 156 54 Paul
701 1909 234 54 Huxley:»
857 1909 78 54 La

40 1952 205 56 peinture
194 1952 290 56 d’aujourd’hui
432 1952 137 56 doit
518 1952 154 56 poser
620 1952 119 56 des
671 1952 205 56 questions.

77 2002 123 44 Les
148 2002 212 44 contours
307 2002 159 44 nets,
412 2002 370 44 caractéristiques,
730 2002 123 44 les
782 2002 159 44 rythmes

39 2039 159 40 d’une
146 2039 159 40 grâce
252 2039 230 40 sinueuse,
429 2039 124 40 les
500 2039 212 40 surfaces
659 2039 124 40 qui
730 2039 212 40 refusent
871 2039 71 40 de

43 2076 183 42 laisser
176 2076 216 42 percevoir
343 2076 100 42 le
393 2076 150 42 geste
493 2076 100 42 du
543 2076 200 42 peintre,
692 2076 116 42 les
759 2076 166 42 images
859 2076 83 42 qui

45 2115 209 47 résistent
206 2115 80 47 à
238 2115 321 47 l’interprétation
511 2115 241 47 littéraire,
704 2115 129 47 mais
784 2115 113 47 non
849 2115 80 47 à
865 2115 80 47 une

42 2149 213 51 possible
202 2149 231 51 ambiguité
379 2149 106 51 de
433 2149 142 51 sens
521 2149 89 51 -
557 2149 142 51 tout
645 2149 142 51 ceci
734 2149 124 51 est
787 2149 160 51 visible

43 2190 139 69 sous
129 2190 104 69 sa
182 2190 156 69 forme
286 2190 104 69 la
338 2190 139 69 plus
425 2190 139 69 pure
512 2190 139 69 dans
599 2190 104 69 le
651 2190 156 69 style
755 2190 191 69 optique
877 2190 69 69 de
