1086 2276
454 605 215 49 GRAVURE

140 663 158 51 Marc
255 663 259 51 LAFFINEUR
470 663 86 51 né
513 663 86 51 en
557 663 115 51 1940
628 663 72 51 à
657 663 129 51 Bomal
729 663 187 51 (Belgique).

82 700 172 46 21
214 700 159 46 Etranges
334 700 186 46 étrangers,
479 700 106 46 1961
546 700 199 46 (eau-forte,
705 700 80 46 70
744 700 66 46 x
758 700 80 46 55).

82 744 169 41 22
212 744 104 41 Long
277 744 91 41 cri
329 744 195 41 d’édifices,
486 744 104 41 1962
551 744 195 41 (eau-forte,
707 744 78 41 70
746 744 65 41 x
759 744 78 41 55).

81 766 180 50 23
220 766 208 50 Composition
386 766 83 50 I,
427 766 111 50 1962
496 766 208 50 (eau-forte,
663 766 83 50 70
704 766 69 50 x
718 766 83 50 55).

82 805 177 44 24
218 805 204 44 Composition
381 805 95 44 II,
435 805 109 44 1962
503 805 204 44 (eau-forte,
666 805 81 44 70
707 805 68 44 x
721 805 81 44 55).

82 842 173 52 25
215 842 200 52 Composition
374 842 106 52 III,
441 842 106 52 1963
507 842 146 52 (burin,
614 842 80 52 70
654 842 67 52 x
667 842 80 52 55).

142 883 222 57 Micheline
323 883 83 57 DE
364 883 208 57 POTTER
531 883 97 57 née
586 883 83 57 en
628 883 111 57 1941
697 883 69 57 à
725 883 111 57 Gand
780 883 167 57 (Belgigte)

84 924 174 53 26
217 924 94 53 Les
271 924 227 53 pinces-noirs,
458 924 107 53 1962
525 924 174 53 (gravure,
658 924 80 53 45
698 924 67 53 x
712 924 80 53 38).

86 960 160 46 27
209 960 111 46 Parée
283 960 99 46 pour
344 960 86 46 une
394 960 99 46 fête
455 960 99 46 dans
517 960 74 46 le
554 960 99 46 vide
615 960 74 46 I,
652 960 99 46 1963
714 960 160 46 (gravure,
837 960 74 46 40
874 960 62 46 x
886 960 62 46 35l

87 992 159 50 28
209 992 110 50 Parée
282 992 98 50 pour
343 992 85 50 une
392 992 98 50 fête
453 992 98 50 dans
514 992 73 50 le
550 992 98 50 vide
611 992 85 50 II,
660 992 98 50 1963
721 992 159 50 (gravure,
843 992 73 50 40
868 992 85 50 x30).

87 1025 172 47 29
219 1025 106 47 Dans
285 1025 145 47 l’herbe
391 1025 198 47 luxuriante,
549 1025 106 47 1964
616 1025 172 47 (gravure,
748 1025 79 47 40
787 1025 66 47 x
801 1025 79 47 37).

86 1063 173 67 30
219 1063 80 67 Le
259 1063 133 67 matin,
352 1063 107 67 1965
419 1063 173 67 (gravure,
553 1063 80 67 40
593 1063 67 67 x
606 1063 80 67 37).

147 1112 187 53 Walter
290 1112 216 53 VILAIN
463 1112 86 53 né
506 1112 86 53 en
549 1112 115 53 1938
621 1112 72 53 à
650 1112 144 53 Goxyde
736 1112 187 53 (Belgique).

89 1150 168 51 31
218 1150 77 51 La
257 1150 129 51 grande
347 1150 142 51 guerre,
451 1150 103 51 1965
515 1150 194 51 (aqua-tinte
670 1150 77 51 et
709 1150 181 51 eau-forte,
851 1150 77 51 62
877 1150 77 51 x46)

90 1192 170 44 32
221 1192 78 44 La
260 1192 104 44 nuit
325 1192 157 44 déserte,
443 1192 104 44 1965
508 1192 144 44 (burin,
612 1192 78 44 62
652 1192 65 44 x
665 1192 78 44 46).

90 1216 177 54 33
240 1216 81 54 En
281 1216 81 54 el
321 1216 190 54 Generalife
471 1216 68 54 ,
498 1216 109 54 1965
566 1216 149 54 (burin,
674 1216 81 54 62
715 1216 68 54 x
729 1216 81 54 46).

92 1248 171 54 34
223 1248 145 54 Silence
329 1248 105 54 dans
394 1248 79 54 le
434 1248 118 54 port,
513 1248 105 54 1965
578 1248 145 54 (burin,
684 1248 79 54 62
723 1248 66 54 x
736 1248 79 54 46).

94 1276 169 57 35
224 1276 104 57 Fond
289 1276 78 57 de
328 1276 91 57 mer
380 1276 104 57 pour
445 1276 78 57 le
484 1276 130 57 navire
574 1276 78 57 du
613 1276 117 57 petit
691 1276 143 57 Bazile,
795 1276 104 57 1965
847 1276 104 57 (buris

147 1329 99 50 62
197 1329 83 50 x
214 1329 99 50 46).
