1086 2373
74 54 373 53 EXTRAIT
367 54 160 53 DU
421 54 399 53 RÉGLEMENT

105 531 169 54 Article
228 531 77 54 1
258 531 77 54 —
274 531 92 54 But.

109 593 255 49 L’Association
319 593 195 49 française
469 593 120 49 pour
544 593 90 49 la
590 593 255 49 Manifestation
800 593 180 49 Biennale
920 593 60 49 et

109 630 257 43 Internationale
323 630 100 43 des
380 630 143 43 Jeunes
480 630 171 43 Artistes
609 630 71 43 -
637 630 186 43 intitulée
780 630 71 43 «
809 630 171 43 Biennale
923 630 57 43 de

109 667 131 45 Paris
197 667 73 45 »
226 667 73 45 -
255 667 87 45 se
298 667 174 45 propose.
429 667 116 45 dans
501 667 174 45 l’esprit
632 667 87 45 le
675 667 116 45 plus
748 667 232 45 indépendant,
922 667 58 45 de

108 706 130 38 donner
199 706 65 38 à
225 706 91 38 des
277 706 156 38 artistes
394 706 78 38 de
433 706 104 38 tous
498 706 91 38 les
550 706 117 38 pays.
628 706 78 38 de
667 706 78 38 20
706 706 65 38 à
732 706 78 38 35
771 706 104 38 ans,
823 706 156 38 l’occasion

108 734 78 37 de
147 734 169 37 présenter
277 734 78 37 et
316 734 78 37 de
355 734 182 37 confronter
498 734 117 37 leurs
575 734 156 37 travaux.
692 734 104 37 Elle
757 734 104 37 doit
822 734 130 37 rester
900 734 78 37 lars

106 768 143 40 gement
206 768 157 40 ouverte
320 768 100 40 aux
378 768 215 40 initiatives
550 768 100 40 les
607 768 115 40 plus
678 768 172 40 diverses
807 768 100 40 et.
864 768 115 40 dans
922 768 57 40 un

103 800 143 45 esprit
203 800 86 45 de
246 800 129 45 haute
332 800 258 45 compréhension,
547 800 201 45 s’attacher
705 800 72 45 à
733 800 186 45 accueilir
862 800 115 45 toutes

103 832 108 43 les
149 832 184 43 tendances.

109 881 108 43 Elle
177 881 162 43 souhaite
299 881 108 43 que.
367 881 108 43 dans
434 881 122 43 toute
516 881 81 43 la
556 881 135 43 mesure
651 881 81 43 du
692 881 176 43 possible,
827 881 95 43 les
868 881 108 43 jeunes

105 918 174 34 artistes
236 918 87 34 se
280 918 160 34 sentent
396 918 174 34 associés
526 918 102 34 aux
584 918 131 34 choix
671 918 87 34 de
715 918 261 34 représentation
918 918 58 34 de

105 947 118 43 leur
179 947 118 43 pays
253 947 88 43 et
297 947 88 43 se
341 947 250 43 reconnaissent
547 947 88 43 en
591 947 118 43 tant
665 947 103 43 que
724 947 133 43 jeune
797 947 177 43 génération

101 982 116 42 dans
174 982 102 42 les
232 982 204 42 sélections
392 982 87 42 de
436 982 87 42 la
465 982 160 42 Biennale.

101 1058 171 47 Article
226 1058 78 47 2
257 1058 78 47 —
288 1058 202 47 Programme
443 1058 93 47 de
489 1058 93 47 la
536 1058 202 47 Quatrième
675 1058 171 47 Biennale.

104 1118 95 49 La
152 1118 205 49 Quatrième
309 1118 189 49 Biennale
451 1118 95 49 de
499 1118 142 49 Paris
593 1118 126 49 aura
672 1118 126 49 lieu
751 1118 95 49 au
798 1118 142 49 Musée
877 1118 95 49 d’ar

102 1160 165 40 moderne
222 1160 90 40 de
267 1160 90 40 la
312 1160 135 40 ville
402 1160 90 40 de
447 1160 135 40 Paris
537 1160 90 40 du
581 1160 90 40 29
626 1160 195 40 septembre
776 1160 90 40 au
821 1160 75 40 3
836 1160 135 40 novembe

80 1194 129 43 1965.

104 1226 108 48 Elle
172 1226 203 48 s’adressera
334 1226 95 48 aux
388 1226 162 48 artistes
510 1226 95 48 nés
564 1226 122 48 entre
645 1226 81 48 le
685 1226 95 48 1er
739 1226 149 48 janvier
847 1226 108 48 1930
901 1226 68 48 etl

99 1274 103 45 31
150 1274 206 45 décembre
288 1274 120 45 1944.

98 1318 150 39 Toutes
203 1318 105 39 les
263 1318 150 39 œuvres
368 1318 210 39 présentées
533 1318 150 39 auront
639 1318 105 39 été
699 1318 195 39 exécutées
849 1318 90 39 au
879 1318 90 39 cour

100 1357 106 39 des
161 1357 152 39 quatre
267 1357 197 39 dernières
403 1357 137 39 années.

105 1401 81 40 La
145 1401 175 40 quatrième
280 1401 162 40 Biennale
401 1401 81 40 de
441 1401 121 40 Paris
522 1401 162 40 comptera
643 1401 94 40 les
697 1401 162 40 sections
804 1401 162 40 suivantes.

98 1432 70 48 —
126 1432 113 48 arts
197 1432 197 48 plastiques
351 1432 197 48 (peinture,
506 1432 197 48 sculpture,
661 1432 155 48 dessin,
760 1432 155 48 gravure).

96 1471 82 42 —
128 1471 180 42 travaux
243 1471 180 42 d’équipe.

96 1497 84 47 —
130 1497 251 47 composition
330 1497 201 47 musicale
481 1497 201 47 (musique
631 1497 100 47 de
682 1497 201 47 chambre,
815 1497 151 47 musigté

150 1537 233 38 d’orchestre,
340 1537 160 38 musique
456 1537 233 38 électronique
645 1537 87 38 et
674 1537 175 38 concrète).

99 1570 71 43 —
127 1570 129 43 films
213 1570 100 43 sur
256 1570 114 43 l’art.

96 1602 78 49 —
128 1602 220 49 décoration
285 1602 188 49 théâtrale.

100 1643 106 48 Ces
160 1643 273 48 manifestations
388 1643 121 48 sont
464 1643 212 48 organisées
630 1643 106 48 par
691 1643 91 48 le
737 1643 167 48 délégué
843 1643 121 48 généni

100 1687 134 40 après
190 1687 149 40 accord
294 1687 90 40 de
339 1687 90 40 la
384 1687 209 40 Commission
548 1687 209 40 Permanente
712 1687 90 40 de
757 1687 90 40 la
787 1687 164 40 Biennale.

102 1714 97 53 Les
158 1714 153 53 clauses
269 1714 236 53 particulières
464 1714 70 53 à
491 1714 153 53 chacune
603 1714 97 53 des
658 1714 167 53 sections
783 1714 111 53 font
839 1714 125 53 l’obiat

101 1755 101 41 des
158 1755 173 41 articles
288 1755 87 41 19
331 1755 72 41 à
346 1755 72 41 35.

99 1828 164 52 Article
219 1828 75 52 3
249 1828 75 52 —
278 1828 224 52 Composition
458 1828 105 52 des
503 1828 254 52 participations.

105 1887 98 45 Les
161 1887 140 45 œuvres
259 1887 252 45 sélectionnées,
469 1887 112 45 tant
539 1887 84 45 en
581 1887 140 45 France
679 1887 112 45 qu’à
749 1887 210 45 l’étranger,
903 1887 56 45 et

104 1921 107 44 dans
171 1921 134 44 toutes
264 1921 94 44 les
318 1921 174 44 sections,
452 1921 147 44 devront
559 1921 107 44 être
626 1921 161 44 choisies
747 1921 121 44 selon
827 1921 94 44 les
867 1921 94 44 piir-

104 1958 117 45 cipes
182 1958 78 45 de
221 1958 169 45 l’article
351 1958 78 45 1.
390 1958 91 45 Les
442 1958 156 45 artistes
558 1958 117 45 ayant
636 1958 169 45 participé
766 1958 91 45 aux
805 1958 156 45 précédente

106 1991 184 46 Biennales
248 1991 156 46 peuvent
361 1991 113 46 être
432 1991 184 46 présentés
574 1991 99 46 aux
631 1991 184 46 suivantes
773 1991 128 46 s’ils
844 1991 113 46 resten

100 2034 118 37 dans
174 2034 103 37 les
233 2034 163 37 limites
352 2034 133 37 d’âge
425 2034 163 37 imposées.

104 2066 145 44 Chaque
205 2066 116 44 pays
278 2066 174 44 étranger
408 2066 102 44 est
466 2066 218 44 responsable
640 2066 87 44 de
684 2066 87 44 sa
727 2066 203 44 sélection,
872 2066 87 44 sars

105 2102 140 46 aucune
203 2102 223 46 intervention
384 2102 84 46 de
426 2102 84 46 la
468 2102 181 46 Biennale.
607 2102 181 46 Celle-ci.
747 2102 195 46 cependant,
886 2102 70 46 éme

106 2136 87 47 le
149 2136 101 47 vœu
207 2136 101 47 que
264 2136 101 47 les
322 2136 144 47 jeunes
423 2136 144 47 soient
525 2136 173 47 associés
655 2136 87 47 au
698 2136 130 47 choix
770 2136 188 47 représentan

101 2176 117 45 leur
160 2176 102 45 pays.

87 2233 70 43 14
