1181 2331
478 36 322 68 EMISSIONS
740 36 262 68 PUBLIQUES
921 36 161 68 DE

765 84 176 63 L'O.
893 84 96 63 R.
925 84 160 63 T.F.

140 190 210 65 SERVICE
305 190 90 65 DE
350 190 90 65 LA
396 190 256 65 RECHERCHE
606 190 256 65 (responsable:
801 190 226 65 Pierre

137 245 184 46 Schaeffer).

136 293 156 59 jeudi
240 293 104 59 30
292 293 156 59 sept.
396 293 191 59 Langage
534 293 104 59 de
586 293 104 59 la
638 293 191 59 Musique
759 293 191 59 d’Orient.

132 338 161 60 jeudi
240 338 90 60 7
275 338 143 60 oct.
365 338 161 60 Essai
472 338 125 60 sur
544 338 107 60 la
598 338 233 60 Recherche
759 338 143 60 Image.

139 374 163 62 jeudi
247 374 108 62 14
302 374 145 62 oct.
392 374 235 62 Recherche
573 374 108 62 de
627 374 235 62 Programme
808 374 90 62 -
844 374 108 62 De
880 374 145 62 l’ani-

435 411 250 51 mation-Vers
635 411 117 51 une
686 411 234 51 dramaturgie.

135 453 162 69 jeudi
243 453 108 69 21
297 453 144 69 oct.
386 453 198 69 Concert
530 453 126 69 par
602 453 251 69 l’Ensemble
782 453 251 69 Instrumental

445 494 104 42 de
497 494 191 42 Musique
636 494 296 42 Contemporaine
879 494 104 42 de
914 494 122 42 Paris

445 532 208 35 (direction:
611 532 236 35 Constantin
791 532 236 35 Simonovic)

135 565 162 65 jeudi
243 565 108 65 28
297 565 144 65 oct.
387 565 216 65 Panorama
549 565 108 65 de
602 565 198 65 musique
728 565 288 65 expérimentale.

142 699 206 44 LECTURES
307 699 69 44 A
334 699 96 44 UNE
389 699 165 44 VOIX
512 699 233 44 (responsable:
704 699 178 44 Michel
828 699 178 44 Polac).

139 763 200 62 vendredi
290 763 117 62 1er
356 763 134 62 oct.
440 763 217 62 Armand
607 763 217 62 Gatti
774 763 83 62 -
807 763 100 62 Un
857 763 150 62 homme
941 763 100 62 seul

449 801 143 49 (pièce
549 801 158 49 inédite
664 801 100 49 lue
721 801 100 49 par
764 801 172 49 l’auteur).

137 842 194 45 vendredi
282 842 81 45 8
314 842 129 45 oct.
395 842 226 45 Georges
572 842 226 45 Michel
750 842 81 45 -
782 842 97 45 La
830 842 210 45 Promenade
975 842 65 45 du

445 880 189 46 Dimanche
587 880 157 46 (pièce
697 880 173 46 inédite
823 880 110 46 lue
886 880 110 46 par
933 880 110 46 l’au

420 920 145 46 teur).

141 962 178 55 vendredi
274 962 89 55 15
319 962 118 55 oct.
393 962 163 55 Jean
511 962 237 55 Vauthier
704 962 74 55 -
733 962 178 55 Prodiges
866 962 148 55 (pièce
955 962 89 55 iné

449 995 114 49 dite
520 995 100 49 lue
577 995 100 49 par
619 995 171 49 l’auteur).

139 1038 186 55 vendredi
278 1038 93 55 22
324 1038 124 55 oct.
402 1038 170 55 Jean
526 1038 217 55 Cau-Le
696 1038 155 55 Maître
804 1038 93 55 du
851 1038 139 55 Monde
928 1038 124 55 (pièce

444 1076 103 50 lue
503 1076 103 50 par
547 1076 177 50 l’auteur).

141 1110 181 64 vendredi
277 1110 90 64 29
322 1110 121 64 oct.
397 1110 181 64 Henri
533 1110 301 64 Pichette-Les
789 1110 211 64 Epiphanies
940 1110 105 64 (nou

452 1153 127 48 velle
537 1153 155 48 version
650 1153 155 48 inédite
763 1153 99 48 lue
819 1153 99 48 par
862 1153 170 48 l’auteur).

966 2195 80 50 185
