1086 2373
22 70 247 62 SUEDE

203 384 272 79 Commissaire
420 384 218 79 général:
584 384 218 79 Christer
729 384 181 79 Jacobson

205 436 184 51 Directeur
346 436 85 51 de
389 436 198 51 l’Institut
530 436 142 51 Suédois.

201 478 157 58 Attaché
315 478 171 58 culturel
443 478 114 58 près
515 478 214 58 l’Ambassade
686 478 86 58 de
729 478 128 58 Suède
815 478 71 58 à
829 478 114 58 Paris.

146 573 116 79 Une
213 573 198 79 nouvelle
361 573 231 79 génération
543 573 99 79 de
593 573 165 79 jeunes
709 573 198 79 artistes
857 573 116 79 est
907 573 66 79 en

97 619 149 71 train
197 619 99 71 de
246 619 99 71 se
296 619 165 71 frayer
412 619 116 71 une
478 619 132 71 voie
561 619 99 71 en
610 619 165 71 Suède.
726 619 116 71 Ils
776 619 198 71 s’opposent

98 660 222 64 résolument
273 660 79 64 à
305 660 95 64 la
352 660 207 64 situation
511 660 238 64 provinciale
702 660 95 64 et
734 660 238 64 conservatrice

95 699 103 64 de
146 699 155 64 l’art
250 699 103 64 en
301 699 155 64 Suède
405 699 103 64 et
456 699 138 64 sont
543 699 224 64 davantage
715 699 241 64 influencés
887 699 86 64 par

95 738 128 63 des
168 738 220 63 artistes
333 738 146 63 plus
424 738 256 63 universels
625 738 146 63 tels
717 738 128 63 que
772 738 201 63 Baerting,

98 769 231 67 Fahlstrôm,
279 769 264 67 Reuterswvârd
493 769 99 67 et
543 769 181 67 Ultvedt
674 769 115 67 que
740 769 115 67 par
806 769 115 67 les
856 769 115 67 célé-

96 807 165 69 brités
212 807 198 69 locales.
361 807 165 69 Nombre
476 807 182 69 d’entre
609 807 116 69 eux
675 807 99 69 se
724 807 132 69 sont
807 807 165 69 lassés
906 807 66 69 de

94 847 105 69 la
147 847 246 69 dépendance
340 847 316 69 traditionnelle
604 847 105 69 de
657 847 158 69 l’art
762 847 193 69 suédois
885 847 88 69 des

93 892 203 56 courants
245 892 219 56 parisiens
414 892 101 56 et
465 892 118 56 ont
532 892 169 56 décidé
650 892 101 56 de
701 892 101 56 se
752 892 186 56 tourner
870 892 101 56 vers

92 921 145 53 New
155 921 145 53 York.

138 975 102 65 La
189 975 187 65 plupart
325 975 102 65 de
376 975 119 65 ces
444 975 170 65 jeunes
564 975 204 65 artistes
717 975 136 65 sont
785 975 187 65 cependant

93 1011 135 62 loin
178 1011 169 62 d’être
296 1011 152 62 prêts
397 1011 101 62 ou
448 1011 135 62 même
532 1011 152 62 mûrs.
633 1011 101 62 Il
684 1011 84 62 y
718 1011 84 62 a
752 1011 152 62 parmi
853 1011 118 62 eux
903 1011 68 62 de

92 1054 220 57 nombreux
256 1054 201 57 talents
403 1054 128 57 qui
476 1054 146 57 sont
567 1054 293 57 prometteurs,
805 1054 146 57 mais
879 1054 91 57 pet

92 1092 118 57 ont
160 1092 101 57 eu
210 1092 101 57 le
261 1092 186 57 courage
396 1092 186 57 d’aller
531 1092 203 57 jusqu’au
683 1092 135 57 bout
767 1092 101 57 et
818 1092 101 57 de
852 1092 118 57 faire

89 1131 135 45 sans
174 1131 219 45 compromis
342 1131 101 45 ce
393 1131 169 45 qu’ils
511 1131 203 45 désirent
663 1131 101 45 en
714 1131 135 45 leur
798 1131 118 45 for
849 1131 118 45 inté-

89 1164 187 60 rieur.
220 1164 262 60 Exactement
427 1164 169 60 comme
539 1164 150 60 dans
633 1164 112 60 la
689 1164 262 60 génération
876 1164 94 60 des

92 1202 185 59 artistes
230 1202 169 59 suédois
353 1202 123 59 plus
430 1202 139 59 âgés,
523 1202 92 59 il
569 1202 77 59 y
600 1202 77 59 a
630 1202 92 59 au
677 1202 123 59 sein
754 1202 92 59 de
800 1202 108 59 ces
846 1202 123 59 jeunes

90 1247 116 48 une
157 1247 199 48 tendance
306 1247 232 48 centripète
488 1247 116 48 qui
555 1247 116 48 les
621 1247 182 48 empêche
754 1247 99 48 de
803 1247 99 48 se
836 1247 133 48 porter

87 1276 131 49 aux
143 1276 206 49 extrêmes.

135 1322 124 65 Les
206 1322 230 65 tendances
383 1322 142 65 pop,
472 1322 283 65 surréalistes
702 1322 106 65 et
755 1322 106 65 op
808 1322 142 65 sont
879 1322 88 65 ri-

88 1359 202 68 chement
234 1359 293 68 représentées
473 1359 147 68 mais
565 1359 110 68 ne
620 1359 238 68 possèdent
803 1359 165 68 guère
895 1359 73 68 de

88 1412 294 45 protagonistes
330 1412 156 45 purs.
433 1412 138 45 D’un
520 1412 156 45 autre
623 1412 156 45 côté,
727 1412 104 45 on
779 1412 104 45 ne
813 1412 156 45 pourait

88 1443 179 56 trouver
218 1443 98 56 en
267 1443 147 56 Suède
365 1443 98 56 de
414 1443 147 56 jeune
512 1443 179 56 artiste
642 1443 114 56 qui
707 1443 130 56 soit
772 1443 196 56 totalement

89 1478 228 51 insensible
268 1478 81 51 à
300 1478 114 51 ces
365 1478 244 51 influences.
560 1478 146 51 D’une
658 1478 146 51 façon
756 1478 211 51 générale,
902 1478 65 51 le

86 1525 166 38 climat
202 1525 232 38 artistique
385 1525 116 38 s’y
451 1525 116 38 est
517 1525 216 38 modernisé
683 1525 133 38 avec
766 1525 116 38 une
816 1525 149 38 accélé-

86 1559 176 57 ration
209 1559 141 57 sans
297 1559 228 57 précédent
473 1559 105 57 au
526 1559 158 57 cours
631 1559 123 57 des
701 1559 141 57 cinq
772 1559 193 57 dernières

64 1593 177 47 années.

134 1639 192 54 Nombreux
278 1639 128 54 sont
358 1639 144 54 aussi
454 1639 112 54 les
518 1639 160 54 jeunes
630 1639 192 54 artistes
758 1639 208 54 travaillant

87 1682 130 57 dans
168 1682 114 57 les
233 1682 130 57 arts
315 1682 244 57 graphiques,
510 1682 179 57 domaine
640 1682 98 57 où
689 1682 114 57 les
754 1682 212 57 résultats
901 1682 65 57 se

87 1726 123 40 sont
164 1726 170 40 révélés
287 1726 123 40 fort
364 1726 262 40 intéressants.
580 1726 123 40 Nils
657 1726 92 40 G.
703 1726 200 40 Stenqvist
857 1726 77 40 a
873 1726 92 40 fait

83 1761 131 49 ses
158 1761 187 49 débuts
289 1761 169 49 comme
402 1761 131 49 une
477 1761 169 49 sorte
589 1761 375 49 d’enfant-miracle
889 1761 75 49 du

87 1795 211 48 graphisme
249 1795 97 48 et
297 1795 113 48 est
362 1795 130 48 déjà
443 1795 227 48 professeur
622 1795 81 48 à
654 1795 178 48 l’Ecole
784 1795 113 48 des
832 1795 130 48 Beaux-

85 1837 138 53 Arts
171 1837 104 53 de
223 1837 242 53 Stockholm.
413 1837 104 53 Il
464 1837 86 53 a
499 1837 207 53 commencé
654 1837 121 53 par
723 1837 242 53 s’inspirer
896 1837 69 53 du

85 1874 276 58 surréalisme,
309 1874 138 58 mais
395 1874 224 58 s’exprime
567 1874 86 58 à
602 1874 190 58 présent
740 1874 138 58 dans
826 1874 103 58 un
861 1874 103 58 lan-

84 1902 137 55 gage
170 1902 206 55 abstrait
324 1902 103 55 et
358 1902 223 55 non

129 1957 157 54 Bernt
233 1957 244 54 Pettersson
424 1957 122 54 est
494 1957 104 54 un
546 1957 191 54 artiste
686 1957 139 54 d’un
773 1957 139 54 tout
842 1957 122 54 autre

86 1996 151 40 genre.
192 1996 91 40 Il
237 1996 121 40 mène
312 1996 91 40 de
358 1996 136 40 front
448 1996 196 40 plusieurs
599 1996 151 40 styles
705 1996 227 40 différents,
871 1996 91 40 pré-

84 2035 166 56 férant
201 2035 232 56 influencer
383 2035 100 56 le
433 2035 232 56 spectateur
615 2035 166 56 plutôt
732 2035 116 56 que
781 2035 183 56 d’exprmer

83 2074 103 41 sa
134 2074 172 41 propre
255 2074 293 41 personnalité.
497 2074 103 41 Il
548 2074 103 41 se
600 2074 190 41 ressent
738 2074 224 41 fortement
893 2074 69 41 de

88 2103 205 51 Duchamp,
242 2103 171 51 Joyce,
362 2103 171 51 Parker
482 2103 103 51 et
533 2103 240 51 Schwitters
721 2103 103 51 et
773 2103 120 51 une
824 2103 137 51 grande

85 2147 176 54 partie
208 2147 105 54 de
261 2147 123 54 ses
331 2147 263 54 productions
542 2147 263 54 artistiques
752 2147 105 54 en
805 2147 140 54 sont
875 2147 88 54 des

86 2187 281 56 commentaires.
317 2187 165 56 Ancien
432 2187 198 56 musicien
581 2187 99 56 de
630 2187 149 56 jazz,
729 2187 99 56 la
779 2187 165 56 langue
878 2187 83 56 an
