1086 2373
175 441 120 62 Dans
250 441 105 62 une
310 441 150 62 cabine
415 441 210 62 d’audition
580 441 90 62 et
625 441 105 62 une
685 441 135 62 salle
775 441 150 62 située
880 441 90 62 au
910 441 135 62 premier

173 476 129 58 étage
259 476 86 58 du
302 476 143 58 musée,
402 476 86 58 on
445 476 143 58 pourra
545 476 172 58 entendre
674 476 115 58 tous
745 476 100 58 les
803 476 129 58 jours
889 476 72 58 à
917 476 86 58 12
960 476 86 58 h.
989 476 57 58 et

170 507 75 68 à
200 507 91 68 15
245 507 91 68 h.
291 507 91 68 un
336 507 196 68 programme
487 507 121 68 fixe
562 507 91 68 de
607 507 166 68 musique
728 507 226 68 enregistrée
909 507 106 68 des
954 507 91 68 pays

173 588 116 61 Pour
246 588 87 61 le
290 588 189 61 programme
435 588 189 61 détaillé,
580 588 87 61 se
623 588 174 61 reporter
754 588 87 61 au
797 588 203 61 calendrier
957 588 87 61 de
986 588 58 61 la

174 622 158 62 Biennale
292 622 79 62 et
332 622 79 62 au
372 622 145 62 tableau
477 622 198 62 d’affichage
635 622 66 62 à
662 622 158 62 l’entrée
780 622 79 62 du
820 622 145 62 Théâtre
912 622 132 62 d’essai.

169 670 74 54 A
199 670 148 54 partir
303 670 89 54 de
347 670 89 54 18
392 670 163 54 heures,
511 670 89 54 le
555 670 148 54 public
659 670 148 54 pourra
763 670 178 54 demander
897 670 74 54 à
911 670 134 54 entende

171 704 100 58 les
228 704 272 58 enregistrements
457 704 86 58 de
500 704 100 58 son
557 704 143 58 choix.
657 704 100 58 Les
715 704 172 58 demandes
844 704 143 58 seront
929 704 115 58 satis-

168 739 144 58 faites
268 739 115 58 dans
340 739 158 58 l’ordre
456 739 115 58 dans
528 739 144 58 lequel
628 739 130 58 elles
715 739 144 58 auront
816 739 101 58 été
873 739 187 58 formulées
1003 739 43 58 à

170 773 187 58 l’hôtesse
313 773 86 58 de
356 773 172 58 l’Office
486 773 86 58 de
529 773 259 58 Radiodiffusion
744 773 201 58 Télévision
888 773 158 58 Française

88 1010 315 63 REPUBLIQUE
348 1010 222 63 FEDERALE
496 1010 315 63 D’ALLEMAGNE

166 1092 186 58 Roland
309 1092 186 58 KAYN
452 1092 86 58 né
495 1092 86 58 en
538 1092 115 58 1933
610 1092 72 58 à
639 1092 201 58 Reutlingen
782 1092 201 58 (Allemagne).

163 1140 225 48 Ondulation
340 1140 128 48 pour
420 1140 80 48 5
452 1140 177 48 groupes
580 1140 96 48 de
629 1140 209 48 sonorité,
789 1140 145 48 1961.
869 1140 177 48 Orchestre

161 1175 233 41 symphonique
348 1175 93 41 de
394 1175 93 41 la
441 1175 280 41 Radiodiffusion
674 1175 93 41 du
721 1175 124 41 nord
798 1175 93 41 de
830 1175 218 41 l’Allemagne,

163 1258 194 55 Dieter
312 1258 269 55 SCHONBACH
536 1258 90 55 né
581 1258 90 55 en
626 1258 119 55 1931
701 1258 75 55 à
730 1258 134 55 Stolp
805 1258 209 55 (Allemagne).

164 1295 174 51 Canticum
294 1295 145 51 psalmi
395 1295 87 51 ad
438 1295 145 51 laudes
540 1295 116 51 pour
612 1295 159 51 soprano
728 1295 87 51 et
771 1295 231 51 instruments,
945 1295 101 51 1964.

161 1331 209 53 Orchestre
322 1331 242 53 symphonique
515 1331 97 53 de
564 1331 97 53 la
612 1331 306 53 Radiodiffusuion
870 1331 97 53 du
918 1331 129 53 nord
983 1331 64 53 de

160 1362 262 48 l’Allemagne,
356 1362 180 48 Hambourg.

164 1398 232 49 Ritournelle
349 1398 77 49 :
380 1398 77 49 7
411 1398 155 49 pièces
520 1398 124 49 pour
597 1398 217 49 orchestre,
767 1398 155 49 dédiée
876 1398 77 49 à
891 1398 155 49 Woligang

162 1433 183 39 Fortner,
299 1433 137 39 1961.
390 1433 198 39 Orchestre
543 1433 229 39 symphonique
726 1433 91 39 de
772 1433 91 39 la
802 1433 244 39 Radiodiffusion

160 1467 97 49 du
208 1467 129 49 nord
289 1467 97 49 de
337 1467 257 49 l’Allemagne,
530 1467 177 49 Hambourg.

164 1523 285 51 Ernst-Albrecht
409 1523 231 51 STIEBLER
599 1523 82 51 né
640 1523 82 51 en
681 1523 109 51 1934
749 1523 68 51 à
776 1523 136 51 Berlin
858 1523 190 51 (Allemagne).

159 1555 147 55 Stades
262 1555 118 55 pour
336 1555 74 55 3
365 1555 236 55 clarinettes,
557 1555 132 55 1961.
645 1555 265 55 Radiodiffusion
866 1555 88 55 de
895 1555 118 55 Brême.

160 1751 162 54 Kurt
278 1751 279 54 SCHWERTSIK
513 1751 88 54 né
557 1751 88 54 en
601 1751 118 54 1935
674 1751 73 54 à
704 1751 147 54 Vienne
792 1751 191 54 (Autriche).

160 1793 138 52 Rêves
252 1793 184 52 d’amour,
389 1793 107 52 op.
451 1793 92 52 7,
497 1793 138 52 1963.
588 1793 168 52 Edition
711 1793 168 52 Modern,
818 1793 138 52 Munich.

162 1995 189 38 Pierre
308 1995 276 38 BARTHOLOMEE
540 1995 87 38 né
583 1995 87 38 en
627 1995 116 38 1937
700 1995 73 38 à
729 1995 189 38 Bruxelles
859 1995 189 38 (Belgique).

161 2030 170 50 Chanson
284 2030 124 50 pour
361 2030 247 50 violoncelle,
547 2030 108 50 1964.

163 2080 229 58 Philippe
346 2080 245 58 BOESMANS
545 2080 92 58 né
591 2080 92 58 en
637 2080 122 58 1936
713 2080 76 58 à
744 2080 168 58 Tongres
851 2080 199 58 (Belgique).

160 2120 171 52 Sonance
284 2120 78 52 1
315 2120 124 52 pour
392 2120 78 52 2
408 2120 140 52 pianos.

159 2170 251 52 Jacqueline
366 2170 221 52 FONTIJN
543 2170 103 52 née
602 2170 88 52 en
646 2170 118 52 1930
719 2170 74 52 à
749 2170 147 52 Anvers
837 2170 192 52 (Belgique).

162 2210 211 52 Ebauches,
308 2210 113 52 1964.
