1086 2373
181 72 458 70 DECORATION
531 72 404 70 THÉATRALE

267 433 185 78 Laszlo
409 433 228 78 DREGELY
594 433 85 78 né
637 433 85 78 en
680 433 114 78 1932
751 433 71 78 à
779 433 114 78 Pecs
836 433 171 78 (Hongrie).

208 462 175 73 28
342 462 121 73 Noces
423 462 81 73 de
463 462 121 73 sang,
544 462 81 73 de
584 462 161 73 Federico
705 462 134 73 Garcia
799 462 134 73 Lorca,
880 462 94 73 1965.

263 526 180 66 Fanny
398 526 239 66 KEMENES
592 526 105 66 née
652 526 90 66 en
697 526 120 66 1932
772 526 75 66 à
802 526 180 66 Budapest
921 526 150 66 (Hongiel

196 559 293 67 29
422 559 248 67 Phèdre,
602 559 135 67 de
670 559 248 67 Racine,
850 559 203 67 1965.
963 559 113 67 —0»

262 609 180 79 Laszlo
401 609 222 79 SZEKELY
581 609 83 79 né
622 609 83 79 en
664 609 111 79 1932
733 609 69 79 à
761 609 138 79 Uipest
844 609 166 79 (Hongrie).

203 648 167 51 30
332 648 141 51 Phèdre,
435 648 77 51 de
473 648 141 51 Racine,
563 648 90 51 1965.

259 689 154 84 Emil
371 689 182 84 VATA
510 689 84 84 né
552 689 84 84 en
594 689 112 84 1932
664 689 70 84 à
692 689 279 84 Hodmezovasarhely
915 689 154 84 (Hongrie)

200 734 181 71 31
339 734 97 71 Les
395 734 167 71 joyeuses
520 734 167 71 commères
645 734 83 71 de
686 734 167 71 Windsor,
811 734 83 71 de
853 734 153 71 William
950 734 125 71 Shakes.

254 774 159 44 peare,
350 774 111 44 1964.

256 820 190 71 Robert
403 820 234 71 WEGENAST
593 820 88 71 né
637 820 88 71 en
681 820 117 71 1930
754 820 73 71 à
783 820 176 71 Budapest
900 820 176 71 (Hongrie).

198 861 170 74 32
329 861 79 74 La
368 861 118 74 folle
447 861 79 74 de
486 861 170 74 Chaillot,
617 861 79 74 de
657 861 105 74 Jean
722 861 184 74 Giraudoux,
853 861 92 74 1965.

252 1079 185 55 Kokila
394 1079 214 55 MAVANI
565 1079 100 55 née
622 1079 85 55 en
650 1079 100 55 1935.

193 1117 174 66 33
326 1117 174 66 Sacrifice
460 1117 80 66 de
500 1117 214 66 Rabindranath
673 1117 147 66 Tagore,
767 1117 93 66 1965.

248 1341 198 67 Farideh
403 1341 212 67 GOHARI
573 1341 99 67 née
630 1341 85 67 en
672 1341 113 67 1938
743 1341 71 67 à
771 1341 127 67 Racht
842 1341 127 67 (lran).

187 1376 176 67 34
323 1376 122 67 Noces
404 1376 81 67 de
445 1376 122 67 sang,
526 1376 81 67 de
566 1376 162 67 Federico
688 1376 135 67 Garcia
783 1376 135 67 Lorca,
864 1376 95 67 1965.

245 1431 157 68 Lila
359 1431 171 68 HACHENII
487 1431 199 68 NEJAD
644 1431 100 68 née
701 1431 85 68 en
743 1431 114 68 1943
815 1431 71 68 à
843 1431 157 68 Téhéran
943 1431 128 68 (lran).

184 1468 177 67 35
320 1468 122 67 Noces
402 1468 82 67 de
443 1468 122 67 sang,
524 1468 82 67 de
565 1468 163 67 Federico
687 1468 136 67 Garcia
782 1468 136 67 Lorca,
864 1468 95 67 1965.

237 1695 200 61 Antonio
394 1695 271 61 STEFANUCCI
622 1695 86 61 né
665 1695 86 61 en
708 1695 114 61 1935
779 1695 71 61 à
807 1695 143 61 Naples
893 1695 157 61 (Italie).

182 1733 169 58 36
312 1733 78 58 La
351 1733 117 58 folle
429 1733 78 58 de
468 1733 169 58 Chaillot,
599 1733 78 58 de
638 1733 104 58 Jean
703 1733 182 58 Giraudoux,
833 1733 91 58 1965.

231 1965 214 56 Vasuhiro
402 1965 185 56 ISHII
544 1965 86 56 né
587 1965 86 56 en
630 1965 114 56 1932
701 1965 71 56 à
730 1965 157 56 Sapporo
829 1965 143 56 (Japon).

177 1997 176 76 37
313 1997 122 76 Noces
394 1997 81 76 de
435 1997 122 76 sang,
516 1997 81 76 de
557 1997 163 76 Federico
679 1997 135 76 Garcia
773 1997 135 76 Lorca,
855 1997 108 76 1965.★

231 2055 205 65 Michiya
393 2055 205 65 OKADA
554 2055 88 65 né
598 2055 88 65 en
642 2055 117 65 1934
715 2055 73 65 à
744 2055 132 65 Tokio
817 2055 147 65 (Japon).

174 2084 176 71 38
310 2084 122 71 Noces
391 2084 81 71 de
432 2084 122 71 sang,
513 2084 81 71 de
553 2084 162 71 Federico
675 2084 135 71 Garcia
770 2084 135 71 Lorca,
851 2084 95 71 1965.

227 2142 220 63 Tadahiro
403 2142 176 63 TADA
535 2142 88 63 né
579 2142 88 63 en
623 2142 117 63 1930
697 2142 73 63 à
726 2142 132 63 Tokio
799 2142 147 63 (Japon).

173 2168 176 75 39
309 2168 122 75 Noces
390 2168 81 75 de
430 2168 122 75 sang,
511 2168 81 75 de
552 2168 162 75 Federico
674 2168 135 75 Garcia
768 2168 135 75 Lorca,
849 2168 95 75 1965.
