1013 2373
624 75 354 65 ESPAGNE

107 393 255 64 Commissaire
311 393 187 64 général
447 393 85 64 :
481 393 170 64 Xavier
583 393 170 64 Carvajal

93 458 181 45 Architecte.

61 583 109 61 La
115 583 255 61 débordante
316 583 219 61 activité
480 583 237 61 créatrice
662 583 109 61 de
717 583 128 61 nos
771 583 146 61 jeunes

23 621 224 69 artistes,
195 621 120 69 aux
264 621 224 69 multiples
436 621 224 69 tendances
607 621 103 69 et
659 621 120 69 aux
711 621 206 69 précieuses

25 658 281 68 contributions
257 658 99 68 en
306 658 116 68 des
372 658 165 68 champs
488 658 132 68 bien
570 658 182 68 divers,
702 658 165 68 montre
801 658 116 68 clai-

27 707 165 58 rement
142 707 115 58 que
208 707 214 58 l’artiste
373 707 214 58 espagnol,
538 707 231 58 personnel,
719 707 165 58 libre,
818 707 99 58 ima-

25 749 188 51 ginatif,
166 749 172 51 apporte
291 749 78 51 à
323 749 94 51 la
370 749 141 51 tâche
463 749 156 51 totale
573 749 94 51 de
620 749 94 51 la
667 749 188 51 création
792 749 125 51 artis-

25 776 147 63 tique
123 776 98 63 sa
172 776 163 63 propre
286 776 179 63 valeur,
416 776 114 63 son
482 776 163 63 propre
596 776 196 63 langage,
743 776 114 63 son
791 776 131 63 propre

26 812 193 70 effort,
167 812 123 70 ses
237 812 193 70 risques
377 812 105 70 en
430 812 158 70 marge
535 812 105 70 de
588 812 140 70 tout
675 812 246 70 compromis,
851 812 70 70 sa

25 859 198 52 volonté
169 859 108 52 de
223 859 251 52 collaborer
420 859 90 52 à
456 859 108 52 la
510 859 233 52 recherche
690 859 108 52 de
725 859 198 52 nouvelles

25 891 280 59 expressions
249 891 149 59 pour
343 891 112 59 un
399 891 168 59 monde
511 891 112 59 en
567 891 224 59 constant
717 891 205 59 renouvel

10 944 149 52 lement.

65 987 228 47 Conscient
241 987 105 47 de
294 987 158 47 cette
399 987 211 47 réalité,
557 987 141 47 nous
645 987 158 47 avons
750 987 158 47 voulu
838 987 88 47 que

30 1015 98 64 la
79 1015 277 64 participation
306 1015 212 64 espagnole
469 1015 163 64 laisse
583 1015 98 64 de
632 1015 130 64 côté
713 1015 147 64 toute
795 1015 130 64 repré-

27 1054 225 54 sentation
200 1054 104 54 de
252 1054 173 54 groupe
373 1054 104 54 ou
425 1054 104 54 de
477 1054 225 54 tendance,
650 1054 139 54 sans
719 1054 208 54 prétendre,

28 1103 191 51 d’autre
166 1103 156 51 part,
270 1103 173 51 donner
392 1103 104 51 un
444 1103 208 51 panorama
600 1103 191 51 général
738 1103 104 51 de
773 1103 156 51 l’œuvre

27 1132 250 57 artistique,
228 1132 200 57 réalisée
378 1132 117 57 ces
445 1132 217 57 dernières
612 1132 167 57 années
729 1132 100 57 en
762 1132 167 57 Espagne,

30 1169 95 53 où
78 1169 269 53 l’affirmation
299 1169 95 53 de
346 1169 174 53 valeurs
473 1169 158 53 neuves
583 1169 95 53 et
631 1169 237 53 l’incessant
805 1169 126 53 labeur

29 1212 194 51 d’essai
171 1212 124 51 qui
241 1212 265 51 s’accomplit
453 1212 194 51 rendent
594 1212 106 51 la
647 1212 212 51 synthèse
789 1212 141 51 impos-

31 1250 144 51 sible
127 1250 128 51 dans
207 1250 112 51 les
271 1250 176 51 limites
398 1250 144 51 d’une
478 1250 208 51 exposition.

70 1289 141 57 Nous
158 1289 158 57 avons
264 1289 264 57 sélectionné
475 1289 106 57 un
528 1289 176 57 nombre
651 1289 176 57 réduit
756 1289 176 57 d’artis-

31 1335 132 58 tes,
113 1335 115 58 aux
179 1335 214 58 tendances
343 1335 99 58 et
392 1335 230 58 caractères
573 1335 132 58 très
655 1335 247 58 différents,
836 1335 99 58 dans

31 1383 203 39 chacune
178 1383 129 39 des
252 1383 222 39 sections
419 1383 370 39 correspondantes.
733 1383 148 39 Nous
807 1383 129 39 avons

34 1421 145 46 puisé
130 1421 129 46 dans
211 1421 97 46 la
259 1421 145 46 riche
356 1421 209 46 pépinière
517 1421 113 46 des
581 1421 161 46 jeunes
694 1421 193 46 artistes
822 1421 113 46 espa-

33 1452 148 46 gnols
131 1452 181 46 actuels
263 1452 132 46 sans
345 1452 115 46 que
411 1452 99 46 ce
460 1452 148 46 choix
559 1452 115 46 ait
625 1452 181 46 d’autre
756 1452 115 46 but
822 1452 115 46 que
871 1452 66 46 de

34 1490 117 46 les
101 1490 151 46 faire
202 1490 218 46 connaître
369 1490 100 46 et
419 1490 218 46 apprécier
587 1490 84 46 à
620 1490 134 46 leur
704 1490 167 46 valeur
821 1490 117 46 par
871 1490 67 46 le

36 1531 151 46 public
142 1531 91 46 et
187 1531 91 46 la
232 1531 181 46 critique
353 1531 257 46 internationale.

74 1581 136 42 Dans
159 1581 102 42 la
210 1581 187 42 section
346 1581 102 42 de
397 1581 238 42 Décoration
583 1581 238 42 Théâtrale,
753 1581 187 42 l’Espagne

32 1620 140 40 sera
119 1620 262 40 représentée
329 1620 122 40 par
398 1620 175 40 quatre
521 1620 175 40 élèves
643 1620 105 40 du
713 1620 175 40 Centre
818 1620 122 40 Espa-

35 1647 127 54 gnol
115 1647 96 54 de
162 1647 207 54 l’Intitut
322 1647 271 54 International
545 1647 96 54 du
593 1647 175 54 Théâtre
736 1647 112 54 qui
800 1647 112 54 ont
847 1647 96 54 fait

34 1689 178 42 quatre
159 1689 214 42 montages
319 1689 249 42 scéniques,
515 1689 267 42 différentes
729 1689 214 42 versions
872 1689 71 42 de

35 1730 111 43 la
91 1730 148 43 même
184 1730 185 43 œuvre:
313 1730 167 43 Noces
424 1730 111 43 de
480 1730 167 43 Sang,
591 1730 111 43 en
647 1730 204 43 hommage
795 1730 93 43 à
813 1730 130 43 notre

36 1773 154 47 grand
139 1773 206 47 Federico
293 1773 171 47 Garcia
396 1773 137 47 Lorca.

74 1807 155 51 Dans
170 1807 116 51 la
229 1807 213 51 section
383 1807 116 51 de
442 1807 213 51 cinéma,
596 1807 155 51 nous
693 1807 174 51 avons
790 1807 155 51 choisi

35 1854 143 45 deux
124 1854 179 45 élèves
249 1854 107 45 de
303 1854 196 45 l’Ecole
446 1854 393 45 Cinématographique,
785 1854 143 45 avec
857 1854 89 45 les

35 1891 152 39 films
137 1891 203 39 réalisés
289 1891 118 39 par
357 1891 118 39 eux
424 1891 186 39 pendant
560 1891 186 39 l’année
695 1891 220 39 scolaire,
847 1891 102 39 pour

36 1930 172 44 donner
156 1930 103 44 un
208 1930 172 44 aperçu
328 1930 138 44 d’un
414 1930 172 44 aspect
535 1930 138 44 très
621 1930 224 44 important
793 1930 103 44 de
828 1930 120 44 notre

34 1965 253 48 jeunesse:
229 1965 117 48 sa
287 1965 176 48 quête
404 1965 176 48 d’une
521 1965 254 48 formation
716 1965 234 48 sérieuse
872 1965 78 48 et

22 2004 216 51 consciente.

655 2087 174 52 Xavier
759 2087 191 52 Carvajal.

882 2269 68 36 51
