1086 2373
121 198 207 77 s’emploie
280 198 79 77 à
312 198 270 77 l’élaboration
534 198 95 77 en
582 198 207 77 polyester
741 198 191 77 d’objets
884 198 95 77 de
915 198 64 77 la

117 248 128 66 vie
190 248 293 66 quotidienne,
428 248 128 66 une
502 248 183 66 maison
630 248 128 66 par
703 248 202 66 exemple
850 248 110 66 ou
886 248 92 66 les

117 288 339 44 superstructures
402 288 160 44 d’une
491 288 232 44 locomotive.

165 334 147 67 C’est
262 334 130 67 sous
344 334 98 67 la
393 334 147 67 forme
490 334 130 67 d’un
572 334 179 67 travail
702 334 195 67 d’équipe
849 334 114 67 que
898 334 81 67 ces

119 375 138 64 trois
211 375 184 64 artistes
349 375 215 64 présentent
518 375 138 64 leurs
610 375 154 64 œuvres
718 375 77 64 à
749 375 138 64 Paris
841 375 108 64 et,
887 375 92 64 sans

119 414 203 57 renoncer
271 414 203 57 d’aucune
423 414 186 57 manière
558 414 84 57 à
592 414 135 57 leur
676 414 304 57 individualité,
912 414 68 57 is

120 450 207 59 intègrent
279 450 143 59 leurs
375 450 207 59 créations
534 450 127 59 dans
613 450 95 59 un
661 450 159 59 espace
756 450 223 59 triangulaire

119 487 143 61 blanc
215 487 80 61 -
246 487 286 61 paradoxalement
485 487 191 61 qualifié
628 487 95 61 d’
676 487 95 61 *7
724 487 143 61 objet
819 487 95 61 *-
851 487 127 61 éclaié

117 530 118 46 par
185 530 118 46 une
252 530 219 46 éclatante
421 530 186 46 lumière
539 530 321 46 dématérialisante.

162 574 100 65 La
212 574 200 65 distance
362 574 117 65 qui
429 574 167 65 sépare
546 574 250 65 normalement
729 574 250 65 l’observateur

115 610 99 58 de
165 610 182 58 l’œuvre
297 610 149 58 d’art
397 610 132 58 doit
480 610 132 58 être
562 610 215 58 supprimée
728 610 132 58 dans
811 610 149 58 cette
893 610 83 58 en-

115 661 194 48 ceinte.
257 661 265 48 L’abondance
468 661 88 48 «
504 661 212 48 tangible
680 661 106 48 de
733 661 212 48 lumière,
874 661 106 48 dont

116 693 102 54 la
167 693 169 54 limite
285 693 186 54 devient
421 693 254 54 perceptible
624 693 102 54 au
674 693 169 54 niveau
793 693 118 54 des
844 693 135 54 ombres

116 732 176 52 claires
244 732 112 52 que
308 732 224 52 projettent
484 732 112 52 les
548 732 224 52 structures
724 732 96 52 en
772 732 176 52 relief,
884 732 96 52 doit

116 775 192 53 suggérer
260 775 112 53 une
324 775 144 53 sorte
420 775 256 53 d’apesanteur
628 775 208 53 semblable
788 775 80 53 à
820 775 144 53 celle
900 775 80 53 qui

116 805 149 48 règne
216 805 149 48 entre
315 805 99 48 la
364 805 132 48 lune
447 805 99 48 et
496 805 99 48 la
546 805 182 48 planète
661 805 149 48 Mars...

655 890 122 60 Max
724 890 122 60 von
777 890 192 60 Mühlenen.

364 1131 212 58 SECTION
518 1131 212 58 TRAVAUX
653 1131 193 58 D’EQUIPE

134 1192 162 43 1
255 1192 121 43 OBJET
336 1192 121 43 (zone
403 1192 148 43 blanche).

174 1226 215 41 Construction
348 1226 81 41 de
389 1226 121 41 forme
470 1226 229 41 triangulaire,
658 1226 121 41 toute
739 1226 161 41 blanche,
860 1226 121 41 faite
927 1226 54 41 de

173 1265 188 41 matériaux
317 1265 145 41 divers
419 1265 145 41 (bois,
520 1265 116 41 fer,
592 1265 174 41 pavatex,
722 1265 145 41 etc.).
824 1265 130 41 Cette
896 1265 87 41 œuve

171 1299 199 38 collective
327 1299 114 38 doit
398 1299 114 38 être
470 1299 199 38 considérée
626 1299 128 38 comme
712 1299 100 38 une
769 1299 185 38 sculpture
897 1299 85 38 dans

172 1330 167 56 laquelle
297 1330 209 56 l’intérieur
464 1330 83 56 et
506 1330 209 56 l’extérieur
673 1330 153 56 forment
784 1330 83 56 un
826 1330 111 56 tout
882 1330 97 56 (280x

169 1362 125 52 9,60
247 1362 78 52 x
263 1362 78 52 8).

171 1393 196 60 Andreas
325 1393 237 60 CHRISTEN
520 1393 84 60 né
562 1393 84 60 en
604 1393 112 60 1936
674 1393 70 60 à
702 1393 182 60 Budendorf
827 1393 154 60 (Suisse).

174 1441 170 39 Peintre,
301 1441 184 39 graphiste
443 1441 85 39 et
471 1441 198 39 dessinateur.

175 1475 178 44 Markus
312 1475 164 44 RATZ
435 1475 82 44 né
476 1475 82 44 en
518 1475 110 44 1941
586 1475 68 44 à
613 1475 123 44 Berne
696 1475 178 44 (Suisse).
832 1475 151 44 Peintre
928 1475 55 44 et

172 1553 168 42 Willy
298 1553 196 42 WEBER
452 1553 84 42 né
494 1553 84 42 en
536 1553 112 42 1933
605 1553 70 42 à
633 1553 126 42 Berne
717 1553 182 42 (Suisse).
843 1553 140 42 Sculpeur

172 1591 104 41 sur
217 1591 119 41 métal.
