1013 2373
574 49 278 65 PARAGUAY

31 189 104 89 les
91 189 163 89 troncs,
209 189 104 89 les
269 189 178 89 espaces,
403 189 89 89 de
447 189 163 89 lumière
566 189 134 89 entre
655 189 104 89 les
700 189 163 89 feuilles,

34 222 101 88 vus
91 222 72 88 à
120 222 158 88 travers
235 222 101 88 une
292 222 144 88 vision
393 222 201 88 surréelle,
551 222 86 88 où
594 222 101 88 les
651 222 144 88 traits
738 222 129 88 expres-

32 266 219 87 sionnistes
204 266 94 87 se
251 266 187 87 changent
391 266 94 87 en
438 266 125 87 purs
516 266 172 87 rythmes
641 266 94 87 de
672 266 141 87 lignes.

64 310 91 94 Il
109 310 168 94 devient
231 310 91 94 un
277 310 183 94 abstrait
414 310 213 94 expressif,
582 310 213 94 imaginatif
749 310 91 94 et
780 310 91 94 poé-

34 361 161 79 tique.
147 361 129 79 Rien
227 361 145 79 n’est
324 361 129 79 plus
405 361 177 79 éloigné
534 361 97 79 de
582 361 177 79 l’œuvre
711 361 97 79 de
743 361 129 79 Colom-

35 391 132 87 bino
118 391 116 87 que
184 391 99 87 le
234 391 165 87 hasard
349 391 99 87 ou
399 391 330 87 l’improvisation.
680 391 99 87 Sa
713 391 165 87 peinture

36 432 178 80 actuelle
170 432 104 80 est
229 432 89 80 le
273 432 133 80 fruit
362 432 89 80 de
407 432 208 80 recherches
570 432 237 80 conscientes,
748 432 133 80 fidèles

36 465 99 89 au
86 465 116 89 but
152 465 232 89 esthétique
335 465 116 89 que
401 465 99 89 le
451 465 182 89 peintre
584 465 99 89 se
633 465 199 89 propose.
766 465 116 89 C’est

38 507 187 84 pourquoi
179 507 125 84 elle
257 507 78 84 a
288 507 109 84 été
350 507 171 84 choisie
475 507 140 84 comme
568 507 94 84 la
615 507 125 84 plus
677 507 203 84 représenta-

39 545 130 77 tive
120 545 114 77 des
185 545 130 77 arts
266 545 228 77 plastiques
445 545 179 77 actuels
575 545 98 77 du
624 545 195 77 Paraguay
770 545 114 77 par
819 545 65 77 sa

39 579 196 81 matière,
185 579 114 81 par
251 579 114 81 les
316 579 163 81 motifs
430 579 196 81 profonds
576 579 98 81 de
625 579 114 81 son
674 579 212 81 inspiration

40 633 104 72 par
100 633 104 72 ses
159 633 164 72 rythmes
278 633 89 72 et
323 633 104 72 par
382 633 104 72 son
427 633 149 72 sérieux.

470 702 165 69 Rubén
580 702 202 69 Bareiro
708 702 184 69 Saguier.

299 953 219 74 PEINTURE
463 953 110 74 ET
500 953 146 74 DESSIN

88 1003 197 75 Carlos
239 1003 273 75 COLOMBINO
467 1003 91 75 né
512 1003 91 75 en
558 1003 121 75 1937
633 1003 76 75 à
664 1003 212 75 Concepcion
815 1003 91 75 (Pa

76 1069 136 42 raguay).

64 1078 144 57 1
172 1078 168 57 Termitière
304 1078 120 57 jaune,
388 1078 96 57 1964
449 1078 120 57 (huile
533 1078 72 57 et
569 1078 108 57 bois,
641 1078 84 57 100
689 1078 60 57 x
701 1078 84 57 100).

64 1125 329 50 2Héliotropisme,
355 1125 101 50 1964
418 1125 126 50 (huile
507 1125 76 50 et
545 1125 114 50 bois,
620 1125 88 50 102
671 1125 63 50 x
684 1125 88 50 100).

66 1151 144 56 3
174 1151 132 56 Presque
270 1151 132 56 élégie,
366 1151 96 56 1964
425 1151 120 56 (huile
509 1151 72 56 et
545 1151 108 56 bois,
617 1151 72 56 60
653 1151 60 56 x
665 1151 84 56 100).

66 1183 153 54 4
181 1183 229 54 Rapprochement,
371 1183 102 54 1964
435 1183 127 54 (huile
524 1183 76 54 et
562 1183 114 54 bois,
638 1183 89 54 100
689 1183 64 54 x
702 1183 89 54 100).

889 2236 78 45 95
