1086 2331
96 93 134 60 FORUM

164 294 85 74 Un
206 294 156 74 certain
320 294 142 74 nombre
419 294 85 74 de
462 294 142 74 points
561 294 213 74 d’animation
731 294 99 74 ont
788 294 99 74 été
845 294 199 74 distribués
986 294 43 74 à

159 333 162 69 travers
277 333 103 69 les
336 333 148 69 salles
440 333 89 69 de
484 333 89 69 la
528 333 177 69 Biennale
661 333 207 69 concernant
823 333 207 69 notamment:
971 333 59 69 le

158 374 128 57 tirage
248 374 90 57 des
299 374 166 57 gravures,
427 374 90 57 les
478 374 128 57 postes
568 374 77 57 de
606 374 192 57 télévision,
759 374 77 57 la
798 374 128 57 cabine
875 374 153 57 d’audition

157 407 119 53 pour
231 407 104 53 les
291 407 148 53 œuvres
394 407 237 53 enregistrées
587 407 89 53 de
632 407 222 53 Composition
795 407 163 53 Musicale.

156 448 89 66 On
201 448 178 66 trouvera
334 448 74 66 à
363 448 118 66 leur
437 448 133 66 place
526 448 148 66 toutes
630 448 222 66 indications
807 448 207 66 concernant
955 448 74 66 ces

152 486 205 58 différents
313 486 161 58 centres
430 486 234 58 d’animation.
620 486 205 58 Néanmoins,
781 486 176 58 d’autres
913 486 102 58 ont
957 486 73 58 été

153 516 131 53 créés
241 516 116 53 dont
313 516 87 53 on
357 516 174 53 trouvera
488 516 87 53 la
531 516 131 53 liste
604 516 189 53 ci

73 610 352 71 PROPOSITION
367 610 156 71 POUR
464 610 137 71 UNE
543 610 176 71 SALLE
660 610 117 71 DE
699 610 176 71 JEU

73 658 365 65 PARTICIPATION
383 658 182 65 ACTIVE
510 658 109 65 DU
547 658 310 65 SPECTATEUR

149 732 84 58 Le
191 732 126 58 forum
275 732 84 58 de
316 732 84 58 la
358 732 167 58 Biennale
484 732 84 58 de
526 732 126 58 Paris
609 732 70 58 a
637 732 98 58 été
693 732 153 58 utilisé
805 732 126 58 cette
888 732 126 58 année
958 732 70 58 par

148 763 82 69 le
189 763 110 69 G.R.
258 763 96 69 AV.
313 763 110 69 pour
381 763 123 69 créer
464 763 82 69 un
505 763 110 69 lieu
573 763 82 69 de
615 763 233 69 participation
807 763 137 69 active
903 763 82 69 du
930 763 96 69 spec

129 796 131 45 tateur.

146 852 144 63 Depuis
247 852 188 63 plusieurs
391 852 144 63 années
492 852 87 63 le
535 852 144 63 Groupe
636 852 144 63 dirige
737 852 101 63 ses
795 852 159 63 efforts
911 852 115 63 vers
968 852 58 63 la

144 898 254 49 démystification
358 898 80 49 de
398 898 147 49 l’œuvre
505 898 120 49 d’art
585 898 80 49 et
625 898 80 49 de
665 898 134 49 l’acte
759 898 160 49 créateur
879 898 80 49 et
919 898 107 49 vers
973 898 53 49 la

144 929 275 56 reconsidération
375 929 87 56 du
418 929 203 56 spectateur
578 929 87 56 en
621 929 217 56 s’efforçant
795 929 87 56 de
838 929 188 56 remplacer
968 929 58 56 la

142 961 185 49 situation
284 961 157 49 passive
398 961 199 49 habituelle
555 961 100 49 par
612 961 100 49 des
669 961 256 49 sollicitations
883 961 85 49 ou
911 961 114 49 provo-

141 990 155 49 cations
253 990 70 49 à
267 990 155 49 l’action.

142 1050 149 61 L’œuvre
251 1050 176 61 disparaît
387 1050 81 61 au
427 1050 136 61 profit
522 1050 190 61 d’éléments
671 1050 95 61 qui
726 1050 203 61 contribuent
888 1050 68 61 à
902 1050 122 61 l’orga-

140 1087 154 55 nisation
256 1087 103 55 d’un
320 1087 103 55 lieu
384 1087 77 55 de
422 1087 128 55 loisir
512 1087 77 55 et
551 1087 205 55 d’activation
717 1087 77 55 où
756 1087 90 55 les
807 1087 154 55 éléments
922 1087 77 55 ne
948 1087 77 55 sont

136 1117 129 45 plus
217 1117 113 45 des
281 1117 161 45 œuvres
378 1117 161 45 fermées.

140 1176 94 59 Ils
193 1176 228 59 interviennent
381 1176 80 59 en
421 1176 94 59 vue
475 1176 80 59 de
515 1176 121 59 créer
596 1176 94 59 des
649 1176 188 59 situations
797 1176 80 59 où
837 1176 80 59 le
864 1176 161 59 spectateur

137 1219 177 44 participe
274 1219 123 44 d’une
356 1219 123 44 façon
437 1219 136 44 active
533 1219 82 44 et
574 1219 150 44 directe
683 1219 82 44 en
724 1219 95 44 les
778 1219 150 44 faisant
888 1219 136 44 réagir
969 1219 55 44 et

134 1249 97 51 en
182 1249 225 51 réagissant
343 1249 177 51 lui

60 1336 175 56 ART
183 1336 228 56 DYNAMIQUE
341 1336 210 56 VISUEL

136 1406 221 54 MachineMee
310 1406 221 54 dispositif
484 1406 174 54 optique
611 1406 174 54 destiné
737 1406 79 54 à
769 1406 190 54 projeter
911 1406 111 54 sur
959 1406 63 54 un

134 1446 138 43 écran
225 1446 107 43 des
287 1446 168 43 figures
409 1446 214 43 lumineuses
577 1446 92 43 en
623 1446 229 43 perpétuelle
792 1446 229 43 métamorphose.

133 1471 101 51 Le
184 1471 218 51 mouvement
351 1471 101 51 et
402 1471 252 51 l’évolution
603 1471 117 51 des
670 1471 184 51 figures
804 1471 184 51 peuvent
921 1471 101 51 être

132 1507 188 47 dirigées
273 1507 78 47 à
304 1507 172 47 volonté
429 1507 141 47 selon
523 1507 94 47 un
570 1507 203 47 programme
726 1507 203 47 préétabli
882 1507 125 47 dont
945 1507 78 47 les

134 1540 241 56 combinaisons
330 1540 121 56 sont
405 1540 211 56 illimitées
571 1540 90 56 et
616 1540 211 56 permettent
782 1540 90 56 de
827 1540 181 56 réaliser
948 1540 75 56 des

131 1578 248 60 compositions
332 1578 201 60 précises.
486 1578 186 60 L’auteur
626 1578 93 60 de
672 1578 139 60 cette
765 1578 170 60 machine
873 1578 93 60 est:

133 1616 267 66 Hans-Walter
356 1616 223 66 MULLER
534 1616 89 66 né
579 1616 89 66 en
623 1616 119 66 1935
697 1616 74 66 à
727 1616 134 66 Worms
801 1616 208 66 (Allemagne).

57 1709 102 50 BAR

131 1795 84 53 Un
173 1795 97 53 bar
229 1795 97 53 est
284 1795 70 53 à
312 1795 84 53 la
354 1795 209 53 disposition
521 1795 84 53 du
563 1795 139 53 public
660 1795 153 53 pendant
771 1795 139 53 toutes
869 1795 97 53 les
911 1795 111 53 heures

129 1832 221 54 d’ouverture
306 1832 88 54 de
350 1832 88 54 la
380 1832 162 54 Biennale.

56 1908 219 68 LIVRES
224 1908 101 68 ET
275 1908 168 68 REVUES
393 1908 118 68 SUR
443 1908 185 68 L’ART

130 1991 82 59 Un
171 1991 123 59 choix
253 1991 82 59 de
294 1991 137 59 livres
390 1991 82 59 et
431 1991 137 59 revues
527 1991 96 59 sur
582 1991 123 59 l’art
664 1991 219 59 contemporain
841 1991 96 59 est
896 1991 96 59 mis
951 1991 68 59 à
964 1991 55 59 la

126 2027 218 60 disposition
301 2027 87 60 du
345 2027 146 60 public
447 2027 116 60 dans
519 2027 87 60 un
563 2027 131 60 salon
650 2027 87 60 de
679 2027 146 60 lecture.

128 2070 88 51 En
172 2070 146 51 outre,
274 2070 88 51 un
318 2070 175 51 comptoir
449 2070 88 51 de
493 2070 146 51 vente,
595 2070 175 51 organisé
726 2070 102 51 par
785 2070 88 51 la
828 2070 190 51 librairie
960 2070 58 51 La

126 2101 152 63 Hune,
227 2101 168 63 permet
345 2101 236 63 d’acquérir
530 2101 101 63 ou
581 2101 101 63 de
632 2101 219 63 commander
800 2101 118 63 les
851 2101 168 63 ouvrages

108 2140 166 45 exposés.

114 2251 82 47 188
