1061 2276
34 177 112 54 le
90 177 167 54 stade
202 177 112 54 du
258 177 223 54 réalisme
425 177 223 54 excessif
593 177 167 54 d’une
686 177 260 54 civilisation

32 220 279 46 compressive
256 220 168 46 qu’il
368 220 186 46 ramène
498 220 93 46 à
535 220 130 46 une
610 220 261 46 conception
796 220 149 46 esthé

78 304 208 47 Caciporé
234 304 122 47 est
303 304 104 47 un
356 304 226 47 sculpteur
529 304 313 47 métallurgique,
790 304 104 47 en
824 304 122 47 d’au-

31 350 141 41 tres
119 350 158 41 mots,
225 350 106 41 un
278 350 229 41 sculpteur
454 350 106 41 de
507 350 176 41 forge,
630 350 106 41 de
683 350 176 41 fonte,
806 350 123 41 qui
859 350 88 41 re-

33 383 190 44 cherche
171 383 207 44 toujours
327 383 121 44 une
396 383 328 44 intériorisation
672 383 138 44 dans
759 383 104 44 la
793 383 156 44 matière

32 423 99 50 et
81 423 99 50 la
114 423 131 50 forme.

77 465 260 48 L’ensemble
281 465 241 48 brésilien
467 465 130 48 est
541 465 278 48 hétérogène,
745 465 204 48 cependant

32 509 274 45 représentatif
257 509 97 45 de
306 509 226 45 l’actuelle
483 509 242 45 versatilité
676 509 113 45 des
741 509 209 45 tendances
886 509 64 45 et

34 549 184 45 moyens
162 549 312 45 d’expressions
419 549 147 45 dans
511 549 165 45 notre
603 549 128 45 pays.

77 593 154 44 Notre
180 593 171 44 propos
299 593 137 44 est,
385 593 274 44 précisément,
608 593 103 44 de
659 593 188 44 montrer
779 593 171 44 l’esprit

31 631 108 41 de
85 631 234 41 l’artiste
265 631 180 41 jeune,
391 631 162 41 comme
500 631 108 41 il
554 631 162 41 l’est
662 631 288 41 actuellement
878 631 72 41 et

33 665 150 47 comme
133 665 100 47 il
183 665 117 47 l’a
250 665 133 47 été,
333 665 100 47 on
383 665 200 47 pourrait
533 665 133 47 dire
599 665 350 47 traditionnellement,

34 704 138 51 dans
120 704 104 51 le
172 704 190 51 mélange
310 704 121 51 des
379 704 155 51 races
483 704 104 51 au
535 704 190 51 Brésil,
673 704 121 51 qui
725 704 225 51 historique-

34 747 141 36 ment
123 747 123 36 est
193 747 159 36 formé
299 747 106 36 de
352 747 229 36 plusieurs
528 747 212 36 cultures
687 747 106 36 et
739 747 123 36 qui
810 747 106 36 va
845 747 106 36 vers

35 783 119 46 une
103 783 271 46 universalité
323 783 136 46 avec
408 783 119 46 des
476 783 339 46 caractéristiques
747 783 203 46 identiques

32 822 123 46 aux
103 822 175 46 autres
208 822 175 46 peuples.

443 898 203 46 Clarival
595 898 101 46 do
646 898 152 46 Prado
730 898 220 46 Valladares.

339 1223 225 54 PEINTURE
508 1223 113 54 ET
546 1223 150 54 DESSIN

88 1286 183 46 José
221 1286 183 46 Roberto
354 1286 266 46 AGUILAR
570 1286 100 46 né
620 1286 100 46 en
670 1286 133 46 1941
753 1286 83 46 à
769 1286 183 46 Sao

54 1355 166 41 1
179 1355 207 41 Composition
344 1355 111 41 avec
413 1355 193 41 personnage
565 1355 83 41 I,
607 1355 111 41 1965
676 1355 152 41 (huile,
786 1355 97 41 140
842 1355 69 41 x
855 1355 97 41 120).

56 1390 163 39 2
179 1390 204 39 Composition
341 1390 109 39 avec
409 1390 190 39 personnage
558 1390 95 39 II,
613 1390 109 39 1965
681 1390 149 39 (huile,
789 1390 95 39 140
843 1390 68 39 x
857 1390 95 39 120).

55 1423 161 41 3
175 1423 201 41 Composition
336 1423 107 41 avec
402 1423 187 41 personnage
550 1423 107 41 III,
617 1423 107 41 1965
683 1423 147 41 (huile,
790 1423 94 41 140
844 1423 67 41 x
857 1423 94 41 120).

92 1475 200 42 Sergio
245 1475 154 42 CAMPOS
353 1475 215 42 MELLO
522 1475 92 42 né
568 1475 92 42 en
614 1475 123 42 1932
691 1475 77 42 à
722 1475 108 42 Rio
783 1475 92 42 de
814 1475 138 42 Janeiro

57 1542 158 41 4
175 1542 158 41 Peinture
293 1542 79 41 I,
333 1542 105 41 1965
398 1542 144 41 (huile,
503 1542 92 41 114
556 1542 66 41 x
569 1542 92 41 146).

57 1576 154 38 5
172 1576 154 38 Peinture
288 1576 90 38 II,
339 1576 102 38 1965
403 1576 141 38 (huile,
505 1576 90 38 114
557 1576 64 38 x
569 1576 90 38 146).

58 1608 150 53 6
171 1608 150 53 Peinture
284 1608 100 53 III,
347 1608 100 53 1965
409 1608 138 53 (huile,
510 1608 88 53 114
560 1608 63 53 x
572 1608 88 53 146).

95 1654 200 53 Antonio
252 1654 172 53 DIAS
381 1654 86 53 né
424 1654 86 53 en
466 1654 114 53 1944
538 1654 71 53 à
567 1654 157 53 Campina
681 1654 143 53 Grande
767 1654 157 53 (Brésil).

56 1693 162 51 7
178 1693 230 51 Programmation
368 1693 108 51 pour
435 1693 81 51 un
476 1693 203 51 assassinat,
638 1693 108 51 1965
706 1693 135 51 (objet
787 1693 162 51 construit.

94 1730 188 43 peinture,
238 1730 145 43 dessin
339 1730 87 43 et
383 1730 173 43 collage,
513 1730 101 43 122
570 1730 72 43 x
585 1730 101 43 122).

58 1763 171 41 8
200 1763 171 41 Général,
328 1763 85 41 le
370 1763 128 41 poing
456 1763 85 41 se
498 1763 142 41 cassel
598 1763 71 41 .
626 1763 114 41 1965
697 1763 142 41 (objet
782 1763 171 41 construit,

94 1797 188 48 peinture,
238 1797 144 48 dessin
339 1797 87 48 et
382 1797 173 48 collage,
512 1797 101 48 122
570 1797 72 48 x
584 1797 116 48 122).*

57 1830 168 42 9
197 1830 168 42 Innominé
323 1830 70 42 ,
351 1830 112 42 1965
421 1830 140 42 (objet
519 1830 196 42 construit,
673 1830 182 42 peinture,
813 1830 140 42 dessin
897 1830 56 42 et

93 1866 184 50 collage,
230 1866 107 50 122
292 1866 77 50 x
307 1866 107 50 122).

100 1909 139 47 Bin
197 1909 195 47 KONDO
350 1909 83 47 né
392 1909 83 47 en
434 1909 111 47 1937
503 1909 83 47 en
531 1909 111 47 Chine.

44 1948 175 41 10
178 1948 161 41 Peinture
299 1948 81 41 I,
339 1948 108 41 1965
407 1948 134 41 (huile
501 1948 94 41 sur
555 1948 108 41 bois
622 1948 81 41 et
662 1948 161 41 collage,
783 1948 94 41 120
837 1948 67 41 x
850 1948 81 41 80).

42 1974 176 46 11
178 1974 163 46 Peinture
300 1974 95 46 II,
354 1974 108 46 1965
422 1974 136 46 (huile
517 1974 95 46 sur
571 1974 108 46 bois
639 1974 81 46 et
680 1974 163 46 collage,
802 1974 95 46 120
856 1974 68 46 x
870 1974 81 46 80).

43 2013 174 43 12
176 2013 160 43 Peinture
296 2013 107 43 III,
363 2013 107 43 1965
430 2013 134 43 (huile
524 2013 94 43 sur
577 2013 107 43 bois
644 2013 80 43 et
684 2013 160 43 collage,
804 2013 94 43 120
857 2013 67 43 x
871 2013 80 43 80).

95 2071 240 40 Tomoshige
290 2071 225 40 KUSUNO
470 2071 90 40 né
515 2071 90 40 en
560 2071 120 40 1935
635 2071 75 40 à
665 2071 150 40 Vubari
755 2071 150 40 (Japon).

43 2100 181 40 13
182 2100 181 40 Minuscule
322 2100 84 40 et
364 2100 195 40 majuscule,
517 2100 112 40 1965
587 2100 167 40 (dessin,
712 2100 125 40 objet
782 2100 167 40 construit.

97 2135 120 40 cube
172 2135 75 40 à
202 2135 75 40 5
232 2135 135 40 faces
321 2135 120 40 plus
396 2135 75 40 4
426 2135 224 40 conjuguées,
606 2135 90 40 70
650 2135 75 40 x
665 2135 105 40 160).
