<alto xmlns:xsi="http://www.w3.org/2001/XMLSchema-instance" xmlns="http://www.loc.gov/standards/alto/ns-v2#" xmlns:page="http://schema.primaresearch.org/PAGE/gts/pagecontent/2013-07-15" xsi:schemaLocation="http://www.loc.gov/standards/alto/ns-v2# http://www.loc.gov/standards/alto/alto.xsd">
  <Description>
    <MeasurementUnit>mm10</MeasurementUnit>
    <sourceImageInformation>
         <fileName>Cat_Paris_1965-0049.jpg</fileName>
      </sourceImageInformation>
    <OCRProcessing ID="IdOcr">
      <ocrProcessingStep>
        <processingDateTime>2020-11-16T10:47:27.189+01:00</processingDateTime>
        <processingSoftware>
               <softwareCreator>CONTRIBUTORS</softwareCreator>
               <softwareName>pdfalto</softwareName>
               <softwareVersion>0.1</softwareVersion>
            </processingSoftware>
      </ocrProcessingStep>
    </OCRProcessing>
  </Description>
  <Styles>
   <TextStyle ID="FONT0" FONTFAMILY="unknown" FONTSIZE="unknown" FONTSTYLE=""/>
   <TextStyle ID="FONT1" FONTFAMILY="unknown" FONTSIZE="unknown" FONTSTYLE="bold"/>
   <TextStyle ID="FONT2" FONTFAMILY="unknown" FONTSIZE="unknown" FONTSTYLE="italics"/>
  </Styles>
  <Tags/>
  <Layout>
    <Page ID="Page1" PHYSICAL_IMG_NR="1" HEIGHT="2373" WIDTH="1086">
      <PrintSpace HEIGHT="2293" WIDTH="1086" VPOS="80" HPOS="0">
        <TextBlock ID="r_1_1" HEIGHT="51" WIDTH="325" VPOS="93" HPOS="41"/>
        <TextBlock ID="r_2_1" HEIGHT="38" WIDTH="562" VPOS="387" HPOS="182">
          <TextLine ID="tl_2" BASELINE="428" HEIGHT="58" WIDTH="570" VPOS="370" HPOS="178">
            <String HEIGHT="58" WIDTH="267" VPOS="370" HPOS="160" CONTENT="Commissaire" ID="tl_2_1" STYLEREFS="FONT0"/>
            <SP HEIGHT="58" WIDTH="18" VPOS="370" HPOS="427"/>
            <String HEIGHT="58" WIDTH="214" VPOS="370" HPOS="374" CONTENT="général:" ID="tl_2_2" STYLEREFS="FONT0"/>
            <SP HEIGHT="58" WIDTH="18" VPOS="370" HPOS="588"/>
            <String HEIGHT="58" WIDTH="143" VPOS="370" HPOS="534" CONTENT="Eric" ID="tl_2_3" STYLEREFS="FONT0"/>
            <SP HEIGHT="58" WIDTH="18" VPOS="370" HPOS="677"/>
            <String HEIGHT="58" WIDTH="143" VPOS="370" HPOS="606" CONTENT="Tjalve" ID="tl_2_4" STYLEREFS="FONT0"/>
          </TextLine>
        </TextBlock>
        <TextBlock ID="r_2_2" HEIGHT="38" WIDTH="732" VPOS="433" HPOS="179">
          <TextLine ID="tl_3" BASELINE="487" HEIGHT="53" WIDTH="741" VPOS="434" HPOS="174">
            <String HEIGHT="53" WIDTH="112" VPOS="434" HPOS="160" CONTENT="Chef" ID="tl_3_1" STYLEREFS="FONT0"/>
            <SP HEIGHT="53" WIDTH="14" VPOS="434" HPOS="272"/>
            <String HEIGHT="53" WIDTH="84" VPOS="434" HPOS="230" CONTENT="de" ID="tl_3_2" STYLEREFS="FONT0"/>
            <SP HEIGHT="53" WIDTH="14" VPOS="434" HPOS="314"/>
            <String HEIGHT="53" WIDTH="140" VPOS="434" HPOS="272" CONTENT="Bureau" ID="tl_3_3" STYLEREFS="FONT0"/>
            <SP HEIGHT="53" WIDTH="14" VPOS="434" HPOS="412"/>
            <String HEIGHT="53" WIDTH="84" VPOS="434" HPOS="370" CONTENT="au" ID="tl_3_4" STYLEREFS="FONT0"/>
            <SP HEIGHT="53" WIDTH="14" VPOS="434" HPOS="454"/>
            <String HEIGHT="53" WIDTH="182" VPOS="434" HPOS="412" CONTENT="Ministère" ID="tl_3_5" STYLEREFS="FONT0"/>
            <SP HEIGHT="53" WIDTH="14" VPOS="434" HPOS="593"/>
            <String HEIGHT="53" WIDTH="98" VPOS="434" HPOS="551" CONTENT="des" ID="tl_3_6" STYLEREFS="FONT0"/>
            <SP HEIGHT="53" WIDTH="14" VPOS="434" HPOS="649"/>
            <String HEIGHT="53" WIDTH="168" VPOS="434" HPOS="607" CONTENT="Affaires" ID="tl_3_7" STYLEREFS="FONT0"/>
            <SP HEIGHT="53" WIDTH="14" VPOS="434" HPOS="775"/>
            <String HEIGHT="53" WIDTH="196" VPOS="434" HPOS="719" CONTENT="Culturelles." ID="tl_3_8" STYLEREFS="FONT0"/>
          </TextLine>
        </TextBlock>
        <TextBlock ID="r_2_3" HEIGHT="228" WIDTH="853" VPOS="518" HPOS="78">
          <TextLine ID="tl_4" BASELINE="568" HEIGHT="57" WIDTH="814" VPOS="511" HPOS="121">
            <String HEIGHT="57" WIDTH="181" VPOS="511" HPOS="103" CONTENT="Quatre" ID="tl_4_1" STYLEREFS="FONT0"/>
            <SP HEIGHT="57" WIDTH="18" VPOS="511" HPOS="284"/>
            <String HEIGHT="57" WIDTH="199" VPOS="511" HPOS="230" CONTENT="Danois:" ID="tl_4_2" STYLEREFS="FONT0"/>
            <SP HEIGHT="57" WIDTH="18" VPOS="511" HPOS="429"/>
            <String HEIGHT="57" WIDTH="127" VPOS="511" HPOS="374" CONTENT="les" ID="tl_4_3" STYLEREFS="FONT0"/>
            <SP HEIGHT="57" WIDTH="18" VPOS="511" HPOS="501"/>
            <String HEIGHT="57" WIDTH="217" VPOS="511" HPOS="447" CONTENT="peintres" ID="tl_4_4" STYLEREFS="FONT0"/>
            <SP HEIGHT="57" WIDTH="18" VPOS="511" HPOS="664"/>
            <String HEIGHT="57" WIDTH="127" VPOS="511" HPOS="609" CONTENT="Ole" ID="tl_4_5" STYLEREFS="FONT0"/>
            <SP HEIGHT="57" WIDTH="18" VPOS="511" HPOS="736"/>
            <String HEIGHT="57" WIDTH="217" VPOS="511" HPOS="682" CONTENT="Finding," ID="tl_4_6" STYLEREFS="FONT0"/>
            <SP HEIGHT="57" WIDTH="18" VPOS="511" HPOS="899"/>
            <String HEIGHT="57" WIDTH="109" VPOS="511" HPOS="826" CONTENT="Erik" ID="tl_4_7" STYLEREFS="FONT0"/>
          </TextLine>
          <TextLine ID="tl_5" BASELINE="597" HEIGHT="43" WIDTH="856" VPOS="554" HPOS="80">
            <String HEIGHT="43" WIDTH="165" VPOS="554" HPOS="64" CONTENT="Lagoni" ID="tl_5_1" STYLEREFS="FONT0"/>
            <SP HEIGHT="43" WIDTH="16" VPOS="554" HPOS="228"/>
            <String HEIGHT="43" WIDTH="198" VPOS="554" HPOS="179" CONTENT="Jakobsen" ID="tl_5_2" STYLEREFS="FONT0"/>
            <SP HEIGHT="43" WIDTH="16" VPOS="554" HPOS="376"/>
            <String HEIGHT="43" WIDTH="99" VPOS="554" HPOS="327" CONTENT="et" ID="tl_5_3" STYLEREFS="FONT0"/>
            <SP HEIGHT="43" WIDTH="16" VPOS="554" HPOS="426"/>
            <String HEIGHT="43" WIDTH="165" VPOS="554" HPOS="376" CONTENT="Edvard" ID="tl_5_4" STYLEREFS="FONT0"/>
            <SP HEIGHT="43" WIDTH="16" VPOS="554" HPOS="541"/>
            <String HEIGHT="43" WIDTH="230" VPOS="554" HPOS="492" CONTENT="Matwijkiwy" ID="tl_5_5" STYLEREFS="FONT0"/>
            <SP HEIGHT="43" WIDTH="16" VPOS="554" HPOS="722"/>
            <String HEIGHT="43" WIDTH="99" VPOS="554" HPOS="673" CONTENT="et" ID="tl_5_6" STYLEREFS="FONT0"/>
            <SP HEIGHT="43" WIDTH="16" VPOS="554" HPOS="771"/>
            <String HEIGHT="43" WIDTH="99" VPOS="554" HPOS="722" CONTENT="le" ID="tl_5_7" STYLEREFS="FONT0"/>
            <SP HEIGHT="43" WIDTH="16" VPOS="554" HPOS="821"/>
            <String HEIGHT="43" WIDTH="181" VPOS="554" HPOS="755" CONTENT="sculpteur" ID="tl_5_8" STYLEREFS="FONT0"/>
          </TextLine>
          <TextLine ID="tl_6" BASELINE="643" HEIGHT="48" WIDTH="856" VPOS="595" HPOS="78">
            <String HEIGHT="48" WIDTH="117" VPOS="595" HPOS="61" CONTENT="Ole" ID="tl_6_1" STYLEREFS="FONT0"/>
            <SP HEIGHT="48" WIDTH="17" VPOS="595" HPOS="179"/>
            <String HEIGHT="48" WIDTH="252" VPOS="595" HPOS="128" CONTENT="Christensen" ID="tl_6_2" STYLEREFS="FONT0"/>
            <SP HEIGHT="48" WIDTH="17" VPOS="595" HPOS="380"/>
            <String HEIGHT="48" WIDTH="252" VPOS="595" HPOS="330" CONTENT="participent" ID="tl_6_3" STYLEREFS="FONT0"/>
            <SP HEIGHT="48" WIDTH="17" VPOS="595" HPOS="582"/>
            <String HEIGHT="48" WIDTH="84" VPOS="595" HPOS="531" CONTENT="à" ID="tl_6_4" STYLEREFS="FONT0"/>
            <SP HEIGHT="48" WIDTH="17" VPOS="595" HPOS="615"/>
            <String HEIGHT="48" WIDTH="101" VPOS="595" HPOS="565" CONTENT="la" ID="tl_6_5" STYLEREFS="FONT0"/>
            <SP HEIGHT="48" WIDTH="17" VPOS="595" HPOS="665"/>
            <String HEIGHT="48" WIDTH="201" VPOS="595" HPOS="615" CONTENT="Biennale" ID="tl_6_6" STYLEREFS="FONT0"/>
            <SP HEIGHT="48" WIDTH="17" VPOS="595" HPOS="817"/>
            <String HEIGHT="48" WIDTH="101" VPOS="595" HPOS="766" CONTENT="de" ID="tl_6_7" STYLEREFS="FONT0"/>
            <SP HEIGHT="48" WIDTH="17" VPOS="595" HPOS="867"/>
            <String HEIGHT="48" WIDTH="134" VPOS="595" HPOS="800" CONTENT="Paris." ID="tl_6_8" STYLEREFS="FONT0"/>
          </TextLine>
          <TextLine ID="tl_7" BASELINE="675" HEIGHT="47" WIDTH="857" VPOS="628" HPOS="78">
            <String HEIGHT="47" WIDTH="146" VPOS="628" HPOS="62" CONTENT="Leurs" ID="tl_7_1" STYLEREFS="FONT0"/>
            <SP HEIGHT="47" WIDTH="16" VPOS="628" HPOS="207"/>
            <String HEIGHT="47" WIDTH="178" VPOS="628" HPOS="159" CONTENT="travaux" ID="tl_7_2" STYLEREFS="FONT0"/>
            <SP HEIGHT="47" WIDTH="16" VPOS="628" HPOS="337"/>
            <String HEIGHT="47" WIDTH="210" VPOS="628" HPOS="288" CONTENT="reflètent" ID="tl_7_3" STYLEREFS="FONT0"/>
            <SP HEIGHT="47" WIDTH="16" VPOS="628" HPOS="498"/>
            <String HEIGHT="47" WIDTH="113" VPOS="628" HPOS="450" CONTENT="des" ID="tl_7_4" STYLEREFS="FONT0"/>
            <SP HEIGHT="47" WIDTH="16" VPOS="628" HPOS="563"/>
            <String HEIGHT="47" WIDTH="210" VPOS="628" HPOS="515" CONTENT="tendances" ID="tl_7_5" STYLEREFS="FONT0"/>
            <SP HEIGHT="47" WIDTH="16" VPOS="628" HPOS="725"/>
            <String HEIGHT="47" WIDTH="113" VPOS="628" HPOS="676" CONTENT="qui" ID="tl_7_6" STYLEREFS="FONT0"/>
            <SP HEIGHT="47" WIDTH="16" VPOS="628" HPOS="789"/>
            <String HEIGHT="47" WIDTH="210" VPOS="628" HPOS="725" CONTENT="préoccupent" ID="tl_7_7" STYLEREFS="FONT0"/>
          </TextLine>
          <TextLine ID="tl_8" BASELINE="720" HEIGHT="53" WIDTH="861" VPOS="667" HPOS="75">
            <String HEIGHT="53" WIDTH="203" VPOS="667" HPOS="58" CONTENT="beaucoup" ID="tl_8_1" STYLEREFS="FONT0"/>
            <SP HEIGHT="53" WIDTH="17" VPOS="667" HPOS="261"/>
            <String HEIGHT="53" WIDTH="101" VPOS="667" HPOS="210" CONTENT="de" ID="tl_8_2" STYLEREFS="FONT0"/>
            <SP HEIGHT="53" WIDTH="17" VPOS="667" HPOS="311"/>
            <String HEIGHT="53" WIDTH="169" VPOS="667" HPOS="261" CONTENT="jeunes" ID="tl_8_3" STYLEREFS="FONT0"/>
            <SP HEIGHT="53" WIDTH="17" VPOS="667" HPOS="430"/>
            <String HEIGHT="53" WIDTH="203" VPOS="667" HPOS="379" CONTENT="artistes" ID="tl_8_4" STYLEREFS="FONT0"/>
            <SP HEIGHT="53" WIDTH="17" VPOS="667" HPOS="581"/>
            <String HEIGHT="53" WIDTH="236" VPOS="667" HPOS="531" CONTENT="européens," ID="tl_8_5" STYLEREFS="FONT0"/>
            <SP HEIGHT="53" WIDTH="17" VPOS="667" HPOS="767"/>
            <String HEIGHT="53" WIDTH="236" VPOS="667" HPOS="700" CONTENT="interprétées" ID="tl_8_6" STYLEREFS="FONT0"/>
          </TextLine>
          <TextLine ID="tl_9" BASELINE="756" HEIGHT="51" WIDTH="658" VPOS="705" HPOS="74">
            <String HEIGHT="51" WIDTH="156" VPOS="705" HPOS="57" CONTENT="d’une" ID="tl_9_1" STYLEREFS="FONT0"/>
            <SP HEIGHT="51" WIDTH="17" VPOS="705" HPOS="213"/>
            <String HEIGHT="51" WIDTH="156" VPOS="705" HPOS="161" CONTENT="façon" ID="tl_9_2" STYLEREFS="FONT0"/>
            <SP HEIGHT="51" WIDTH="17" VPOS="705" HPOS="316"/>
            <String HEIGHT="51" WIDTH="277" VPOS="705" HPOS="264" CONTENT="indépendante" ID="tl_9_3" STYLEREFS="FONT0"/>
            <SP HEIGHT="51" WIDTH="17" VPOS="705" HPOS="542"/>
            <String HEIGHT="51" WIDTH="104" VPOS="705" HPOS="490" CONTENT="et" ID="tl_9_4" STYLEREFS="FONT0"/>
            <SP HEIGHT="51" WIDTH="17" VPOS="705" HPOS="593"/>
            <String HEIGHT="51" WIDTH="208" VPOS="705" HPOS="524" CONTENT="originale." ID="tl_9_5" STYLEREFS="FONT0"/>
          </TextLine>
        </TextBlock>
        <TextBlock ID="r_2_4" HEIGHT="377" WIDTH="856" VPOS="758" HPOS="75">
          <TextLine ID="tl_10" BASELINE="800" HEIGHT="47" WIDTH="818" VPOS="753" HPOS="118">
            <String HEIGHT="47" WIDTH="176" VPOS="753" HPOS="102" CONTENT="L’aîné," ID="tl_10_1" STYLEREFS="FONT0"/>
            <SP HEIGHT="47" WIDTH="16" VPOS="753" HPOS="278"/>
            <String HEIGHT="47" WIDTH="128" VPOS="753" HPOS="230" CONTENT="Erik" ID="tl_10_2" STYLEREFS="FONT0"/>
            <SP HEIGHT="47" WIDTH="16" VPOS="753" HPOS="359"/>
            <String HEIGHT="47" WIDTH="160" VPOS="753" HPOS="310" CONTENT="Lagoni" ID="tl_10_3" STYLEREFS="FONT0"/>
            <SP HEIGHT="47" WIDTH="16" VPOS="753" HPOS="471"/>
            <String HEIGHT="47" WIDTH="192" VPOS="753" HPOS="423" CONTENT="Jakobsen" ID="tl_10_4" STYLEREFS="FONT0"/>
            <SP HEIGHT="47" WIDTH="16" VPOS="753" HPOS="615"/>
            <String HEIGHT="47" WIDTH="112" VPOS="753" HPOS="567" CONTENT="est" ID="tl_10_5" STYLEREFS="FONT0"/>
            <SP HEIGHT="47" WIDTH="16" VPOS="753" HPOS="679"/>
            <String HEIGHT="47" WIDTH="96" VPOS="753" HPOS="631" CONTENT="né" ID="tl_10_6" STYLEREFS="FONT0"/>
            <SP HEIGHT="47" WIDTH="16" VPOS="753" HPOS="727"/>
            <String HEIGHT="47" WIDTH="96" VPOS="753" HPOS="679" CONTENT="en" ID="tl_10_7" STYLEREFS="FONT0"/>
            <SP HEIGHT="47" WIDTH="16" VPOS="753" HPOS="776"/>
            <String HEIGHT="47" WIDTH="144" VPOS="753" HPOS="727" CONTENT="1930." ID="tl_10_8" STYLEREFS="FONT0"/>
            <SP HEIGHT="47" WIDTH="16" VPOS="753" HPOS="872"/>
            <String HEIGHT="47" WIDTH="96" VPOS="753" HPOS="824" CONTENT="Il" ID="tl_10_9" STYLEREFS="FONT0"/>
            <SP HEIGHT="47" WIDTH="16" VPOS="753" HPOS="920"/>
            <String HEIGHT="47" WIDTH="80" VPOS="753" HPOS="856" CONTENT="est" ID="tl_10_10" STYLEREFS="FONT0"/>
          </TextLine>
          <TextLine ID="tl_11" BASELINE="841" HEIGHT="42" WIDTH="862" VPOS="799" HPOS="74">
            <String HEIGHT="42" WIDTH="144" VPOS="799" HPOS="58" CONTENT="celui" ID="tl_11_1" STYLEREFS="FONT0"/>
            <SP HEIGHT="42" WIDTH="16" VPOS="799" HPOS="202"/>
            <String HEIGHT="42" WIDTH="112" VPOS="799" HPOS="154" CONTENT="qui" ID="tl_11_2" STYLEREFS="FONT0"/>
            <SP HEIGHT="42" WIDTH="16" VPOS="799" HPOS="266"/>
            <String HEIGHT="42" WIDTH="128" VPOS="799" HPOS="218" CONTENT="doit" ID="tl_11_3" STYLEREFS="FONT0"/>
            <SP HEIGHT="42" WIDTH="16" VPOS="799" HPOS="345"/>
            <String HEIGHT="42" WIDTH="96" VPOS="799" HPOS="297" CONTENT="le" ID="tl_11_4" STYLEREFS="FONT0"/>
            <SP HEIGHT="42" WIDTH="16" VPOS="799" HPOS="393"/>
            <String HEIGHT="42" WIDTH="128" VPOS="799" HPOS="345" CONTENT="plus" ID="tl_11_5" STYLEREFS="FONT0"/>
            <SP HEIGHT="42" WIDTH="16" VPOS="799" HPOS="473"/>
            <String HEIGHT="42" WIDTH="80" VPOS="799" HPOS="425" CONTENT="à" ID="tl_11_6" STYLEREFS="FONT0"/>
            <SP HEIGHT="42" WIDTH="16" VPOS="799" HPOS="505"/>
            <String HEIGHT="42" WIDTH="112" VPOS="799" HPOS="457" CONTENT="ses" ID="tl_11_7" STYLEREFS="FONT0"/>
            <SP HEIGHT="42" WIDTH="16" VPOS="799" HPOS="569"/>
            <String HEIGHT="42" WIDTH="271" VPOS="799" HPOS="521" CONTENT="prédécesseurs" ID="tl_11_8" STYLEREFS="FONT0"/>
            <SP HEIGHT="42" WIDTH="16" VPOS="799" HPOS="792"/>
            <String HEIGHT="42" WIDTH="192" VPOS="799" HPOS="744" CONTENT="cubistes" ID="tl_11_9" STYLEREFS="FONT0"/>
            <SP HEIGHT="42" WIDTH="16" VPOS="799" HPOS="936"/>
            <String HEIGHT="42" WIDTH="64" VPOS="799" HPOS="872" CONTENT="et" ID="tl_11_10" STYLEREFS="FONT0"/>
          </TextLine>
          <TextLine ID="tl_12" BASELINE="874" HEIGHT="40" WIDTH="861" VPOS="834" HPOS="73">
            <String HEIGHT="40" WIDTH="227" VPOS="834" HPOS="57" CONTENT="dadaistes," ID="tl_12_1" STYLEREFS="FONT0"/>
            <SP HEIGHT="40" WIDTH="16" VPOS="834" HPOS="284"/>
            <String HEIGHT="40" WIDTH="179" VPOS="834" HPOS="235" CONTENT="s’étant" ID="tl_12_2" STYLEREFS="FONT0"/>
            <SP HEIGHT="40" WIDTH="16" VPOS="834" HPOS="414"/>
            <String HEIGHT="40" WIDTH="179" VPOS="834" HPOS="365" CONTENT="surtout" ID="tl_12_3" STYLEREFS="FONT0"/>
            <SP HEIGHT="40" WIDTH="16" VPOS="834" HPOS="544"/>
            <String HEIGHT="40" WIDTH="162" VPOS="834" HPOS="495" CONTENT="occupé" ID="tl_12_4" STYLEREFS="FONT0"/>
            <SP HEIGHT="40" WIDTH="16" VPOS="834" HPOS="658"/>
            <String HEIGHT="40" WIDTH="114" VPOS="834" HPOS="609" CONTENT="des" ID="tl_12_5" STYLEREFS="FONT0"/>
            <SP HEIGHT="40" WIDTH="16" VPOS="834" HPOS="723"/>
            <String HEIGHT="40" WIDTH="260" VPOS="834" HPOS="674" CONTENT="possibilités" ID="tl_12_6" STYLEREFS="FONT0"/>
            <SP HEIGHT="40" WIDTH="16" VPOS="834" HPOS="934"/>
            <String HEIGHT="40" WIDTH="65" VPOS="834" HPOS="869" CONTENT="de" ID="tl_12_7" STYLEREFS="FONT0"/>
          </TextLine>
          <TextLine ID="tl_13" BASELINE="914" HEIGHT="45" WIDTH="863" VPOS="869" HPOS="72">
            <String HEIGHT="45" WIDTH="195" VPOS="869" HPOS="56" CONTENT="collage." ID="tl_13_1" STYLEREFS="FONT0"/>
            <SP HEIGHT="45" WIDTH="16" VPOS="869" HPOS="251"/>
            <String HEIGHT="45" WIDTH="147" VPOS="869" HPOS="202" CONTENT="Elève" ID="tl_13_2" STYLEREFS="FONT0"/>
            <SP HEIGHT="45" WIDTH="16" VPOS="869" HPOS="349"/>
            <String HEIGHT="45" WIDTH="195" VPOS="869" HPOS="300" CONTENT="sensible" ID="tl_13_3" STYLEREFS="FONT0"/>
            <SP HEIGHT="45" WIDTH="16" VPOS="869" HPOS="495"/>
            <String HEIGHT="45" WIDTH="98" VPOS="869" HPOS="447" CONTENT="de" ID="tl_13_4" STYLEREFS="FONT0"/>
            <SP HEIGHT="45" WIDTH="16" VPOS="869" HPOS="544"/>
            <String HEIGHT="45" WIDTH="130" VPOS="869" HPOS="495" CONTENT="Kurt" ID="tl_13_5" STYLEREFS="FONT0"/>
            <SP HEIGHT="45" WIDTH="16" VPOS="869" HPOS="626"/>
            <String HEIGHT="45" WIDTH="228" VPOS="869" HPOS="577" CONTENT="Schwitters" ID="tl_13_6" STYLEREFS="FONT0"/>
            <SP HEIGHT="45" WIDTH="16" VPOS="869" HPOS="805"/>
            <String HEIGHT="45" WIDTH="98" VPOS="869" HPOS="756" CONTENT="il" ID="tl_13_7" STYLEREFS="FONT0"/>
            <SP HEIGHT="45" WIDTH="16" VPOS="869" HPOS="854"/>
            <String HEIGHT="45" WIDTH="81" VPOS="869" HPOS="805" CONTENT="a" ID="tl_13_8" STYLEREFS="FONT0"/>
            <SP HEIGHT="45" WIDTH="16" VPOS="869" HPOS="886"/>
            <String HEIGHT="45" WIDTH="98" VPOS="869" HPOS="837" CONTENT="vu" ID="tl_13_9" STYLEREFS="FONT0"/>
            <SP HEIGHT="45" WIDTH="16" VPOS="869" HPOS="935"/>
            <String HEIGHT="45" WIDTH="65" VPOS="869" HPOS="870" CONTENT="la" ID="tl_13_10" STYLEREFS="FONT0"/>
          </TextLine>
          <TextLine ID="tl_14" BASELINE="950" HEIGHT="41" WIDTH="861" VPOS="909" HPOS="74">
            <String HEIGHT="41" WIDTH="176" VPOS="909" HPOS="56" CONTENT="beauté" ID="tl_14_1" STYLEREFS="FONT0"/>
            <SP HEIGHT="41" WIDTH="18" VPOS="909" HPOS="232"/>
            <String HEIGHT="41" WIDTH="123" VPOS="909" HPOS="179" CONTENT="des" ID="tl_14_2" STYLEREFS="FONT0"/>
            <SP HEIGHT="41" WIDTH="18" VPOS="909" HPOS="302"/>
            <String HEIGHT="41" WIDTH="176" VPOS="909" HPOS="250" CONTENT="choses" ID="tl_14_3" STYLEREFS="FONT0"/>
            <SP HEIGHT="41" WIDTH="18" VPOS="909" HPOS="425"/>
            <String HEIGHT="41" WIDTH="193" VPOS="909" HPOS="373" CONTENT="humbles" ID="tl_14_4" STYLEREFS="FONT0"/>
            <SP HEIGHT="41" WIDTH="18" VPOS="909" HPOS="566"/>
            <String HEIGHT="41" WIDTH="123" VPOS="909" HPOS="513" CONTENT="qui" ID="tl_14_5" STYLEREFS="FONT0"/>
            <SP HEIGHT="41" WIDTH="18" VPOS="909" HPOS="636"/>
            <String HEIGHT="41" WIDTH="105" VPOS="909" HPOS="584" CONTENT="se" ID="tl_14_6" STYLEREFS="FONT0"/>
            <SP HEIGHT="41" WIDTH="18" VPOS="909" HPOS="689"/>
            <String HEIGHT="41" WIDTH="211" VPOS="909" HPOS="636" CONTENT="trouvent" ID="tl_14_7" STYLEREFS="FONT0"/>
            <SP HEIGHT="41" WIDTH="18" VPOS="909" HPOS="847"/>
            <String HEIGHT="41" WIDTH="141" VPOS="909" HPOS="794" CONTENT="dans" ID="tl_14_8" STYLEREFS="FONT0"/>
            <SP HEIGHT="41" WIDTH="18" VPOS="909" HPOS="935"/>
            <String HEIGHT="41" WIDTH="70" VPOS="909" HPOS="865" CONTENT="la" ID="tl_14_9" STYLEREFS="FONT0"/>
          </TextLine>
          <TextLine ID="tl_15" BASELINE="987" HEIGHT="40" WIDTH="864" VPOS="947" HPOS="70">
            <String HEIGHT="40" WIDTH="201" VPOS="947" HPOS="55" CONTENT="ferraille" ID="tl_15_1" STYLEREFS="FONT0"/>
            <SP HEIGHT="40" WIDTH="15" VPOS="947" HPOS="255"/>
            <String HEIGHT="40" WIDTH="93" VPOS="947" HPOS="209" CONTENT="ou" ID="tl_15_2" STYLEREFS="FONT0"/>
            <SP HEIGHT="40" WIDTH="15" VPOS="947" HPOS="301"/>
            <String HEIGHT="40" WIDTH="139" VPOS="947" HPOS="255" CONTENT="parmi" ID="tl_15_3" STYLEREFS="FONT0"/>
            <SP HEIGHT="40" WIDTH="15" VPOS="947" HPOS="394"/>
            <String HEIGHT="40" WIDTH="108" VPOS="947" HPOS="348" CONTENT="les" ID="tl_15_4" STYLEREFS="FONT0"/>
            <SP HEIGHT="40" WIDTH="15" VPOS="947" HPOS="456"/>
            <String HEIGHT="40" WIDTH="154" VPOS="947" HPOS="409" CONTENT="épaves" ID="tl_15_5" STYLEREFS="FONT0"/>
            <SP HEIGHT="40" WIDTH="15" VPOS="947" HPOS="564"/>
            <String HEIGHT="40" WIDTH="185" VPOS="947" HPOS="517" CONTENT="rejetées" ID="tl_15_6" STYLEREFS="FONT0"/>
            <SP HEIGHT="40" WIDTH="15" VPOS="947" HPOS="703"/>
            <String HEIGHT="40" WIDTH="108" VPOS="947" HPOS="656" CONTENT="par" ID="tl_15_7" STYLEREFS="FONT0"/>
            <SP HEIGHT="40" WIDTH="15" VPOS="947" HPOS="764"/>
            <String HEIGHT="40" WIDTH="93" VPOS="947" HPOS="718" CONTENT="la" ID="tl_15_8" STYLEREFS="FONT0"/>
            <SP HEIGHT="40" WIDTH="15" VPOS="947" HPOS="811"/>
            <String HEIGHT="40" WIDTH="123" VPOS="947" HPOS="764" CONTENT="mer." ID="tl_15_9" STYLEREFS="FONT0"/>
            <SP HEIGHT="40" WIDTH="15" VPOS="947" HPOS="888"/>
            <String HEIGHT="40" WIDTH="108" VPOS="947" HPOS="826" CONTENT="Ayant" ID="tl_15_10" STYLEREFS="FONT0"/>
          </TextLine>
          <TextLine ID="tl_16" BASELINE="1027" HEIGHT="43" WIDTH="862" VPOS="984" HPOS="72">
            <String HEIGHT="43" WIDTH="99" VPOS="984" HPOS="55" CONTENT="le" ID="tl_16_1" STYLEREFS="FONT0"/>
            <SP HEIGHT="43" WIDTH="17" VPOS="984" HPOS="155"/>
            <String HEIGHT="43" WIDTH="133" VPOS="984" HPOS="105" CONTENT="sens" ID="tl_16_2" STYLEREFS="FONT0"/>
            <SP HEIGHT="43" WIDTH="17" VPOS="984" HPOS="238"/>
            <String HEIGHT="43" WIDTH="116" VPOS="984" HPOS="188" CONTENT="des" ID="tl_16_3" STYLEREFS="FONT0"/>
            <SP HEIGHT="43" WIDTH="17" VPOS="984" HPOS="304"/>
            <String HEIGHT="43" WIDTH="216" VPOS="984" HPOS="254" CONTENT="richesses" ID="tl_16_4" STYLEREFS="FONT0"/>
            <SP HEIGHT="43" WIDTH="17" VPOS="984" HPOS="470"/>
            <String HEIGHT="43" WIDTH="116" VPOS="984" HPOS="420" CONTENT="des" ID="tl_16_5" STYLEREFS="FONT0"/>
            <SP HEIGHT="43" WIDTH="17" VPOS="984" HPOS="536"/>
            <String HEIGHT="43" WIDTH="216" VPOS="984" HPOS="486" CONTENT="matériaux" ID="tl_16_6" STYLEREFS="FONT0"/>
            <SP HEIGHT="43" WIDTH="17" VPOS="984" HPOS="702"/>
            <String HEIGHT="43" WIDTH="99" VPOS="984" HPOS="652" CONTENT="et" ID="tl_16_7" STYLEREFS="FONT0"/>
            <SP HEIGHT="43" WIDTH="17" VPOS="984" HPOS="752"/>
            <String HEIGHT="43" WIDTH="116" VPOS="984" HPOS="702" CONTENT="des" ID="tl_16_8" STYLEREFS="FONT0"/>
            <SP HEIGHT="43" WIDTH="17" VPOS="984" HPOS="818"/>
            <String HEIGHT="43" WIDTH="182" VPOS="984" HPOS="752" CONTENT="tissages," ID="tl_16_9" STYLEREFS="FONT0"/>
          </TextLine>
          <TextLine ID="tl_17" BASELINE="1067" HEIGHT="46" WIDTH="864" VPOS="1021" HPOS="70">
            <String HEIGHT="46" WIDTH="114" VPOS="1021" HPOS="54" CONTENT="des" ID="tl_17_1" STYLEREFS="FONT0"/>
            <SP HEIGHT="46" WIDTH="16" VPOS="1021" HPOS="168"/>
            <String HEIGHT="46" WIDTH="245" VPOS="1021" HPOS="119" CONTENT="proportions" ID="tl_17_2" STYLEREFS="FONT0"/>
            <SP HEIGHT="46" WIDTH="16" VPOS="1021" HPOS="363"/>
            <String HEIGHT="46" WIDTH="98" VPOS="1021" HPOS="315" CONTENT="et" ID="tl_17_3" STYLEREFS="FONT0"/>
            <SP HEIGHT="46" WIDTH="16" VPOS="1021" HPOS="412"/>
            <String HEIGHT="46" WIDTH="114" VPOS="1021" HPOS="363" CONTENT="des" ID="tl_17_4" STYLEREFS="FONT0"/>
            <SP HEIGHT="46" WIDTH="16" VPOS="1021" HPOS="478"/>
            <String HEIGHT="46" WIDTH="245" VPOS="1021" HPOS="429" CONTENT="équilibres," ID="tl_17_5" STYLEREFS="FONT0"/>
            <SP HEIGHT="46" WIDTH="16" VPOS="1021" HPOS="673"/>
            <String HEIGHT="46" WIDTH="98" VPOS="1021" HPOS="624" CONTENT="il" ID="tl_17_6" STYLEREFS="FONT0"/>
            <SP HEIGHT="46" WIDTH="16" VPOS="1021" HPOS="722"/>
            <String HEIGHT="46" WIDTH="130" VPOS="1021" HPOS="673" CONTENT="créé" ID="tl_17_7" STYLEREFS="FONT0"/>
            <SP HEIGHT="46" WIDTH="16" VPOS="1021" HPOS="804"/>
            <String HEIGHT="46" WIDTH="114" VPOS="1021" HPOS="755" CONTENT="des" ID="tl_17_8" STYLEREFS="FONT0"/>
            <SP HEIGHT="46" WIDTH="16" VPOS="1021" HPOS="869"/>
            <String HEIGHT="46" WIDTH="130" VPOS="1021" HPOS="804" CONTENT="œuvres" ID="tl_17_9" STYLEREFS="FONT0"/>
          </TextLine>
          <TextLine ID="tl_18" BASELINE="1100" HEIGHT="38" WIDTH="864" VPOS="1062" HPOS="70">
            <String HEIGHT="38" WIDTH="119" VPOS="1062" HPOS="53" CONTENT="qui" ID="tl_18_1" STYLEREFS="FONT0"/>
            <SP HEIGHT="38" WIDTH="17" VPOS="1062" HPOS="172"/>
            <String HEIGHT="38" WIDTH="237" VPOS="1062" HPOS="121" CONTENT="trahissent" ID="tl_18_2" STYLEREFS="FONT0"/>
            <SP HEIGHT="38" WIDTH="17" VPOS="1062" HPOS="358"/>
            <String HEIGHT="38" WIDTH="119" VPOS="1062" HPOS="307" CONTENT="une" ID="tl_18_3" STYLEREFS="FONT0"/>
            <SP HEIGHT="38" WIDTH="17" VPOS="1062" HPOS="426"/>
            <String HEIGHT="38" WIDTH="220" VPOS="1062" HPOS="375" CONTENT="recherche" ID="tl_18_4" STYLEREFS="FONT0"/>
            <SP HEIGHT="38" WIDTH="17" VPOS="1062" HPOS="595"/>
            <String HEIGHT="38" WIDTH="237" VPOS="1062" HPOS="544" CONTENT="esthétique" ID="tl_18_5" STYLEREFS="FONT0"/>
            <SP HEIGHT="38" WIDTH="17" VPOS="1062" HPOS="782"/>
            <String HEIGHT="38" WIDTH="102" VPOS="1062" HPOS="731" CONTENT="et" ID="tl_18_6" STYLEREFS="FONT0"/>
            <SP HEIGHT="38" WIDTH="17" VPOS="1062" HPOS="832"/>
            <String HEIGHT="38" WIDTH="102" VPOS="1062" HPOS="782" CONTENT="un" ID="tl_18_7" STYLEREFS="FONT0"/>
            <SP HEIGHT="38" WIDTH="17" VPOS="1062" HPOS="883"/>
            <String HEIGHT="38" WIDTH="119" VPOS="1062" HPOS="815" CONTENT="espit" ID="tl_18_8" STYLEREFS="FONT0"/>
          </TextLine>
          <TextLine ID="tl_19" BASELINE="1145" HEIGHT="52" WIDTH="267" VPOS="1093" HPOS="70">
            <String HEIGHT="52" WIDTH="107" VPOS="1093" HPOS="52" CONTENT="de" ID="tl_19_1" STYLEREFS="FONT0"/>
            <SP HEIGHT="52" WIDTH="18" VPOS="1093" HPOS="159"/>
            <String HEIGHT="52" WIDTH="249" VPOS="1093" HPOS="88" CONTENT="pondération." ID="tl_19_2" STYLEREFS="FONT0"/>
          </TextLine>
        </TextBlock>
        <TextBlock ID="r_2_5" HEIGHT="180" WIDTH="855" VPOS="1150" HPOS="74">
          <TextLine ID="tl_20" BASELINE="1192" HEIGHT="57" WIDTH="817" VPOS="1135" HPOS="116">
            <String HEIGHT="57" WIDTH="102" VPOS="1135" HPOS="99" CONTENT="De" ID="tl_20_1" STYLEREFS="FONT0"/>
            <SP HEIGHT="57" WIDTH="17" VPOS="1135" HPOS="201"/>
            <String HEIGHT="57" WIDTH="204" VPOS="1135" HPOS="150" CONTENT="nombreux" ID="tl_20_2" STYLEREFS="FONT0"/>
            <SP HEIGHT="57" WIDTH="17" VPOS="1135" HPOS="354"/>
            <String HEIGHT="57" WIDTH="221" VPOS="1135" HPOS="303" CONTENT="peintres," ID="tl_20_3" STYLEREFS="FONT0"/>
            <SP HEIGHT="57" WIDTH="17" VPOS="1135" HPOS="524"/>
            <String HEIGHT="57" WIDTH="102" VPOS="1135" HPOS="473" CONTENT="au" ID="tl_20_4" STYLEREFS="FONT0"/>
            <SP HEIGHT="57" WIDTH="17" VPOS="1135" HPOS="576"/>
            <String HEIGHT="57" WIDTH="221" VPOS="1135" HPOS="525" CONTENT="Danemark," ID="tl_20_5" STYLEREFS="FONT0"/>
            <SP HEIGHT="57" WIDTH="17" VPOS="1135" HPOS="746"/>
            <String HEIGHT="57" WIDTH="136" VPOS="1135" HPOS="695" CONTENT="dans" ID="tl_20_6" STYLEREFS="FONT0"/>
            <SP HEIGHT="57" WIDTH="17" VPOS="1135" HPOS="831"/>
            <String HEIGHT="57" WIDTH="102" VPOS="1135" HPOS="780" CONTENT="la" ID="tl_20_7" STYLEREFS="FONT0"/>
            <SP HEIGHT="57" WIDTH="17" VPOS="1135" HPOS="882"/>
            <String HEIGHT="57" WIDTH="119" VPOS="1135" HPOS="814" CONTENT="jeune" ID="tl_20_8" STYLEREFS="FONT0"/>
          </TextLine>
          <TextLine ID="tl_21" BASELINE="1226" HEIGHT="40" WIDTH="862" VPOS="1186" HPOS="71">
            <String HEIGHT="40" WIDTH="244" VPOS="1186" HPOS="55" CONTENT="génération," ID="tl_21_1" STYLEREFS="FONT0"/>
            <SP HEIGHT="40" WIDTH="16" VPOS="1186" HPOS="299"/>
            <String HEIGHT="40" WIDTH="179" VPOS="1186" HPOS="250" CONTENT="veulent" ID="tl_21_2" STYLEREFS="FONT0"/>
            <SP HEIGHT="40" WIDTH="16" VPOS="1186" HPOS="429"/>
            <String HEIGHT="40" WIDTH="195" VPOS="1186" HPOS="380" CONTENT="redonner" ID="tl_21_3" STYLEREFS="FONT0"/>
            <SP HEIGHT="40" WIDTH="16" VPOS="1186" HPOS="575"/>
            <String HEIGHT="40" WIDTH="114" VPOS="1186" HPOS="526" CONTENT="une" ID="tl_21_4" STYLEREFS="FONT0"/>
            <SP HEIGHT="40" WIDTH="16" VPOS="1186" HPOS="640"/>
            <String HEIGHT="40" WIDTH="146" VPOS="1186" HPOS="591" CONTENT="place" ID="tl_21_5" STYLEREFS="FONT0"/>
            <SP HEIGHT="40" WIDTH="16" VPOS="1186" HPOS="738"/>
            <String HEIGHT="40" WIDTH="114" VPOS="1186" HPOS="689" CONTENT="aux" ID="tl_21_6" STYLEREFS="FONT0"/>
            <SP HEIGHT="40" WIDTH="16" VPOS="1186" HPOS="803"/>
            <String HEIGHT="40" WIDTH="163" VPOS="1186" HPOS="754" CONTENT="traits" ID="tl_21_7" STYLEREFS="FONT0"/>
            <SP HEIGHT="40" WIDTH="16" VPOS="1186" HPOS="917"/>
            <String HEIGHT="40" WIDTH="81" VPOS="1186" HPOS="852" CONTENT="fi" SUBS_TYPE="HypPart1" SUBS_CONTENT="figuratifs" ID="tl_21_8" STYLEREFS="FONT0"/>
            <HYP CONTENT="-"/>
          </TextLine>
          <TextLine ID="tl_22" BASELINE="1267" HEIGHT="44" WIDTH="861" VPOS="1223" HPOS="71">
            <String HEIGHT="44" WIDTH="195" VPOS="1223" HPOS="55" CONTENT="guratifs" SUBS_TYPE="HypPart2" SUBS_CONTENT="figuratifs" ID="tl_22_1" STYLEREFS="FONT0"/>
            <SP HEIGHT="44" WIDTH="16" VPOS="1223" HPOS="250"/>
            <String HEIGHT="44" WIDTH="97" VPOS="1223" HPOS="201" CONTENT="et" ID="tl_22_2" STYLEREFS="FONT0"/>
            <SP HEIGHT="44" WIDTH="16" VPOS="1223" HPOS="298"/>
            <String HEIGHT="44" WIDTH="211" VPOS="1223" HPOS="250" CONTENT="réalistes" ID="tl_22_3" STYLEREFS="FONT0"/>
            <SP HEIGHT="44" WIDTH="16" VPOS="1223" HPOS="461"/>
            <String HEIGHT="44" WIDTH="130" VPOS="1223" HPOS="412" CONTENT="mais" ID="tl_22_4" STYLEREFS="FONT0"/>
            <SP HEIGHT="44" WIDTH="16" VPOS="1223" HPOS="542"/>
            <String HEIGHT="44" WIDTH="114" VPOS="1223" HPOS="493" CONTENT="ils" ID="tl_22_5" STYLEREFS="FONT0"/>
            <SP HEIGHT="44" WIDTH="16" VPOS="1223" HPOS="607"/>
            <String HEIGHT="44" WIDTH="97" VPOS="1223" HPOS="558" CONTENT="se" ID="tl_22_6" STYLEREFS="FONT0"/>
            <SP HEIGHT="44" WIDTH="16" VPOS="1223" HPOS="656"/>
            <String HEIGHT="44" WIDTH="179" VPOS="1223" HPOS="607" CONTENT="servent" ID="tl_22_7" STYLEREFS="FONT0"/>
            <SP HEIGHT="44" WIDTH="16" VPOS="1223" HPOS="786"/>
            <String HEIGHT="44" WIDTH="146" VPOS="1223" HPOS="737" CONTENT="d’une" ID="tl_22_8" STYLEREFS="FONT0"/>
            <SP HEIGHT="44" WIDTH="16" VPOS="1223" HPOS="883"/>
            <String HEIGHT="44" WIDTH="114" VPOS="1223" HPOS="818" CONTENT="façon" ID="tl_22_9" STYLEREFS="FONT0"/>
          </TextLine>
          <TextLine ID="tl_23" BASELINE="1299" HEIGHT="40" WIDTH="862" VPOS="1259" HPOS="69">
            <String HEIGHT="40" WIDTH="125" VPOS="1259" HPOS="53" CONTENT="très" ID="tl_23_1" STYLEREFS="FONT0"/>
            <SP HEIGHT="40" WIDTH="16" VPOS="1259" HPOS="179"/>
            <String HEIGHT="40" WIDTH="141" VPOS="1259" HPOS="132" CONTENT="libre" ID="tl_23_2" STYLEREFS="FONT0"/>
            <SP HEIGHT="40" WIDTH="16" VPOS="1259" HPOS="273"/>
            <String HEIGHT="40" WIDTH="94" VPOS="1259" HPOS="226" CONTENT="de" ID="tl_23_3" STYLEREFS="FONT0"/>
            <SP HEIGHT="40" WIDTH="16" VPOS="1259" HPOS="320"/>
            <String HEIGHT="40" WIDTH="172" VPOS="1259" HPOS="273" CONTENT="l’objet" ID="tl_23_4" STYLEREFS="FONT0"/>
            <SP HEIGHT="40" WIDTH="16" VPOS="1259" HPOS="445"/>
            <String HEIGHT="40" WIDTH="94" VPOS="1259" HPOS="398" CONTENT="et" ID="tl_23_5" STYLEREFS="FONT0"/>
            <SP HEIGHT="40" WIDTH="16" VPOS="1259" HPOS="492"/>
            <String HEIGHT="40" WIDTH="188" VPOS="1259" HPOS="445" CONTENT="laissent" ID="tl_23_6" STYLEREFS="FONT0"/>
            <SP HEIGHT="40" WIDTH="16" VPOS="1259" HPOS="633"/>
            <String HEIGHT="40" WIDTH="141" VPOS="1259" HPOS="586" CONTENT="libre" ID="tl_23_7" STYLEREFS="FONT0"/>
            <SP HEIGHT="40" WIDTH="16" VPOS="1259" HPOS="727"/>
            <String HEIGHT="40" WIDTH="141" VPOS="1259" HPOS="680" CONTENT="cours" ID="tl_23_8" STYLEREFS="FONT0"/>
            <SP HEIGHT="40" WIDTH="16" VPOS="1259" HPOS="821"/>
            <String HEIGHT="40" WIDTH="78" VPOS="1259" HPOS="774" CONTENT="à" ID="tl_23_9" STYLEREFS="FONT0"/>
            <SP HEIGHT="40" WIDTH="16" VPOS="1259" HPOS="853"/>
            <String HEIGHT="40" WIDTH="94" VPOS="1259" HPOS="806" CONTENT="la" ID="tl_23_10" STYLEREFS="FONT0"/>
            <SP HEIGHT="40" WIDTH="16" VPOS="1259" HPOS="900"/>
            <String HEIGHT="40" WIDTH="94" VPOS="1259" HPOS="837" CONTENT="fan" ID="tl_23_11" STYLEREFS="FONT0"/>
          </TextLine>
          <TextLine ID="tl_24" BASELINE="1337" HEIGHT="43" WIDTH="102" VPOS="1294" HPOS="69">
            <String HEIGHT="43" WIDTH="131" VPOS="1294" HPOS="40" CONTENT="taisie." ID="tl_24_1" STYLEREFS="FONT0"/>
          </TextLine>
        </TextBlock>
        <TextBlock ID="r_2_6" HEIGHT="265" WIDTH="853" VPOS="1350" HPOS="76">
          <TextLine ID="tl_25" BASELINE="1387" HEIGHT="51" WIDTH="819" VPOS="1336" HPOS="114">
            <String HEIGHT="51" WIDTH="127" VPOS="1336" HPOS="96" CONTENT="Ole" ID="tl_25_1" STYLEREFS="FONT0"/>
            <SP HEIGHT="51" WIDTH="18" VPOS="1336" HPOS="223"/>
            <String HEIGHT="51" WIDTH="200" VPOS="1336" HPOS="169" CONTENT="Finding" ID="tl_25_2" STYLEREFS="FONT0"/>
            <SP HEIGHT="51" WIDTH="18" VPOS="1336" HPOS="369"/>
            <String HEIGHT="51" WIDTH="109" VPOS="1336" HPOS="314" CONTENT="et" ID="tl_25_3" STYLEREFS="FONT0"/>
            <SP HEIGHT="51" WIDTH="18" VPOS="1336" HPOS="423"/>
            <String HEIGHT="51" WIDTH="182" VPOS="1336" HPOS="369" CONTENT="Edvard" ID="tl_25_4" STYLEREFS="FONT0"/>
            <SP HEIGHT="51" WIDTH="18" VPOS="1336" HPOS="551"/>
            <String HEIGHT="51" WIDTH="255" VPOS="1336" HPOS="496" CONTENT="Matwijkiw," ID="tl_25_5" STYLEREFS="FONT0"/>
            <SP HEIGHT="51" WIDTH="18" VPOS="1336" HPOS="751"/>
            <String HEIGHT="51" WIDTH="127" VPOS="1336" HPOS="696" CONTENT="nés" ID="tl_25_6" STYLEREFS="FONT0"/>
            <SP HEIGHT="51" WIDTH="18" VPOS="1336" HPOS="824"/>
            <String HEIGHT="51" WIDTH="146" VPOS="1336" HPOS="769" CONTENT="tous" ID="tl_25_7" STYLEREFS="FONT0"/>
            <SP HEIGHT="51" WIDTH="18" VPOS="1336" HPOS="915"/>
            <String HEIGHT="51" WIDTH="91" VPOS="1336" HPOS="842" CONTENT="les" ID="tl_25_8" STYLEREFS="FONT0"/>
          </TextLine>
          <TextLine ID="tl_26" BASELINE="1420" HEIGHT="36" WIDTH="861" VPOS="1384" HPOS="71">
            <String HEIGHT="36" WIDTH="147" VPOS="1384" HPOS="53" CONTENT="deux" ID="tl_26_1" STYLEREFS="FONT0"/>
            <SP HEIGHT="36" WIDTH="18" VPOS="1384" HPOS="199"/>
            <String HEIGHT="36" WIDTH="110" VPOS="1384" HPOS="144" CONTENT="en" ID="tl_26_2" STYLEREFS="FONT0"/>
            <SP HEIGHT="36" WIDTH="18" VPOS="1384" HPOS="254"/>
            <String HEIGHT="36" WIDTH="147" VPOS="1384" HPOS="199" CONTENT="1937" ID="tl_26_3" STYLEREFS="FONT0"/>
            <SP HEIGHT="36" WIDTH="18" VPOS="1384" HPOS="346"/>
            <String HEIGHT="36" WIDTH="311" VPOS="1384" HPOS="291" CONTENT="appartiennent" ID="tl_26_4" STYLEREFS="FONT0"/>
            <SP HEIGHT="36" WIDTH="18" VPOS="1384" HPOS="602"/>
            <String HEIGHT="36" WIDTH="92" VPOS="1384" HPOS="547" CONTENT="à" ID="tl_26_5" STYLEREFS="FONT0"/>
            <SP HEIGHT="36" WIDTH="18" VPOS="1384" HPOS="639"/>
            <String HEIGHT="36" WIDTH="110" VPOS="1384" HPOS="584" CONTENT="ce" ID="tl_26_6" STYLEREFS="FONT0"/>
            <SP HEIGHT="36" WIDTH="18" VPOS="1384" HPOS="694"/>
            <String HEIGHT="36" WIDTH="311" VPOS="1384" HPOS="621" CONTENT="néo" SUBS_TYPE="HypPart1" SUBS_CONTENT="néonisme" ID="tl_26_7" STYLEREFS="FONT0"/>
            <HYP CONTENT="-"/>
          </TextLine>
          <TextLine ID="tl_27" BASELINE="1461" HEIGHT="40" WIDTH="858" VPOS="1421" HPOS="74">
            <String HEIGHT="40" WIDTH="154" VPOS="1421" HPOS="57" CONTENT="nisme" SUBS_TYPE="HypPart2" SUBS_CONTENT="néonisme" ID="tl_27_1" STYLEREFS="FONT0"/>
            <SP HEIGHT="40" WIDTH="17" VPOS="1421" HPOS="211"/>
            <String HEIGHT="40" WIDTH="120" VPOS="1421" HPOS="160" CONTENT="qui" ID="tl_27_2" STYLEREFS="FONT0"/>
            <SP HEIGHT="40" WIDTH="17" VPOS="1421" HPOS="280"/>
            <String HEIGHT="40" WIDTH="137" VPOS="1421" HPOS="228" CONTENT="créé" ID="tl_27_3" STYLEREFS="FONT0"/>
            <SP HEIGHT="40" WIDTH="17" VPOS="1421" HPOS="366"/>
            <String HEIGHT="40" WIDTH="120" VPOS="1421" HPOS="314" CONTENT="ses" ID="tl_27_4" STYLEREFS="FONT0"/>
            <SP HEIGHT="40" WIDTH="17" VPOS="1421" HPOS="434"/>
            <String HEIGHT="40" WIDTH="189" VPOS="1421" HPOS="383" CONTENT="propres" ID="tl_27_5" STYLEREFS="FONT0"/>
            <SP HEIGHT="40" WIDTH="17" VPOS="1421" HPOS="572"/>
            <String HEIGHT="40" WIDTH="206" VPOS="1421" HPOS="520" CONTENT="symboles" ID="tl_27_6" STYLEREFS="FONT0"/>
            <SP HEIGHT="40" WIDTH="17" VPOS="1421" HPOS="726"/>
            <String HEIGHT="40" WIDTH="189" VPOS="1421" HPOS="675" CONTENT="d’après" ID="tl_27_7" STYLEREFS="FONT0"/>
            <SP HEIGHT="40" WIDTH="17" VPOS="1421" HPOS="863"/>
            <String HEIGHT="40" WIDTH="103" VPOS="1421" HPOS="812" CONTENT="ce" ID="tl_27_8" STYLEREFS="FONT0"/>
            <SP HEIGHT="40" WIDTH="17" VPOS="1421" HPOS="915"/>
            <String HEIGHT="40" WIDTH="86" VPOS="1421" HPOS="846" CONTENT="que" ID="tl_27_9" STYLEREFS="FONT0"/>
          </TextLine>
          <TextLine ID="tl_28" BASELINE="1495" HEIGHT="37" WIDTH="859" VPOS="1458" HPOS="74">
            <String HEIGHT="37" WIDTH="125" VPOS="1458" HPOS="56" CONTENT="les" ID="tl_28_1" STYLEREFS="FONT0"/>
            <SP HEIGHT="37" WIDTH="18" VPOS="1458" HPOS="181"/>
            <String HEIGHT="37" WIDTH="179" VPOS="1458" HPOS="128" CONTENT="hommes" ID="tl_28_2" STYLEREFS="FONT0"/>
            <SP HEIGHT="37" WIDTH="18" VPOS="1458" HPOS="307"/>
            <String HEIGHT="37" WIDTH="197" VPOS="1458" HPOS="253" CONTENT="sentent" ID="tl_28_3" STYLEREFS="FONT0"/>
            <SP HEIGHT="37" WIDTH="18" VPOS="1458" HPOS="450"/>
            <String HEIGHT="37" WIDTH="107" VPOS="1458" HPOS="396" CONTENT="et" ID="tl_28_4" STYLEREFS="FONT0"/>
            <SP HEIGHT="37" WIDTH="18" VPOS="1458" HPOS="503"/>
            <String HEIGHT="37" WIDTH="251" VPOS="1458" HPOS="450" CONTENT="éprouvent." ID="tl_28_5" STYLEREFS="FONT0"/>
            <SP HEIGHT="37" WIDTH="18" VPOS="1458" HPOS="700"/>
            <String HEIGHT="37" WIDTH="107" VPOS="1458" HPOS="647" CONTENT="Le" ID="tl_28_6" STYLEREFS="FONT0"/>
            <SP HEIGHT="37" WIDTH="18" VPOS="1458" HPOS="754"/>
            <String HEIGHT="37" WIDTH="161" VPOS="1458" HPOS="700" CONTENT="monde" ID="tl_28_7" STYLEREFS="FONT0"/>
            <SP HEIGHT="37" WIDTH="18" VPOS="1458" HPOS="861"/>
            <String HEIGHT="37" WIDTH="143" VPOS="1458" HPOS="790" CONTENT="pitto" SUBS_TYPE="HypPart1" SUBS_CONTENT="pittoresque" ID="tl_28_8" STYLEREFS="FONT0"/>
            <HYP CONTENT="-"/>
          </TextLine>
          <TextLine ID="tl_29" BASELINE="1534" HEIGHT="35" WIDTH="861" VPOS="1499" HPOS="73">
            <String HEIGHT="35" WIDTH="172" VPOS="1499" HPOS="56" CONTENT="resque" SUBS_TYPE="HypPart2" SUBS_CONTENT="pittoresque" ID="tl_29_1" STYLEREFS="FONT0"/>
            <SP HEIGHT="35" WIDTH="17" VPOS="1499" HPOS="228"/>
            <String HEIGHT="35" WIDTH="103" VPOS="1499" HPOS="176" CONTENT="de" ID="tl_29_2" STYLEREFS="FONT0"/>
            <SP HEIGHT="35" WIDTH="17" VPOS="1499" HPOS="280"/>
            <String HEIGHT="35" WIDTH="189" VPOS="1499" HPOS="228" CONTENT="Finding" ID="tl_29_3" STYLEREFS="FONT0"/>
            <SP HEIGHT="35" WIDTH="17" VPOS="1499" HPOS="417"/>
            <String HEIGHT="35" WIDTH="121" VPOS="1499" HPOS="366" CONTENT="est" ID="tl_29_4" STYLEREFS="FONT0"/>
            <SP HEIGHT="35" WIDTH="17" VPOS="1499" HPOS="486"/>
            <String HEIGHT="35" WIDTH="224" VPOS="1499" HPOS="435" CONTENT="féérique," ID="tl_29_5" STYLEREFS="FONT0"/>
            <SP HEIGHT="35" WIDTH="17" VPOS="1499" HPOS="658"/>
            <String HEIGHT="35" WIDTH="276" VPOS="1499" HPOS="607" CONTENT="fantastique;" ID="tl_29_6" STYLEREFS="FONT0"/>
            <SP HEIGHT="35" WIDTH="17" VPOS="1499" HPOS="882"/>
            <String HEIGHT="35" WIDTH="121" VPOS="1499" HPOS="813" CONTENT="peupé" ID="tl_29_7" STYLEREFS="FONT0"/>
          </TextLine>
          <TextLine ID="tl_30" BASELINE="1576" HEIGHT="39" WIDTH="860" VPOS="1537" HPOS="72">
            <String HEIGHT="39" WIDTH="175" VPOS="1537" HPOS="56" CONTENT="d’êtres" ID="tl_30_1" STYLEREFS="FONT0"/>
            <SP HEIGHT="39" WIDTH="16" VPOS="1537" HPOS="231"/>
            <String HEIGHT="39" WIDTH="207" VPOS="1537" HPOS="183" CONTENT="bizarres," ID="tl_30_2" STYLEREFS="FONT0"/>
            <SP HEIGHT="39" WIDTH="16" VPOS="1537" HPOS="391"/>
            <String HEIGHT="39" WIDTH="96" VPOS="1537" HPOS="343" CONTENT="de" ID="tl_30_3" STYLEREFS="FONT0"/>
            <SP HEIGHT="39" WIDTH="16" VPOS="1537" HPOS="438"/>
            <String HEIGHT="39" WIDTH="159" VPOS="1537" HPOS="391" CONTENT="signes" ID="tl_30_4" STYLEREFS="FONT0"/>
            <SP HEIGHT="39" WIDTH="16" VPOS="1537" HPOS="550"/>
            <String HEIGHT="39" WIDTH="96" VPOS="1537" HPOS="502" CONTENT="de" ID="tl_30_5" STYLEREFS="FONT0"/>
            <SP HEIGHT="39" WIDTH="16" VPOS="1537" HPOS="598"/>
            <String HEIGHT="39" WIDTH="191" VPOS="1537" HPOS="550" CONTENT="couleurs" ID="tl_30_6" STYLEREFS="FONT0"/>
            <SP HEIGHT="39" WIDTH="16" VPOS="1537" HPOS="741"/>
            <String HEIGHT="39" WIDTH="223" VPOS="1537" HPOS="693" CONTENT="brillantes" ID="tl_30_7" STYLEREFS="FONT0"/>
            <SP HEIGHT="39" WIDTH="16" VPOS="1537" HPOS="916"/>
            <String HEIGHT="39" WIDTH="80" VPOS="1537" HPOS="852" CONTENT="qui" ID="tl_30_8" STYLEREFS="FONT0"/>
          </TextLine>
          <TextLine ID="tl_31" BASELINE="1624" HEIGHT="48" WIDTH="381" VPOS="1576" HPOS="73">
            <String HEIGHT="48" WIDTH="225" VPOS="1576" HPOS="56" CONTENT="répandent" ID="tl_31_1" STYLEREFS="FONT0"/>
            <SP HEIGHT="48" WIDTH="17" VPOS="1576" HPOS="281"/>
            <String HEIGHT="48" WIDTH="242" VPOS="1576" HPOS="212" CONTENT="l’optimisme." ID="tl_31_2" STYLEREFS="FONT0"/>
          </TextLine>
        </TextBlock>
        <TextBlock ID="r_2_7" HEIGHT="295" WIDTH="853" VPOS="1626" HPOS="77">
          <TextLine ID="tl_32" BASELINE="1661" HEIGHT="40" WIDTH="816" VPOS="1621" HPOS="117">
            <String HEIGHT="40" WIDTH="248" VPOS="1621" HPOS="99" CONTENT="Matwiikiw," ID="tl_32_1" STYLEREFS="FONT0"/>
            <SP HEIGHT="40" WIDTH="18" VPOS="1621" HPOS="348"/>
            <String HEIGHT="40" WIDTH="231" VPOS="1621" HPOS="294" CONTENT="d’origine" ID="tl_32_2" STYLEREFS="FONT0"/>
            <SP HEIGHT="40" WIDTH="18" VPOS="1621" HPOS="525"/>
            <String HEIGHT="40" WIDTH="231" VPOS="1621" HPOS="472" CONTENT="polonaise" ID="tl_32_3" STYLEREFS="FONT0"/>
            <SP HEIGHT="40" WIDTH="18" VPOS="1621" HPOS="702"/>
            <String HEIGHT="40" WIDTH="106" VPOS="1621" HPOS="649" CONTENT="et" ID="tl_32_4" STYLEREFS="FONT0"/>
            <SP HEIGHT="40" WIDTH="18" VPOS="1621" HPOS="756"/>
            <String HEIGHT="40" WIDTH="177" VPOS="1621" HPOS="702" CONTENT="russe," ID="tl_32_5" STYLEREFS="FONT0"/>
            <SP HEIGHT="40" WIDTH="18" VPOS="1621" HPOS="880"/>
            <String HEIGHT="40" WIDTH="124" VPOS="1621" HPOS="809" CONTENT="après" ID="tl_32_6" STYLEREFS="FONT0"/>
          </TextLine>
          <TextLine ID="tl_33" BASELINE="1699" HEIGHT="39" WIDTH="860" VPOS="1660" HPOS="73">
            <String HEIGHT="39" WIDTH="215" VPOS="1660" HPOS="55" CONTENT="quelques" ID="tl_33_1" STYLEREFS="FONT0"/>
            <SP HEIGHT="39" WIDTH="18" VPOS="1660" HPOS="270"/>
            <String HEIGHT="39" WIDTH="233" VPOS="1660" HPOS="216" CONTENT="démarches" ID="tl_33_2" STYLEREFS="FONT0"/>
            <SP HEIGHT="39" WIDTH="18" VPOS="1660" HPOS="449"/>
            <String HEIGHT="39" WIDTH="233" VPOS="1660" HPOS="396" CONTENT="prudentes" ID="tl_33_3" STYLEREFS="FONT0"/>
            <SP HEIGHT="39" WIDTH="18" VPOS="1660" HPOS="628"/>
            <String HEIGHT="39" WIDTH="90" VPOS="1660" HPOS="575" CONTENT="a" ID="tl_33_4" STYLEREFS="FONT0"/>
            <SP HEIGHT="39" WIDTH="18" VPOS="1660" HPOS="664"/>
            <String HEIGHT="39" WIDTH="251" VPOS="1660" HPOS="611" CONTENT="rapidement" ID="tl_33_5" STYLEREFS="FONT0"/>
            <SP HEIGHT="39" WIDTH="18" VPOS="1660" HPOS="861"/>
            <String HEIGHT="39" WIDTH="143" VPOS="1660" HPOS="790" CONTENT="trouvé" ID="tl_33_6" STYLEREFS="FONT0"/>
          </TextLine>
          <TextLine ID="tl_34" BASELINE="1740" HEIGHT="39" WIDTH="858" VPOS="1701" HPOS="76">
            <String HEIGHT="39" WIDTH="123" VPOS="1701" HPOS="58" CONTENT="une" ID="tl_34_1" STYLEREFS="FONT0"/>
            <SP HEIGHT="39" WIDTH="18" VPOS="1701" HPOS="181"/>
            <String HEIGHT="39" WIDTH="158" VPOS="1701" HPOS="129" CONTENT="façon" ID="tl_34_2" STYLEREFS="FONT0"/>
            <SP HEIGHT="39" WIDTH="18" VPOS="1701" HPOS="286"/>
            <String HEIGHT="39" WIDTH="105" VPOS="1701" HPOS="234" CONTENT="de" ID="tl_34_3" STYLEREFS="FONT0"/>
            <SP HEIGHT="39" WIDTH="18" VPOS="1701" HPOS="339"/>
            <String HEIGHT="39" WIDTH="245" VPOS="1701" HPOS="286" CONTENT="s’exprimer" ID="tl_34_4" STYLEREFS="FONT0"/>
            <SP HEIGHT="39" WIDTH="18" VPOS="1701" HPOS="531"/>
            <String HEIGHT="39" WIDTH="140" VPOS="1701" HPOS="479" CONTENT="avec" ID="tl_34_5" STYLEREFS="FONT0"/>
            <SP HEIGHT="39" WIDTH="18" VPOS="1701" HPOS="619"/>
            <String HEIGHT="39" WIDTH="123" VPOS="1701" HPOS="566" CONTENT="une" ID="tl_34_6" STYLEREFS="FONT0"/>
            <SP HEIGHT="39" WIDTH="18" VPOS="1701" HPOS="689"/>
            <String HEIGHT="39" WIDTH="158" VPOS="1701" HPOS="636" CONTENT="force" ID="tl_34_7" STYLEREFS="FONT0"/>
            <SP HEIGHT="39" WIDTH="18" VPOS="1701" HPOS="794"/>
            <String HEIGHT="39" WIDTH="193" VPOS="1701" HPOS="741" CONTENT="brutale" ID="tl_34_8" STYLEREFS="FONT0"/>
            <SP HEIGHT="39" WIDTH="18" VPOS="1701" HPOS="934"/>
            <String HEIGHT="39" WIDTH="70" VPOS="1701" HPOS="864" CONTENT="et" ID="tl_34_9" STYLEREFS="FONT0"/>
          </TextLine>
          <TextLine ID="tl_35" BASELINE="1778" HEIGHT="42" WIDTH="858" VPOS="1736" HPOS="75">
            <String HEIGHT="42" WIDTH="154" VPOS="1736" HPOS="58" CONTENT="crue." ID="tl_35_1" STYLEREFS="FONT0"/>
            <SP HEIGHT="42" WIDTH="17" VPOS="1736" HPOS="212"/>
            <String HEIGHT="42" WIDTH="137" VPOS="1736" HPOS="161" CONTENT="Dans" ID="tl_35_2" STYLEREFS="FONT0"/>
            <SP HEIGHT="42" WIDTH="17" VPOS="1736" HPOS="298"/>
            <String HEIGHT="42" WIDTH="120" VPOS="1736" HPOS="247" CONTENT="ses" ID="tl_35_3" STYLEREFS="FONT0"/>
            <SP HEIGHT="42" WIDTH="17" VPOS="1736" HPOS="367"/>
            <String HEIGHT="42" WIDTH="223" VPOS="1736" HPOS="315" CONTENT="peintures" ID="tl_35_4" STYLEREFS="FONT0"/>
            <SP HEIGHT="42" WIDTH="17" VPOS="1736" HPOS="538"/>
            <String HEIGHT="42" WIDTH="257" VPOS="1736" HPOS="487" CONTENT="passionnées" ID="tl_35_5" STYLEREFS="FONT0"/>
            <SP HEIGHT="42" WIDTH="17" VPOS="1736" HPOS="744"/>
            <String HEIGHT="42" WIDTH="103" VPOS="1736" HPOS="693" CONTENT="et" ID="tl_35_6" STYLEREFS="FONT0"/>
            <SP HEIGHT="42" WIDTH="17" VPOS="1736" HPOS="796"/>
            <String HEIGHT="42" WIDTH="206" VPOS="1736" HPOS="727" CONTENT="spontanées" ID="tl_35_7" STYLEREFS="FONT0"/>
          </TextLine>
          <TextLine ID="tl_36" BASELINE="1810" HEIGHT="36" WIDTH="860" VPOS="1774" HPOS="74">
            <String HEIGHT="36" WIDTH="211" VPOS="1774" HPOS="59" CONTENT="trahissant" ID="tl_36_1" STYLEREFS="FONT0"/>
            <SP HEIGHT="36" WIDTH="15" VPOS="1774" HPOS="270"/>
            <String HEIGHT="36" WIDTH="106" VPOS="1774" HPOS="225" CONTENT="une" ID="tl_36_2" STYLEREFS="FONT0"/>
            <SP HEIGHT="36" WIDTH="15" VPOS="1774" HPOS="330"/>
            <String HEIGHT="36" WIDTH="136" VPOS="1774" HPOS="285" CONTENT="forte" ID="tl_36_3" STYLEREFS="FONT0"/>
            <SP HEIGHT="36" WIDTH="15" VPOS="1774" HPOS="421"/>
            <String HEIGHT="36" WIDTH="181" VPOS="1774" HPOS="376" CONTENT="pression" ID="tl_36_4" STYLEREFS="FONT0"/>
            <SP HEIGHT="36" WIDTH="15" VPOS="1774" HPOS="557"/>
            <String HEIGHT="36" WIDTH="226" VPOS="1774" HPOS="512" CONTENT="intérieure," ID="tl_36_5" STYLEREFS="FONT0"/>
            <SP HEIGHT="36" WIDTH="15" VPOS="1774" HPOS="738"/>
            <String HEIGHT="36" WIDTH="91" VPOS="1774" HPOS="693" CONTENT="il" ID="tl_36_6" STYLEREFS="FONT0"/>
            <SP HEIGHT="36" WIDTH="15" VPOS="1774" HPOS="783"/>
            <String HEIGHT="36" WIDTH="181" VPOS="1774" HPOS="738" CONTENT="s’appuie" ID="tl_36_7" STYLEREFS="FONT0"/>
            <SP HEIGHT="36" WIDTH="15" VPOS="1774" HPOS="919"/>
            <String HEIGHT="36" WIDTH="75" VPOS="1774" HPOS="859" CONTENT="sur" ID="tl_36_8" STYLEREFS="FONT0"/>
          </TextLine>
          <TextLine ID="tl_37" BASELINE="1860" HEIGHT="50" WIDTH="859" VPOS="1810" HPOS="76">
            <String HEIGHT="50" WIDTH="111" VPOS="1810" HPOS="60" CONTENT="les" ID="tl_37_1" STYLEREFS="FONT0"/>
            <SP HEIGHT="50" WIDTH="16" VPOS="1810" HPOS="171"/>
            <String HEIGHT="50" WIDTH="239" VPOS="1810" HPOS="124" CONTENT="impressions" ID="tl_37_2" STYLEREFS="FONT0"/>
            <SP HEIGHT="50" WIDTH="16" VPOS="1810" HPOS="362"/>
            <String HEIGHT="50" WIDTH="95" VPOS="1810" HPOS="315" CONTENT="de" ID="tl_37_3" STYLEREFS="FONT0"/>
            <SP HEIGHT="50" WIDTH="16" VPOS="1810" HPOS="410"/>
            <String HEIGHT="50" WIDTH="95" VPOS="1810" HPOS="362" CONTENT="la" ID="tl_37_4" STYLEREFS="FONT0"/>
            <SP HEIGHT="50" WIDTH="16" VPOS="1810" HPOS="458"/>
            <String HEIGHT="50" WIDTH="159" VPOS="1810" HPOS="410" CONTENT="nature" ID="tl_37_5" STYLEREFS="FONT0"/>
            <SP HEIGHT="50" WIDTH="16" VPOS="1810" HPOS="569"/>
            <String HEIGHT="50" WIDTH="95" VPOS="1810" HPOS="521" CONTENT="et" ID="tl_37_6" STYLEREFS="FONT0"/>
            <SP HEIGHT="50" WIDTH="16" VPOS="1810" HPOS="617"/>
            <String HEIGHT="50" WIDTH="111" VPOS="1810" HPOS="569" CONTENT="ses" ID="tl_37_7" STYLEREFS="FONT0"/>
            <SP HEIGHT="50" WIDTH="16" VPOS="1810" HPOS="680"/>
            <String HEIGHT="50" WIDTH="191" VPOS="1810" HPOS="633" CONTENT="visions," ID="tl_37_8" STYLEREFS="FONT0"/>
            <SP HEIGHT="50" WIDTH="16" VPOS="1810" HPOS="824"/>
            <String HEIGHT="50" WIDTH="127" VPOS="1810" HPOS="776" CONTENT="sans" ID="tl_37_9" STYLEREFS="FONT0"/>
            <SP HEIGHT="50" WIDTH="16" VPOS="1810" HPOS="903"/>
            <String HEIGHT="50" WIDTH="95" VPOS="1810" HPOS="840" CONTENT="pour" ID="tl_37_10" STYLEREFS="FONT0"/>
          </TextLine>
          <TextLine ID="tl_38" BASELINE="1885" HEIGHT="36" WIDTH="858" VPOS="1849" HPOS="76">
            <String HEIGHT="36" WIDTH="120" VPOS="1849" HPOS="61" CONTENT="cela" ID="tl_38_1" STYLEREFS="FONT0"/>
            <SP HEIGHT="36" WIDTH="15" VPOS="1849" HPOS="181"/>
            <String HEIGHT="36" WIDTH="181" VPOS="1849" HPOS="136" CONTENT="négliger" ID="tl_38_2" STYLEREFS="FONT0"/>
            <SP HEIGHT="36" WIDTH="15" VPOS="1849" HPOS="317"/>
            <String HEIGHT="36" WIDTH="105" VPOS="1849" HPOS="272" CONTENT="les" ID="tl_38_3" STYLEREFS="FONT0"/>
            <SP HEIGHT="36" WIDTH="15" VPOS="1849" HPOS="377"/>
            <String HEIGHT="36" WIDTH="181" VPOS="1849" HPOS="332" CONTENT="limites," ID="tl_38_4" STYLEREFS="FONT0"/>
            <SP HEIGHT="36" WIDTH="15" VPOS="1849" HPOS="513"/>
            <String HEIGHT="36" WIDTH="135" VPOS="1849" HPOS="467" CONTENT="entre" ID="tl_38_5" STYLEREFS="FONT0"/>
            <SP HEIGHT="36" WIDTH="15" VPOS="1849" HPOS="603"/>
            <String HEIGHT="36" WIDTH="90" VPOS="1849" HPOS="558" CONTENT="la" ID="tl_38_6" STYLEREFS="FONT0"/>
            <SP HEIGHT="36" WIDTH="15" VPOS="1849" HPOS="648"/>
            <String HEIGHT="36" WIDTH="166" VPOS="1849" HPOS="603" CONTENT="réalité" ID="tl_38_7" STYLEREFS="FONT0"/>
            <SP HEIGHT="36" WIDTH="15" VPOS="1849" HPOS="768"/>
            <String HEIGHT="36" WIDTH="211" VPOS="1849" HPOS="723" CONTENT="extérieure" ID="tl_38_8" STYLEREFS="FONT0"/>
            <SP HEIGHT="36" WIDTH="15" VPOS="1849" HPOS="934"/>
            <String HEIGHT="36" WIDTH="60" VPOS="1849" HPOS="874" CONTENT="et" ID="tl_38_9" STYLEREFS="FONT0"/>
          </TextLine>
          <TextLine ID="tl_39" BASELINE="1933" HEIGHT="50" WIDTH="164" VPOS="1883" HPOS="77">
            <String HEIGHT="50" WIDTH="194" VPOS="1883" HPOS="47" CONTENT="intérieure." ID="tl_39_1" STYLEREFS="FONT0"/>
          </TextLine>
        </TextBlock>
        <TextBlock ID="r_2_8" HEIGHT="272" WIDTH="849" VPOS="1934" HPOS="82">
          <TextLine ID="tl_40" BASELINE="1977" HEIGHT="51" WIDTH="813" VPOS="1926" HPOS="121">
            <String HEIGHT="51" WIDTH="102" VPOS="1926" HPOS="104" CONTENT="Le" ID="tl_40_1" STYLEREFS="FONT0"/>
            <SP HEIGHT="51" WIDTH="17" VPOS="1926" HPOS="206"/>
            <String HEIGHT="51" WIDTH="220" VPOS="1926" HPOS="155" CONTENT="sculpteur" ID="tl_40_2" STYLEREFS="FONT0"/>
            <SP HEIGHT="51" WIDTH="17" VPOS="1926" HPOS="375"/>
            <String HEIGHT="51" WIDTH="119" VPOS="1926" HPOS="324" CONTENT="Ole" ID="tl_40_3" STYLEREFS="FONT0"/>
            <SP HEIGHT="51" WIDTH="17" VPOS="1926" HPOS="443"/>
            <String HEIGHT="51" WIDTH="254" VPOS="1926" HPOS="392" CONTENT="Christensen" ID="tl_40_4" STYLEREFS="FONT0"/>
            <SP HEIGHT="51" WIDTH="17" VPOS="1926" HPOS="646"/>
            <String HEIGHT="51" WIDTH="85" VPOS="1926" HPOS="595" CONTENT="-" ID="tl_40_5" STYLEREFS="FONT0"/>
            <SP HEIGHT="51" WIDTH="17" VPOS="1926" HPOS="680"/>
            <String HEIGHT="51" WIDTH="102" VPOS="1926" HPOS="629" CONTENT="né" ID="tl_40_6" STYLEREFS="FONT0"/>
            <SP HEIGHT="51" WIDTH="17" VPOS="1926" HPOS="731"/>
            <String HEIGHT="51" WIDTH="102" VPOS="1926" HPOS="680" CONTENT="en" ID="tl_40_7" STYLEREFS="FONT0"/>
            <SP HEIGHT="51" WIDTH="17" VPOS="1926" HPOS="782"/>
            <String HEIGHT="51" WIDTH="152" VPOS="1926" HPOS="731" CONTENT="1932-" ID="tl_40_8" STYLEREFS="FONT0"/>
            <SP HEIGHT="51" WIDTH="17" VPOS="1926" HPOS="883"/>
            <String HEIGHT="51" WIDTH="119" VPOS="1926" HPOS="815" CONTENT="élève" ID="tl_40_9" STYLEREFS="FONT0"/>
          </TextLine>
          <TextLine ID="tl_41" BASELINE="2020" HEIGHT="49" WIDTH="855" VPOS="1971" HPOS="78">
            <String HEIGHT="49" WIDTH="114" VPOS="1971" HPOS="59" CONTENT="de" ID="tl_41_1" STYLEREFS="FONT0"/>
            <SP HEIGHT="49" WIDTH="19" VPOS="1971" HPOS="173"/>
            <String HEIGHT="49" WIDTH="266" VPOS="1971" HPOS="116" CONTENT="l’Académie" ID="tl_41_2" STYLEREFS="FONT0"/>
            <SP HEIGHT="49" WIDTH="19" VPOS="1971" HPOS="382"/>
            <String HEIGHT="49" WIDTH="190" VPOS="1971" HPOS="325" CONTENT="Royale" ID="tl_41_3" STYLEREFS="FONT0"/>
            <SP HEIGHT="49" WIDTH="19" VPOS="1971" HPOS="515"/>
            <String HEIGHT="49" WIDTH="133" VPOS="1971" HPOS="458" CONTENT="des" ID="tl_41_4" STYLEREFS="FONT0"/>
            <SP HEIGHT="49" WIDTH="19" VPOS="1971" HPOS="591"/>
            <String HEIGHT="49" WIDTH="266" VPOS="1971" HPOS="534" CONTENT="Beaux-Arts" ID="tl_41_5" STYLEREFS="FONT0"/>
            <SP HEIGHT="49" WIDTH="19" VPOS="1971" HPOS="800"/>
            <String HEIGHT="49" WIDTH="114" VPOS="1971" HPOS="743" CONTENT="de" ID="tl_41_6" STYLEREFS="FONT0"/>
            <SP HEIGHT="49" WIDTH="19" VPOS="1971" HPOS="857"/>
            <String HEIGHT="49" WIDTH="152" VPOS="1971" HPOS="781" CONTENT="Copen" SUBS_TYPE="HypPart1" SUBS_CONTENT="Copenhague," ID="tl_41_7" STYLEREFS="FONT0"/>
            <HYP CONTENT="-"/>
          </TextLine>
          <TextLine ID="tl_42" BASELINE="2047" HEIGHT="44" WIDTH="854" VPOS="2003" HPOS="81">
            <String HEIGHT="44" WIDTH="167" VPOS="2003" HPOS="64" CONTENT="hague," SUBS_TYPE="HypPart2" SUBS_CONTENT="Copenhague," ID="tl_42_1" STYLEREFS="FONT0"/>
            <SP HEIGHT="44" WIDTH="17" VPOS="2003" HPOS="232"/>
            <String HEIGHT="44" WIDTH="151" VPOS="2003" HPOS="181" CONTENT="après" ID="tl_42_2" STYLEREFS="FONT0"/>
            <SP HEIGHT="44" WIDTH="17" VPOS="2003" HPOS="332"/>
            <String HEIGHT="44" WIDTH="151" VPOS="2003" HPOS="282" CONTENT="avoir" ID="tl_42_3" STYLEREFS="FONT0"/>
            <SP HEIGHT="44" WIDTH="17" VPOS="2003" HPOS="433"/>
            <String HEIGHT="44" WIDTH="117" VPOS="2003" HPOS="382" CONTENT="été" ID="tl_42_4" STYLEREFS="FONT0"/>
            <SP HEIGHT="44" WIDTH="17" VPOS="2003" HPOS="500"/>
            <String HEIGHT="44" WIDTH="218" VPOS="2003" HPOS="449" CONTENT="sculpteur" ID="tl_42_5" STYLEREFS="FONT0"/>
            <SP HEIGHT="44" WIDTH="17" VPOS="2003" HPOS="667"/>
            <String HEIGHT="44" WIDTH="201" VPOS="2003" HPOS="617" CONTENT="marbrier" ID="tl_42_6" STYLEREFS="FONT0"/>
            <SP HEIGHT="44" WIDTH="17" VPOS="2003" HPOS="818"/>
            <String HEIGHT="44" WIDTH="184" VPOS="2003" HPOS="751" CONTENT="qualifié." ID="tl_42_7" STYLEREFS="FONT0"/>
          </TextLine>
          <TextLine ID="tl_43" BASELINE="2083" HEIGHT="41" WIDTH="854" VPOS="2042" HPOS="81">
            <String HEIGHT="41" WIDTH="145" VPOS="2042" HPOS="65" CONTENT="reste" ID="tl_43_1" STYLEREFS="FONT0"/>
            <SP HEIGHT="41" WIDTH="16" VPOS="2042" HPOS="210"/>
            <String HEIGHT="41" WIDTH="258" VPOS="2042" HPOS="162" CONTENT="profondément" ID="tl_43_2" STYLEREFS="FONT0"/>
            <SP HEIGHT="41" WIDTH="16" VPOS="2042" HPOS="419"/>
            <String HEIGHT="41" WIDTH="193" VPOS="2042" HPOS="371" CONTENT="imprégné" ID="tl_43_3" STYLEREFS="FONT0"/>
            <SP HEIGHT="41" WIDTH="16" VPOS="2042" HPOS="564"/>
            <String HEIGHT="41" WIDTH="113" VPOS="2042" HPOS="516" CONTENT="par" ID="tl_43_4" STYLEREFS="FONT0"/>
            <SP HEIGHT="41" WIDTH="16" VPOS="2042" HPOS="629"/>
            <String HEIGHT="41" WIDTH="97" VPOS="2042" HPOS="581" CONTENT="la" ID="tl_43_5" STYLEREFS="FONT0"/>
            <SP HEIGHT="41" WIDTH="16" VPOS="2042" HPOS="677"/>
            <String HEIGHT="41" WIDTH="209" VPOS="2042" HPOS="629" CONTENT="tradition" ID="tl_43_6" STYLEREFS="FONT0"/>
            <SP HEIGHT="41" WIDTH="16" VPOS="2042" HPOS="838"/>
            <String HEIGHT="41" WIDTH="97" VPOS="2042" HPOS="790" CONTENT="de" ID="tl_43_7" STYLEREFS="FONT0"/>
            <SP HEIGHT="41" WIDTH="16" VPOS="2042" HPOS="887"/>
            <String HEIGHT="41" WIDTH="113" VPOS="2042" HPOS="822" CONTENT="l’art" ID="tl_43_8" STYLEREFS="FONT0"/>
          </TextLine>
          <TextLine ID="tl_44" BASELINE="2122" HEIGHT="36" WIDTH="856" VPOS="2086" HPOS="80">
            <String HEIGHT="36" WIDTH="199" VPOS="2086" HPOS="65" CONTENT="artisanal" ID="tl_44_1" STYLEREFS="FONT0"/>
            <SP HEIGHT="36" WIDTH="15" VPOS="2086" HPOS="263"/>
            <String HEIGHT="36" WIDTH="92" VPOS="2086" HPOS="218" CONTENT="et" ID="tl_44_2" STYLEREFS="FONT0"/>
            <SP HEIGHT="36" WIDTH="15" VPOS="2086" HPOS="309"/>
            <String HEIGHT="36" WIDTH="92" VPOS="2086" HPOS="263" CONTENT="il" ID="tl_44_3" STYLEREFS="FONT0"/>
            <SP HEIGHT="36" WIDTH="15" VPOS="2086" HPOS="355"/>
            <String HEIGHT="36" WIDTH="76" VPOS="2086" HPOS="309" CONTENT="a" ID="tl_44_4" STYLEREFS="FONT0"/>
            <SP HEIGHT="36" WIDTH="15" VPOS="2086" HPOS="386"/>
            <String HEIGHT="36" WIDTH="153" VPOS="2086" HPOS="340" CONTENT="montré" ID="tl_44_5" STYLEREFS="FONT0"/>
            <SP HEIGHT="36" WIDTH="15" VPOS="2086" HPOS="493"/>
            <String HEIGHT="36" WIDTH="122" VPOS="2086" HPOS="447" CONTENT="dans" ID="tl_44_6" STYLEREFS="FONT0"/>
            <SP HEIGHT="36" WIDTH="15" VPOS="2086" HPOS="569"/>
            <String HEIGHT="36" WIDTH="107" VPOS="2086" HPOS="523" CONTENT="ses" ID="tl_44_7" STYLEREFS="FONT0"/>
            <SP HEIGHT="36" WIDTH="15" VPOS="2086" HPOS="630"/>
            <String HEIGHT="36" WIDTH="168" VPOS="2086" HPOS="584" CONTENT="figures" ID="tl_44_8" STYLEREFS="FONT0"/>
            <SP HEIGHT="36" WIDTH="15" VPOS="2086" HPOS="753"/>
            <String HEIGHT="36" WIDTH="183" VPOS="2086" HPOS="707" CONTENT="claires," ID="tl_44_9" STYLEREFS="FONT0"/>
            <SP HEIGHT="36" WIDTH="15" VPOS="2086" HPOS="890"/>
            <String HEIGHT="36" WIDTH="107" VPOS="2086" HPOS="829" CONTENT="pures" ID="tl_44_10" STYLEREFS="FONT0"/>
          </TextLine>
          <TextLine ID="tl_45" BASELINE="2168" HEIGHT="48" WIDTH="852" VPOS="2120" HPOS="82">
            <String HEIGHT="48" WIDTH="195" VPOS="2120" HPOS="64" CONTENT="souvent" ID="tl_45_1" STYLEREFS="FONT0"/>
            <SP HEIGHT="48" WIDTH="18" VPOS="2120" HPOS="260"/>
            <String HEIGHT="48" WIDTH="195" VPOS="2120" HPOS="206" CONTENT="presque" ID="tl_45_2" STYLEREFS="FONT0"/>
            <SP HEIGHT="48" WIDTH="18" VPOS="2120" HPOS="402"/>
            <String HEIGHT="48" WIDTH="266" VPOS="2120" HPOS="348" CONTENT="abstraites," ID="tl_45_3" STYLEREFS="FONT0"/>
            <SP HEIGHT="48" WIDTH="18" VPOS="2120" HPOS="615"/>
            <String HEIGHT="48" WIDTH="124" VPOS="2120" HPOS="561" CONTENT="une" ID="tl_45_4" STYLEREFS="FONT0"/>
            <SP HEIGHT="48" WIDTH="18" VPOS="2120" HPOS="686"/>
            <String HEIGHT="48" WIDTH="231" VPOS="2120" HPOS="632" CONTENT="sensation" ID="tl_45_5" STYLEREFS="FONT0"/>
            <SP HEIGHT="48" WIDTH="18" VPOS="2120" HPOS="863"/>
            <String HEIGHT="48" WIDTH="142" VPOS="2120" HPOS="792" CONTENT="excep" SUBS_TYPE="HypPart1" SUBS_CONTENT="exceptionnelle" ID="tl_45_6" STYLEREFS="FONT0"/>
            <HYP CONTENT="-"/>
          </TextLine>
          <TextLine ID="tl_46" BASELINE="2206" HEIGHT="49" WIDTH="563" VPOS="2157" HPOS="82">
            <String HEIGHT="49" WIDTH="203" VPOS="2157" HPOS="66" CONTENT="tionnelle" SUBS_TYPE="HypPart2" SUBS_CONTENT="exceptionnelle" ID="tl_46_1" STYLEREFS="FONT0"/>
            <SP HEIGHT="49" WIDTH="16" VPOS="2157" HPOS="270"/>
            <String HEIGHT="49" WIDTH="94" VPOS="2157" HPOS="223" CONTENT="de" ID="tl_46_2" STYLEREFS="FONT0"/>
            <SP HEIGHT="49" WIDTH="16" VPOS="2157" HPOS="317"/>
            <String HEIGHT="49" WIDTH="94" VPOS="2157" HPOS="270" CONTENT="la" ID="tl_46_3" STYLEREFS="FONT0"/>
            <SP HEIGHT="49" WIDTH="16" VPOS="2157" HPOS="364"/>
            <String HEIGHT="49" WIDTH="156" VPOS="2157" HPOS="317" CONTENT="beauté" ID="tl_46_4" STYLEREFS="FONT0"/>
            <SP HEIGHT="49" WIDTH="16" VPOS="2157" HPOS="473"/>
            <String HEIGHT="49" WIDTH="94" VPOS="2157" HPOS="426" CONTENT="de" ID="tl_46_5" STYLEREFS="FONT0"/>
            <SP HEIGHT="49" WIDTH="16" VPOS="2157" HPOS="520"/>
            <String HEIGHT="49" WIDTH="94" VPOS="2157" HPOS="473" CONTENT="la" ID="tl_46_6" STYLEREFS="FONT0"/>
            <SP HEIGHT="49" WIDTH="16" VPOS="2157" HPOS="567"/>
            <String HEIGHT="49" WIDTH="141" VPOS="2157" HPOS="504" CONTENT="pierre." ID="tl_46_7" STYLEREFS="FONT0"/>
          </TextLine>
        </TextBlock>
        <TextBlock ID="r_2_9" HEIGHT="35" WIDTH="237" VPOS="2202" HPOS="693">
          <TextLine ID="tl_47" BASELINE="2252" HEIGHT="57" WIDTH="247" VPOS="2195" HPOS="688">
            <String HEIGHT="57" WIDTH="154" VPOS="2195" HPOS="673" CONTENT="Pierre" ID="tl_47_1" STYLEREFS="FONT0"/>
            <SP HEIGHT="57" WIDTH="15" VPOS="2195" HPOS="827"/>
            <String HEIGHT="57" WIDTH="170" VPOS="2195" HPOS="765" CONTENT="Lübecker." ID="tl_47_2" STYLEREFS="FONT0"/>
          </TextLine>
        </TextBlock>
        <TextBlock ID="r_4_1" HEIGHT="23" WIDTH="27" VPOS="2259" HPOS="91">
          <TextLine ID="tl_60" BASELINE="2291" HEIGHT="39" WIDTH="38" VPOS="2252" HPOS="86">
            <String HEIGHT="39" WIDTH="76" VPOS="2252" HPOS="48" CONTENT="48" ID="tl_60_1" STYLEREFS="FONT0"/>
          </TextLine>
        </TextBlock>
        <GraphicalElement ID="r_5" HEIGHT="2" WIDTH="1040" VPOS="2371" HPOS="46"/>
        <GraphicalElement ID="r_6" HEIGHT="2224" WIDTH="3" VPOS="80" HPOS="0"/>
      </PrintSpace>
    </Page>
  </Layout>
</alto>
