1061 2276
675 57 314 58 CANADA

100 441 239 51 Commissaire
291 441 191 51 général:
434 441 255 51 Jean-Paul
625 441 223 51 Morisset

103 499 170 37 Délégué
226 499 93 37 de
273 499 93 37 la
319 499 170 37 Galerie
443 499 201 37 nationale
598 499 93 37 du
644 499 155 37 Canada
753 499 124 37 dans
815 499 108 37 l’Est

100 530 98 46 du
132 530 115 46 Pays.

44 670 91 46 A
80 670 237 46 mi-chemin
263 670 128 46 des
336 670 256 46 influences
537 670 128 46 qui
610 670 146 46 leur
701 670 219 46 viennent
847 670 73 46 de

6 705 141 49 Newv
94 705 141 49 York
182 705 158 49 aussi
288 705 141 49 bien
376 705 123 49 que
446 705 106 49 de
499 705 176 49 Paris,
622 705 106 49 de
675 705 123 49 San
728 705 193 49 Francisco

3 748 108 43 ou
57 748 144 43 même
147 748 108 43 de
201 748 180 43 Tokyo,
326 748 126 43 les
398 748 216 43 artistes
560 748 108 43 du
614 748 180 43 Canada
721 748 198 43 cherchent

5 785 210 45 durement
162 785 140 45 leur
232 785 122 45 voie.

51 823 136 48 Des
128 823 233 48 peintres
303 823 175 48 comme
419 823 233 48 Borduas,
594 823 214 48 Pellan,
730 823 194 48 Riopelle

7 868 117 44 ont
74 868 183 44 atteint
207 868 166 44 depuis
324 868 216 44 longtemps
490 868 100 44 le
540 868 150 44 seuil
640 868 100 44 de
690 868 100 44 la
723 868 200 44 cosmogonie

7 910 270 41 personnelle.
227 910 220 41 D’autres,
396 910 186 41 parfois
531 910 152 41 leurs
633 910 186 41 élèves,
768 910 118 41 ont
819 910 101 41 éga-

7 940 167 50 lement
124 940 167 50 réussi
241 940 83 50 à
274 940 150 50 créer
374 940 133 50 leur
458 940 167 50 propre
575 940 167 50 monde,
691 940 100 50 et
741 940 83 50 à
775 940 100 50 le
808 940 117 50 créer

7 987 104 35 au
59 987 138 35 même
145 987 173 35 niveau
266 987 104 35 de
317 987 207 35 qualité.
473 987 224 35 L’ont-ils
645 987 138 35 fait
731 987 138 35 avec
800 987 121 35 moins

7 1017 200 44 d’éclat?
157 1017 100 44 Il
207 1017 166 44 semble
323 1017 183 44 parfois
456 1017 166 44 qu’ils
573 1017 200 44 prennent
722 1017 83 44 -
756 1017 100 44 ou
789 1017 133 44 qu’ils

5 1057 194 42 veulent
147 1057 194 42 prendre
288 1057 88 42 -
323 1057 159 42 comme
429 1057 159 42 point
535 1057 106 42 de
588 1057 176 42 départ
711 1057 106 42 ce
764 1057 124 42 qui
817 1057 106 42 pour

6 1089 193 43 d’autre
147 1089 158 43 avait
253 1089 123 43 été
323 1089 106 43 un
376 1089 264 43 achèvement,
587 1089 106 43 un
640 1089 176 43 sommet
745 1089 176 43 diffici-

11 1130 186 44 lement
142 1130 224 44 conquis:
310 1130 112 44 le
366 1130 317 44 dépouillement
627 1130 112 44 de
683 1130 224 44 Borduas,
832 1130 93 44 par

6 1174 239 36 exemple.
185 1174 119 36 Au
245 1174 199 36 Canada
384 1174 179 36 comme
504 1174 259 36 ailleurs,
703 1174 119 36 on
743 1174 179 36 cherche

11 1208 232 41 l’écriture
194 1208 99 41 du
243 1208 116 41 XXe
310 1208 182 41 siècle,
442 1208 232 41 l’alphabet
625 1208 99 41 de
674 1208 149 41 l’âge
757 1208 166 41 nouveau;

8 1246 106 40 on
61 1246 193 40 analyse
202 1246 106 40 le
255 1246 158 40 monde
360 1246 176 40 infini
483 1246 123 40 des
554 1246 229 40 possibles
712 1246 211 40 picturaux.

11 1283 101 41 On
62 1283 169 41 repart
180 1283 85 41 à
214 1283 152 41 zéro-
315 1283 169 41 chacun
434 1283 85 41 a
468 1283 118 41 son
535 1283 169 41 propre
654 1283 152 41 2éro.
738 1283 186 41 L’exploi-

11 1315 169 43 tation
130 1315 102 43 du
180 1315 186 43 hasard,
316 1315 102 43 ou
366 1315 169 43 plutôt
485 1315 102 43 de
536 1315 220 43 l’inertie
705 1315 169 43 propre
823 1315 102 43 de
857 1315 68 43 la

11 1350 183 53 matière
144 1350 216 53 (peinture
310 1350 100 53 au
360 1350 150 53 jet),
460 1350 133 53 chez
543 1350 183 53 Gorman,
676 1350 116 53 est
742 1350 133 53 bien
809 1350 116 53 éloi-

15 1389 135 49 gnée
100 1389 101 49 de
150 1389 287 49 l’exploration
387 1389 220 49 graphique
555 1389 101 49 de
606 1389 220 49 Meredith;
775 1389 135 49 elle
843 1389 84 49 est

12 1427 196 49 pourtant
159 1427 147 49 aussi
257 1427 261 49 élémentaire,
469 1427 98 49 et
518 1427 147 49 aussi
616 1427 310 49 caractéristique
861 1427 65 49 de

12 1460 108 48 ce
66 1460 125 48 qui
138 1460 108 48 se
191 1460 143 48 fait
281 1460 90 48 à
317 1460 233 48 Montréal,
496 1460 90 48 à
532 1460 179 48 Regina
657 1460 108 48 et
711 1460 90 48 à
729 1460 197 48 Vancouver

12 1503 147 58 qu’à
104 1503 221 58 Toronto,
269 1503 147 58 dans
361 1503 110 58 la
416 1503 202 58 plupart
563 1503 129 58 des
637 1503 239 58 ateliers.
821 1503 92 58 —

56 1545 104 53 La
108 1545 208 53 gravure,
264 1545 104 53 la
316 1545 225 53 sculpture
489 1545 191 53 suivent
627 1545 121 53 des
697 1545 156 53 voies
783 1545 139 53 paral-

13 1585 169 43 lèles,
131 1585 135 43 mais
216 1585 219 43 davantage
384 1585 219 43 orientées
553 1585 118 43 par
620 1585 118 43 les
688 1585 186 43 données
806 1585 118 43 tech

-4 1628 159 47 niques.

57 1658 145 63 Quant
153 1658 96 63 au
201 1658 145 63 film,
298 1658 96 63 il
346 1658 96 63 se
394 1658 177 63 ressent
523 1658 112 63 ici
587 1658 145 63 aussi
683 1658 96 63 du
715 1658 209 63 rajeunisse-

15 1721 143 38 ment
104 1721 125 38 que
176 1721 107 38 la
229 1721 89 38 7
265 1721 214 38 nouvelle
425 1721 178 38 vague—
550 1721 107 38 et
603 1721 214 38 quelques
764 1721 178 38 autres-

13 1752 91 50 a
49 1752 181 50 laissé
176 1752 109 50 au
231 1752 163 50 monde
339 1752 109 50 du
376 1752 163 50 cinéma.

58 1785 100 60 La
108 1785 216 60 quatrième
275 1785 200 60 Biennale
424 1785 100 60 de
474 1785 150 60 Paris
574 1785 83 60 a
607 1785 116 60 été
674 1785 133 60 pour
757 1785 100 60 le
790 1785 133 60 Canada

16 1833 232 47 l’occasion
198 1833 99 47 de
248 1833 149 47 faire
347 1833 99 47 le
397 1833 149 47 point
496 1833 116 47 sur
562 1833 99 47 sa
612 1833 281 47 participation
843 1833 83 47 à
860 1833 66 47 ce

15 1874 220 41 carrefour
184 1874 287 41 international
420 1874 118 41 des
488 1874 135 41 arts
572 1874 101 41 et
623 1874 118 41 des
691 1874 220 41 artistes.
843 1874 84 41 Cet

13 1907 186 46 examen
144 1907 131 46 m’a
218 1907 168 46 amené
330 1907 93 46 à
368 1907 224 46 formuler
535 1907 112 46 un
591 1907 205 46 certain
741 1907 186 46 nombre
852 1907 75 46 de

14 1949 360 44 recommandations
317 1949 133 44 qui
393 1949 284 44 deviendront
621 1949 152 44 pour
715 1949 114 44 la
753 1949 171 44 plupart

16 1983 223 43 sensibles
187 1983 86 43 à
221 1983 171 43 partir
341 1983 103 43 de
393 1983 154 43 1967,
496 1983 240 43 coincidant
684 1983 154 43 ainsi
787 1983 137 43 avec
855 1983 69 43 le

18 2024 223 47 renouveau
189 2024 120 47 que
258 2024 137 47 veut
343 2024 137 47 être
429 2024 137 47 pour
515 2024 103 47 le
566 2024 171 47 Canada
686 2024 103 47 le
720 2024 206 47 centenaire

16 2061 107 47 de
70 2061 107 47 sa
106 2061 286 47 Confédération.

561 2136 236 60 Jean-Paul
724 2136 200 60 Morisset.

850 2197 78 46 37
