1086 2373
194 450 226 56 Commissaire
375 450 181 56 général:
510 450 181 56 Luigi
630 450 211 56 Martinez

140 646 147 51 Parmi
238 646 115 51 les
303 646 197 51 diverses
451 646 213 51 tendances
615 646 246 51 artistiques
795 646 164 51 existant

97 684 96 47 en
145 684 223 47 République
320 684 255 47 Dominicaine,
528 684 96 47 la
575 684 207 47 sélection
735 684 96 47 de
783 684 143 47 notre
862 684 96 47 par-

93 730 242 40 ticipation
283 730 87 40 à
318 730 104 40 la
370 730 190 40 Section
508 730 121 40 des
577 730 138 40 Arts
664 730 242 40 Plastiques
854 730 104 40 de
889 730 69 40 la

95 768 229 43 Quatrième
271 768 211 43 Biennale
430 768 106 43 de
483 768 158 43 Paris
588 768 211 43 présente
747 768 106 43 un
800 768 158 43 choix
888 768 70 43 de

94 803 142 44 trois
189 803 189 44 artistes
330 803 142 44 ayant
425 803 110 44 des
488 803 268 44 personnalités
708 803 94 44 et
755 803 110 44 des
803 803 157 44 manières

96 837 257 60 d’expression
305 837 129 60 très
369 837 225 60 différentes.

137 887 205 48 Domingo
287 887 131 48 Liz
361 887 149 48 crée
455 887 131 48 des
529 887 280 48 personnages
735 887 224 48 mystérieux

96 926 130 48 dans
177 926 98 48 le
226 926 130 48 sens
307 926 147 48 d’une
405 926 228 48 expression
584 926 212 48 primitive
747 926 130 48 avec
829 926 114 48 des
878 926 81 48 vi.

94 974 155 36 sages
197 974 155 36 d’une
300 974 241 36 profondeur
473 974 258 36 expressivité.

139 1015 134 43 Ivan
223 1015 151 43 Tovar
324 1015 84 43 a
357 1015 201 43 beaucoup
508 1015 168 43 évolué
625 1015 168 43 depuis
742 1015 101 43 la
776 1015 184 43 troisième

99 1057 191 42 Biennale
243 1057 96 42 de
290 1057 143 42 Paris
386 1057 96 42 où
434 1057 96 42 il
482 1057 128 42 nous
561 1057 80 42 a
593 1057 128 42 bien
673 1057 255 42 représentés,
864 1057 96 42 mais

94 1096 196 43 toujours
241 1096 131 43 dans
322 1096 114 43 son
388 1096 147 43 style
486 1096 131 43 très
567 1096 212 43 personnel
730 1096 98 43 et
763 1096 196 43 conservant

95 1132 116 45 son
162 1132 216 45 caractère
328 1132 199 45 érotique
477 1132 100 45 de
527 1132 100 45 la
577 1132 149 45 forme
677 1132 100 45 et
726 1132 100 45 de
776 1132 100 45 la
810 1132 149 45 couleu,

96 1170 188 41 toujours
237 1170 141 41 aussi
332 1170 125 41 dans
410 1170 94 41 la
457 1170 141 41 ligne
551 1170 251 41 surréaliste.
755 1170 94 41 On
786 1170 173 41 remarquen

97 1208 259 43 l’évolution
304 1208 103 43 de
355 1208 121 43 son
424 1208 155 43 œuvre
528 1208 172 43 depuis
649 1208 155 43 qu’il
752 1208 224 43 travaille
907 1208 52 43 à

140 1291 167 53 Eligio
257 1291 201 53 Pichardo
408 1291 217 53 s’exprime
575 1291 134 53 dans
658 1291 117 53 une
725 1291 150 53 ligne
809 1291 150 53 expres.

96 1331 246 44 sionniste.
290 1331 211 44 Résidant
448 1331 282 44 actuellement
677 1331 88 44 à
713 1331 123 44 New
783 1331 141 44 Vork
871 1331 106 44 il
906 1331 53 44 a

98 1367 134 54 subi
182 1367 250 54 l’influence
382 1367 100 54 du
432 1367 83 54 7
465 1367 184 54 pop-art
599 1367 100 54 de
649 1367 150 54 cette
732 1367 134 54 ville.

738 1453 125 61 Luigi
807 1453 153 61 Martinet.

347 1710 227 46 PEINTURE
517 1710 113 46 ET
555 1710 151 46 DESSIN

159 1761 146 51 Liz
261 1761 233 51 DOMINGO
451 1761 87 51 né
495 1761 87 51 en
538 1761 117 51 1930
611 1761 73 51 à
640 1761 262 51 Saint-Domingue
844 1761 117 51 (Répt-

157 1804 152 43 blique
248 1804 227 43 Dominicaine).

126 1835 152 51 1
240 1835 139 51 Couple,
342 1835 101 51 1965
405 1835 203 51 (encre-cire,
569 1835 76 51 65
607 1835 63 51 x
620 1835 76 51 49).

161 1890 186 36 Eligio
304 1890 243 36 PICHARDO
504 1890 86 36 né
547 1890 86 36 en
590 1890 114 36 1931
662 1890 72 36 à
690 1890 157 36 Salcedo
790 1890 172 36 (Républiqe

127 1951 168 50 2
253 1951 126 50 Homme
337 1951 112 50 sous
407 1951 84 50 la
449 1951 154 50 douche,
561 1951 112 50 1965
631 1951 182 50 (gouache,
771 1951 98 50 123
827 1951 70 50 x
841 1951 84 50 62).

129 1993 161 52 3
250 1993 135 52 Cabine
344 1993 81 52 de
384 1993 188 52 téléphone,
532 1993 108 52 1965
599 1993 175 52 (gouache,
734 1993 94 52 123
788 1993 67 52 x
801 1993 81 52 66).

163 2036 152 61 Ivan
274 2036 193 61 TOVAR
425 2036 83 61 né
467 2036 83 61 en
508 2036 110 61 1942
577 2036 69 61 à
604 2036 97 61 San
660 2036 179 61 Francisco
784 2036 179 61 (République

132 2112 148 50 4
243 2112 136 50 Anaisa,
341 2112 99 50 1965
403 2112 136 50 (huile,
502 2112 86 50 160
551 2112 62 50 x
564 2112 86 50 130).

134 2146 155 47 5
250 2146 155 47 Portrait
366 2146 77 47 de
405 2146 129 47 Madame
495 2146 77 47 X,
534 2146 103 47 1965
599 2146 142 47 (huile,
702 2146 77 47 83
741 2146 65 47 x
754 2146 77 47 58).

135 2183 152 42 6
249 2183 139 42 Anaisa,
351 2183 101 42 1965
414 2183 165 42 (gouache,
540 2183 76 42 32
578 2183 63 42 x
591 2183 76 42 22).

135 2210 161 47 7
255 2210 187 47 Personnage
402 2210 107 47 dans
469 2210 174 47 l’espace,
603 2210 107 47 1965
670 2210 174 47 (gouache,
804 2210 80 47 28
844 2210 67 47 x
858 2210 80 47 40).
