1086 2373
161 91 357 61 TRAVAUX
416 91 332 61 DÉQUIPE

199 236 161 44 314
312 236 129 44 ABRI
376 236 306 44 ANTI

201 275 163 53 Réalisé
320 275 74 53 à
335 275 163 53 grandeur.

201 340 109 60 Abri.
273 340 96 60 n.m.
334 340 84 60 (de
382 340 121 60 l’anc.
466 340 72 60 v.
502 340 133 60 abrier.
599 340 96 60 Lat.
659 340 157 60 apricari,
780 340 169 60 réchauffer
912 340 72 60 au
936 340 109 60 solei).

202 376 104 52 Lieu
267 376 78 52 où
306 376 104 52 l’on
371 376 104 52 peut
437 376 78 52 se
476 376 130 52 mettre
567 376 65 52 à
593 376 143 52 couvert
697 376 78 52 de
736 376 78 52 la
775 376 130 52 pluie,
867 376 78 52 du
906 376 143 52 soleil,
997 376 52 52 du

198 412 159 50 danger,
313 412 130 50 etc.;
400 412 101 50 les
457 412 173 50 premiers
587 412 144 50 hommes
688 412 216 50 cherchaient
861 412 87 50 un
905 412 115 50 abri
962 412 87 50 dans

200 441 95 54 les
254 441 176 54 cavernes.
389 441 135 54 Milit.
483 441 135 54 Refuge
578 441 189 54 protégeant
726 441 135 54 contre
821 441 95 54 les
875 441 122 54 vues,
956 441 95 54 les
996 441 54 54 ga

199 479 83 55 ou
241 479 138 55 contre
337 479 96 55 les
392 479 138 55 effets
488 479 96 55 des
543 479 220 55 projectiles:
722 479 110 55 abri
791 479 151 55 bétonné
901 479 83 55 de
928 479 124 55 défense

199 517 168 47 passive.
325 517 112 47 Mar.
395 517 196 47 Protection
549 517 140 47 contre
646 517 84 47 le
688 517 154 47 mauvais
800 517 140 47 temps:
898 517 84 47 la
940 517 112 47 côte
996 517 56 47 de

201 546 167 55 Provence
326 546 180 55 constitue
465 546 83 55 un
507 546 180 55 excellent
645 546 111 55 abri
715 546 139 55 contre
812 546 83 55 le
854 546 167 55 mistral.
965 546 83 55 Fi9.

201 578 159 47 Refuge,
316 578 87 47 ce
359 578 101 47 qui
417 578 173 47 préserve
547 578 87 47 de
591 578 159 47 quelque
706 578 116 47 mal:
778 578 87 47 la
822 578 173 47 solitude
952 578 101 47 est
995 578 58 47 un

199 613 112 50 abri
269 613 140 50 contre
367 613 98 50 les
423 613 168 50 embarras
549 613 84 50 du
591 613 140 50 monde.
689 613 112 50 Loc.
759 613 126 50 prép.
843 613 70 50 A
871 613 140 50 l’abri
969 613 98 50 de,
1011 613 42 50 à

201 645 158 48 couvert,
320 645 79 48 en
359 645 145 48 sûreté:
465 645 66 48 à
491 645 132 48 l’abri
584 645 79 48 de
623 645 211 48 l’indigence,
795 645 66 48 à
821 645 132 48 l’abri
914 645 106 48 d’un
967 645 79 48 mui.

199 678 236 54 Dictionnaire
391 678 162 54 complet
509 678 177 54 Larousse
641 678 177 54 illustré
774 678 74 54 -
803 678 162 54 ENCYCL.
921 678 118 54 Art.
980 678 74 54 mit

198 715 149 47 Suivant
307 715 109 47 leur
375 715 136 47 nature
470 715 95 47 les
524 715 122 47 abris
605 715 81 47 se
646 715 163 47 classent
768 715 81 47 en
809 715 122 47 abris
890 715 163 47 naturels
999 715 54 47 ou

197 748 198 51 artificiels
355 748 92 51 les
408 748 158 51 premiers
527 748 145 51 souvent
632 748 211 51 insuffisants
803 748 106 51 sont
869 748 171 51 renforcés
988 748 66 51 par

198 784 91 40 des
250 784 143 40 travaux
354 784 78 40 de
393 784 220 40 fortification
574 784 182 40 passagère.
717 784 104 40 Dans
782 784 117 40 l’art
859 784 78 40 de
898 784 78 40 la
924 784 130 40 fortifi-

196 818 143 37 cation
296 818 86 37 on
339 818 186 37 distingue
481 818 100 37 les
539 818 129 37 abris
624 818 157 37 passifs
739 818 157 37 servant
853 818 71 37 à
882 818 171 37 protéger
996 818 57 37 le

197 852 172 42 personnel
329 852 79 42 au
368 852 119 42 repos
448 852 79 42 et
487 852 79 42 le
527 852 172 42 matériel,
659 852 79 42 et
699 852 92 42 les
751 852 119 42 abris
831 852 132 42 actifs
923 852 132 42 (abris
1002 852 53 42 de

196 886 107 35 tir,
263 886 241 35 observatoires,
464 886 134 35 postes
558 886 80 35 de
598 886 188 35 guetteurs,
746 886 134 35 postes
839 886 174 35 optiques,
960 886 94 35 tran-

196 912 129 54 chées,
287 912 116 54 etc.)
364 912 155 54 assurant
481 912 78 54 en
520 912 104 54 plus
584 912 78 54 de
623 912 78 54 la
662 912 194 54 protection,
817 912 142 54 l’usage
921 912 91 54 des
959 912 91 54 armes

174 963 250 47 Responsable:

196 1011 188 47 Gérard
340 1011 261 47 TISSERAND
558 1011 87 47 né
601 1011 87 47 en
645 1011 116 47 1934
717 1011 72 47 à
746 1011 174 47 Besançon
862 1011 145 47 (France)

194 1045 134 49 1965,
284 1045 194 49 (peinture
433 1045 75 49 à
463 1045 149 49 l’eau,
567 1045 104 49 240
627 1045 75 49 x
642 1045 104 49 280).

196 1082 195 46 Francis
349 1082 195 46 BIRAS
502 1082 83 46 né
544 1082 83 46 en
585 1082 111 46 1930
655 1082 70 46 à
683 1082 181 46 Périgueux
808 1082 139 46 (France)

194 1119 126 47 1965
273 1119 173 47 (huile,
399 1119 110 47 240
462 1119 79 47 x
478 1119 110 47 280).

194 1156 163 50 Erik
313 1156 251 50 DIETMANN
520 1156 89 50 né
564 1156 89 50 en
608 1156 118 50 1937
682 1156 74 50 à
712 1156 192 50 Stockholm
845 1156 133 50 (Suède)

191 1196 126 48 1965
270 1196 237 48 (albuplast,
460 1196 111 48 100
507 1196 95 48 me).

196 1232 186 48 Michel
339 1232 200 48 PARRE
496 1232 86 48 né
539 1232 86 48 en
582 1232 114 48 1938
653 1232 71 48 à
682 1232 172 48 St-Denis
796 1232 143 48 (France)

191 1273 126 46 1965
270 1273 174 46 (hulle,
396 1273 111 46 240
460 1273 79 46 x
475 1273 111 46 280).

195 1311 81 44 Ce
235 1311 148 44 travail
342 1311 67 44 a
369 1311 94 44 été
423 1311 161 44 facilité
544 1311 94 44 par
598 1311 81 44 la
638 1311 148 44 société
746 1311 175 44 Albuplast
880 1311 81 44 et
921 1311 81 44 la
947 1311 108 44 maison

193 1345 135 46 Ecart
283 1345 120 46 pour
358 1345 90 46 la
402 1345 209 46 fourniture
567 1345 90 46 du
597 1345 209 46 baraquement.

187 1482 168 54 315
305 1482 168 54 ACTION
422 1482 117 54 SUR
489 1482 101 54 UN
523 1482 285 54 BIDONVILLES

191 1539 153 40 Centre
298 1539 92 40 de
343 1539 198 40 promotion
481 1539 153 40 sociale.

193 1593 182 41 Présenté
329 1593 121 41 sous
405 1593 136 41 forme
495 1593 91 41 de
541 1593 182 41 maquette
677 1593 91 41 et
722 1593 91 41 de
768 1593 227 41 projections
934 1593 121 41 audio

176 1630 168 47 visuelles.

190 1667 73 45 A
220 1667 103 45 ces
278 1667 147 45 hommes
381 1667 103 45 des
440 1667 220 45 bidonvilles
616 1667 103 45 qui
675 1667 103 45 ont
734 1667 191 45 désappris
881 1667 88 45 en
910 1667 147 45 quelques

191 1706 129 36 années
282 1706 78 36 la
320 1706 155 36 Société,
437 1706 91 36 qui
489 1706 91 36 ont
540 1706 104 36 peur
605 1706 129 36 d’elle
696 1706 78 36 et
735 1706 91 36 lui
786 1706 104 36 font
851 1706 116 36 peur,
929 1706 78 36 il
954 1706 104 36 s’agit

192 1741 106 41 pour
258 1741 106 41 nous
325 1741 80 41 de
365 1741 93 41 les
418 1741 160 41 remettre
537 1741 80 41 en
577 1741 173 41 situation
710 1741 146 41 active,
817 1741 146 41 d’abord
910 1741 146 41 vis

190 1773 227 41 d’eux-mêmes,
374 1773 156 41 ensuite
488 1773 185 41 vis-à-vis
630 1773 99 41 des
687 1773 156 41 autres.
800 1773 114 41 Pour
871 1773 156 41 assumer
971 1773 85 41 leur

192 1803 240 43 responsabilité
391 1803 80 43 au
431 1803 107 43 sein
498 1803 80 43 de
538 1803 80 43 la
578 1803 146 43 famille
684 1803 80 43 et
724 1803 133 43 par-là
817 1803 80 43 de
857 1803 80 43 la
897 1803 160 43 Société,
1004 1803 53 43 il

190 1836 140 46 faudra
288 1836 98 46 les
344 1836 126 46 aider
428 1836 70 46 à
456 1836 84 46 se
498 1836 168 46 délivrer
624 1836 84 46 de
666 1836 112 46 tout
736 1836 84 46 un
778 1836 154 46 système
890 1836 84 46 de
932 1836 98 46 vie
974 1836 84 46 ?’en

191 1874 124 40 marge
288 1874 96 40 qui
343 1874 110 40 rend
412 1874 193 40 impossible
563 1874 110 40 leur
632 1874 179 40 transfert
770 1874 110 40 dans
839 1874 83 40 la
880 1874 152 40 Société
976 1874 83 40 sans

191 1903 162 47 passage
309 1903 88 47 au
353 1903 191 47 préalable
500 1903 118 47 dans
574 1903 88 47 un
618 1903 147 47 centre
721 1903 88 47 de
765 1903 191 47 promotion
897 1903 147 47 sociale.

173 1965 246 47 Responsable:

195 2003 172 49 Didier
327 2003 212 49 STEPHANT
500 2003 80 49 né
540 2003 80 49 en
579 2003 106 49 1941
646 2003 66 49 à
672 2003 305 49 Carrières-sur-Seine
924 2003 133 49 (France)

174 2046 184 44 Architecte

189 2082 268 46 Jean-Claude
413 2082 223 46 ARNAUD
591 2082 89 46 né
636 2082 89 46 en
681 2082 119 46 1936
755 2082 74 46 à
785 2082 179 46 Mandeure
904 2082 149 46 (France)

178 2122 136 42 Peintre

193 2145 179 64 Marie
327 2145 238 64 CHAMANT
521 2145 104 64 née
580 2145 89 64 en
625 2145 119 64 1944
700 2145 74 64 à
729 2145 134 64 Paris
819 2145 179 64 (France)
938 2145 119 64 Peinte

191 2205 156 43 Jean
304 2205 226 43 FELTRIN
488 2205 85 43 né
530 2205 85 43 en
573 2205 113 43 1939
643 2205 71 43 à
672 2205 127 43 Brive
756 2205 170 43 (France)
869 2205 156 43 Sculpteur

178 2265 82 46 148
