1086 2373
22 76 326 64 TURQUIE

171 206 179 73 Ozdemir
301 206 163 73 Altan,
415 206 261 73 actuellement
627 206 212 73 assistant
790 206 81 73 à
806 206 163 73 l’Acadé.

124 251 120 66 mie
193 251 120 66 des
261 251 241 66 Beaux-Arts
451 251 241 66 d’Istanbul
640 251 172 66 trahit
761 251 120 66 son
812 251 155 66 tempéra

121 285 149 69 ment
214 285 260 69 romantique
419 285 149 69 dans
512 285 130 69 les
586 285 186 69 thèmes
717 285 167 69 qu’il
810 285 167 69 adopte:

122 321 90 56 «
158 321 198 56 Oiseaux
302 321 90 56 .
338 321 108 56 ..
393 321 108 56 Le
447 321 162 56 Jeune
555 321 162 56 homme
663 321 108 56 et
717 321 108 56 le
772 321 144 56 Viel
844 321 126 56 Abre!

123 356 79 72 «
155 356 95 72 Le
202 356 174 72 Cheval,
329 356 95 72 le
376 356 158 72 Dragon
487 356 95 72 et
534 356 95 72 la
582 356 142 72 Pluie
677 356 79 72 .
708 356 95 72 Ce
756 356 142 72 jeune
835 356 142 72 artiste

121 403 196 63 marque,
264 403 143 63 dans
353 403 125 63 ses
424 403 214 63 gravures
585 403 160 63 comme
692 403 143 63 dans
781 403 125 63 ses
834 403 143 63 grands

118 438 238 67 tableaux,
301 438 128 67 une
374 438 256 67 préférence
575 438 146 67 pour
666 438 128 67 les
739 438 165 67 vieux
831 438 146 67 troncs

120 478 198 63 d’arbres
268 478 115 63 aux
334 478 280 63 ramifications
564 478 247 63 rabougries,
762 478 115 63 sur
811 478 165 63 lesquels

118 517 195 60 viennent
264 517 227 60 virevolter
442 517 113 60 des
507 517 195 60 oiseaux.
653 517 130 60 Mais
734 517 130 60 tout
815 517 130 60 cela
880 517 97 60 obét

121 548 79 71 à
153 548 111 71 une
216 548 254 71 architecture
422 548 206 71 plastique
581 548 95 71 et
628 548 127 71 fort
708 548 174 71 rythmée
834 548 127 71 sans
898 548 79 71 la-

119 598 159 54 quelle
230 598 159 54 aucune
341 598 143 54 image
436 598 143 54 n’est
532 598 175 54 assurée
659 598 95 54 de
706 598 206 54 solidité,
865 598 95 54 de
897 598 79 54 du

105 625 165 48 rabilité.

166 666 130 76 Utku
247 666 179 76 Varlik,
377 666 162 76 enfin,
491 666 162 76 encore
604 666 81 76 à
637 666 97 76 sa
686 666 179 76 période
799 666 179 76 d’études,

118 718 92 59 se
164 718 154 59 révèle
271 718 92 59 un
317 718 292 59 expressionniste
563 718 108 59 qui
625 718 246 59 sacrifierait
824 718 123 59 trop
901 718 77 59 à
917 718 61 59 la

119 753 222 63 littérature
297 753 89 63 si
341 753 89 63 le
386 753 133 63 trait
475 753 163 63 incisif
593 753 89 63 et
637 753 89 63 un
682 753 192 63 sentiment
830 753 133 63 exact
904 753 74 63 des

118 795 153 60 noirs
220 795 102 60 et
271 795 170 60 blancs
389 795 102 60 ne
440 795 203 60 venaient
593 795 85 60 à
627 795 119 60 son
677 795 170 60 secours.

162 839 107 63 Le
216 839 231 63 sculpteur
393 839 160 63 Tamer
500 839 195 63 Basoglu
642 839 160 63 reste
748 839 178 63 fidèle
872 839 89 63 à
890 839 89 63 cet

116 879 83 56 «
150 879 298 56 élémentairisme
398 879 116 56 qui
464 879 248 56 caractérise
663 879 116 56 une
729 879 165 56 partie
845 879 116 56 des
894 879 83 56 te-

117 924 188 55 cherches
258 924 94 55 de
305 924 94 55 la
352 924 204 55 sculpture
509 924 94 55 de
556 924 110 55 nos
619 924 157 55 jours:
728 924 94 55 il
775 924 125 55 joue
838 924 141 55 avecles

114 953 169 58 formes
233 953 169 58 brutes
351 953 119 58 qui
419 953 102 58 ne
470 953 203 58 prennent
622 953 102 58 de
673 953 288 58 signification
893 953 85 58 que

116 1002 110 50 par
179 1002 141 50 leurs
273 1002 219 50 directions
445 1002 125 50 dans
524 1002 188 50 l’espace
665 1002 94 50 et
712 1002 110 50 par
774 1002 94 50 le
821 1002 110 50 jeu
868 1002 110 50 réci-

115 1040 183 46 proque
243 1040 110 46 de
297 1040 164 46 leurs
389 1040 237 46 dimensions.

163 1082 128 54 Nous
243 1082 160 54 avions
355 1082 128 54 noté
435 1082 128 54 lors
515 1082 96 54 de
563 1082 96 54 la
610 1082 224 54 précédente
786 1082 192 54 Biennale
914 1082 64 54 le

111 1126 301 53 développement
359 1126 106 53 en
412 1126 195 53 Turquie
554 1126 106 53 du
607 1126 195 53 théâtre
731 1126 248 53 contemporain

114 1164 136 52 dans
199 1164 169 52 lequel
317 1164 186 52 décors,
453 1164 203 52 costumes
605 1164 102 52 et
656 1164 203 52 lumières
809 1164 169 52 jouent
910 1164 68 52 un

114 1206 136 46 rôle
199 1206 136 46 égal
284 1206 220 46 peut-être
453 1206 85 46 à
487 1206 153 46 celui
589 1206 119 46 des
657 1206 204 46 acteurs.
809 1206 119 46 Les
860 1206 119 46 quate

113 1237 191 45 auteurs
251 1237 104 45 de
303 1237 226 45 maquettes
477 1237 121 45 que
546 1237 139 45 nous
633 1237 243 45 présentons
824 1237 139 45 sont
893 1237 87 45 des

114 1277 217 47 étudiants,
284 1277 93 47 ce
330 1277 108 47 qui
392 1277 124 47 doit
469 1277 139 47 faire
562 1277 201 47 pardonner
717 1277 139 47 leurs
810 1277 170 47 défauts
918 1277 62 47 et

111 1315 215 42 valoriser
277 1315 165 42 encore
393 1315 149 42 leurs
475 1315 182 42 qualités.

159 1356 148 50 Comme
257 1356 98 50 on
306 1356 98 50 le
355 1356 148 50 voit,
454 1356 197 50 l’équipe
602 1356 164 50 turque
716 1356 98 50 de
766 1356 98 50 la
799 1356 180 50 quatrième

114 1400 204 53 Biennale
267 1400 119 53 est
335 1400 153 53 d’une
436 1400 187 53 extrême
572 1400 204 53 jeunesse
725 1400 136 53 dans
809 1400 102 53 sa
843 1400 136 53 génér-

112 1438 153 51 lité.
214 1438 136 51 Nous
299 1438 187 51 n’avons
435 1438 119 51 pas
503 1438 170 51 hésité
621 1438 85 51 à
655 1438 221 51 présenter
825 1438 119 51 des
876 1438 102 51 étu-

113 1478 176 44 diants,
241 1478 112 44 des
305 1478 160 44 jeunes
417 1478 240 44 assistants,
610 1478 112 44 des
674 1478 192 44 artistes
818 1478 160 44 encore
914 1478 64 44 au

112 1519 150 40 début
212 1519 100 40 de
262 1519 133 40 leur
346 1519 217 40 carrière.
512 1519 133 40 Mais
596 1519 133 40 cela
679 1519 100 40 ne
729 1519 233 40 cadre-t-il
896 1519 83 40 pas

114 1558 262 43 parfaitement
327 1558 131 43 avec
409 1558 147 43 cette
507 1558 229 43 audacieuse
687 1558 229 43 entreprise
851 1558 131 43 qu’est

113 1590 106 47 la
166 1590 213 47 Biennale
326 1590 106 47 de
361 1590 142 47 Paris?

768 1673 195 55 Nurullah
898 1673 81 55 Bek

101 2257 82 44 118
