1086 2276
125 7 226 65 EVLAN

217 135 131 61 Dans
298 135 229 61 l’ensemble
479 135 115 61 des
544 135 164 61 œuvres
659 135 196 61 choisies
806 135 131 61 pour
871 135 115 61 fepié

166 183 174 58 senter
287 183 174 58 Ceylan
409 183 87 58 à
444 183 104 58 la
496 183 226 58 Biennale,
670 183 104 58 la
722 183 209 58 peinture
861 183 122 58 surfs

175 219 165 56 (Batik)
295 219 90 56 ne
340 219 180 56 pourrait
474 219 120 56 être
549 219 180 56 oubliée,
684 219 105 56 car
744 219 90 56 ce
788 219 135 56 genre
878 219 90 56 de
908 219 75 56 pes

167 258 126 48 ture
246 258 110 48 est
309 258 299 48 caractéristique
560 258 94 48 de
608 258 173 48 l’école
733 258 220 48 Orientale,
891 258 94 48 pars

165 290 218 58 couleurs
329 290 237 58 employées
511 290 109 58 et
565 290 109 58 le
620 290 200 58 dessin.
766 290 146 58 Miss
838 290 146 58 Shinié

167 338 153 52 Anula
269 338 324 52 Wickremasuriya,
542 338 119 52 qui
610 338 85 52 a
644 338 136 52 fait
729 338 119 52 ses
798 338 170 52 études
900 338 85 52 ars

165 366 152 59 tiques
271 366 91 59 en
316 366 167 59 Italie,
438 366 106 59 est
498 366 91 59 un
544 366 106 59 des
604 366 197 59 meilleurs
756 366 182 59 peintres
892 366 91 59 de
922 366 61 59 cs

145 405 147 50 école.

213 428 133 81 Deux
297 428 166 81 œuvres
413 428 100 81 de
463 428 133 81 deux
546 428 200 81 peintres
696 428 83 81 ?
713 428 266 81 expéfimentates

182 501 298 57 Indépendants
424 501 93 57 .
461 501 242 57 Kulonatha
647 501 260 57 Senadheera
852 501 112 57 et
908 501 149 57 T.P.
982 501 93 57 Pie

166 536 142 55 ris,
255 536 142 55 font
344 536 178 55 partie
469 536 107 55 du
522 536 196 55 présent
665 536 231 55 ensemble.
843 536 107 55 T.
896 536 107 55 P.
950 536 178 55 Pieris

154 572 381 65 également
447 572 381 65 sculpteur
740 572 176 65 en
828 572 323 65 pierre.

638 648 109 73 E.
692 648 146 73 L.F.
783 648 109 73 de
838 648 109 73 J.
893 648 237 73 Senevieis

216 926 113 43 Les
281 926 291 43 renseignements
523 926 226 43 concernant
701 926 97 43 la
733 926 243 43 participafiot

169 965 167 52 Ceylan
286 965 100 52 ne
336 965 133 52 nous
420 965 183 52 étaient
553 965 117 52 pas
620 965 200 52 parvenus
770 965 100 52 au
803 965 167 52 momentey

168 1014 230 39 catalogue
345 1014 88 39 a
380 1014 124 39 été
451 1014 124 39 mis
521 1014 141 39 sous
592 1014 159 39 presse.

161 2198 76 45 40
