1013 2373
26 160 216 103 considéré
193 160 150 103 comme
293 160 233 103 partageant
476 160 216 103 certaines
642 160 250 103 intentions,
825 160 67 103 et

27 216 182 88 partant,
163 216 91 88 un
209 216 167 88 certain
330 216 136 88 genre
421 216 227 88 d’imagerie,
603 216 121 88 avec
679 216 106 88 les
724 216 167 88 peintures

25 253 100 83 de
75 253 133 83 Paul
158 253 183 83 Huxley.
291 253 116 83 Une
358 253 233 83 transition
541 253 200 83 physique
690 253 133 83 d’un
774 253 133 83 état
840 253 50 83 à

28 291 100 84 un
78 291 166 84 autre,
195 291 100 84 ou
245 291 133 84 bien
328 291 266 84 l’expression
544 291 216 84 d’aspects
710 291 183 84 formels
826 291 67 84 ou

28 329 295 85 d’associations
274 329 213 85 ambiguës,
438 329 98 85 ou
487 329 213 85 peut-être
651 329 246 85 illusoires,
831 329 66 85 se

24 372 208 83 trouve
170 372 166 83 dans
274 372 104 83 7
315 372 229 83 Pavanne
481 372 125 83 de
544 372 145 83 Tim
627 372 187 83 Scott
752 372 125 83 et
814 372 83 83 La

27 401 181 86 scène?
154 401 109 86 de
208 401 199 86 Derrick
353 401 217 86 Woodham-
516 401 181 86 tandis
643 401 127 86 que
715 401 91 86 7
751 401 163 86 Boîte
842 401 54 86 *

29 450 100 69 de
79 450 150 69 David
180 450 134 69 Hall
263 450 117 69 est
330 450 100 69 un
380 450 184 69 exemple
514 450 317 69 d’illusionnisme
781 450 117 69 (de
831 450 67 69 la

31 491 284 78 perspective).
265 491 167 78 Roland
382 491 150 78 Piche
482 491 184 78 formule
615 491 117 78 une
682 491 150 78 sorte
766 491 133 78 d’ima-

32 519 157 84 gerie
136 519 279 84 biomorphique
363 519 122 84 qui
433 519 122 84 non
503 519 227 84 seulement
677 519 174 84 relève
799 519 105 84 de
834 519 70 84 la

34 559 226 79 peinture,
208 559 139 79 mais
295 559 209 79 n’aurait
451 559 157 79 guère
556 559 104 79 pu
608 559 139 79 être
695 559 174 79 conçue
800 559 104 79 sans

36 597 194 80 l’emploi
181 597 113 80 des
246 597 210 80 matériaux
407 597 258 80 synthétiques
617 597 97 80 et
665 597 97 80 de
713 597 97 80 la
746 597 161 80 couleur.

70 650 202 72 Beaucoup
221 650 118 72 des
289 650 134 72 plus
373 650 168 72 jeunes
490 650 202 72 artistes
641 650 269 72 britanniques
843 650 67 72 se

34 687 138 79 sont
120 687 189 79 tournés
258 687 224 79 récemment
430 687 103 79 de
482 687 138 79 plus
568 687 103 79 en
619 687 138 79 plus
688 687 224 79 fréquemment

37 722 94 78 et
84 722 125 78 avec
162 722 94 78 de
209 722 125 78 plus
288 722 94 78 en
334 722 125 78 plus
413 722 94 78 de
460 722 172 78 plaisir
585 722 125 78 vers
663 722 94 78 la
694 722 219 78 lithographie

36 764 103 68 en
87 764 223 68 couleurs,
259 764 103 68 et
310 764 103 68 la
362 764 189 68 section
499 764 120 68 des
568 764 137 68 arts
654 764 240 68 graphiques
825 764 86 68 té-

35 811 180 63 moigne
161 811 108 63 de
215 811 270 63 l’assurance
431 811 234 63 technique
611 811 216 63 déployée
773 811 126 63 par
827 811 90 63 des

39 840 192 69 artistes
183 840 128 69 dont
263 840 96 69 la
311 840 176 69 plupart
439 840 176 69 avaient
566 840 160 69 exposé
678 840 144 69 comme
758 840 160 69 peintres

36 889 135 60 dans
120 889 118 60 les
188 889 135 60 deux
272 889 219 60 biennales
423 889 236 60 précédentes.

589 952 187 62 David
693 952 228 62 Thompson.

315 1244 225 69 PEINTURE
484 1244 112 69 ET
521 1244 150 69 DESSIN

90 1323 211 53 Patrick
256 1323 272 53 CAULFIELD
482 1323 91 53 né
528 1323 91 53 en
573 1323 121 53 1936
648 1323 75 53 à
678 1323 166 53 Londres
784 1323 151 53 (Grande

61 1374 167 62 1
186 1374 98 62 Vue
242 1374 84 62 de
284 1374 84 62 la
326 1374 125 62 baie,
409 1374 111 62 1964
479 1374 139 62 (huile
577 1374 98 62 sur
632 1374 181 62 masonite,
772 1374 98 62 122
828 1374 70 62 x
841 1374 98 62 183).

93 1423 209 48 Collection
257 1423 179 48 Calouste
391 1423 209 48 Gulbenkian
555 1423 224 48 Foundation,
719 1423 149 48 Londres.

62 1455 165 54 2
186 1455 96 54 Vue
241 1455 96 54 des
296 1455 192 54 cheminées,
447 1455 110 54 1964
515 1455 151 54 (huile,
625 1455 96 54 122
680 1455 69 54 x
708 1455 124 54 244).
776 1455 165 54 Collection

94 1499 132 48 Peter
183 1499 206 48 Stuyvesant
344 1499 221 48 Foundation,
506 1499 162 48 Londres.»

90 1538 232 61 Antony
268 1538 321 61 DONALDSON
536 1538 107 61 né
589 1538 107 61 en
643 1538 143 61 1939
732 1538 89 61 à
750 1538 196 61 Godalming

63 1603 171 62 3
191 1603 71 62 «
220 1603 86 62 it
263 1603 114 62 wont
334 1603 86 62 be
377 1603 114 62 long
448 1603 114 62 now,
520 1603 114 62 1964
591 1603 157 62 (huile,
705 1603 100 62 167
762 1603 71 62 x
791 1603 129 62 167).
862 1603 86 62 Col-

94 1655 151 48 lection
204 1655 151 48 privée,
300 1655 151 48 Londres.»

66 1685 168 46 4
192 1685 70 46 «
220 1685 196 46 Summershot
375 1685 84 46 ’,
417 1685 112 46 1964
487 1685 182 46 (peinture
627 1685 196 46 acrylique,
782 1685 98 46 172
838 1685 70 46 x
852 1685 98 46 172).

98 1718 211 49 Collection
264 1718 181 49 Calouste
399 1718 211 49 Gulbenkian
565 1718 226 49 Foundation,
730 1718 151 49 Londres.

65 1743 177 52 5
213 1743 162 52 Nowhere
331 1743 89 52 t0
375 1743 118 52 hide
449 1743 74 52 ,
479 1743 118 52 1965
552 1743 192 52 (peinture
700 1743 207 52 acrylique,
862 1743 103 52 172
907 1743 44 52 x

100 1790 133 54 172).
189 1790 208 54 Collection
352 1790 133 54 Rowan
441 1790 178 54 Gallery,
560 1790 148 54 Londres.

99 1843 166 50 John
219 1843 241 50 HOYLAND
415 1843 90 50 né
460 1843 90 50 en
505 1843 120 50 1934
581 1843 75 50 à
611 1843 196 50 Sheffield
746 1843 211 50 (Grande

71 1899 156 46 6
188 1899 156 46 17-5-64,
305 1899 104 46 1964
370 1899 143 46 (résine
475 1899 182 46 acrylique,
618 1899 91 46 213
670 1899 65 46 x
683 1899 91 46 274).

70 1936 159 61 7
189 1936 173 61 20-12-64,
322 1936 106 61 1964
388 1936 146 61 (résine
495 1936 186 61 acrylique,
641 1936 93 61 203
694 1936 66 61 x
707 1936 93 61 279).

104 1996 130 44 Paul
185 1996 179 44 HUXLEY,
315 1996 98 44 né
364 1996 98 44 en
413 1996 130 44 1938
495 1996 81 44 à
527 1996 179 44 Londres
641 1996 326 44 (Grande

71 2023 165 55 8
195 2023 138 55 Numéro
291 2023 96 55 36,
346 2023 110 55 1964
415 2023 151 55 (huile,
525 2023 96 55 172
580 2023 69 55 x
608 2023 124 55 172).
690 2023 193 55 Collection
828 2023 138 55 Calouste

104 2066 215 39 Gulbenkian
272 2066 230 39 Foundation,
441 2066 153 39 Londres.

73 2076 160 64 9
193 2076 133 64 Numéro
286 2076 93 64 32,
339 2076 107 64 1965
406 2076 147 64 (résine
513 2076 187 64 acrylique,
659 2076 93 64 172
713 2076 67 64 x
739 2076 120 64 172).
806 2076 160 64 Collection

105 2133 112 43 Arts
175 2133 154 43 Council
287 2133 84 43 of
329 2133 126 43 Great
399 2133 154 43 Britain.»

58 2151 174 57 10
192 2151 134 57 Numéro
285 2151 94 57 44,
339 2151 107 57 1965
406 2151 147 57 (résine
513 2151 188 57 acrylique,
661 2151 94 57 203
714 2151 67 57 x
741 2151 121 57 203).
808 2151 161 57 Collection

108 2203 139 42 Rowan
200 2203 185 42 Gallery,
324 2203 154 42 Londres.
