1086 2373
58 99 303 65 ISLANDE

225 421 270 52 Commissaire
441 421 216 52 général:
602 421 216 52 Sigurdur
746 421 180 52 Hafstadt

225 465 215 51 Conseiller
393 465 184 51 culturel
531 465 123 51 près
608 465 230 51 l’Ambassade
792 465 199 51 d’Islande
930 465 61 51 en

208 505 143 47 France.

169 628 93 58 Si
215 628 108 58 les
277 628 124 58 deux
354 628 186 58 artistes
494 628 108 58 qui
556 628 108 58 ont
617 628 108 58 été
679 628 186 58 désignés
819 628 139 58 cette
896 628 93 58 fois

125 685 126 40 pour
204 685 173 40 exposer
330 685 142 40 leurs
424 685 157 40 œuvres
534 685 126 40 sont
613 685 157 40 encore
723 685 173 40 jeunes,
849 685 110 40 ils
896 685 94 40 sont

124 723 213 43 cependant
287 723 131 43 bien
369 723 163 43 connus
483 723 131 43 dans
565 723 131 43 leur
647 723 180 43 patrie,
778 723 147 43 ayant
859 723 131 43 depuis

120 758 126 37 des
192 758 180 37 années
318 758 234 37 participé
498 758 90 37 à
534 758 126 37 des
606 758 270 37 expositions
822 758 162 37 aussi
930 758 144 37 bien
1020 758 108 37 en

121 794 205 49 Islande
271 794 149 49 qu’à
364 794 280 49 l’étranger.
588 794 131 49 Ils
663 794 131 49 ont
737 794 149 49 donc
831 794 224 49 derrière
999 794 131 49 eux

120 829 144 44 l’un
210 829 108 44 et
264 829 216 44 l’autre,
426 829 126 44 une
498 829 252 44 expérience
696 829 306 44 considérable.
948 829 126 44 Ils
1020 829 108 44 se

119 878 234 40 révèlent,
299 878 198 40 d’autre
444 878 162 40 part,
552 878 144 40 fort
642 878 325 40 dissemblables,
913 878 216 40 marquant

118 909 154 38 ainsi
221 909 137 38 deux
306 909 223 38 tendances
478 909 257 38 différentes
684 909 103 38 de
735 909 103 38 la
787 909 206 38 peinture
941 909 171 38 islan.

118 947 151 39 daise
219 947 101 39 et
269 947 184 39 faisant
403 947 235 39 clairement
588 947 134 39 voir
672 947 117 39 sur
739 947 184 39 quelles
873 947 151 39 voies
974 947 151 39 s’en¬

103 987 319 41 gagent
326 987 223 41 les
454 987 383 41 artistes
741 987 415 41 islandais

162 1023 131 56 Les
237 1023 263 56 Islandais,
444 1023 131 56 qui
519 1023 206 56 forment
669 1023 131 56 une
744 1023 131 56 des
819 1023 150 56 plus
912 1023 206 56 petites

119 1060 202 57 nations
266 1060 110 57 du
321 1060 184 57 monde,
449 1060 239 57 n’avaient
633 1060 165 57 guère
743 1060 275 57 l’occasion,
963 1060 165 57 avant

122 1098 99 52 le
171 1098 164 52 siècle
286 1098 197 52 dernier,
434 1098 99 52 de
483 1098 99 52 se
532 1098 214 52 consacrer
697 1098 82 52 à
730 1098 99 52 la
779 1098 214 52 peinture.
943 1098 131 52 L’on
1025 1098 99 52 ne

118 1145 159 46 peut
218 1145 159 46 donc
317 1145 139 46 que
396 1145 258 46 s’étonner
595 1145 119 46 de
655 1145 417 46 l’épanouissement,
1013 1145 119 46 au

118 1180 126 42 xXe
190 1180 198 42 siècle,
334 1180 108 42 en
389 1180 198 42 Islande
533 1180 108 42 de
587 1180 126 42 cet
659 1180 144 42 art.
749 1180 144 42 dont
839 1180 126 42 les
912 1180 180 42 œuvres
1020 1180 72 42 si

117 1218 195 39 variées
259 1218 124 39 des
330 1218 142 39 plus
419 1218 177 39 jeunes
543 1218 213 39 montrent
702 1218 124 39 une
773 1218 142 39 joie
862 1218 106 39 de
915 1218 160 39 vivre
1021 1218 106 39 et

119 1255 128 38 une
192 1255 201 38 vigueur
338 1255 293 38 surprenante,
576 1255 275 38 explicables
796 1255 128 38 par
869 1255 128 38 les
943 1255 183 38 grands

118 1299 206 42 progrès
268 1299 243 42 accomplis
455 1299 131 42 ces
530 1299 225 42 derniers
699 1299 169 42 temps
811 1299 131 42 par
886 1299 169 42 cette
998 1299 131 42 na¬

116 1327 163 51 tion-
224 1327 181 51 jeune,
351 1327 127 51 oui
423 1327 90 51 -
459 1327 145 51 mais
550 1327 235 51 possédant
730 1327 127 51 une
803 1327 199 51 culture
947 1327 181 51 vieile

98 1371 229 57 et
212 1371 535 57 solidement
633 1371 535 57 enracinée.

693 1447 240 76 Sigurdur
873 1447 260 76 Hafstadt.

410 1776 229 66 PEINTURE
581 1776 114 66 ET
620 1776 152 66 DESSIN

173 1832 254 54 Hafsteinn
380 1832 254 54 AUSTMANN
586 1832 95 54 né
634 1832 95 54 en
681 1832 127 54 1934
761 1832 79 54 à
777 1832 206 54 Vopnafordur

163 1879 170 49 (Islande).

140 1908 154 49 1
256 1908 154 49 Peinture
371 1908 77 49 I,
410 1908 103 49 1965
474 1908 141 49 (huile,
577 1908 90 49 110
628 1908 64 49 x
641 1908 90 49 125).

142 1944 149 41 2
253 1944 149 41 Peinture
365 1944 87 41 II,
415 1944 99 41 1965
477 1944 137 41 (huile,
576 1944 87 41 110
626 1944 62 41 x
638 1944 75 41 85).

142 1981 145 49 3
251 1981 145 49 Peinture
359 1981 97 49 III,
419 1981 97 49 1965
480 1981 133 49 (huile,
576 1981 72 49 44
612 1981 60 49 x
625 1981 84 49 54).»

141 2013 147 52 4
251 2013 147 52 Peinture
362 2013 86 52 IV,
411 2013 98 52 1965
472 2013 135 52 (huile,
570 2013 74 52 50
607 2013 61 52 x
619 2013 74 52 55).

173 2064 206 51 Sverrir
335 2064 279 51 HARALDSSON
570 2064 88 51 né
614 2064 88 51 en
659 2064 118 51 1930
732 2064 74 51 à
747 2064 235 51 Vestmannaeyiar

162 2104 169 48 (Islande).

142 2135 158 48 5
260 2135 158 48 Paysage,
379 2135 105 48 1963
445 2135 171 48 (gouache,
577 2135 79 48 88
617 2135 66 48 x
630 2135 92 48 120).

141 2169 154 52 6
257 2169 154 52 Peinture
373 2169 77 52 I,
411 2169 103 52 1963
476 2169 167 52 (gouache,
604 2169 77 52 87
643 2169 64 52 x
656 2169 77 52 72).

140 2202 153 55 7
255 2202 153 55 Peinture
370 2202 89 55 II,
421 2202 102 55 1963
484 2202 166 55 (gouache,
612 2202 89 55 122
663 2202 64 55 x
676 2202 76 55 62).

99 2251 80 58 72
