1086 2331
106 49 608 69 MANIFESTATIONS
598 49 376 69 ANNEXES

404 227 217 53 MAISON
571 227 117 53 DES
621 227 267 53 BEAUX

278 269 102 51 11,
337 269 102 51 rue
395 269 102 51 des
453 269 219 51 Beaux-Arts,
628 269 131 51 Paris
716 269 117 51 (6e)
789 269 73 51 —
818 269 117 51 ODE.
876 269 117 51 10

291 310 211 62 Exposition
457 310 91 62 du
502 310 91 62 24
547 310 196 62 septembre
698 310 91 62 au
744 310 75 62 8
774 310 166 62 octobre
879 310 106 62 1965.

269 352 205 54 Vernissage
431 352 88 54 le
475 352 176 54 vendredi
607 352 88 54 24
651 352 191 54 septembre
798 352 88 54 de
842 352 88 54 17
886 352 73 54 à
915 352 88 54 20
944 352 59 54 h.

212 388 109 71 Tous
281 388 96 71 les
335 388 123 71 jours
417 388 109 71 sauf
485 388 82 71 le
526 388 137 71 samedi
622 388 82 71 et
663 388 82 71 le
704 388 164 71 dimanche
827 388 82 71 de
868 388 82 71 10
909 388 68 71 h
936 388 68 71 à
963 388 82 71 19
990 388 55 71 h.

298 493 169 52 PRIX
417 493 186 52 LEFRANC
552 493 102 52 DE
603 493 102 52 LA
653 493 152 52 JEUNE
738 493 237 52 PEINTURE

183 557 94 64 Ce
230 557 126 64 prix
309 557 110 64 est
372 557 173 64 décerné
497 557 251 64 annuellement
701 557 110 64 par
764 557 94 64 un
811 557 126 64 jury
889 557 173 64 composé
999 557 63 64 de

183 603 170 52 peintres
310 603 85 52 et
353 603 99 52 est
409 603 142 52 ouvert
509 603 71 52 à
537 603 113 52 tous
608 603 99 52 les
664 603 142 52 jeunes
764 603 170 52 artistes
891 603 170 52 résidant
1004 603 57 52 en

185 635 155 50 France,
298 635 85 50 ou
340 635 127 50 ayant
425 635 85 50 un
467 635 240 50 correspondant
665 635 85 50 en
708 635 155 50 France,
821 635 85 50 et
863 635 113 50 âgés
934 635 85 50 de
962 635 99 50 moins

178 664 97 54 de
226 664 97 54 30
258 664 97 54 ans.

186 712 133 49 C’est
275 712 119 49 donc
349 712 104 49 une
409 712 252 49 manifestation
616 712 119 49 mise
690 712 89 49 au
735 712 133 49 point
824 712 119 49 pour
898 712 104 49 les
942 712 119 49 jeunes

186 749 157 57 peintres
304 749 78 57 et
343 749 157 57 réalisée
461 749 105 57 avec
526 749 105 57 leur
591 749 222 57 collaboration
774 749 92 57 qui
827 749 170 57 s’inscrit
944 749 118 57 parfai-

182 785 147 50 tement
285 785 117 50 dans
358 785 88 50 le
402 785 132 50 cadre
490 785 88 50 de
534 785 88 50 la
578 785 176 50 Biennale
710 785 88 50 de
740 785 117 50 Paris.

184 830 85 44 Ce
226 830 113 44 prix
297 830 71 44 a
325 830 99 44 été
382 830 170 44 décerné,
509 830 127 44 cette
594 830 141 44 année,
693 830 113 44 pour
763 830 85 44 la
806 830 184 44 quatrième
947 830 113 44 fois
1003 830 57 44 et

183 859 131 48 parmi
271 859 102 48 les
329 859 234 48 participants
519 859 88 48 un
563 859 161 48 certain
680 859 146 48 nombre
782 859 205 48 d’artistes
943 859 102 48 ont
987 859 73 48 été

180 901 217 47 sélectionnés
357 901 95 47 par
411 901 81 47 le
451 901 108 47 jury
519 901 81 47 de
560 901 81 47 la
600 901 163 47 Biennale
722 901 81 47 de
763 901 122 47 Paris
844 901 81 47 et
885 901 81 47 en
926 901 108 47 font
980 901 81 47 donc

165 925 127 44 partie.

183 968 222 54 L’exposition
364 968 97 54 qui
419 968 69 54 a
447 968 111 54 lieu
516 968 69 54 à
544 968 83 54 la
586 968 139 54 Maison
683 968 97 54 des
739 968 194 54 Beaux-Arts
891 968 167 54 présente
1002 968 56 54 au

183 1014 131 44 public
275 1014 79 44 le
314 1014 144 44 lauréat
419 1014 79 44 et
458 1014 92 44 les
510 1014 105 44 cinq
576 1014 209 44 sélectionnés
746 1014 92 44 qui
798 1014 92 44 ont
851 1014 170 44 bénéficié
968 1014 92 44 d’une

180 1044 213 51 récompense
347 1044 91 51 au
393 1044 167 51 dernier
514 1044 122 51 prix
575 1044 152 51 Lefranc.

477 1366 179 47 MUSEE
596 1366 209 47 GALLIERA

200 1402 102 48 10,
259 1402 145 48 avenue
360 1402 363 48 Pierre-Ter-de-Serbie,
679 1402 131 48 Paris
766 1402 145 48 (16e)-
868 1402 116 48 PAS.
926 1402 116 48 96

276 1451 212 47 Exposition
442 1451 91 47 du
488 1451 91 47 10
533 1451 197 47 septembre
684 1451 91 47 au
730 1451 91 47 14
775 1451 166 47 octobre
881 1451 106 47 1965.

297 1496 204 57 Vernissage
458 1496 87 57 le
501 1496 131 57 jeudi
589 1496 73 57 9
618 1496 189 57 septembre
763 1496 87 57 de
807 1496 87 57 17
851 1496 73 57 à
880 1496 87 57 21
909 1496 58 57 h.

305 1542 113 58 Tous
376 1542 99 58 les
432 1542 128 58 jours
517 1542 113 58 sauf
588 1542 85 58 le
631 1542 142 58 mardi,
730 1542 85 58 de
773 1542 85 58 10
815 1542 71 58 h
844 1542 71 58 à
872 1542 85 58 18
900 1542 57 58 h.

425 1627 286 52 "PROMESSES
644 1627 219 52 TENUES"

389 1674 150 50 Œuvres
494 1674 210 50 d’artistes
658 1674 90 50 de
703 1674 90 50 36
748 1674 75 50 à
778 1674 90 50 50
808 1674 75 50 ans

399 1717 208 45 travaillant
565 1717 222 45 actuellement
745 1717 69 45 à
759 1717 111 45 Paris.

175 1781 108 42 La
243 1781 162 42 Biennale
365 1781 81 42 de
406 1781 122 42 Paris
487 1781 122 42 étant
568 1781 95 42 par
622 1781 189 42 définition
771 1781 162 42 réservée
893 1781 68 42 à
920 1781 81 42 de
947 1781 108 42 jeunes

173 1821 171 40 artistes
301 1821 85 40 de
343 1821 85 40 20
386 1821 71 40 à
414 1821 85 40 35
457 1821 114 40 ans,
528 1821 227 40 l’Exposition
713 1821 85 40 du
756 1821 128 40 Musée
841 1821 185 40 Galliera,
969 1821 85 40 sans

173 1860 122 35 avoir
255 1860 81 35 la
295 1860 189 35 prétention
444 1860 81 35 de
485 1860 176 35 compléter
620 1860 81 35 de
661 1860 122 35 façon
742 1860 135 35 totale
837 1860 81 35 ce
877 1860 122 35 choix
945 1860 108 35 inter-

173 1888 185 38 national,
315 1888 142 38 permet
414 1888 185 38 néanmoins
557 1888 85 38 de
599 1888 128 38 jeter
684 1888 85 38 un
727 1888 142 38 regard
827 1888 99 38 sur
869 1888 185 38 l’évolution

172 1920 193 40 d’artistes
324 1920 193 40 atteignant
476 1920 110 40 leur
545 1920 138 40 pleine
642 1920 180 40 maturité.
780 1920 83 40 Et
821 1920 83 40 ce
863 1920 124 40 n’est
946 1920 97 40 pas
987 1920 69 40 par

174 1954 135 35 hasard
269 1954 81 35 si
310 1954 122 35 notre
391 1954 122 35 choix
472 1954 122 35 s’est
554 1954 149 35 souvent
662 1954 122 35 porté
743 1954 95 35 sur
798 1954 176 35 d’anciens
920 1954 135 35 lauréats

173 1988 83 36 de
215 1988 83 36 la
256 1988 165 36 Biennale
380 1988 96 36 qui
435 1988 83 36 ne
476 1988 152 36 peuvent
587 1988 110 36 plus
655 1988 69 36 y
683 1988 152 36 exposer
793 1988 110 36 pour
862 1988 96 36 des
903 1988 152 36 questions

174 2021 81 40 de
215 2021 136 40 limite
310 2021 122 40 d’âge
392 2021 109 40 mais
460 2021 109 40 dont
527 2021 149 40 l’œuvre
636 2021 109 40 n'’a
704 2021 109 40 fait
772 2021 136 40 depuis
867 2021 95 40 ces
908 2021 149 40 dernières

175 2060 142 48 années
274 2060 99 48 que
331 2060 85 48 se
373 2060 198 48 développer
529 2060 85 48 et
572 2060 85 48 se
600 2060 170 48 fortifier.

174 2096 119 39 Nous
249 2096 134 39 avons
338 2096 134 39 voulu
427 2096 194 39 également
576 2096 164 39 limiter
695 2096 134 39 cette
785 2096 253 39 confrontation
979 2096 74 39 aux

174 2137 158 44 artistes
292 2137 158 44 habitant
411 2137 210 44 actuellement
582 2137 132 44 Paris,
674 2137 105 44 bien
739 2137 92 44 que
792 2137 79 44 la
831 2137 145 44 plupart
923 2137 132 44 viennent

173 2170 206 52 d’horizons
335 2170 250 52 géographiques
540 2170 103 52 les
599 2170 117 52 plus
658 2170 132 52 divers.

156 2223 88 45 202
