1086 2373
72 71 264 58 LES
257 71 264 58 JEUNES
415 71 370 58 ARTISTES

73 119 224 65 ONT
207 119 268 65 RETENU

221 442 88 65 Un
265 442 117 65 jury
339 442 161 65 composé
456 442 88 65 de
500 442 132 65 douze
588 442 176 65 artistes
720 442 88 65 de
764 442 132 65 moins
853 442 88 65 de
897 442 88 65 35
926 442 88 65 ans:

219 483 138 51 bMM.
305 483 190 51 Bernard
443 483 224 51 Alleaume.
616 483 190 51 Eduardo
754 483 190 51 Arroyo.
875 483 138 51 Claude

217 518 220 54 Beaujour.
387 518 170 54 Pierre
505 518 237 54 Blanchard.
692 518 136 54 Jean
777 518 187 54 Criton,
895 518 119 54 Alain

218 549 182 50 Dufour.
351 549 116 50 Guy
417 549 199 50 Fossier.
566 549 132 50 Mlle
649 549 199 50 Caroline
798 549 132 50 Lee.
881 549 116 50 Mme
930 549 83 50 De-

216 581 306 60 lisle-Mollien,
471 581 119 60 MM.
539 581 238 60 Pierre-Guy
726 581 204 60 Moreels,
862 581 153 60 Richard

217 618 233 49 Prudhomme.
400 618 166 49 Michel
516 618 199 49 Vionnet,
666 618 266 49 représentant
865 618 150 49 l’Ecole

217 653 189 52 Nationale
363 653 203 52 Supérieure
522 653 102 52 des
580 653 218 52 Beaux-Arts,
755 653 160 52 l’Ecole
856 653 160 52 Nationale

216 689 98 46 des
272 689 112 46 Arts
342 689 211 46 Décoratifs,
511 689 98 46 les
567 689 140 46 salons
665 689 84 46 de
707 689 84 46 la
749 689 126 46 Jeune
834 689 182 46 Peinture,
960 689 56 46 de

217 719 89 52 la
262 719 133 52 Jeune
350 719 207 52 Sculpture,
513 719 89 52 de
558 719 89 52 la
602 719 133 52 Jeune
691 719 178 52 Gravure,
824 719 104 52 des
869 719 148 52 Réalités

218 754 182 44 Nouvelles
358 754 84 44 et
400 754 98 44 les
456 754 182 44 exposants
596 754 84 44 de
638 754 84 44 la
680 754 154 44 section
792 754 182 44 française
932 754 84 44 de
960 754 56 44 la

215 794 208 44 précédente
379 794 193 44 Biennale,
527 794 74 44 a
557 794 149 44 retenu
661 794 104 44 les
721 794 149 44 œuvres
825 794 104 44 des
869 794 149 44 artistes

214 822 181 39 suivants
335 822 45 39 :

216 905 121 47 Nous
292 905 152 47 avions
398 905 167 47 demandé
519 905 76 47 à
549 905 91 47 J.
595 905 91 47 C.
640 905 167 47 Aujame.
761 905 91 47 si
792 905 227 47 prématurément

214 940 173 45 disparu,
343 940 86 45 de
386 940 173 45 présider
516 940 86 45 ce
559 940 115 45 jury
631 940 115 45 sans
703 940 158 45 prendre
818 940 115 45 part
890 940 86 45 au
918 940 101 45 vote;

214 980 83 43 et
256 980 125 43 c’est
339 980 111 43 avec
408 980 69 43 à
436 980 83 43 la
477 980 111 43 fois
547 980 97 43 une
602 980 249 43 compréhension,
810 980 97 43 une
852 980 166 43 libéralité

213 1012 91 42 et
258 1012 106 42 une
319 1012 167 42 rigueur
441 1012 167 42 extrême
563 1012 106 42 que
624 1012 137 42 notre
715 1012 122 42 ami,
791 1012 91 42 si
821 1012 198 42 cruellement

213 1039 141 43 frappé
312 1039 169 43 quelques
439 1039 169 43 semaines
566 1039 113 43 plus
636 1039 127 43 tard,
721 1039 127 43 s’est
805 1039 141 43 imposé
904 1039 85 43 au
932 1039 85 43 sein

213 1075 90 42 de
258 1075 90 42 ce
303 1075 134 42 jury,
392 1075 179 42 beaucoup
526 1075 119 42 plus
601 1075 209 42 d’ailleurs
765 1075 134 42 comme
855 1075 90 42 un
900 1075 104 42 ami
944 1075 75 42 que

211 1111 140 38 comme
305 1111 93 38 un
351 1111 186 38 arbitre.
491 1111 155 38 Aujame
600 1111 155 38 aimait
708 1111 93 38 la
755 1111 186 38 jeunesse
895 1111 93 38 et
926 1111 93 38 nous

213 1144 144 43 sommes
313 1144 158 43 heureux
429 1144 101 43 que
486 1144 130 43 l’une
573 1144 86 43 de
616 1144 101 43 ses
673 1144 187 43 dernières
817 1144 187 43 activités
947 1144 72 43 ait

212 1176 88 39 pu
256 1176 190 39 s’exercer
403 1176 73 39 à
432 1176 146 39 propos
535 1176 88 39 de
579 1176 88 39 la
608 1176 161 39 Biennale.

457 1303 226 60 PEINTURE
627 1303 113 60 ET
664 1303 151 60 DESSIN

153 1369 132 41 14
241 1369 191 41 Dominique
388 1369 235 41 d’ACHER
579 1369 103 41 née
638 1369 88 41 en
682 1369 117 41 1930
755 1369 73 41 à
784 1369 132 41 Paris
858 1369 161 41 (France).

208 1402 157 41 S.O.S.
318 1402 125 41 1964
396 1402 172 41 (huile,
522 1402 94 41 81
569 1402 78 41 x
584 1402 110 41 100).

212 1453 141 52 Ede
311 1453 141 52 Karoly
410 1453 198 52 ATILA
565 1453 85 52 né
607 1453 85 52 en
650 1453 113 52 1931
720 1453 71 52 à
749 1453 170 52 Budapest
862 1453 155 52 (Hongrie)

152 1502 177 35 15
288 1502 95 35 Fée
343 1502 95 35 des
397 1502 136 35 Ondes,
493 1502 109 35 1964
561 1502 191 35 (collages,
710 1502 95 35 105
765 1502 68 35 x
778 1502 82 35 61).

154 1531 170 44 16
284 1531 117 44 Jeux,
363 1531 104 44 1964
428 1531 183 44 (collages,
572 1531 78 44 77
611 1531 65 44 x
624 1531 78 44 61).

206 1585 175 54 Jean
334 1585 159 54 Hubert
445 1585 239 54 ATTALI
636 1585 96 54 né
684 1585 96 54 en
732 1585 128 54 1937
812 1585 80 54 à
828 1585 191 54 Casablanca

153 1656 168 52 17
282 1656 142 52 Pointe,
386 1656 103 52 1964
450 1656 155 52 (dessin,
567 1656 78 52 60
606 1656 65 52 x
618 1656 78 52 55).

205 1716 166 54 Juan
326 1716 151 54 Carlos
431 1716 196 54 AZNAR
582 1716 90 54 né
627 1716 90 54 en
672 1716 121 54 1937
748 1716 75 54 à
778 1716 166 54 Bragado
883 1716 136 54 (Argen

151 1775 179 48 18
289 1775 152 48 L’homme
399 1775 83 48 en
441 1775 110 48 feu,
509 1775 110 48 1965
578 1775 165 48 (crayon,
702 1775 83 48 55
744 1775 69 48 x
757 1775 83 48 38).

153 1817 173 58 19
286 1817 133 58 Couple
379 1817 106 58 sous
445 1817 80 58 la
485 1817 133 58 pluie,
579 1817 106 58 1965
645 1817 160 58 (crayon,
765 1817 80 58 55
805 1817 67 58 x
818 1817 80 58 38).

208 1872 192 40 Gérard
356 1872 281 40 BARTHELEMY
593 1872 89 40 né
637 1872 89 40 en
682 1872 118 40 1937
756 1872 74 40 à
785 1872 133 40 Paris
859 1872 163 40 (France).

153 1905 171 60 20
284 1905 171 60 Peinture,
415 1905 105 60 1965
481 1905 184 60 (peinture,
625 1905 92 60 195
678 1905 66 60 x
691 1905 92 60 130).

208 1963 200 58 Myriam
361 1963 276 58 BAT-YOSEF,
591 1963 107 58 née
653 1963 92 58 en
699 1963 123 58 1931
775 1963 77 58 à
806 1963 153 58 Berlin
898 1963 123 58 (Alle

153 2027 168 48 21
282 2027 233 48 Hallucination,
476 2027 103 48 1964
541 2027 129 48 (encre
632 2027 91 48 sur
683 2027 129 48 toile,
774 2027 91 48 130
825 2027 65 48 x
838 2027 78 48 97).

153 2064 173 38 22
286 2064 80 38 La
326 2064 106 38 main
392 2064 173 38 d’argent,
525 2064 106 38 1963
592 2064 133 38 (encre
685 2064 93 38 sur
738 2064 146 38 papier,
845 2064 80 38 61
885 2064 67 38 x
898 2064 80 38 49).

153 2103 170 54 23
284 2103 157 54 L’oiseau
401 2103 118 54 bleu,
480 2103 105 54 1963
545 2103 131 54 (encre
636 2103 91 54 sur
689 2103 144 54 papier,
793 2103 78 54 49
833 2103 65 54 x
846 2103 78 54 61).

209 2153 150 38 Eric
319 2153 191 38 BAZAS
469 2153 82 38 né
510 2153 82 38 en
551 2153 109 38 1935
619 2153 68 38 à
646 2153 136 38 Siorac
728 2153 150 38 (France).

153 2178 175 62 24
287 2178 134 62 Volume
381 2178 81 62 n°
421 2178 81 62 1,
461 2178 107 62 1965
529 2178 188 62 (peinture,
676 2178 94 62 100
730 2178 67 62 x
743 2178 81 62 75).
