1181 2331
274 54 613 61 MANIFESTATIONS
770 54 380 61 ANNEXES

470 159 190 51 GALERIE
606 159 163 51 ZUNINI

288 188 89 61 4,
333 188 104 61 rue
392 188 222 61 Schoelcher.
570 188 133 61 Paris
659 188 133 61 (14e)
748 188 74 61 —
777 188 119 61 SEG.
836 188 119 61 44

286 237 218 50 Exposition
458 237 94 50 du
505 237 78 50 5
536 237 172 50 octobre
661 237 94 50 au
707 237 78 50 3
739 237 187 50 novembre
863 237 94 50 1965

298 275 207 54 Vernissage
461 275 89 54 le
505 275 133 54 mardi
594 275 74 54 5
623 275 162 54 octobre
741 275 89 54 de
786 275 89 54 18
830 275 74 54 à
859 275 89 54 24
889 275 59 54 h.

378 322 118 43 Tous
452 322 103 43 les
511 322 133 43 jours
600 322 118 43 sauf
674 322 89 43 le
703 322 163 43 dimanche.

369 361 89 54 de
414 361 89 54 11
459 361 75 54 h
488 361 75 54 à
518 361 89 54 12
563 361 75 54 h
593 361 89 54 et
637 361 89 54 de
682 361 89 54 14
727 361 75 54 h
757 361 75 54 à
787 361 89 54 19
816 361 60 54 h.

373 426 182 56 SEPT
506 426 166 56 JEUNES
606 426 265 56 SCULPTEURS

245 459 194 60 David
391 459 211 60 Aven-Anne
553 459 162 60 Doyon-
666 459 162 60 Marcel
763 459 243 60 Dupertuis

258 507 256 47 Pierre-Guy
469 507 181 47 Moreels-
605 507 151 47 Israel
710 507 166 47 Merkado
816 507 181 47 Nissim

378 544 182 39 Regine
518 544 140 39 Petit-
616 544 112 39 Aasa
673 544 196 39 Scherdin

394 574 212 48 présentés
566 574 93 48 par
619 574 146 48 Jeanine
712 574 146 48 Lipsi

183 631 103 47 Les
242 631 118 47 sept
316 631 148 47 jeunes
419 631 207 47 sculpteurs
582 631 148 47 réunis
685 631 74 47 à
714 631 89 47 la
759 631 162 47 Galerie
877 631 148 47 Zunini
980 631 103 47 ont
1024 631 59 47 en

179 666 165 44 commun
294 666 115 44 une
360 666 231 44 conception
541 666 198 44 purement
689 666 214 44 plastique
854 666 115 44 des
920 666 165 44 formes
1019 666 66 44 et

181 705 87 44 de
224 705 116 44 leur
282 705 202 44 composition.

184 722 125 54 Qu'ils
272 722 188 54 travaillent
423 722 75 54 le
461 722 113 54 bois,
536 722 75 54 la
573 722 138 54 pierre,
674 722 75 54 la
712 722 125 54 terre,
799 722 75 54 le
837 722 125 54 plâtre
925 722 75 54 ou
950 722 138 54 n’importe

182 761 144 49 quelle
282 761 129 49 autre
368 761 158 49 matière
483 761 187 49 première,
627 761 101 49 ces
685 761 201 49 sculpteurs
843 761 158 49 fondent
943 761 144 49 précisé-

182 797 119 48 ment
256 797 134 48 leurs
346 797 208 48 recherches
509 797 104 48 sur
568 797 89 48 le
613 797 178 48 dialogue
746 797 134 48 actif
836 797 119 48 avec
910 797 89 48 le
940 797 149 48 matériau

171 839 118 39 choisi.

183 862 111 49 Pour
253 862 83 49 la
294 862 153 49 rigueur
406 862 97 49 des
461 862 167 49 échanges
586 862 125 49 entre
670 862 125 49 leurs
753 862 195 49 impulsions
906 862 83 49 et
948 862 83 49 la
976 862 111 49 résis-

182 902 126 41 tance
266 902 84 41 de
308 902 84 41 la
350 902 168 41 matière,
475 902 98 41 ils
531 902 210 41 poursuivent
699 902 70 41 à
727 902 154 41 travers
839 902 98 41 les
880 902 210 41 organisations

183 936 211 41 rythmiques
349 936 106 41 des
409 936 166 41 volumes
530 936 181 41 sculptés
666 936 106 41 une
727 936 196 41 véritable
862 936 227 41 interrogation

183 962 87 47 du
226 962 130 47 réel,
312 962 115 47 sans
384 962 115 47 pour
457 962 144 47 autant
557 962 173 47 accepter
687 962 101 47 une
745 962 159 47 étroite
860 962 202 47 dépendance
1004 962 87 47 d’un

184 1001 126 40 sujet
268 1001 168 40 emprunté
395 1001 70 40 à
423 1001 84 40 la
451 1001 126 40 nature.

185 1027 129 50 Comme
271 1027 86 50 la
314 1027 187 50 sculpture
458 1027 101 50 est
515 1027 86 50 un
558 1027 101 50 art
616 1027 86 50 de
659 1027 129 50 lente
745 1027 201 50 évolution,
903 1027 86 50 de
932 1027 158 50 réflexion

185 1061 80 49 et
225 1061 80 49 de
265 1061 160 49 patiente
385 1061 187 49 exécution,
532 1061 93 49 les
585 1061 187 49 intentions
732 1061 80 49 de
772 1061 173 49 l’artiste
905 1061 80 49 ne
945 1061 93 49 s’y
985 1061 107 49 fixent

184 1104 107 43 pas
245 1104 184 43 toujours
383 1104 230 43 facilement,
567 1104 92 43 ni
613 1104 261 43 spontanément,
828 1104 138 43 aussi
905 1104 184 43 avons

183 1130 179 45 complété
317 1130 134 45 cette
407 1130 209 45 exposition
571 1130 104 45 par
630 1130 179 45 quelques
764 1130 164 45 dessins
883 1130 104 45 des
928 1130 164 45 exposants

185 1162 98 49 qui
241 1162 195 49 traduisent
394 1162 181 49 peut-être
534 1162 112 49 plus
604 1162 209 49 lisiblement
771 1162 98 49 les
827 1162 181 49 problèmes
952 1162 140 49 sculptu-

187 1204 109 44 raux
255 1204 136 44 qu’ils
351 1204 82 44 se
378 1204 122 44 posent.

185 1233 234 46 Quelques-uns
375 1233 88 46 de
419 1233 102 46 ces
478 1233 205 46 sculpteurs
639 1233 102 46 ont
697 1233 102 46 été
756 1233 161 46 invités
873 1233 73 46 à
902 1233 88 46 la
931 1233 161 46 Biennale.

185 1261 182 53 pourtant
321 1261 121 53 nous
397 1261 167 53 pensons
519 1261 106 53 que
579 1261 137 53 mieux
670 1261 167 53 isolés,
792 1261 137 53 leurs
883 1261 152 53 œuvres
974 1261 121 53 feront

185 1311 191 36 apparaître
336 1311 109 36 plus
404 1311 191 36 clairement
554 1311 123 36 leurs
636 1311 123 36 états
704 1311 205 36 particuliers.

850 1336 148 53 Janine
939 1336 119 53 Lipsi.

468 1455 217 57 LIBRAIRIE
631 1455 177 57 NICAISE

244 1500 124 41 145,
321 1500 201 41 boulevard
475 1500 232 41 St-Germain,
660 1500 139 41 Paris
753 1500 124 41 (6e)
830 1500 77 41 —
861 1500 124 41 DAN.
923 1500 108 41 62

352 1540 217 54 Exposition
522 1540 93 54 du
568 1540 93 54 15
615 1540 93 54 au
661 1540 93 54 23
707 1540 170 54 octobre
816 1540 108 54 1965.

280 1580 209 44 Vernissage
444 1580 89 44 le
489 1580 179 44 vendredi
623 1580 89 44 15
667 1580 164 44 octobre
786 1580 89 44 de
831 1580 89 44 16
876 1580 74 44 à
906 1580 89 44 20
935 1580 60 44 h.

397 1629 120 41 Tous
472 1629 105 41 les
532 1629 135 41 jours
622 1629 120 41 sauf
697 1629 90 41 le
727 1629 150 41 dimanche

345 1663 90 58 de
390 1663 75 58 9
420 1663 75 58 h
450 1663 90 58 30
495 1663 75 58 à
525 1663 90 58 12
570 1663 75 58 h
600 1663 90 58 30
645 1663 90 58 et
689 1663 90 58 de
734 1663 90 58 14
779 1663 75 58 h
809 1663 75 58 à
839 1663 90 58 19
869 1663 60 58 h.

322 1732 183 46 YVES
455 1732 166 46 JOBERT
571 1732 100 46 ET
621 1732 116 46 LES
671 1732 282 46 IMPENITENTS

190 1774 81 63 II
231 1774 108 63 nous
299 1774 135 63 paraît
394 1774 203 63 intéressant
556 1774 81 63 de
597 1774 176 63 présenter
732 1774 122 63 cette
814 1774 190 63 exposition
949 1774 149 63 organisée

190 1832 240 41 parallèlement
388 1832 71 41 à
416 1832 85 41 la
459 1832 170 41 Biennale
586 1832 85 41 de
628 1832 141 41 Paris,
727 1832 99 41 par
784 1832 85 41 la
826 1832 156 41 Société
939 1832 85 41 de
968 1832 127 41 Biblio-

190 1865 130 38 phile
276 1865 72 38 e
305 1865 101 38 Les
363 1865 216 38 Impénitents
536 1865 115 38 dont
608 1865 87 38 le
651 1865 101 38 but
709 1865 187 38 essentiel
853 1865 101 38 est
911 1865 87 38 de
939 1865 159 38 découvrir

188 1891 147 45 depuis
291 1891 103 45 dix
350 1891 103 45 ans
409 1891 88 45 de
453 1891 147 45 jeunes
556 1891 176 45 graveurs
688 1891 250 45 illustrateurs
879 1891 220 45 (quelques

188 1924 118 45 sont
262 1924 206 45 maintenant
423 1924 88 45 de
467 1924 147 45 jeunes
570 1924 176 45 maîtres)
702 1924 88 45 et
746 1924 88 45 de
791 1924 118 45 leur
864 1924 191 45 permettre
1011 1924 88 45 de
1040 1924 59 45 se

191 1970 195 31 manifester
344 1970 111 31 plus
414 1970 181 31 largement
553 1970 111 31 dans
623 1970 125 31 l’art
707 1970 84 31 du
735 1970 111 31 Livre.

190 1992 139 46 Cette
282 1992 154 46 année,
390 1992 123 46 Yves
467 1992 154 46 Jobert
575 1992 77 46 a
606 1992 139 46 gravé
698 1992 139 46 seize
791 1992 154 46 burins
899 1992 185 46 découpés
1022 1992 77 46 sur

189 2021 152 46 cuivre
295 2021 91 46 et
340 2021 121 46 deux
416 2021 121 46 bois
492 2021 121 46 pour
568 2021 197 46 illustrer
719 2021 91 46 ««
765 2021 91 46 La
810 2021 136 46 Photo
901 2021 91 46 du
931 2021 167 46 Colonel**

188 2058 189 40 d’Eugène
330 2058 173 40 lonesco
456 2058 94 40 et
503 2058 189 40 complète
644 2058 141 40 cette
738 2058 220 40 exposition
911 2058 173 40 ouverte
1021 2058 79 40 aux

189 2089 140 46 jeunes
287 2089 168 46 amateurs
413 2089 84 46 et
455 2089 224 46 bibliophiles
637 2089 98 46 par
693 2089 98 46 des
749 2089 168 46 estampes
875 2089 84 46 et
917 2089 98 46 des
959 2089 140 46 dessins.

190 2124 110 39 Yves
259 2124 152 39 Jobert,
369 2124 83 39 né
411 2124 69 39 a
438 2124 124 39 Paris
521 2124 83 39 en
562 2124 110 39 1930
631 2124 69 39 a
659 2124 179 39 participé
797 2124 69 39 à
824 2124 83 39 la
866 2124 110 39 IIle
935 2124 165 39 Biennale
1045 2124 55 39 de

193 2160 126 43 Paris
277 2160 98 43 qui
333 2160 98 43 lui
389 2160 70 43 a
417 2160 126 43 édité
501 2160 98 43 une
557 2160 84 43 de
598 2160 98 43 ses
654 2160 168 43 estampes
780 2160 84 43 en
808 2160 98 43 1963.

1016 2214 80 42 201
