1013 2373
117 469 268 69 Commissaire
332 469 197 69 général
475 469 89 69 :
510 469 179 69 Joseph
635 469 143 69 Abou
707 469 107 69 Rizk

121 513 124 63 Chef
198 513 93 63 du
244 513 232 63 Département
429 513 108 63 des
491 513 216 63 Beaux-Arts
661 513 93 63 au
707 513 201 63 Ministère
846 513 62 63 de

124 565 200 54 l’Education
271 565 160 54 Nationale.

80 686 114 65 Les
145 686 196 65 quelques
292 686 163 65 toiles
406 686 114 65 qui
471 686 261 65 représentent
683 686 98 65 le
732 686 147 65 Liban
830 686 82 65 à
846 686 65 65 la

47 736 217 54 Quatrième
214 736 200 54 Biennale
364 736 100 54 de
414 736 167 54 Paris,
531 736 100 54 ne
581 736 183 54 donnent
714 736 167 54 qu’une
814 736 100 54 idée

48 764 243 63 incomplète
238 764 104 63 de
290 764 104 63 la
342 764 208 63 peinture
498 764 104 63 de
550 764 121 63 nos
619 764 173 63 jeunes
723 764 191 63 artistes.

48 803 213 65 Sensibles
211 803 82 65 à
244 803 131 65 tous
326 803 115 65 les
391 803 180 65 apports
522 803 229 65 universels
702 803 98 65 et
735 803 180 65 différem-

49 839 131 62 ment
131 839 180 62 nourris
262 839 115 62 par
327 839 115 62 une
393 839 197 62 histoire
540 839 279 62 excessivement
753 839 164 62 nuancée,

48 879 120 66 nos
116 879 205 66 peintres
270 879 103 66 se
322 879 274 66 développent,
544 879 171 66 chacun
664 879 137 66 dans
749 879 103 66 un
783 879 137 66 climat

49 923 112 66 que
113 923 112 66 nul
177 923 144 66 autre
272 923 144 66 n’est
368 923 96 66 en
416 923 160 66 mesure
528 923 96 66 de
576 923 112 66 lui
623 923 176 66 disputer.

80 969 251 52 Cependant,
277 969 126 52 une
349 969 233 52 constante
528 969 108 52 se
582 969 197 52 dégage.
726 969 126 52 Nos
780 969 143 52 jeunes

48 1008 202 56 artistes
200 1008 135 56 sont
284 1008 101 56 de
334 1008 219 56 l’Orient;
503 1008 135 56 plus
587 1008 337 56 particulièrement
857 1008 67 56 de

49 1047 198 54 l’Orient
197 1047 297 54 méditerranéen.
445 1047 99 54 On
494 1047 99 54 le
544 1047 215 54 reconnaît
709 1047 83 54 à
742 1047 149 54 leurs
824 1047 99 54 cou-

51 1085 146 52 leurs,
154 1085 73 52 à
183 1085 117 52 leur
256 1085 161 52 vision,
373 1085 73 52 à
402 1085 117 52 leur
475 1085 161 52 finesse
592 1085 234 52 d’expression
782 1085 88 52 et
826 1085 73 52 à
840 1085 88 52 leur

49 1124 132 54 sens
132 1124 99 54 de
182 1124 248 54 l’équilibre
380 1124 198 54 interne.
529 1124 132 54 Chez
612 1124 116 54 eux
678 1124 165 54 domine
794 1124 99 54 la
827 1124 99 54 sen-

51 1159 195 63 sibilité
197 1159 146 63 mêlée
295 1159 81 63 à
327 1159 195 63 l’homme,
474 1159 98 63 la
522 1159 244 63 sensibilité
718 1159 114 63 qui
783 1159 130 63 pose
848 1159 81 63 des

51 1200 212 56 problèmes
214 1200 98 56 et
262 1200 114 56 qui
328 1200 130 56 mène
409 1200 81 56 à
442 1200 98 56 la
490 1200 130 56 foi.
572 1200 130 56 S’il
653 1200 114 56 est
718 1200 212 56 difficile
865 1200 65 56 de

52 1240 179 54 prévoir
182 1240 98 54 où
231 1240 114 54 ils
296 1240 146 54 vont,
393 1240 98 54 il
442 1240 114 54 est
507 1240 114 54 par
572 1240 163 54 contre
686 1240 130 54 aisé
767 1240 98 54 de
800 1240 130 54 savoir

53 1285 115 55 d’où
125 1285 101 55 ils
168 1285 158 55 viennent.

571 1331 200 60 Joseph
711 1331 160 60 Abou
791 1331 140 60 Rizk.

323 1573 225 69 PEINTURE
492 1573 113 69 ET
530 1573 150 69 DESSIN

102 1647 169 42 Rafic
229 1647 197 42 CHARAF
384 1647 84 42 né
426 1647 84 42 en
468 1647 113 42 1932
538 1647 70 42 à
567 1647 155 42 Baalbek
665 1647 141 42 (Liban).

74 1680 145 58 1
182 1680 108 58 Jeune
255 1680 108 58 fille
327 1680 84 58 aux
375 1680 133 58 fleurs,
472 1680 96 58 1964
532 1680 133 58 (huile,
628 1680 72 58 70
665 1680 60 58 x
677 1680 84 58 57).»

104 1720 176 54 Michel
240 1720 81 54 EL
280 1720 162 54 MIR
402 1720 81 54 né
442 1720 81 54 en
483 1720 108 54 1930
550 1720 68 54 à
577 1720 122 54 Batha
645 1720 135 54 (Liban).

73 1763 142 59 2
180 1763 130 59 Rivière
274 1763 130 59 d’ocre,
369 1763 95 59 1964
428 1763 130 59 (huile,
523 1763 71 59 50
558 1763 59 59 x
570 1763 71 59 71).

104 1814 184 47 Mounir
246 1814 199 47 NAJEN
402 1814 85 47 né
444 1814 85 47 en
487 1814 113 47 1934
558 1814 71 47 à
586 1814 113 47 Deir
657 1814 85 47 el
699 1814 128 47 Kamar
770 1814 142 47 (Liban).

74 1860 159 41 3
193 1860 119 41 Nuits
272 1860 172 41 d’Orient,
405 1860 106 41 1965
471 1860 146 41 (huile,
577 1860 93 41 100
630 1860 66 41 x
657 1860 106 41 82).
723 1860 172 41 Propriété
842 1860 106 41 Minis-

101 1893 112 51 tère
171 1893 182 51 Education
311 1893 196 51 Nationale,
451 1893 112 51 Liban.

104 1939 153 44 Adel
215 1939 208 44 SAGHIR
382 1939 83 44 né
423 1939 83 44 en
465 1939 111 44 1930
534 1939 69 44 à
562 1939 167 44 Beyrouth
673 1939 139 44 (Liban).

76 1978 149 54 4
187 1978 174 54 Samarkand,
324 1978 99 54 1965
386 1978 137 54 (huile,
486 1978 75 54 67
523 1978 62 54 x
535 1978 75 54 97).

106 2032 166 37 Nadia
231 2032 221 37 SAIKALI
410 2032 97 37 née
466 2032 83 37 en
507 2032 111 37 1936
576 2032 69 37 à
604 2032 166 37 Beyrouth
715 2032 138 37 (Liban).

77 2066 150 51 5
189 2066 200 51 Composition,
351 2066 100 51 1965
413 2066 137 51 (huile,
513 2066 75 51 81
551 2066 62 51 x
563 2066 75 51 54).

106 2116 167 54 Amine
231 2116 195 54 SFEIR
384 2116 83 54 né
426 2116 83 54 en
467 2116 111 54 1931
537 2116 69 54 à
565 2116 153 54 Rayfoun
662 2116 139 54 (Liban).

78 2151 144 51 6
186 2151 156 51 L'’enfant
306 2151 156 51 retrouvé,
426 2151 96 51 1965
486 2151 132 51 (huile,
582 2151 72 51 73
618 2151 60 51 x
630 2151 72 51 61).
