<alto xmlns:xsi="http://www.w3.org/2001/XMLSchema-instance" xmlns="http://www.loc.gov/standards/alto/ns-v2#" xmlns:page="http://schema.primaresearch.org/PAGE/gts/pagecontent/2013-07-15" xsi:schemaLocation="http://www.loc.gov/standards/alto/ns-v2# http://www.loc.gov/standards/alto/alto.xsd">
  <Description>
    <MeasurementUnit>mm10</MeasurementUnit>
    <sourceImageInformation>
         <fileName>Cat_Paris_1965-0127.jpg</fileName>
      </sourceImageInformation>
    <OCRProcessing ID="IdOcr">
      <ocrProcessingStep>
        <processingDateTime>2020-11-16T10:47:43.384+01:00</processingDateTime>
        <processingSoftware>
               <softwareCreator>CONTRIBUTORS</softwareCreator>
               <softwareName>pdfalto</softwareName>
               <softwareVersion>0.1</softwareVersion>
            </processingSoftware>
      </ocrProcessingStep>
    </OCRProcessing>
  </Description>
  <Styles>
   <TextStyle ID="FONT0" FONTFAMILY="unknown" FONTSIZE="unknown" FONTSTYLE=""/>
   <TextStyle ID="FONT1" FONTFAMILY="unknown" FONTSIZE="unknown" FONTSTYLE="bold"/>
   <TextStyle ID="FONT2" FONTFAMILY="unknown" FONTSIZE="unknown" FONTSTYLE="italics"/>
  </Styles>
  <Tags/>
  <Layout>
    <Page ID="Page1" PHYSICAL_IMG_NR="1" HEIGHT="2373" WIDTH="1086">
      <PrintSpace HEIGHT="2279" WIDTH="980" VPOS="94" HPOS="0">
        <TextBlock ID="r_1_1" HEIGHT="41" WIDTH="407" VPOS="99" HPOS="95">
          <TextLine ID="tl_1" BASELINE="153" HEIGHT="67" WIDTH="416" VPOS="86" HPOS="90">
            <String HEIGHT="67" WIDTH="462" VPOS="86" HPOS="44" CONTENT="YOUGOSLAVIE" ID="tl_1_1" STYLEREFS="FONT1"/>
          </TextLine>
        </TextBlock>
        <TextBlock ID="r_2_1" HEIGHT="93" WIDTH="745" VPOS="534" HPOS="217">
          <TextLine ID="tl_2" BASELINE="571" HEIGHT="42" WIDTH="601" VPOS="529" HPOS="213">
            <String HEIGHT="42" WIDTH="273" VPOS="529" HPOS="195" CONTENT="Commissaire" ID="tl_2_1" STYLEREFS="FONT0"/>
            <SP HEIGHT="42" WIDTH="18" VPOS="529" HPOS="468"/>
            <String HEIGHT="42" WIDTH="219" VPOS="529" HPOS="413" CONTENT="général:" ID="tl_2_2" STYLEREFS="FONT0"/>
            <SP HEIGHT="42" WIDTH="18" VPOS="529" HPOS="632"/>
            <String HEIGHT="42" WIDTH="182" VPOS="529" HPOS="577" CONTENT="Melita" ID="tl_2_3" STYLEREFS="FONT0"/>
            <SP HEIGHT="42" WIDTH="18" VPOS="529" HPOS="759"/>
            <String HEIGHT="42" WIDTH="127" VPOS="529" HPOS="687" CONTENT="Stele" ID="tl_2_4" STYLEREFS="FONT0"/>
          </TextLine>
          <TextLine ID="tl_3" BASELINE="634" HEIGHT="56" WIDTH="755" VPOS="578" HPOS="212">
            <String HEIGHT="56" WIDTH="247" VPOS="578" HPOS="197" CONTENT="Conservateur" ID="tl_3_1" STYLEREFS="FONT0"/>
            <SP HEIGHT="56" WIDTH="15" VPOS="578" HPOS="443"/>
            <String HEIGHT="56" WIDTH="92" VPOS="578" HPOS="397" CONTENT="du" ID="tl_3_2" STYLEREFS="FONT0"/>
            <SP HEIGHT="56" WIDTH="15" VPOS="578" HPOS="489"/>
            <String HEIGHT="56" WIDTH="139" VPOS="578" HPOS="443" CONTENT="Musée" ID="tl_3_3" STYLEREFS="FONT0"/>
            <SP HEIGHT="56" WIDTH="15" VPOS="578" HPOS="582"/>
            <String HEIGHT="56" WIDTH="139" VPOS="578" HPOS="536" CONTENT="d’Art" ID="tl_3_4" STYLEREFS="FONT0"/>
            <SP HEIGHT="56" WIDTH="15" VPOS="578" HPOS="674"/>
            <String HEIGHT="56" WIDTH="169" VPOS="578" HPOS="628" CONTENT="Moderne" ID="tl_3_5" STYLEREFS="FONT0"/>
            <SP HEIGHT="56" WIDTH="15" VPOS="578" HPOS="798"/>
            <String HEIGHT="56" WIDTH="92" VPOS="578" HPOS="751" CONTENT="de" ID="tl_3_6" STYLEREFS="FONT0"/>
            <SP HEIGHT="56" WIDTH="15" VPOS="578" HPOS="844"/>
            <String HEIGHT="56" WIDTH="185" VPOS="578" HPOS="782" CONTENT="Ljubljana." ID="tl_3_7" STYLEREFS="FONT0"/>
          </TextLine>
        </TextBlock>
        <TextBlock ID="r_3_1" HEIGHT="675" WIDTH="858" VPOS="746" HPOS="113">
          <TextLine ID="tl_4" BASELINE="791" HEIGHT="49" WIDTH="818" VPOS="742" HPOS="156">
            <String HEIGHT="49" WIDTH="142" VPOS="742" HPOS="138" CONTENT="Dans" ID="tl_4_1" STYLEREFS="FONT0"/>
            <SP HEIGHT="49" WIDTH="18" VPOS="742" HPOS="280"/>
            <String HEIGHT="49" WIDTH="107" VPOS="742" HPOS="227" CONTENT="le" ID="tl_4_2" STYLEREFS="FONT0"/>
            <SP HEIGHT="49" WIDTH="18" VPOS="742" HPOS="334"/>
            <String HEIGHT="49" WIDTH="160" VPOS="742" HPOS="280" CONTENT="cadre" ID="tl_4_3" STYLEREFS="FONT0"/>
            <SP HEIGHT="49" WIDTH="18" VPOS="742" HPOS="441"/>
            <String HEIGHT="49" WIDTH="107" VPOS="742" HPOS="387" CONTENT="de" ID="tl_4_4" STYLEREFS="FONT0"/>
            <SP HEIGHT="49" WIDTH="18" VPOS="742" HPOS="494"/>
            <String HEIGHT="49" WIDTH="107" VPOS="742" HPOS="441" CONTENT="la" ID="tl_4_5" STYLEREFS="FONT0"/>
            <SP HEIGHT="49" WIDTH="18" VPOS="742" HPOS="547"/>
            <String HEIGHT="49" WIDTH="160" VPOS="742" HPOS="494" CONTENT="jeune" ID="tl_4_6" STYLEREFS="FONT0"/>
            <SP HEIGHT="49" WIDTH="18" VPOS="742" HPOS="654"/>
            <String HEIGHT="49" WIDTH="249" VPOS="742" HPOS="601" CONTENT="génération" ID="tl_4_7" STYLEREFS="FONT0"/>
            <SP HEIGHT="49" WIDTH="18" VPOS="742" HPOS="850"/>
            <String HEIGHT="49" WIDTH="107" VPOS="742" HPOS="796" CONTENT="du" ID="tl_4_8" STYLEREFS="FONT0"/>
            <SP HEIGHT="49" WIDTH="18" VPOS="742" HPOS="903"/>
            <String HEIGHT="49" WIDTH="142" VPOS="742" HPOS="832" CONTENT="centre" ID="tl_4_9" STYLEREFS="FONT0"/>
          </TextLine>
          <TextLine ID="tl_5" BASELINE="833" HEIGHT="49" WIDTH="865" VPOS="784" HPOS="109">
            <String HEIGHT="49" WIDTH="233" VPOS="784" HPOS="92" CONTENT="artistique" ID="tl_5_1" STYLEREFS="FONT0"/>
            <SP HEIGHT="49" WIDTH="17" VPOS="784" HPOS="325"/>
            <String HEIGHT="49" WIDTH="100" VPOS="784" HPOS="275" CONTENT="de" ID="tl_5_2" STYLEREFS="FONT0"/>
            <SP HEIGHT="49" WIDTH="17" VPOS="784" HPOS="375"/>
            <String HEIGHT="49" WIDTH="216" VPOS="784" HPOS="325" CONTENT="Belgrade," ID="tl_5_3" STYLEREFS="FONT0"/>
            <SP HEIGHT="49" WIDTH="17" VPOS="784" HPOS="542"/>
            <String HEIGHT="49" WIDTH="100" VPOS="784" HPOS="492" CONTENT="un" ID="tl_5_4" STYLEREFS="FONT0"/>
            <SP HEIGHT="49" WIDTH="17" VPOS="784" HPOS="591"/>
            <String HEIGHT="49" WIDTH="166" VPOS="784" HPOS="542" CONTENT="groupe" ID="tl_5_5" STYLEREFS="FONT0"/>
            <SP HEIGHT="49" WIDTH="17" VPOS="784" HPOS="708"/>
            <String HEIGHT="49" WIDTH="150" VPOS="784" HPOS="658" CONTENT="s’est" ID="tl_5_6" STYLEREFS="FONT0"/>
            <SP HEIGHT="49" WIDTH="17" VPOS="784" HPOS="808"/>
            <String HEIGHT="49" WIDTH="150" VPOS="784" HPOS="758" CONTENT="formé" ID="tl_5_7" STYLEREFS="FONT0"/>
            <SP HEIGHT="49" WIDTH="17" VPOS="784" HPOS="907"/>
            <String HEIGHT="49" WIDTH="100" VPOS="784" HPOS="858" CONTENT="en" ID="tl_5_8" STYLEREFS="FONT0"/>
            <SP HEIGHT="49" WIDTH="17" VPOS="784" HPOS="957"/>
            <String HEIGHT="49" WIDTH="83" VPOS="784" HPOS="891" CONTENT="ces" ID="tl_5_9" STYLEREFS="FONT0"/>
          </TextLine>
          <TextLine ID="tl_6" BASELINE="866" HEIGHT="46" WIDTH="865" VPOS="820" HPOS="110">
            <String HEIGHT="46" WIDTH="208" VPOS="820" HPOS="94" CONTENT="dernières" ID="tl_6_1" STYLEREFS="FONT0"/>
            <SP HEIGHT="46" WIDTH="16" VPOS="820" HPOS="302"/>
            <String HEIGHT="46" WIDTH="160" VPOS="820" HPOS="254" CONTENT="années" ID="tl_6_2" STYLEREFS="FONT0"/>
            <SP HEIGHT="46" WIDTH="16" VPOS="820" HPOS="414"/>
            <String HEIGHT="46" WIDTH="96" VPOS="820" HPOS="366" CONTENT="en" ID="tl_6_3" STYLEREFS="FONT0"/>
            <SP HEIGHT="46" WIDTH="16" VPOS="820" HPOS="462"/>
            <String HEIGHT="46" WIDTH="240" VPOS="820" HPOS="414" CONTENT="s’inspirant" ID="tl_6_4" STYLEREFS="FONT0"/>
            <SP HEIGHT="46" WIDTH="16" VPOS="820" HPOS="655"/>
            <String HEIGHT="46" WIDTH="112" VPOS="820" HPOS="607" CONTENT="des" ID="tl_6_5" STYLEREFS="FONT0"/>
            <SP HEIGHT="46" WIDTH="16" VPOS="820" HPOS="719"/>
            <String HEIGHT="46" WIDTH="144" VPOS="820" HPOS="671" CONTENT="idées" ID="tl_6_6" STYLEREFS="FONT0"/>
            <SP HEIGHT="46" WIDTH="16" VPOS="820" HPOS="815"/>
            <String HEIGHT="46" WIDTH="224" VPOS="820" HPOS="751" CONTENT="surréalistes" ID="tl_6_7" STYLEREFS="FONT0"/>
          </TextLine>
          <TextLine ID="tl_7" BASELINE="904" HEIGHT="42" WIDTH="864" VPOS="862" HPOS="110">
            <String HEIGHT="42" WIDTH="150" VPOS="862" HPOS="91" CONTENT="sans" ID="tl_7_1" STYLEREFS="FONT0"/>
            <SP HEIGHT="42" WIDTH="19" VPOS="862" HPOS="241"/>
            <String HEIGHT="42" WIDTH="169" VPOS="862" HPOS="185" CONTENT="qu’on" ID="tl_7_2" STYLEREFS="FONT0"/>
            <SP HEIGHT="42" WIDTH="19" VPOS="862" HPOS="354"/>
            <String HEIGHT="42" WIDTH="188" VPOS="862" HPOS="298" CONTENT="puisse" ID="tl_7_3" STYLEREFS="FONT0"/>
            <SP HEIGHT="42" WIDTH="19" VPOS="862" HPOS="486"/>
            <String HEIGHT="42" WIDTH="188" VPOS="862" HPOS="429" CONTENT="parler" ID="tl_7_4" STYLEREFS="FONT0"/>
            <SP HEIGHT="42" WIDTH="19" VPOS="862" HPOS="617"/>
            <String HEIGHT="42" WIDTH="150" VPOS="862" HPOS="561" CONTENT="d’un" ID="tl_7_5" STYLEREFS="FONT0"/>
            <SP HEIGHT="42" WIDTH="19" VPOS="862" HPOS="711"/>
            <String HEIGHT="42" WIDTH="244" VPOS="862" HPOS="655" CONTENT="programme" ID="tl_7_6" STYLEREFS="FONT0"/>
            <SP HEIGHT="42" WIDTH="19" VPOS="862" HPOS="899"/>
            <String HEIGHT="42" WIDTH="150" VPOS="862" HPOS="824" CONTENT="commun" ID="tl_7_7" STYLEREFS="FONT0"/>
          </TextLine>
          <TextLine ID="tl_8" BASELINE="935" HEIGHT="35" WIDTH="864" VPOS="900" HPOS="110">
            <String HEIGHT="35" WIDTH="242" VPOS="900" HPOS="93" CONTENT="rigoureux," ID="tl_8_1" STYLEREFS="FONT0"/>
            <SP HEIGHT="35" WIDTH="17" VPOS="900" HPOS="335"/>
            <String HEIGHT="35" WIDTH="138" VPOS="900" HPOS="283" CONTENT="mais" ID="tl_8_2" STYLEREFS="FONT0"/>
            <SP HEIGHT="35" WIDTH="17" VPOS="900" HPOS="421"/>
            <String HEIGHT="35" WIDTH="173" VPOS="900" HPOS="369" CONTENT="plutôt" ID="tl_8_3" STYLEREFS="FONT0"/>
            <SP HEIGHT="35" WIDTH="17" VPOS="900" HPOS="542"/>
            <String HEIGHT="35" WIDTH="104" VPOS="900" HPOS="490" CONTENT="de" ID="tl_8_4" STYLEREFS="FONT0"/>
            <SP HEIGHT="35" WIDTH="17" VPOS="900" HPOS="594"/>
            <String HEIGHT="35" WIDTH="173" VPOS="900" HPOS="542" CONTENT="traits" ID="tl_8_5" STYLEREFS="FONT0"/>
            <SP HEIGHT="35" WIDTH="17" VPOS="900" HPOS="715"/>
            <String HEIGHT="35" WIDTH="190" VPOS="900" HPOS="663" CONTENT="communs" ID="tl_8_6" STYLEREFS="FONT0"/>
            <SP HEIGHT="35" WIDTH="17" VPOS="900" HPOS="853"/>
            <String HEIGHT="35" WIDTH="190" VPOS="900" HPOS="784" CONTENT="apparais" SUBS_TYPE="HypPart1" SUBS_CONTENT="apparaissant" ID="tl_8_7" STYLEREFS="FONT0"/>
            <HYP CONTENT="-"/>
          </TextLine>
          <TextLine ID="tl_9" BASELINE="976" HEIGHT="39" WIDTH="863" VPOS="937" HPOS="110">
            <String HEIGHT="39" WIDTH="135" VPOS="937" HPOS="93" CONTENT="sant" SUBS_TYPE="HypPart2" SUBS_CONTENT="apparaissant" ID="tl_9_1" STYLEREFS="FONT0"/>
            <SP HEIGHT="39" WIDTH="17" VPOS="937" HPOS="228"/>
            <String HEIGHT="39" WIDTH="135" VPOS="937" HPOS="178" CONTENT="chez" ID="tl_9_2" STYLEREFS="FONT0"/>
            <SP HEIGHT="39" WIDTH="17" VPOS="937" HPOS="313"/>
            <String HEIGHT="39" WIDTH="169" VPOS="937" HPOS="262" CONTENT="divers" ID="tl_9_3" STYLEREFS="FONT0"/>
            <SP HEIGHT="39" WIDTH="17" VPOS="937" HPOS="432"/>
            <String HEIGHT="39" WIDTH="203" VPOS="937" HPOS="381" CONTENT="artistes" ID="tl_9_4" STYLEREFS="FONT0"/>
            <SP HEIGHT="39" WIDTH="17" VPOS="937" HPOS="584"/>
            <String HEIGHT="39" WIDTH="338" VPOS="937" HPOS="533" CONTENT="individuellement" ID="tl_9_5" STYLEREFS="FONT0"/>
            <SP HEIGHT="39" WIDTH="17" VPOS="937" HPOS="871"/>
            <String HEIGHT="39" WIDTH="169" VPOS="937" HPOS="804" CONTENT="caracté" SUBS_TYPE="HypPart1" SUBS_CONTENT="caractérisés." ID="tl_9_6" STYLEREFS="FONT0"/>
            <HYP CONTENT="-"/>
          </TextLine>
          <TextLine ID="tl_10" BASELINE="1017" HEIGHT="48" WIDTH="865" VPOS="969" HPOS="110">
            <String HEIGHT="48" WIDTH="160" VPOS="969" HPOS="94" CONTENT="risés." SUBS_TYPE="HypPart2" SUBS_CONTENT="caractérisés." ID="tl_10_1" STYLEREFS="FONT0"/>
            <SP HEIGHT="48" WIDTH="16" VPOS="969" HPOS="254"/>
            <String HEIGHT="48" WIDTH="144" VPOS="969" HPOS="206" CONTENT="Parmi" ID="tl_10_2" STYLEREFS="FONT0"/>
            <SP HEIGHT="48" WIDTH="16" VPOS="969" HPOS="350"/>
            <String HEIGHT="48" WIDTH="112" VPOS="969" HPOS="302" CONTENT="les" ID="tl_10_3" STYLEREFS="FONT0"/>
            <SP HEIGHT="48" WIDTH="16" VPOS="969" HPOS="414"/>
            <String HEIGHT="48" WIDTH="128" VPOS="969" HPOS="366" CONTENT="plus" ID="tl_10_4" STYLEREFS="FONT0"/>
            <SP HEIGHT="48" WIDTH="16" VPOS="969" HPOS="494"/>
            <String HEIGHT="48" WIDTH="256" VPOS="969" HPOS="446" CONTENT="intéressants" ID="tl_10_5" STYLEREFS="FONT0"/>
            <SP HEIGHT="48" WIDTH="16" VPOS="969" HPOS="703"/>
            <String HEIGHT="48" WIDTH="96" VPOS="969" HPOS="655" CONTENT="de" ID="tl_10_6" STYLEREFS="FONT0"/>
            <SP HEIGHT="48" WIDTH="16" VPOS="969" HPOS="751"/>
            <String HEIGHT="48" WIDTH="112" VPOS="969" HPOS="703" CONTENT="ces" ID="tl_10_7" STYLEREFS="FONT0"/>
            <SP HEIGHT="48" WIDTH="16" VPOS="969" HPOS="815"/>
            <String HEIGHT="48" WIDTH="208" VPOS="969" HPOS="767" CONTENT="peintres," ID="tl_10_8" STYLEREFS="FONT0"/>
            <SP HEIGHT="48" WIDTH="16" VPOS="969" HPOS="975"/>
            <String HEIGHT="48" WIDTH="64" VPOS="969" HPOS="911" CONTENT="il" ID="tl_10_9" STYLEREFS="FONT0"/>
          </TextLine>
          <TextLine ID="tl_11" BASELINE="1055" HEIGHT="48" WIDTH="867" VPOS="1007" HPOS="108">
            <String HEIGHT="48" WIDTH="133" VPOS="1007" HPOS="91" CONTENT="faut" ID="tl_11_1" STYLEREFS="FONT0"/>
            <SP HEIGHT="48" WIDTH="17" VPOS="1007" HPOS="225"/>
            <String HEIGHT="48" WIDTH="167" VPOS="1007" HPOS="175" CONTENT="nommer" ID="tl_11_2" STYLEREFS="FONT0"/>
            <SP HEIGHT="48" WIDTH="17" VPOS="1007" HPOS="341"/>
            <String HEIGHT="48" WIDTH="200" VPOS="1007" HPOS="291" CONTENT="Vladimir" ID="tl_11_3" STYLEREFS="FONT0"/>
            <SP HEIGHT="48" WIDTH="17" VPOS="1007" HPOS="491"/>
            <String HEIGHT="48" WIDTH="233" VPOS="1007" HPOS="441" CONTENT="Velickovic" ID="tl_11_4" STYLEREFS="FONT0"/>
            <SP HEIGHT="48" WIDTH="17" VPOS="1007" HPOS="675"/>
            <String HEIGHT="48" WIDTH="133" VPOS="1007" HPOS="625" CONTENT="dont" ID="tl_11_5" STYLEREFS="FONT0"/>
            <SP HEIGHT="48" WIDTH="17" VPOS="1007" HPOS="758"/>
            <String HEIGHT="48" WIDTH="117" VPOS="1007" HPOS="708" CONTENT="les" ID="tl_11_6" STYLEREFS="FONT0"/>
            <SP HEIGHT="48" WIDTH="17" VPOS="1007" HPOS="825"/>
            <String HEIGHT="48" WIDTH="167" VPOS="1007" HPOS="775" CONTENT="toiles" ID="tl_11_7" STYLEREFS="FONT0"/>
            <SP HEIGHT="48" WIDTH="17" VPOS="1007" HPOS="942"/>
            <String HEIGHT="48" WIDTH="100" VPOS="1007" HPOS="875" CONTENT="nous" ID="tl_11_8" STYLEREFS="FONT0"/>
          </TextLine>
          <TextLine ID="tl_12" BASELINE="1086" HEIGHT="41" WIDTH="868" VPOS="1045" HPOS="108">
            <String HEIGHT="41" WIDTH="142" VPOS="1045" HPOS="90" CONTENT="font" ID="tl_12_1" STYLEREFS="FONT0"/>
            <SP HEIGHT="41" WIDTH="18" VPOS="1045" HPOS="232"/>
            <String HEIGHT="41" WIDTH="159" VPOS="1045" HPOS="179" CONTENT="voir," ID="tl_12_2" STYLEREFS="FONT0"/>
            <SP HEIGHT="41" WIDTH="18" VPOS="1045" HPOS="338"/>
            <String HEIGHT="41" WIDTH="89" VPOS="1045" HPOS="285" CONTENT="à" ID="tl_12_3" STYLEREFS="FONT0"/>
            <SP HEIGHT="41" WIDTH="18" VPOS="1045" HPOS="374"/>
            <String HEIGHT="41" WIDTH="195" VPOS="1045" HPOS="321" CONTENT="travers" ID="tl_12_4" STYLEREFS="FONT0"/>
            <SP HEIGHT="41" WIDTH="18" VPOS="1045" HPOS="515"/>
            <String HEIGHT="41" WIDTH="124" VPOS="1045" HPOS="462" CONTENT="des" ID="tl_12_5" STYLEREFS="FONT0"/>
            <SP HEIGHT="41" WIDTH="18" VPOS="1045" HPOS="586"/>
            <String HEIGHT="41" WIDTH="230" VPOS="1045" HPOS="533" CONTENT="réactions" ID="tl_12_6" STYLEREFS="FONT0"/>
            <SP HEIGHT="41" WIDTH="18" VPOS="1045" HPOS="763"/>
            <String HEIGHT="41" WIDTH="283" VPOS="1045" HPOS="693" CONTENT="psychologiques" ID="tl_12_7" STYLEREFS="FONT0"/>
          </TextLine>
          <TextLine ID="tl_13" BASELINE="1124" HEIGHT="40" WIDTH="867" VPOS="1084" HPOS="109">
            <String HEIGHT="40" WIDTH="233" VPOS="1084" HPOS="92" CONTENT="complexes," ID="tl_13_1" STYLEREFS="FONT0"/>
            <SP HEIGHT="40" WIDTH="17" VPOS="1084" HPOS="326"/>
            <String HEIGHT="40" WIDTH="167" VPOS="1084" HPOS="276" CONTENT="l’écho" ID="tl_13_2" STYLEREFS="FONT0"/>
            <SP HEIGHT="40" WIDTH="17" VPOS="1084" HPOS="442"/>
            <String HEIGHT="40" WIDTH="267" VPOS="1084" HPOS="392" CONTENT="d’événements" ID="tl_13_3" STYLEREFS="FONT0"/>
            <SP HEIGHT="40" WIDTH="17" VPOS="1084" HPOS="659"/>
            <String HEIGHT="40" WIDTH="200" VPOS="1084" HPOS="609" CONTENT="pénibles" ID="tl_13_4" STYLEREFS="FONT0"/>
            <SP HEIGHT="40" WIDTH="17" VPOS="1084" HPOS="809"/>
            <String HEIGHT="40" WIDTH="100" VPOS="1084" HPOS="759" CONTENT="et" ID="tl_13_5" STYLEREFS="FONT0"/>
            <SP HEIGHT="40" WIDTH="17" VPOS="1084" HPOS="859"/>
            <String HEIGHT="40" WIDTH="183" VPOS="1084" HPOS="793" CONTENT="sanglants" ID="tl_13_6" STYLEREFS="FONT0"/>
          </TextLine>
          <TextLine ID="tl_14" BASELINE="1160" HEIGHT="39" WIDTH="865" VPOS="1121" HPOS="110">
            <String HEIGHT="39" WIDTH="216" VPOS="1121" HPOS="92" CONTENT="survenus" ID="tl_14_1" STYLEREFS="FONT0"/>
            <SP HEIGHT="39" WIDTH="18" VPOS="1121" HPOS="308"/>
            <String HEIGHT="39" WIDTH="180" VPOS="1121" HPOS="254" CONTENT="durant" ID="tl_14_2" STYLEREFS="FONT0"/>
            <SP HEIGHT="39" WIDTH="18" VPOS="1121" HPOS="434"/>
            <String HEIGHT="39" WIDTH="234" VPOS="1121" HPOS="380" CONTENT="l’enfance" ID="tl_14_3" STYLEREFS="FONT0"/>
            <SP HEIGHT="39" WIDTH="18" VPOS="1121" HPOS="615"/>
            <String HEIGHT="39" WIDTH="108" VPOS="1121" HPOS="561" CONTENT="du" ID="tl_14_4" STYLEREFS="FONT0"/>
            <SP HEIGHT="39" WIDTH="18" VPOS="1121" HPOS="669"/>
            <String HEIGHT="39" WIDTH="216" VPOS="1121" HPOS="615" CONTENT="peintre," ID="tl_14_5" STYLEREFS="FONT0"/>
            <SP HEIGHT="39" WIDTH="18" VPOS="1121" HPOS="831"/>
            <String HEIGHT="39" WIDTH="198" VPOS="1121" HPOS="777" CONTENT="pendant" ID="tl_14_6" STYLEREFS="FONT0"/>
            <SP HEIGHT="39" WIDTH="18" VPOS="1121" HPOS="975"/>
            <String HEIGHT="39" WIDTH="72" VPOS="1121" HPOS="903" CONTENT="la" ID="tl_14_7" STYLEREFS="FONT0"/>
          </TextLine>
          <TextLine ID="tl_15" BASELINE="1206" HEIGHT="47" WIDTH="866" VPOS="1159" HPOS="109">
            <String HEIGHT="47" WIDTH="183" VPOS="1159" HPOS="92" CONTENT="guerre." ID="tl_15_1" STYLEREFS="FONT0"/>
            <SP HEIGHT="47" WIDTH="17" VPOS="1159" HPOS="276"/>
            <String HEIGHT="47" WIDTH="100" VPOS="1159" HPOS="226" CONTENT="Il" ID="tl_15_2" STYLEREFS="FONT0"/>
            <SP HEIGHT="47" WIDTH="17" VPOS="1159" HPOS="326"/>
            <String HEIGHT="47" WIDTH="117" VPOS="1159" HPOS="276" CONTENT="les" ID="tl_15_3" STYLEREFS="FONT0"/>
            <SP HEIGHT="47" WIDTH="17" VPOS="1159" HPOS="392"/>
            <String HEIGHT="47" WIDTH="167" VPOS="1159" HPOS="342" CONTENT="traite" ID="tl_15_4" STYLEREFS="FONT0"/>
            <SP HEIGHT="47" WIDTH="17" VPOS="1159" HPOS="509"/>
            <String HEIGHT="47" WIDTH="150" VPOS="1159" HPOS="459" CONTENT="comme" ID="tl_15_5" STYLEREFS="FONT0"/>
            <SP HEIGHT="47" WIDTH="17" VPOS="1159" HPOS="609"/>
            <String HEIGHT="47" WIDTH="100" VPOS="1159" HPOS="559" CONTENT="un" ID="tl_15_6" STYLEREFS="FONT0"/>
            <SP HEIGHT="47" WIDTH="17" VPOS="1159" HPOS="659"/>
            <String HEIGHT="47" WIDTH="283" VPOS="1159" HPOS="609" CONTENT="avertissement" ID="tl_15_7" STYLEREFS="FONT0"/>
            <SP HEIGHT="47" WIDTH="17" VPOS="1159" HPOS="892"/>
            <String HEIGHT="47" WIDTH="150" VPOS="1159" HPOS="825" CONTENT="concer" SUBS_TYPE="HypPart1" SUBS_CONTENT="concernant" ID="tl_15_8" STYLEREFS="FONT0"/>
            <HYP CONTENT="-"/>
          </TextLine>
          <TextLine ID="tl_16" BASELINE="1241" HEIGHT="44" WIDTH="863" VPOS="1197" HPOS="112">
            <String HEIGHT="44" WIDTH="128" VPOS="1197" HPOS="96" CONTENT="nant" SUBS_TYPE="HypPart2" SUBS_CONTENT="concernant" ID="tl_16_1" STYLEREFS="FONT0"/>
            <SP HEIGHT="44" WIDTH="16" VPOS="1197" HPOS="224"/>
            <String HEIGHT="44" WIDTH="96" VPOS="1197" HPOS="176" CONTENT="la" ID="tl_16_2" STYLEREFS="FONT0"/>
            <SP HEIGHT="44" WIDTH="16" VPOS="1197" HPOS="272"/>
            <String HEIGHT="44" WIDTH="240" VPOS="1197" HPOS="224" CONTENT="possibilité" ID="tl_16_3" STYLEREFS="FONT0"/>
            <SP HEIGHT="44" WIDTH="16" VPOS="1197" HPOS="464"/>
            <String HEIGHT="44" WIDTH="128" VPOS="1197" HPOS="416" CONTENT="d’un" ID="tl_16_4" STYLEREFS="FONT0"/>
            <SP HEIGHT="44" WIDTH="16" VPOS="1197" HPOS="544"/>
            <String HEIGHT="44" WIDTH="160" VPOS="1197" HPOS="496" CONTENT="avenir" ID="tl_16_5" STYLEREFS="FONT0"/>
            <SP HEIGHT="44" WIDTH="16" VPOS="1197" HPOS="655"/>
            <String HEIGHT="44" WIDTH="96" VPOS="1197" HPOS="607" CONTENT="de" ID="tl_16_6" STYLEREFS="FONT0"/>
            <SP HEIGHT="44" WIDTH="16" VPOS="1197" HPOS="703"/>
            <String HEIGHT="44" WIDTH="128" VPOS="1197" HPOS="655" CONTENT="mort" ID="tl_16_7" STYLEREFS="FONT0"/>
            <SP HEIGHT="44" WIDTH="16" VPOS="1197" HPOS="783"/>
            <String HEIGHT="44" WIDTH="96" VPOS="1197" HPOS="735" CONTENT="et" ID="tl_16_8" STYLEREFS="FONT0"/>
            <SP HEIGHT="44" WIDTH="16" VPOS="1197" HPOS="831"/>
            <String HEIGHT="44" WIDTH="208" VPOS="1197" HPOS="767" CONTENT="d’anéantis" SUBS_TYPE="HypPart1" SUBS_CONTENT="d’anéantissement." ID="tl_16_9" STYLEREFS="FONT0"/>
            <HYP CONTENT="-"/>
          </TextLine>
          <TextLine ID="tl_17" BASELINE="1276" HEIGHT="41" WIDTH="866" VPOS="1235" HPOS="109">
            <String HEIGHT="41" WIDTH="183" VPOS="1235" HPOS="92" CONTENT="sement." SUBS_TYPE="HypPart2" SUBS_CONTENT="d’anéantissement." ID="tl_17_1" STYLEREFS="FONT0"/>
            <SP HEIGHT="41" WIDTH="17" VPOS="1235" HPOS="276"/>
            <String HEIGHT="41" WIDTH="117" VPOS="1235" HPOS="226" CONTENT="Les" ID="tl_17_2" STYLEREFS="FONT0"/>
            <SP HEIGHT="41" WIDTH="17" VPOS="1235" HPOS="342"/>
            <String HEIGHT="41" WIDTH="200" VPOS="1235" HPOS="292" CONTENT="éléments" ID="tl_17_3" STYLEREFS="FONT0"/>
            <SP HEIGHT="41" WIDTH="17" VPOS="1235" HPOS="492"/>
            <String HEIGHT="41" WIDTH="100" VPOS="1235" HPOS="442" CONTENT="du" ID="tl_17_4" STYLEREFS="FONT0"/>
            <SP HEIGHT="41" WIDTH="17" VPOS="1235" HPOS="542"/>
            <String HEIGHT="41" WIDTH="167" VPOS="1235" HPOS="492" CONTENT="dessin" ID="tl_17_5" STYLEREFS="FONT0"/>
            <SP HEIGHT="41" WIDTH="17" VPOS="1235" HPOS="659"/>
            <String HEIGHT="41" WIDTH="133" VPOS="1235" HPOS="609" CONTENT="sont" ID="tl_17_6" STYLEREFS="FONT0"/>
            <SP HEIGHT="41" WIDTH="17" VPOS="1235" HPOS="742"/>
            <String HEIGHT="41" WIDTH="217" VPOS="1235" HPOS="692" CONTENT="fortement" ID="tl_17_7" STYLEREFS="FONT0"/>
            <SP HEIGHT="41" WIDTH="17" VPOS="1235" HPOS="908"/>
            <String HEIGHT="41" WIDTH="133" VPOS="1235" HPOS="842" CONTENT="accen" SUBS_TYPE="HypPart1" SUBS_CONTENT="accentués," ID="tl_17_8" STYLEREFS="FONT0"/>
            <HYP CONTENT="-"/>
          </TextLine>
          <TextLine ID="tl_18" BASELINE="1316" HEIGHT="46" WIDTH="866" VPOS="1270" HPOS="109">
            <String HEIGHT="46" WIDTH="150" VPOS="1270" HPOS="92" CONTENT="tués," SUBS_TYPE="HypPart2" SUBS_CONTENT="accentués," ID="tl_18_1" STYLEREFS="FONT0"/>
            <SP HEIGHT="46" WIDTH="17" VPOS="1270" HPOS="242"/>
            <String HEIGHT="46" WIDTH="100" VPOS="1270" HPOS="192" CONTENT="le" ID="tl_18_2" STYLEREFS="FONT0"/>
            <SP HEIGHT="46" WIDTH="17" VPOS="1270" HPOS="292"/>
            <String HEIGHT="46" WIDTH="266" VPOS="1270" HPOS="242" CONTENT="défigurement" ID="tl_18_3" STYLEREFS="FONT0"/>
            <SP HEIGHT="46" WIDTH="17" VPOS="1270" HPOS="509"/>
            <String HEIGHT="46" WIDTH="233" VPOS="1270" HPOS="459" CONTENT="anatomique" ID="tl_18_4" STYLEREFS="FONT0"/>
            <SP HEIGHT="46" WIDTH="17" VPOS="1270" HPOS="692"/>
            <String HEIGHT="46" WIDTH="117" VPOS="1270" HPOS="642" CONTENT="est" ID="tl_18_5" STYLEREFS="FONT0"/>
            <SP HEIGHT="46" WIDTH="17" VPOS="1270" HPOS="759"/>
            <String HEIGHT="46" WIDTH="167" VPOS="1270" HPOS="709" CONTENT="voulu." ID="tl_18_6" STYLEREFS="FONT0"/>
            <SP HEIGHT="46" WIDTH="17" VPOS="1270" HPOS="875"/>
            <String HEIGHT="46" WIDTH="100" VPOS="1270" HPOS="825" CONTENT="et" ID="tl_18_7" STYLEREFS="FONT0"/>
            <SP HEIGHT="46" WIDTH="17" VPOS="1270" HPOS="925"/>
            <String HEIGHT="46" WIDTH="117" VPOS="1270" HPOS="858" CONTENT="l’at" SUBS_TYPE="HypPart1" SUBS_CONTENT="l’atmosphère" ID="tl_18_8" STYLEREFS="FONT0"/>
            <HYP CONTENT="-"/>
          </TextLine>
          <TextLine ID="tl_19" BASELINE="1351" HEIGHT="34" WIDTH="864" VPOS="1317" HPOS="111">
            <String HEIGHT="34" WIDTH="203" VPOS="1317" HPOS="94" CONTENT="mosphère" SUBS_TYPE="HypPart2" SUBS_CONTENT="l’atmosphère" ID="tl_19_1" STYLEREFS="FONT0"/>
            <SP HEIGHT="34" WIDTH="17" VPOS="1317" HPOS="297"/>
            <String HEIGHT="34" WIDTH="203" VPOS="1317" HPOS="247" CONTENT="affreuse" ID="tl_19_2" STYLEREFS="FONT0"/>
            <SP HEIGHT="34" WIDTH="17" VPOS="1317" HPOS="450"/>
            <String HEIGHT="34" WIDTH="119" VPOS="1317" HPOS="399" CONTENT="est" ID="tl_19_3" STYLEREFS="FONT0"/>
            <SP HEIGHT="34" WIDTH="17" VPOS="1317" HPOS="518"/>
            <String HEIGHT="34" WIDTH="203" VPOS="1317" HPOS="467" CONTENT="exprimée" ID="tl_19_4" STYLEREFS="FONT0"/>
            <SP HEIGHT="34" WIDTH="17" VPOS="1317" HPOS="670"/>
            <String HEIGHT="34" WIDTH="119" VPOS="1317" HPOS="619" CONTENT="par" ID="tl_19_5" STYLEREFS="FONT0"/>
            <SP HEIGHT="34" WIDTH="17" VPOS="1317" HPOS="738"/>
            <String HEIGHT="34" WIDTH="102" VPOS="1317" HPOS="687" CONTENT="la" ID="tl_19_6" STYLEREFS="FONT0"/>
            <SP HEIGHT="34" WIDTH="17" VPOS="1317" HPOS="789"/>
            <String HEIGHT="34" WIDTH="186" VPOS="1317" HPOS="738" CONTENT="tension" ID="tl_19_7" STYLEREFS="FONT0"/>
            <SP HEIGHT="34" WIDTH="17" VPOS="1317" HPOS="924"/>
            <String HEIGHT="34" WIDTH="119" VPOS="1317" HPOS="856" CONTENT="entre" ID="tl_19_8" STYLEREFS="FONT0"/>
          </TextLine>
          <TextLine ID="tl_20" BASELINE="1394" HEIGHT="50" WIDTH="865" VPOS="1344" HPOS="111">
            <String HEIGHT="50" WIDTH="102" VPOS="1344" HPOS="94" CONTENT="le" ID="tl_20_1" STYLEREFS="FONT0"/>
            <SP HEIGHT="50" WIDTH="17" VPOS="1344" HPOS="196"/>
            <String HEIGHT="50" WIDTH="136" VPOS="1344" HPOS="145" CONTENT="noir" ID="tl_20_2" STYLEREFS="FONT0"/>
            <SP HEIGHT="50" WIDTH="17" VPOS="1344" HPOS="281"/>
            <String HEIGHT="50" WIDTH="102" VPOS="1344" HPOS="230" CONTENT="et" ID="tl_20_3" STYLEREFS="FONT0"/>
            <SP HEIGHT="50" WIDTH="17" VPOS="1344" HPOS="331"/>
            <String HEIGHT="50" WIDTH="102" VPOS="1344" HPOS="281" CONTENT="le" ID="tl_20_4" STYLEREFS="FONT0"/>
            <SP HEIGHT="50" WIDTH="17" VPOS="1344" HPOS="382"/>
            <String HEIGHT="50" WIDTH="153" VPOS="1344" HPOS="331" CONTENT="blanc" ID="tl_20_5" STYLEREFS="FONT0"/>
            <SP HEIGHT="50" WIDTH="17" VPOS="1344" HPOS="484"/>
            <String HEIGHT="50" WIDTH="102" VPOS="1344" HPOS="433" CONTENT="et" ID="tl_20_6" STYLEREFS="FONT0"/>
            <SP HEIGHT="50" WIDTH="17" VPOS="1344" HPOS="535"/>
            <String HEIGHT="50" WIDTH="220" VPOS="1344" HPOS="484" CONTENT="renforcée" ID="tl_20_7" STYLEREFS="FONT0"/>
            <SP HEIGHT="50" WIDTH="17" VPOS="1344" HPOS="705"/>
            <String HEIGHT="50" WIDTH="119" VPOS="1344" HPOS="654" CONTENT="par" ID="tl_20_8" STYLEREFS="FONT0"/>
            <SP HEIGHT="50" WIDTH="17" VPOS="1344" HPOS="772"/>
            <String HEIGHT="50" WIDTH="119" VPOS="1344" HPOS="722" CONTENT="une" ID="tl_20_9" STYLEREFS="FONT0"/>
            <SP HEIGHT="50" WIDTH="17" VPOS="1344" HPOS="840"/>
            <String HEIGHT="50" WIDTH="187" VPOS="1344" HPOS="789" CONTENT="échelle" ID="tl_20_10" STYLEREFS="FONT0"/>
            <SP HEIGHT="50" WIDTH="17" VPOS="1344" HPOS="976"/>
            <String HEIGHT="50" WIDTH="68" VPOS="1344" HPOS="908" CONTENT="de" ID="tl_20_11" STYLEREFS="FONT0"/>
          </TextLine>
          <TextLine ID="tl_21" BASELINE="1434" HEIGHT="49" WIDTH="336" VPOS="1385" HPOS="110">
            <String HEIGHT="49" WIDTH="176" VPOS="1385" HPOS="94" CONTENT="coloris" ID="tl_21_1" STYLEREFS="FONT0"/>
            <SP HEIGHT="49" WIDTH="16" VPOS="1385" HPOS="270"/>
            <String HEIGHT="49" WIDTH="240" VPOS="1385" HPOS="206" CONTENT="naturalistes." ID="tl_21_2" STYLEREFS="FONT0"/>
          </TextLine>
        </TextBlock>
        <TextBlock ID="r_3_2" HEIGHT="410" WIDTH="857" VPOS="1439" HPOS="115">
          <TextLine ID="tl_22" BASELINE="1474" HEIGHT="38" WIDTH="816" VPOS="1436" HPOS="158">
            <String HEIGHT="38" WIDTH="142" VPOS="1436" HPOS="140" CONTENT="D’un" ID="tl_22_1" STYLEREFS="FONT0"/>
            <SP HEIGHT="38" WIDTH="18" VPOS="1436" HPOS="282"/>
            <String HEIGHT="38" WIDTH="231" VPOS="1436" HPOS="229" CONTENT="fondement" ID="tl_22_2" STYLEREFS="FONT0"/>
            <SP HEIGHT="38" WIDTH="18" VPOS="1436" HPOS="460"/>
            <String HEIGHT="38" WIDTH="231" VPOS="1436" HPOS="406" CONTENT="analogue," ID="tl_22_3" STYLEREFS="FONT0"/>
            <SP HEIGHT="38" WIDTH="18" VPOS="1436" HPOS="637"/>
            <String HEIGHT="38" WIDTH="142" VPOS="1436" HPOS="584" CONTENT="mais" ID="tl_22_4" STYLEREFS="FONT0"/>
            <SP HEIGHT="38" WIDTH="18" VPOS="1436" HPOS="726"/>
            <String HEIGHT="38" WIDTH="160" VPOS="1436" HPOS="672" CONTENT="d’une" ID="tl_22_5" STYLEREFS="FONT0"/>
            <SP HEIGHT="38" WIDTH="18" VPOS="1436" HPOS="832"/>
            <String HEIGHT="38" WIDTH="213" VPOS="1436" HPOS="761" CONTENT="expression" ID="tl_22_6" STYLEREFS="FONT0"/>
          </TextLine>
          <TextLine ID="tl_23" BASELINE="1518" HEIGHT="45" WIDTH="866" VPOS="1473" HPOS="110">
            <String HEIGHT="45" WIDTH="245" VPOS="1473" HPOS="94" CONTENT="différente," ID="tl_23_1" STYLEREFS="FONT0"/>
            <SP HEIGHT="45" WIDTH="16" VPOS="1473" HPOS="339"/>
            <String HEIGHT="45" WIDTH="114" VPOS="1473" HPOS="290" CONTENT="est" ID="tl_23_2" STYLEREFS="FONT0"/>
            <SP HEIGHT="45" WIDTH="16" VPOS="1473" HPOS="404"/>
            <String HEIGHT="45" WIDTH="180" VPOS="1473" HPOS="355" CONTENT="l’œuvre" ID="tl_23_3" STYLEREFS="FONT0"/>
            <SP HEIGHT="45" WIDTH="16" VPOS="1473" HPOS="535"/>
            <String HEIGHT="45" WIDTH="98" VPOS="1473" HPOS="486" CONTENT="du" ID="tl_23_4" STYLEREFS="FONT0"/>
            <SP HEIGHT="45" WIDTH="16" VPOS="1473" HPOS="584"/>
            <String HEIGHT="45" WIDTH="180" VPOS="1473" HPOS="535" CONTENT="peintre" ID="tl_23_5" STYLEREFS="FONT0"/>
            <SP HEIGHT="45" WIDTH="16" VPOS="1473" HPOS="715"/>
            <String HEIGHT="45" WIDTH="98" VPOS="1473" HPOS="666" CONTENT="et" ID="tl_23_6" STYLEREFS="FONT0"/>
            <SP HEIGHT="45" WIDTH="16" VPOS="1473" HPOS="764"/>
            <String HEIGHT="45" WIDTH="180" VPOS="1473" HPOS="715" CONTENT="peintre" ID="tl_23_7" STYLEREFS="FONT0"/>
            <SP HEIGHT="45" WIDTH="16" VPOS="1473" HPOS="894"/>
            <String HEIGHT="45" WIDTH="147" VPOS="1473" HPOS="829" CONTENT="graveur" ID="tl_23_8" STYLEREFS="FONT0"/>
          </TextLine>
          <TextLine ID="tl_24" BASELINE="1550" HEIGHT="42" WIDTH="860" VPOS="1508" HPOS="114">
            <String HEIGHT="42" WIDTH="165" VPOS="1508" HPOS="96" CONTENT="Marko" ID="tl_24_1" STYLEREFS="FONT0"/>
            <SP HEIGHT="42" WIDTH="18" VPOS="1508" HPOS="260"/>
            <String HEIGHT="42" WIDTH="274" VPOS="1508" HPOS="205" CONTENT="Krsmanovic," ID="tl_24_2" STYLEREFS="FONT0"/>
            <SP HEIGHT="42" WIDTH="18" VPOS="1508" HPOS="480"/>
            <String HEIGHT="42" WIDTH="256" VPOS="1508" HPOS="425" CONTENT="représenté" ID="tl_24_3" STYLEREFS="FONT0"/>
            <SP HEIGHT="42" WIDTH="18" VPOS="1508" HPOS="681"/>
            <String HEIGHT="42" WIDTH="91" VPOS="1508" HPOS="626" CONTENT="à" ID="tl_24_4" STYLEREFS="FONT0"/>
            <SP HEIGHT="42" WIDTH="18" VPOS="1508" HPOS="718"/>
            <String HEIGHT="42" WIDTH="110" VPOS="1508" HPOS="663" CONTENT="la" ID="tl_24_5" STYLEREFS="FONT0"/>
            <SP HEIGHT="42" WIDTH="18" VPOS="1508" HPOS="773"/>
            <String HEIGHT="42" WIDTH="220" VPOS="1508" HPOS="718" CONTENT="Biennale" ID="tl_24_6" STYLEREFS="FONT0"/>
            <SP HEIGHT="42" WIDTH="18" VPOS="1508" HPOS="937"/>
            <String HEIGHT="42" WIDTH="110" VPOS="1508" HPOS="864" CONTENT="avec" ID="tl_24_7" STYLEREFS="FONT0"/>
          </TextLine>
          <TextLine ID="tl_25" BASELINE="1592" HEIGHT="45" WIDTH="863" VPOS="1547" HPOS="112">
            <String HEIGHT="45" WIDTH="121" VPOS="1547" HPOS="95" CONTENT="son" ID="tl_25_1" STYLEREFS="FONT0"/>
            <SP HEIGHT="45" WIDTH="17" VPOS="1547" HPOS="216"/>
            <String HEIGHT="45" WIDTH="155" VPOS="1547" HPOS="164" CONTENT="œuvre" ID="tl_25_2" STYLEREFS="FONT0"/>
            <SP HEIGHT="45" WIDTH="17" VPOS="1547" HPOS="319"/>
            <String HEIGHT="45" WIDTH="242" VPOS="1547" HPOS="267" CONTENT="graphique." ID="tl_25_3" STYLEREFS="FONT0"/>
            <SP HEIGHT="45" WIDTH="17" VPOS="1547" HPOS="509"/>
            <String HEIGHT="45" WIDTH="155" VPOS="1547" HPOS="457" CONTENT="C’est" ID="tl_25_4" STYLEREFS="FONT0"/>
            <SP HEIGHT="45" WIDTH="17" VPOS="1547" HPOS="613"/>
            <String HEIGHT="45" WIDTH="104" VPOS="1547" HPOS="561" CONTENT="un" ID="tl_25_5" STYLEREFS="FONT0"/>
            <SP HEIGHT="45" WIDTH="17" VPOS="1547" HPOS="664"/>
            <String HEIGHT="45" WIDTH="190" VPOS="1547" HPOS="613" CONTENT="artiste" ID="tl_25_6" STYLEREFS="FONT0"/>
            <SP HEIGHT="45" WIDTH="17" VPOS="1547" HPOS="802"/>
            <String HEIGHT="45" WIDTH="242" VPOS="1547" HPOS="733" CONTENT="contemplati," ID="tl_25_7" STYLEREFS="FONT0"/>
          </TextLine>
          <TextLine ID="tl_26" BASELINE="1628" HEIGHT="39" WIDTH="865" VPOS="1589" HPOS="111">
            <String HEIGHT="39" WIDTH="119" VPOS="1589" HPOS="94" CONTENT="qui" ID="tl_26_1" STYLEREFS="FONT0"/>
            <SP HEIGHT="39" WIDTH="17" VPOS="1589" HPOS="213"/>
            <String HEIGHT="39" WIDTH="136" VPOS="1589" HPOS="162" CONTENT="nous" ID="tl_26_2" STYLEREFS="FONT0"/>
            <SP HEIGHT="39" WIDTH="17" VPOS="1589" HPOS="298"/>
            <String HEIGHT="39" WIDTH="187" VPOS="1589" HPOS="247" CONTENT="dévoile" ID="tl_26_3" STYLEREFS="FONT0"/>
            <SP HEIGHT="39" WIDTH="17" VPOS="1589" HPOS="433"/>
            <String HEIGHT="39" WIDTH="119" VPOS="1589" HPOS="382" CONTENT="ses" ID="tl_26_4" STYLEREFS="FONT0"/>
            <SP HEIGHT="39" WIDTH="17" VPOS="1589" HPOS="501"/>
            <String HEIGHT="39" WIDTH="271" VPOS="1589" HPOS="450" CONTENT="observations" ID="tl_26_5" STYLEREFS="FONT0"/>
            <SP HEIGHT="39" WIDTH="17" VPOS="1589" HPOS="722"/>
            <String HEIGHT="39" WIDTH="102" VPOS="1589" HPOS="671" CONTENT="et" ID="tl_26_6" STYLEREFS="FONT0"/>
            <SP HEIGHT="39" WIDTH="17" VPOS="1589" HPOS="772"/>
            <String HEIGHT="39" WIDTH="119" VPOS="1589" HPOS="722" CONTENT="ses" ID="tl_26_7" STYLEREFS="FONT0"/>
            <SP HEIGHT="39" WIDTH="17" VPOS="1589" HPOS="840"/>
            <String HEIGHT="39" WIDTH="204" VPOS="1589" HPOS="772" CONTENT="sentiments" ID="tl_26_8" STYLEREFS="FONT0"/>
          </TextLine>
          <TextLine ID="tl_27" BASELINE="1671" HEIGHT="42" WIDTH="861" VPOS="1629" HPOS="114">
            <String HEIGHT="42" WIDTH="121" VPOS="1629" HPOS="97" CONTENT="par" ID="tl_27_1" STYLEREFS="FONT0"/>
            <SP HEIGHT="42" WIDTH="17" VPOS="1629" HPOS="217"/>
            <String HEIGHT="42" WIDTH="121" VPOS="1629" HPOS="166" CONTENT="des" ID="tl_27_2" STYLEREFS="FONT0"/>
            <SP HEIGHT="42" WIDTH="17" VPOS="1629" HPOS="286"/>
            <String HEIGHT="42" WIDTH="189" VPOS="1629" HPOS="235" CONTENT="accents" ID="tl_27_3" STYLEREFS="FONT0"/>
            <SP HEIGHT="42" WIDTH="17" VPOS="1629" HPOS="424"/>
            <String HEIGHT="42" WIDTH="258" VPOS="1629" HPOS="372" CONTENT="symboliques" ID="tl_27_4" STYLEREFS="FONT0"/>
            <SP HEIGHT="42" WIDTH="17" VPOS="1629" HPOS="631"/>
            <String HEIGHT="42" WIDTH="103" VPOS="1629" HPOS="579" CONTENT="et" ID="tl_27_5" STYLEREFS="FONT0"/>
            <SP HEIGHT="42" WIDTH="17" VPOS="1629" HPOS="682"/>
            <String HEIGHT="42" WIDTH="121" VPOS="1629" HPOS="631" CONTENT="des" ID="tl_27_6" STYLEREFS="FONT0"/>
            <SP HEIGHT="42" WIDTH="17" VPOS="1629" HPOS="751"/>
            <String HEIGHT="42" WIDTH="172" VPOS="1629" HPOS="699" CONTENT="signes" ID="tl_27_7" STYLEREFS="FONT0"/>
            <SP HEIGHT="42" WIDTH="17" VPOS="1629" HPOS="872"/>
            <String HEIGHT="42" WIDTH="172" VPOS="1629" HPOS="803" CONTENT="associa" SUBS_TYPE="HypPart1" SUBS_CONTENT="associatifs." ID="tl_27_8" STYLEREFS="FONT0"/>
            <HYP CONTENT="-"/>
          </TextLine>
          <TextLine ID="tl_28" BASELINE="1703" HEIGHT="38" WIDTH="863" VPOS="1665" HPOS="112">
            <String HEIGHT="38" WIDTH="139" VPOS="1665" HPOS="97" CONTENT="tifs." SUBS_TYPE="HypPart2" SUBS_CONTENT="associatifs." ID="tl_28_1" STYLEREFS="FONT0"/>
            <SP HEIGHT="38" WIDTH="15" VPOS="1665" HPOS="235"/>
            <String HEIGHT="38" WIDTH="92" VPOS="1665" HPOS="189" CONTENT="Il" ID="tl_28_2" STYLEREFS="FONT0"/>
            <SP HEIGHT="38" WIDTH="15" VPOS="1665" HPOS="282"/>
            <String HEIGHT="38" WIDTH="200" VPOS="1665" HPOS="235" CONTENT="construit" ID="tl_28_3" STYLEREFS="FONT0"/>
            <SP HEIGHT="38" WIDTH="15" VPOS="1665" HPOS="436"/>
            <String HEIGHT="38" WIDTH="108" VPOS="1665" HPOS="389" CONTENT="ses" ID="tl_28_4" STYLEREFS="FONT0"/>
            <SP HEIGHT="38" WIDTH="15" VPOS="1665" HPOS="497"/>
            <String HEIGHT="38" WIDTH="185" VPOS="1665" HPOS="451" CONTENT="gravures" ID="tl_28_5" STYLEREFS="FONT0"/>
            <SP HEIGHT="38" WIDTH="15" VPOS="1665" HPOS="636"/>
            <String HEIGHT="38" WIDTH="108" VPOS="1665" HPOS="590" CONTENT="par" ID="tl_28_6" STYLEREFS="FONT0"/>
            <SP HEIGHT="38" WIDTH="15" VPOS="1665" HPOS="698"/>
            <String HEIGHT="38" WIDTH="200" VPOS="1665" HPOS="651" CONTENT="surfaces," ID="tl_28_7" STYLEREFS="FONT0"/>
            <SP HEIGHT="38" WIDTH="15" VPOS="1665" HPOS="852"/>
            <String HEIGHT="38" WIDTH="185" VPOS="1665" HPOS="790" CONTENT="sillonnées" ID="tl_28_8" STYLEREFS="FONT0"/>
          </TextLine>
          <TextLine ID="tl_29" BASELINE="1745" HEIGHT="45" WIDTH="863" VPOS="1700" HPOS="112">
            <String HEIGHT="45" WIDTH="100" VPOS="1700" HPOS="95" CONTENT="de" ID="tl_29_1" STYLEREFS="FONT0"/>
            <SP HEIGHT="45" WIDTH="17" VPOS="1700" HPOS="195"/>
            <String HEIGHT="45" WIDTH="166" VPOS="1700" HPOS="145" CONTENT="traits" ID="tl_29_2" STYLEREFS="FONT0"/>
            <SP HEIGHT="45" WIDTH="17" VPOS="1700" HPOS="311"/>
            <String HEIGHT="45" WIDTH="266" VPOS="1700" HPOS="261" CONTENT="profondément" ID="tl_29_3" STYLEREFS="FONT0"/>
            <SP HEIGHT="45" WIDTH="17" VPOS="1700" HPOS="527"/>
            <String HEIGHT="45" WIDTH="166" VPOS="1700" HPOS="477" CONTENT="gravés" ID="tl_29_4" STYLEREFS="FONT0"/>
            <SP HEIGHT="45" WIDTH="17" VPOS="1700" HPOS="643"/>
            <String HEIGHT="45" WIDTH="83" VPOS="1700" HPOS="593" CONTENT="à" ID="tl_29_5" STYLEREFS="FONT0"/>
            <SP HEIGHT="45" WIDTH="17" VPOS="1700" HPOS="676"/>
            <String HEIGHT="45" WIDTH="266" VPOS="1700" HPOS="626" CONTENT="l’eau-forte;" ID="tl_29_6" STYLEREFS="FONT0"/>
            <SP HEIGHT="45" WIDTH="17" VPOS="1700" HPOS="892"/>
            <String HEIGHT="45" WIDTH="116" VPOS="1700" HPOS="842" CONTENT="ses" ID="tl_29_7" STYLEREFS="FONT0"/>
            <SP HEIGHT="45" WIDTH="17" VPOS="1700" HPOS="958"/>
            <String HEIGHT="45" WIDTH="83" VPOS="1700" HPOS="892" CONTENT="em" SUBS_TYPE="HypPart1" SUBS_CONTENT="empreintes" ID="tl_29_8" STYLEREFS="FONT0"/>
            <HYP CONTENT="-"/>
          </TextLine>
          <TextLine ID="tl_30" BASELINE="1784" HEIGHT="43" WIDTH="862" VPOS="1741" HPOS="114">
            <String HEIGHT="43" WIDTH="188" VPOS="1741" HPOS="98" CONTENT="preintes" SUBS_TYPE="HypPart2" SUBS_CONTENT="empreintes" ID="tl_30_1" STYLEREFS="FONT0"/>
            <SP HEIGHT="43" WIDTH="16" VPOS="1741" HPOS="286"/>
            <String HEIGHT="43" WIDTH="125" VPOS="1741" HPOS="239" CONTENT="font" ID="tl_30_2" STYLEREFS="FONT0"/>
            <SP HEIGHT="43" WIDTH="16" VPOS="1741" HPOS="365"/>
            <String HEIGHT="43" WIDTH="204" VPOS="1741" HPOS="318" CONTENT="ressortir" ID="tl_30_3" STYLEREFS="FONT0"/>
            <SP HEIGHT="43" WIDTH="16" VPOS="1741" HPOS="521"/>
            <String HEIGHT="43" WIDTH="94" VPOS="1741" HPOS="474" CONTENT="un" ID="tl_30_4" STYLEREFS="FONT0"/>
            <SP HEIGHT="43" WIDTH="16" VPOS="1741" HPOS="569"/>
            <String HEIGHT="43" WIDTH="157" VPOS="1741" HPOS="521" CONTENT="relief" ID="tl_30_5" STYLEREFS="FONT0"/>
            <SP HEIGHT="43" WIDTH="16" VPOS="1741" HPOS="678"/>
            <String HEIGHT="43" WIDTH="219" VPOS="1741" HPOS="631" CONTENT="vigoureux;" ID="tl_30_6" STYLEREFS="FONT0"/>
            <SP HEIGHT="43" WIDTH="16" VPOS="1741" HPOS="851"/>
            <String HEIGHT="43" WIDTH="125" VPOS="1741" HPOS="804" CONTENT="pour" ID="tl_30_7" STYLEREFS="FONT0"/>
            <SP HEIGHT="43" WIDTH="16" VPOS="1741" HPOS="929"/>
            <String HEIGHT="43" WIDTH="110" VPOS="1741" HPOS="866" CONTENT="éche" SUBS_TYPE="HypPart1" SUBS_CONTENT="échelonner" ID="tl_30_8" STYLEREFS="FONT0"/>
            <HYP CONTENT="-"/>
          </TextLine>
          <TextLine ID="tl_31" BASELINE="1822" HEIGHT="45" WIDTH="861" VPOS="1777" HPOS="115">
            <String HEIGHT="45" WIDTH="172" VPOS="1777" HPOS="98" CONTENT="lonner" SUBS_TYPE="HypPart2" SUBS_CONTENT="échelonner" ID="tl_31_1" STYLEREFS="FONT0"/>
            <SP HEIGHT="45" WIDTH="17" VPOS="1777" HPOS="270"/>
            <String HEIGHT="45" WIDTH="121" VPOS="1777" HPOS="218" CONTENT="les" ID="tl_31_2" STYLEREFS="FONT0"/>
            <SP HEIGHT="45" WIDTH="17" VPOS="1777" HPOS="339"/>
            <String HEIGHT="45" WIDTH="189" VPOS="1777" HPOS="287" CONTENT="nuances" ID="tl_31_3" STYLEREFS="FONT0"/>
            <SP HEIGHT="45" WIDTH="17" VPOS="1777" HPOS="477"/>
            <String HEIGHT="45" WIDTH="103" VPOS="1777" HPOS="425" CONTENT="il" ID="tl_31_4" STYLEREFS="FONT0"/>
            <SP HEIGHT="45" WIDTH="17" VPOS="1777" HPOS="528"/>
            <String HEIGHT="45" WIDTH="189" VPOS="1777" HPOS="477" CONTENT="recourt" ID="tl_31_5" STYLEREFS="FONT0"/>
            <SP HEIGHT="45" WIDTH="17" VPOS="1777" HPOS="666"/>
            <String HEIGHT="45" WIDTH="189" VPOS="1777" HPOS="614" CONTENT="souvent" ID="tl_31_6" STYLEREFS="FONT0"/>
            <SP HEIGHT="45" WIDTH="17" VPOS="1777" HPOS="804"/>
            <String HEIGHT="45" WIDTH="86" VPOS="1777" HPOS="752" CONTENT="à" ID="tl_31_7" STYLEREFS="FONT0"/>
            <SP HEIGHT="45" WIDTH="17" VPOS="1777" HPOS="838"/>
            <String HEIGHT="45" WIDTH="121" VPOS="1777" HPOS="787" CONTENT="une" ID="tl_31_8" STYLEREFS="FONT0"/>
            <SP HEIGHT="45" WIDTH="17" VPOS="1777" HPOS="907"/>
            <String HEIGHT="45" WIDTH="138" VPOS="1777" HPOS="838" CONTENT="patine" ID="tl_31_9" STYLEREFS="FONT0"/>
          </TextLine>
          <TextLine ID="tl_32" BASELINE="1867" HEIGHT="55" WIDTH="146" VPOS="1812" HPOS="114">
            <String HEIGHT="55" WIDTH="178" VPOS="1812" HPOS="82" CONTENT="discrète." ID="tl_32_1" STYLEREFS="FONT0"/>
          </TextLine>
        </TextBlock>
        <TextBlock ID="r_3_3" HEIGHT="382" WIDTH="855" VPOS="1862" HPOS="120">
          <TextLine ID="tl_33" BASELINE="1910" HEIGHT="59" WIDTH="816" VPOS="1851" HPOS="160">
            <String HEIGHT="59" WIDTH="100" VPOS="1851" HPOS="143" CONTENT="La" ID="tl_33_1" STYLEREFS="FONT0"/>
            <SP HEIGHT="59" WIDTH="17" VPOS="1851" HPOS="243"/>
            <String HEIGHT="59" WIDTH="167" VPOS="1851" HPOS="193" CONTENT="vision" ID="tl_33_2" STYLEREFS="FONT0"/>
            <SP HEIGHT="59" WIDTH="17" VPOS="1851" HPOS="360"/>
            <String HEIGHT="59" WIDTH="233" VPOS="1851" HPOS="310" CONTENT="artistique" ID="tl_33_3" STYLEREFS="FONT0"/>
            <SP HEIGHT="59" WIDTH="17" VPOS="1851" HPOS="543"/>
            <String HEIGHT="59" WIDTH="200" VPOS="1851" HPOS="493" CONTENT="complexe" ID="tl_33_4" STYLEREFS="FONT0"/>
            <SP HEIGHT="59" WIDTH="17" VPOS="1851" HPOS="693"/>
            <String HEIGHT="59" WIDTH="100" VPOS="1851" HPOS="643" CONTENT="de" ID="tl_33_5" STYLEREFS="FONT0"/>
            <SP HEIGHT="59" WIDTH="17" VPOS="1851" HPOS="743"/>
            <String HEIGHT="59" WIDTH="183" VPOS="1851" HPOS="693" CONTENT="Zivojin" ID="tl_33_6" STYLEREFS="FONT0"/>
            <SP HEIGHT="59" WIDTH="17" VPOS="1851" HPOS="876"/>
            <String HEIGHT="59" WIDTH="167" VPOS="1851" HPOS="809" CONTENT="Turinski" ID="tl_33_7" STYLEREFS="FONT0"/>
          </TextLine>
          <TextLine ID="tl_34" BASELINE="1941" HEIGHT="39" WIDTH="861" VPOS="1902" HPOS="116">
            <String HEIGHT="39" WIDTH="215" VPOS="1902" HPOS="99" CONTENT="manifeste" ID="tl_34_1" STYLEREFS="FONT0"/>
            <SP HEIGHT="39" WIDTH="17" VPOS="1902" HPOS="315"/>
            <String HEIGHT="39" WIDTH="116" VPOS="1902" HPOS="265" CONTENT="une" ID="tl_34_2" STYLEREFS="FONT0"/>
            <SP HEIGHT="39" WIDTH="17" VPOS="1902" HPOS="381"/>
            <String HEIGHT="39" WIDTH="149" VPOS="1902" HPOS="331" CONTENT="lutte" ID="tl_34_3" STYLEREFS="FONT0"/>
            <SP HEIGHT="39" WIDTH="17" VPOS="1902" HPOS="480"/>
            <String HEIGHT="39" WIDTH="199" VPOS="1902" HPOS="431" CONTENT="acharnée" ID="tl_34_4" STYLEREFS="FONT0"/>
            <SP HEIGHT="39" WIDTH="17" VPOS="1902" HPOS="629"/>
            <String HEIGHT="39" WIDTH="132" VPOS="1902" HPOS="580" CONTENT="pour" ID="tl_34_5" STYLEREFS="FONT0"/>
            <SP HEIGHT="39" WIDTH="17" VPOS="1902" HPOS="712"/>
            <String HEIGHT="39" WIDTH="99" VPOS="1902" HPOS="662" CONTENT="la" ID="tl_34_6" STYLEREFS="FONT0"/>
            <SP HEIGHT="39" WIDTH="17" VPOS="1902" HPOS="762"/>
            <String HEIGHT="39" WIDTH="232" VPOS="1902" HPOS="712" CONTENT="définition" ID="tl_34_7" STYLEREFS="FONT0"/>
            <SP HEIGHT="39" WIDTH="17" VPOS="1902" HPOS="944"/>
            <String HEIGHT="39" WIDTH="99" VPOS="1902" HPOS="878" CONTENT="per" SUBS_TYPE="HypPart1" SUBS_CONTENT="personnelle" ID="tl_34_8" STYLEREFS="FONT0"/>
            <HYP CONTENT="-"/>
          </TextLine>
          <TextLine ID="tl_35" BASELINE="1985" HEIGHT="46" WIDTH="863" VPOS="1939" HPOS="115">
            <String HEIGHT="46" WIDTH="207" VPOS="1939" HPOS="98" CONTENT="sonnelle" SUBS_TYPE="HypPart2" SUBS_CONTENT="personnelle" ID="tl_35_1" STYLEREFS="FONT0"/>
            <SP HEIGHT="46" WIDTH="17" VPOS="1939" HPOS="305"/>
            <String HEIGHT="46" WIDTH="104" VPOS="1939" HPOS="253" CONTENT="du" ID="tl_35_2" STYLEREFS="FONT0"/>
            <SP HEIGHT="46" WIDTH="17" VPOS="1939" HPOS="357"/>
            <String HEIGHT="46" WIDTH="155" VPOS="1939" HPOS="305" CONTENT="signe" ID="tl_35_3" STYLEREFS="FONT0"/>
            <SP HEIGHT="46" WIDTH="17" VPOS="1939" HPOS="460"/>
            <String HEIGHT="46" WIDTH="138" VPOS="1939" HPOS="408" CONTENT="qui," ID="tl_35_4" STYLEREFS="FONT0"/>
            <SP HEIGHT="46" WIDTH="17" VPOS="1939" HPOS="547"/>
            <String HEIGHT="46" WIDTH="121" VPOS="1939" HPOS="495" CONTENT="peu" ID="tl_35_5" STYLEREFS="FONT0"/>
            <SP HEIGHT="46" WIDTH="17" VPOS="1939" HPOS="616"/>
            <String HEIGHT="46" WIDTH="86" VPOS="1939" HPOS="564" CONTENT="à" ID="tl_35_6" STYLEREFS="FONT0"/>
            <SP HEIGHT="46" WIDTH="17" VPOS="1939" HPOS="650"/>
            <String HEIGHT="46" WIDTH="138" VPOS="1939" HPOS="598" CONTENT="peu," ID="tl_35_7" STYLEREFS="FONT0"/>
            <SP HEIGHT="46" WIDTH="17" VPOS="1939" HPOS="736"/>
            <String HEIGHT="46" WIDTH="190" VPOS="1939" HPOS="685" CONTENT="devient" ID="tl_35_8" STYLEREFS="FONT0"/>
            <SP HEIGHT="46" WIDTH="17" VPOS="1939" HPOS="874"/>
            <String HEIGHT="46" WIDTH="173" VPOS="1939" HPOS="805" CONTENT="symbole." ID="tl_35_9" STYLEREFS="FONT0"/>
          </TextLine>
          <TextLine ID="tl_36" BASELINE="2018" HEIGHT="45" WIDTH="859" VPOS="1973" HPOS="119">
            <String HEIGHT="45" WIDTH="94" VPOS="1973" HPOS="103" CONTENT="La" ID="tl_36_1" STYLEREFS="FONT0"/>
            <SP HEIGHT="45" WIDTH="16" VPOS="1973" HPOS="197"/>
            <String HEIGHT="45" WIDTH="125" VPOS="1973" HPOS="150" CONTENT="base" ID="tl_36_2" STYLEREFS="FONT0"/>
            <SP HEIGHT="45" WIDTH="16" VPOS="1973" HPOS="275"/>
            <String HEIGHT="45" WIDTH="156" VPOS="1973" HPOS="228" CONTENT="claire" ID="tl_36_3" STYLEREFS="FONT0"/>
            <SP HEIGHT="45" WIDTH="16" VPOS="1973" HPOS="385"/>
            <String HEIGHT="45" WIDTH="94" VPOS="1973" HPOS="338" CONTENT="de" ID="tl_36_4" STYLEREFS="FONT0"/>
            <SP HEIGHT="45" WIDTH="16" VPOS="1973" HPOS="431"/>
            <String HEIGHT="45" WIDTH="94" VPOS="1973" HPOS="385" CONTENT="la" ID="tl_36_5" STYLEREFS="FONT0"/>
            <SP HEIGHT="45" WIDTH="16" VPOS="1973" HPOS="478"/>
            <String HEIGHT="45" WIDTH="203" VPOS="1973" HPOS="431" CONTENT="peinture," ID="tl_36_6" STYLEREFS="FONT0"/>
            <SP HEIGHT="45" WIDTH="16" VPOS="1973" HPOS="634"/>
            <String HEIGHT="45" WIDTH="94" VPOS="1973" HPOS="588" CONTENT="en" ID="tl_36_7" STYLEREFS="FONT0"/>
            <SP HEIGHT="45" WIDTH="16" VPOS="1973" HPOS="681"/>
            <String HEIGHT="45" WIDTH="203" VPOS="1973" HPOS="634" CONTENT="apparence" ID="tl_36_8" STYLEREFS="FONT0"/>
            <SP HEIGHT="45" WIDTH="16" VPOS="1973" HPOS="837"/>
            <String HEIGHT="45" WIDTH="203" VPOS="1973" HPOS="775" CONTENT="tranquille," ID="tl_36_9" STYLEREFS="FONT0"/>
          </TextLine>
          <TextLine ID="tl_37" BASELINE="2057" HEIGHT="42" WIDTH="859" VPOS="2015" HPOS="118">
            <String HEIGHT="42" WIDTH="128" VPOS="2015" HPOS="100" CONTENT="aux" ID="tl_37_1" STYLEREFS="FONT0"/>
            <SP HEIGHT="42" WIDTH="18" VPOS="2015" HPOS="228"/>
            <String HEIGHT="42" WIDTH="164" VPOS="2015" HPOS="173" CONTENT="menus" ID="tl_37_2" STYLEREFS="FONT0"/>
            <SP HEIGHT="42" WIDTH="18" VPOS="2015" HPOS="337"/>
            <String HEIGHT="42" WIDTH="201" VPOS="2015" HPOS="282" CONTENT="détails" ID="tl_37_3" STYLEREFS="FONT0"/>
            <SP HEIGHT="42" WIDTH="18" VPOS="2015" HPOS="484"/>
            <String HEIGHT="42" WIDTH="311" VPOS="2015" HPOS="429" CONTENT="soigneusement" ID="tl_37_4" STYLEREFS="FONT0"/>
            <SP HEIGHT="42" WIDTH="18" VPOS="2015" HPOS="739"/>
            <String HEIGHT="42" WIDTH="219" VPOS="2015" HPOS="685" CONTENT="traités," ID="tl_37_5" STYLEREFS="FONT0"/>
            <SP HEIGHT="42" WIDTH="18" VPOS="2015" HPOS="904"/>
            <String HEIGHT="42" WIDTH="128" VPOS="2015" HPOS="849" CONTENT="est" ID="tl_37_6" STYLEREFS="FONT0"/>
            <SP HEIGHT="42" WIDTH="18" VPOS="2015" HPOS="977"/>
            <String HEIGHT="42" WIDTH="73" VPOS="2015" HPOS="904" CONTENT="en" ID="tl_37_7" STYLEREFS="FONT0"/>
          </TextLine>
          <TextLine ID="tl_38" BASELINE="2097" HEIGHT="45" WIDTH="863" VPOS="2052" HPOS="117">
            <String HEIGHT="45" WIDTH="224" VPOS="2052" HPOS="100" CONTENT="contraste" ID="tl_38_1" STYLEREFS="FONT0"/>
            <SP HEIGHT="45" WIDTH="17" VPOS="2052" HPOS="324"/>
            <String HEIGHT="45" WIDTH="138" VPOS="2052" HPOS="272" CONTENT="avec" ID="tl_38_2" STYLEREFS="FONT0"/>
            <SP HEIGHT="45" WIDTH="17" VPOS="2052" HPOS="410"/>
            <String HEIGHT="45" WIDTH="121" VPOS="2052" HPOS="359" CONTENT="les" ID="tl_38_3" STYLEREFS="FONT0"/>
            <SP HEIGHT="45" WIDTH="17" VPOS="2052" HPOS="479"/>
            <String HEIGHT="45" WIDTH="207" VPOS="2052" HPOS="428" CONTENT="contours" ID="tl_38_4" STYLEREFS="FONT0"/>
            <SP HEIGHT="45" WIDTH="17" VPOS="2052" HPOS="635"/>
            <String HEIGHT="45" WIDTH="311" VPOS="2052" HPOS="583" CONTENT="rigoureusement" ID="tl_38_5" STYLEREFS="FONT0"/>
            <SP HEIGHT="45" WIDTH="17" VPOS="2052" HPOS="894"/>
            <String HEIGHT="45" WIDTH="155" VPOS="2052" HPOS="825" CONTENT="marqués" ID="tl_38_6" STYLEREFS="FONT0"/>
          </TextLine>
          <TextLine ID="tl_39" BASELINE="2125" HEIGHT="39" WIDTH="860" VPOS="2086" HPOS="118">
            <String HEIGHT="39" WIDTH="103" VPOS="2086" HPOS="101" CONTENT="du" ID="tl_39_1" STYLEREFS="FONT0"/>
            <SP HEIGHT="39" WIDTH="17" VPOS="2086" HPOS="204"/>
            <String HEIGHT="39" WIDTH="86" VPOS="2086" HPOS="152" CONTENT="*" ID="tl_39_2" STYLEREFS="FONT0"/>
            <SP HEIGHT="39" WIDTH="17" VPOS="2086" HPOS="238"/>
            <String HEIGHT="39" WIDTH="172" VPOS="2086" HPOS="187" CONTENT="signe:" ID="tl_39_3" STYLEREFS="FONT0"/>
            <SP HEIGHT="39" WIDTH="17" VPOS="2086" HPOS="359"/>
            <String HEIGHT="39" WIDTH="172" VPOS="2086" HPOS="307" CONTENT="inséré" ID="tl_39_4" STYLEREFS="FONT0"/>
            <SP HEIGHT="39" WIDTH="17" VPOS="2086" HPOS="479"/>
            <String HEIGHT="39" WIDTH="138" VPOS="2086" HPOS="428" CONTENT="avec" ID="tl_39_5" STYLEREFS="FONT0"/>
            <SP HEIGHT="39" WIDTH="17" VPOS="2086" HPOS="565"/>
            <String HEIGHT="39" WIDTH="292" VPOS="2086" HPOS="514" CONTENT="préméditation" ID="tl_39_6" STYLEREFS="FONT0"/>
            <SP HEIGHT="39" WIDTH="17" VPOS="2086" HPOS="806"/>
            <String HEIGHT="39" WIDTH="138" VPOS="2086" HPOS="754" CONTENT="dans" ID="tl_39_7" STYLEREFS="FONT0"/>
            <SP HEIGHT="39" WIDTH="17" VPOS="2086" HPOS="892"/>
            <String HEIGHT="39" WIDTH="103" VPOS="2086" HPOS="840" CONTENT="la" ID="tl_39_8" STYLEREFS="FONT0"/>
            <SP HEIGHT="39" WIDTH="17" VPOS="2086" HPOS="944"/>
            <String HEIGHT="39" WIDTH="103" VPOS="2086" HPOS="875" CONTENT="sur" SUBS_TYPE="HypPart1" SUBS_CONTENT="surface" ID="tl_39_9" STYLEREFS="FONT0"/>
            <HYP CONTENT="-"/>
          </TextLine>
          <TextLine ID="tl_40" BASELINE="2171" HEIGHT="50" WIDTH="861" VPOS="2121" HPOS="118">
            <String HEIGHT="50" WIDTH="128" VPOS="2121" HPOS="102" CONTENT="face" SUBS_TYPE="HypPart2" SUBS_CONTENT="surface" ID="tl_40_1" STYLEREFS="FONT0"/>
            <SP HEIGHT="50" WIDTH="16" VPOS="2121" HPOS="230"/>
            <String HEIGHT="50" WIDTH="223" VPOS="2121" HPOS="182" CONTENT="distinguée" ID="tl_40_2" STYLEREFS="FONT0"/>
            <SP HEIGHT="50" WIDTH="16" VPOS="2121" HPOS="405"/>
            <String HEIGHT="50" WIDTH="112" VPOS="2121" HPOS="357" CONTENT="par" ID="tl_40_3" STYLEREFS="FONT0"/>
            <SP HEIGHT="50" WIDTH="16" VPOS="2121" HPOS="469"/>
            <String HEIGHT="50" WIDTH="96" VPOS="2121" HPOS="421" CONTENT="un" ID="tl_40_4" STYLEREFS="FONT0"/>
            <SP HEIGHT="50" WIDTH="16" VPOS="2121" HPOS="517"/>
            <String HEIGHT="50" WIDTH="175" VPOS="2121" HPOS="469" CONTENT="coloris" ID="tl_40_5" STYLEREFS="FONT0"/>
            <SP HEIGHT="50" WIDTH="16" VPOS="2121" HPOS="644"/>
            <String HEIGHT="50" WIDTH="112" VPOS="2121" HPOS="596" CONTENT="vif" ID="tl_40_6" STYLEREFS="FONT0"/>
            <SP HEIGHT="50" WIDTH="16" VPOS="2121" HPOS="708"/>
            <String HEIGHT="50" WIDTH="96" VPOS="2121" HPOS="660" CONTENT="où" ID="tl_40_7" STYLEREFS="FONT0"/>
            <SP HEIGHT="50" WIDTH="16" VPOS="2121" HPOS="756"/>
            <String HEIGHT="50" WIDTH="128" VPOS="2121" HPOS="708" CONTENT="nous" ID="tl_40_8" STYLEREFS="FONT0"/>
            <SP HEIGHT="50" WIDTH="16" VPOS="2121" HPOS="836"/>
            <String HEIGHT="50" WIDTH="207" VPOS="2121" HPOS="772" CONTENT="pressentons" ID="tl_40_9" STYLEREFS="FONT0"/>
          </TextLine>
          <TextLine ID="tl_41" BASELINE="2209" HEIGHT="50" WIDTH="859" VPOS="2159" HPOS="120">
            <String HEIGHT="50" WIDTH="165" VPOS="2159" HPOS="103" CONTENT="l’écho" ID="tl_41_1" STYLEREFS="FONT0"/>
            <SP HEIGHT="50" WIDTH="17" VPOS="2159" HPOS="269"/>
            <String HEIGHT="50" WIDTH="99" VPOS="2159" HPOS="219" CONTENT="de" ID="tl_41_2" STYLEREFS="FONT0"/>
            <SP HEIGHT="50" WIDTH="17" VPOS="2159" HPOS="318"/>
            <String HEIGHT="50" WIDTH="215" VPOS="2159" HPOS="269" CONTENT="l’échelle" ID="tl_41_3" STYLEREFS="FONT0"/>
            <SP HEIGHT="50" WIDTH="17" VPOS="2159" HPOS="483"/>
            <String HEIGHT="50" WIDTH="116" VPOS="2159" HPOS="434" CONTENT="des" ID="tl_41_4" STYLEREFS="FONT0"/>
            <SP HEIGHT="50" WIDTH="17" VPOS="2159" HPOS="550"/>
            <String HEIGHT="50" WIDTH="182" VPOS="2159" HPOS="500" CONTENT="coloris" ID="tl_41_5" STYLEREFS="FONT0"/>
            <SP HEIGHT="50" WIDTH="17" VPOS="2159" HPOS="682"/>
            <String HEIGHT="50" WIDTH="99" VPOS="2159" HPOS="632" CONTENT="de" ID="tl_41_6" STYLEREFS="FONT0"/>
            <SP HEIGHT="50" WIDTH="17" VPOS="2159" HPOS="731"/>
            <String HEIGHT="50" WIDTH="99" VPOS="2159" HPOS="682" CONTENT="la" ID="tl_41_7" STYLEREFS="FONT0"/>
            <SP HEIGHT="50" WIDTH="17" VPOS="2159" HPOS="781"/>
            <String HEIGHT="50" WIDTH="198" VPOS="2159" HPOS="731" CONTENT="peinture" ID="tl_41_8" STYLEREFS="FONT0"/>
            <SP HEIGHT="50" WIDTH="17" VPOS="2159" HPOS="929"/>
            <String HEIGHT="50" WIDTH="116" VPOS="2159" HPOS="863" CONTENT="serbe" ID="tl_41_9" STYLEREFS="FONT0"/>
          </TextLine>
          <TextLine ID="tl_42" BASELINE="2248" HEIGHT="50" WIDTH="179" VPOS="2198" HPOS="121">
            <String HEIGHT="50" WIDTH="212" VPOS="2198" HPOS="88" CONTENT="historique." ID="tl_42_1" STYLEREFS="FONT0"/>
          </TextLine>
        </TextBlock>
        <TextBlock ID="r_4_1" HEIGHT="23" WIDTH="37" VPOS="2272" HPOS="128">
          <TextLine ID="tl_43" BASELINE="2304" HEIGHT="40" WIDTH="48" VPOS="2264" HPOS="122">
            <String HEIGHT="40" WIDTH="80" VPOS="2264" HPOS="90" CONTENT="126" ID="tl_43_1" STYLEREFS="FONT0"/>
          </TextLine>
        </TextBlock>
        <GraphicalElement ID="r_5" HEIGHT="4" WIDTH="859" VPOS="2369" HPOS="114"/>
        <GraphicalElement ID="r_6" HEIGHT="1909" WIDTH="4" VPOS="213" HPOS="0"/>
      </PrintSpace>
    </Page>
  </Layout>
</alto>
