<alto xmlns:xsi="http://www.w3.org/2001/XMLSchema-instance" xmlns="http://www.loc.gov/standards/alto/ns-v2#" xmlns:page="http://schema.primaresearch.org/PAGE/gts/pagecontent/2013-07-15" xsi:schemaLocation="http://www.loc.gov/standards/alto/ns-v2# http://www.loc.gov/standards/alto/alto.xsd">
  <Description>
    <MeasurementUnit>mm10</MeasurementUnit>
    <sourceImageInformation>
         <fileName>Cat_Paris_1965-0032.jpg</fileName>
      </sourceImageInformation>
    <OCRProcessing ID="IdOcr">
      <ocrProcessingStep>
        <processingDateTime>2020-11-16T10:47:23.375+01:00</processingDateTime>
        <processingSoftware>
               <softwareCreator>CONTRIBUTORS</softwareCreator>
               <softwareName>pdfalto</softwareName>
               <softwareVersion>0.1</softwareVersion>
            </processingSoftware>
      </ocrProcessingStep>
    </OCRProcessing>
  </Description>
  <Styles>
   <TextStyle ID="FONT0" FONTFAMILY="unknown" FONTSIZE="unknown" FONTSTYLE=""/>
   <TextStyle ID="FONT1" FONTFAMILY="unknown" FONTSIZE="unknown" FONTSTYLE="bold"/>
   <TextStyle ID="FONT2" FONTFAMILY="unknown" FONTSIZE="unknown" FONTSTYLE="italics"/>
  </Styles>
  <Tags/>
  <Layout>
    <Page ID="Page1" PHYSICAL_IMG_NR="1" HEIGHT="2276" WIDTH="1061">
      <PrintSpace HEIGHT="2190" WIDTH="1060" VPOS="0" HPOS="0">
        <TextBlock ID="r_1_1" HEIGHT="45" WIDTH="232" VPOS="37" HPOS="795">
          
        </TextBlock>
        <TextBlock ID="r_2_1" HEIGHT="84" WIDTH="798" VPOS="446" HPOS="163">
          <TextLine ID="tl_2" BASELINE="497" HEIGHT="54" WIDTH="806" VPOS="443" HPOS="159">
            <String HEIGHT="54" WIDTH="228" VPOS="443" HPOS="144" CONTENT="Commissaire" ID="tl_2_1" STYLEREFS="FONT0"/>
            <SP HEIGHT="54" WIDTH="15" VPOS="443" HPOS="372"/>
            <String HEIGHT="54" WIDTH="167" VPOS="443" HPOS="326" CONTENT="général" ID="tl_2_2" STYLEREFS="FONT0"/>
            <SP HEIGHT="54" WIDTH="15" VPOS="443" HPOS="494"/>
            <String HEIGHT="54" WIDTH="76" VPOS="443" HPOS="448" CONTENT=":" ID="tl_2_3" STYLEREFS="FONT0"/>
            <SP HEIGHT="54" WIDTH="15" VPOS="443" HPOS="524"/>
            <String HEIGHT="54" WIDTH="228" VPOS="443" HPOS="478" CONTENT="Clarival" ID="tl_2_4" STYLEREFS="FONT1"/>
            <SP HEIGHT="54" WIDTH="15" VPOS="443" HPOS="706"/>
            <String HEIGHT="54" WIDTH="91" VPOS="443" HPOS="661" CONTENT="do" ID="tl_2_5" STYLEREFS="FONT1"/>
            <SP HEIGHT="54" WIDTH="15" VPOS="443" HPOS="752"/>
            <String HEIGHT="54" WIDTH="137" VPOS="443" HPOS="706" CONTENT="Prado" ID="tl_2_6" STYLEREFS="FONT1"/>
            <SP HEIGHT="54" WIDTH="15" VPOS="443" HPOS="843"/>
            <String HEIGHT="54" WIDTH="182" VPOS="443" HPOS="783" CONTENT="Valla" ID="tl_2_7" STYLEREFS="FONT1"/>
          </TextLine>
          
        </TextBlock>
        <TextBlock ID="r_2_2" HEIGHT="42" WIDTH="753" VPOS="530" HPOS="166">
          <TextLine ID="tl_4" BASELINE="575" HEIGHT="50" WIDTH="762" VPOS="525" HPOS="161">
            <String HEIGHT="50" WIDTH="194" VPOS="525" HPOS="147" CONTENT="Professeur" ID="tl_4_1" STYLEREFS="FONT0"/>
            <SP HEIGHT="50" WIDTH="14" VPOS="525" HPOS="341"/>
            <String HEIGHT="50" WIDTH="194" VPOS="525" HPOS="300" CONTENT="d’Histoire" ID="tl_4_2" STYLEREFS="FONT0"/>
            <SP HEIGHT="50" WIDTH="14" VPOS="525" HPOS="494"/>
            <String HEIGHT="50" WIDTH="83" VPOS="525" HPOS="452" CONTENT="de" ID="tl_4_3" STYLEREFS="FONT0"/>
            <SP HEIGHT="50" WIDTH="14" VPOS="525" HPOS="535"/>
            <String HEIGHT="50" WIDTH="125" VPOS="525" HPOS="494" CONTENT="l’Art" ID="tl_4_4" STYLEREFS="FONT0"/>
            <SP HEIGHT="50" WIDTH="14" VPOS="525" HPOS="618"/>
            <String HEIGHT="50" WIDTH="69" VPOS="525" HPOS="577" CONTENT="à" ID="tl_4_5" STYLEREFS="FONT0"/>
            <SP HEIGHT="50" WIDTH="14" VPOS="525" HPOS="646"/>
            <String HEIGHT="50" WIDTH="222" VPOS="525" HPOS="604" CONTENT="l’Université" ID="tl_4_6" STYLEREFS="FONT0"/>
            <SP HEIGHT="50" WIDTH="14" VPOS="525" HPOS="826"/>
            <String HEIGHT="50" WIDTH="83" VPOS="525" HPOS="784" CONTENT="de" ID="tl_4_7" STYLEREFS="FONT0"/>
            <SP HEIGHT="50" WIDTH="14" VPOS="525" HPOS="868"/>
            <String HEIGHT="50" WIDTH="111" VPOS="525" HPOS="812" CONTENT="Bahia." ID="tl_4_8" STYLEREFS="FONT0"/>
          </TextLine>
        </TextBlock>
        <TextBlock ID="r_3_1" HEIGHT="501" WIDTH="904" VPOS="664" HPOS="70">
          <TextLine ID="tl_5" BASELINE="715" HEIGHT="58" WIDTH="862" VPOS="657" HPOS="109">
            <String HEIGHT="58" WIDTH="144" VPOS="657" HPOS="91" CONTENT="Pour" ID="tl_5_1" STYLEREFS="FONT0"/>
            <SP HEIGHT="58" WIDTH="18" VPOS="657" HPOS="235"/>
            <String HEIGHT="58" WIDTH="162" VPOS="657" HPOS="181" CONTENT="cette" ID="tl_5_2" STYLEREFS="FONT0"/>
            <SP HEIGHT="58" WIDTH="18" VPOS="657" HPOS="342"/>
            <String HEIGHT="58" WIDTH="233" VPOS="657" HPOS="289" CONTENT="Quatrième" ID="tl_5_3" STYLEREFS="FONT0"/>
            <SP HEIGHT="58" WIDTH="18" VPOS="657" HPOS="522"/>
            <String HEIGHT="58" WIDTH="233" VPOS="657" HPOS="468" CONTENT="Biennale," ID="tl_5_4" STYLEREFS="FONT0"/>
            <SP HEIGHT="58" WIDTH="18" VPOS="657" HPOS="702"/>
            <String HEIGHT="58" WIDTH="108" VPOS="657" HPOS="648" CONTENT="la" ID="tl_5_5" STYLEREFS="FONT0"/>
            <SP HEIGHT="58" WIDTH="18" VPOS="657" HPOS="756"/>
            <String HEIGHT="58" WIDTH="287" VPOS="657" HPOS="684" CONTENT="représentation" ID="tl_5_6" STYLEREFS="FONT0"/>
          </TextLine>
          <TextLine ID="tl_6" BASELINE="757" HEIGHT="62" WIDTH="908" VPOS="695" HPOS="65">
            <String HEIGHT="62" WIDTH="272" VPOS="695" HPOS="47" CONTENT="brésilienne" ID="tl_6_1" STYLEREFS="FONT0"/>
            <SP HEIGHT="62" WIDTH="18" VPOS="695" HPOS="319"/>
            <String HEIGHT="62" WIDTH="91" VPOS="695" HPOS="265" CONTENT="a" ID="tl_6_2" STYLEREFS="FONT0"/>
            <SP HEIGHT="62" WIDTH="18" VPOS="695" HPOS="356"/>
            <String HEIGHT="62" WIDTH="182" VPOS="695" HPOS="301" CONTENT="adopté" ID="tl_6_3" STYLEREFS="FONT0"/>
            <SP HEIGHT="62" WIDTH="18" VPOS="695" HPOS="483"/>
            <String HEIGHT="62" WIDTH="109" VPOS="695" HPOS="428" CONTENT="un" ID="tl_6_4" STYLEREFS="FONT0"/>
            <SP HEIGHT="62" WIDTH="18" VPOS="695" HPOS="537"/>
            <String HEIGHT="62" WIDTH="200" VPOS="695" HPOS="483" CONTENT="critère" ID="tl_6_5" STYLEREFS="FONT0"/>
            <SP HEIGHT="62" WIDTH="18" VPOS="695" HPOS="682"/>
            <String HEIGHT="62" WIDTH="109" VPOS="695" HPOS="628" CONTENT="de" ID="tl_6_6" STYLEREFS="FONT0"/>
            <SP HEIGHT="62" WIDTH="18" VPOS="695" HPOS="737"/>
            <String HEIGHT="62" WIDTH="163" VPOS="695" HPOS="682" CONTENT="choix" ID="tl_6_7" STYLEREFS="FONT0"/>
            <SP HEIGHT="62" WIDTH="18" VPOS="695" HPOS="846"/>
            <String HEIGHT="62" WIDTH="109" VPOS="695" HPOS="791" CONTENT="en" ID="tl_6_8" STYLEREFS="FONT0"/>
            <SP HEIGHT="62" WIDTH="18" VPOS="695" HPOS="900"/>
            <String HEIGHT="62" WIDTH="145" VPOS="695" HPOS="828" CONTENT="accord" ID="tl_6_9" STYLEREFS="FONT0"/>
          </TextLine>
          <TextLine ID="tl_7" BASELINE="789" HEIGHT="44" WIDTH="907" VPOS="745" HPOS="65">
            <String HEIGHT="44" WIDTH="132" VPOS="745" HPOS="49" CONTENT="avec" ID="tl_7_1" STYLEREFS="FONT0"/>
            <SP HEIGHT="44" WIDTH="16" VPOS="745" HPOS="180"/>
            <String HEIGHT="44" WIDTH="115" VPOS="745" HPOS="131" CONTENT="les" ID="tl_7_2" STYLEREFS="FONT0"/>
            <SP HEIGHT="44" WIDTH="16" VPOS="745" HPOS="246"/>
            <String HEIGHT="44" WIDTH="214" VPOS="745" HPOS="197" CONTENT="attributs" ID="tl_7_3" STYLEREFS="FONT0"/>
            <SP HEIGHT="44" WIDTH="16" VPOS="745" HPOS="411"/>
            <String HEIGHT="44" WIDTH="214" VPOS="745" HPOS="362" CONTENT="suivants:" ID="tl_7_4" STYLEREFS="FONT0"/>
            <SP HEIGHT="44" WIDTH="16" VPOS="745" HPOS="576"/>
            <String HEIGHT="44" WIDTH="264" VPOS="745" HPOS="527" CONTENT="originalité," ID="tl_7_5" STYLEREFS="FONT0"/>
            <SP HEIGHT="44" WIDTH="16" VPOS="745" HPOS="791"/>
            <String HEIGHT="44" WIDTH="181" VPOS="745" HPOS="741" CONTENT="métier," ID="tl_7_6" STYLEREFS="FONT0"/>
            <SP HEIGHT="44" WIDTH="16" VPOS="745" HPOS="923"/>
            <String HEIGHT="44" WIDTH="115" VPOS="745" HPOS="857" CONTENT="cohé" SUBS_TYPE="HypPart1" SUBS_CONTENT="cohérence" ID="tl_7_7" STYLEREFS="FONT0"/>
            <HYP CONTENT="-"/>
          </TextLine>
          <TextLine ID="tl_8" BASELINE="828" HEIGHT="49" WIDTH="907" VPOS="779" HPOS="67">
            <String HEIGHT="49" WIDTH="167" VPOS="779" HPOS="48" CONTENT="rence" SUBS_TYPE="HypPart2" SUBS_CONTENT="cohérence" ID="tl_8_1" STYLEREFS="FONT0"/>
            <SP HEIGHT="49" WIDTH="19" VPOS="779" HPOS="215"/>
            <String HEIGHT="49" WIDTH="278" VPOS="779" HPOS="160" CONTENT="thématique," ID="tl_8_2" STYLEREFS="FONT0"/>
            <SP HEIGHT="49" WIDTH="19" VPOS="779" HPOS="437"/>
            <String HEIGHT="49" WIDTH="185" VPOS="779" HPOS="382" CONTENT="esprit" ID="tl_8_3" STYLEREFS="FONT0"/>
            <SP HEIGHT="49" WIDTH="19" VPOS="779" HPOS="567"/>
            <String HEIGHT="49" WIDTH="111" VPOS="779" HPOS="511" CONTENT="de" ID="tl_8_4" STYLEREFS="FONT0"/>
            <SP HEIGHT="49" WIDTH="19" VPOS="779" HPOS="622"/>
            <String HEIGHT="49" WIDTH="370" VPOS="779" HPOS="567" CONTENT="contemporanéité." ID="tl_8_5" STYLEREFS="FONT0"/>
            <SP HEIGHT="49" WIDTH="19" VPOS="779" HPOS="937"/>
            <String HEIGHT="49" WIDTH="111" VPOS="779" HPOS="863" CONTENT="Nous" ID="tl_8_6" STYLEREFS="FONT0"/>
          </TextLine>
          <TextLine ID="tl_9" BASELINE="863" HEIGHT="41" WIDTH="905" VPOS="822" HPOS="67">
            <String HEIGHT="41" WIDTH="261" VPOS="822" HPOS="50" CONTENT="n’entendons" ID="tl_9_1" STYLEREFS="FONT0"/>
            <SP HEIGHT="41" WIDTH="17" VPOS="822" HPOS="311"/>
            <String HEIGHT="41" WIDTH="122" VPOS="822" HPOS="258" CONTENT="pas" ID="tl_9_2" STYLEREFS="FONT0"/>
            <SP HEIGHT="41" WIDTH="17" VPOS="822" HPOS="380"/>
            <String HEIGHT="41" WIDTH="122" VPOS="822" HPOS="328" CONTENT="par" ID="tl_9_3" STYLEREFS="FONT0"/>
            <SP HEIGHT="41" WIDTH="17" VPOS="822" HPOS="450"/>
            <String HEIGHT="41" WIDTH="261" VPOS="822" HPOS="398" CONTENT="originalité" ID="tl_9_4" STYLEREFS="FONT0"/>
            <SP HEIGHT="41" WIDTH="17" VPOS="822" HPOS="659"/>
            <String HEIGHT="41" WIDTH="122" VPOS="822" HPOS="607" CONTENT="une" ID="tl_9_5" STYLEREFS="FONT0"/>
            <SP HEIGHT="41" WIDTH="17" VPOS="822" HPOS="728"/>
            <String HEIGHT="41" WIDTH="244" VPOS="822" HPOS="676" CONTENT="innovation" ID="tl_9_6" STYLEREFS="FONT0"/>
            <SP HEIGHT="41" WIDTH="17" VPOS="822" HPOS="920"/>
            <String HEIGHT="41" WIDTH="122" VPOS="822" HPOS="850" CONTENT="abso" SUBS_TYPE="HypPart1" SUBS_CONTENT="absolue." ID="tl_9_7" STYLEREFS="FONT0"/>
            <HYP CONTENT="-"/>
          </TextLine>
          <TextLine ID="tl_10" BASELINE="911" HEIGHT="66" WIDTH="906" VPOS="845" HPOS="68">
            <String HEIGHT="66" WIDTH="127" VPOS="845" HPOS="52" CONTENT="lue." SUBS_TYPE="HypPart2" SUBS_CONTENT="absolue." ID="tl_10_1" STYLEREFS="FONT0"/>
            <SP HEIGHT="66" WIDTH="16" VPOS="845" HPOS="179"/>
            <String HEIGHT="66" WIDTH="95" VPOS="845" HPOS="132" CONTENT="En" ID="tl_10_2" STYLEREFS="FONT0"/>
            <SP HEIGHT="66" WIDTH="16" VPOS="845" HPOS="227"/>
            <String HEIGHT="66" WIDTH="143" VPOS="845" HPOS="179" CONTENT="effet" ID="tl_10_3" STYLEREFS="FONT0"/>
            <SP HEIGHT="66" WIDTH="16" VPOS="845" HPOS="322"/>
            <String HEIGHT="66" WIDTH="127" VPOS="845" HPOS="275" CONTENT="tous" ID="tl_10_4" STYLEREFS="FONT0"/>
            <SP HEIGHT="66" WIDTH="16" VPOS="845" HPOS="402"/>
            <String HEIGHT="66" WIDTH="111" VPOS="845" HPOS="354" CONTENT="les" ID="tl_10_5" STYLEREFS="FONT0"/>
            <SP HEIGHT="66" WIDTH="16" VPOS="845" HPOS="465"/>
            <String HEIGHT="66" WIDTH="207" VPOS="845" HPOS="418" CONTENT="artistes," ID="tl_10_6" STYLEREFS="FONT0"/>
            <SP HEIGHT="66" WIDTH="16" VPOS="845" HPOS="624"/>
            <String HEIGHT="66" WIDTH="175" VPOS="845" HPOS="577" CONTENT="surtout" ID="tl_10_7" STYLEREFS="FONT0"/>
            <SP HEIGHT="66" WIDTH="16" VPOS="845" HPOS="751"/>
            <String HEIGHT="66" WIDTH="111" VPOS="845" HPOS="704" CONTENT="les" ID="tl_10_8" STYLEREFS="FONT0"/>
            <SP HEIGHT="66" WIDTH="16" VPOS="845" HPOS="815"/>
            <String HEIGHT="66" WIDTH="175" VPOS="845" HPOS="767" CONTENT="jeunes," ID="tl_10_9" STYLEREFS="FONT0"/>
            <SP HEIGHT="66" WIDTH="16" VPOS="845" HPOS="942"/>
            <String HEIGHT="66" WIDTH="95" VPOS="845" HPOS="879" CONTENT="sont" ID="tl_10_10" STYLEREFS="FONT0"/>
          </TextLine>
          <TextLine ID="tl_11" BASELINE="939" HEIGHT="52" WIDTH="907" VPOS="887" HPOS="67">
            <String HEIGHT="52" WIDTH="193" VPOS="887" HPOS="48" CONTENT="soumis" ID="tl_11_1" STYLEREFS="FONT0"/>
            <SP HEIGHT="52" WIDTH="19" VPOS="887" HPOS="241"/>
            <String HEIGHT="52" WIDTH="96" VPOS="887" HPOS="183" CONTENT="à" ID="tl_11_2" STYLEREFS="FONT0"/>
            <SP HEIGHT="52" WIDTH="19" VPOS="887" HPOS="279"/>
            <String HEIGHT="52" WIDTH="135" VPOS="887" HPOS="221" CONTENT="des" ID="tl_11_3" STYLEREFS="FONT0"/>
            <SP HEIGHT="52" WIDTH="19" VPOS="887" HPOS="356"/>
            <String HEIGHT="52" WIDTH="270" VPOS="887" HPOS="299" CONTENT="influences" ID="tl_11_4" STYLEREFS="FONT0"/>
            <SP HEIGHT="52" WIDTH="19" VPOS="887" HPOS="569"/>
            <String HEIGHT="52" WIDTH="232" VPOS="887" HPOS="511" CONTENT="récentes" ID="tl_11_5" STYLEREFS="FONT0"/>
            <SP HEIGHT="52" WIDTH="19" VPOS="887" HPOS="742"/>
            <String HEIGHT="52" WIDTH="116" VPOS="887" HPOS="685" CONTENT="ou" ID="tl_11_6" STYLEREFS="FONT0"/>
            <SP HEIGHT="52" WIDTH="19" VPOS="887" HPOS="800"/>
            <String HEIGHT="52" WIDTH="251" VPOS="887" HPOS="723" CONTENT="lointaines." ID="tl_11_7" STYLEREFS="FONT0"/>
          </TextLine>
          <TextLine ID="tl_12" BASELINE="976" HEIGHT="50" WIDTH="904" VPOS="926" HPOS="70">
            <String HEIGHT="50" WIDTH="240" VPOS="926" HPOS="52" CONTENT="Néanmoins" ID="tl_12_1" STYLEREFS="FONT0"/>
            <SP HEIGHT="50" WIDTH="18" VPOS="926" HPOS="291"/>
            <String HEIGHT="50" WIDTH="129" VPOS="926" HPOS="236" CONTENT="ces" ID="tl_12_2" STYLEREFS="FONT0"/>
            <SP HEIGHT="50" WIDTH="18" VPOS="926" HPOS="365"/>
            <String HEIGHT="50" WIDTH="221" VPOS="926" HPOS="310" CONTENT="artistes" ID="tl_12_3" STYLEREFS="FONT0"/>
            <SP HEIGHT="50" WIDTH="18" VPOS="926" HPOS="531"/>
            <String HEIGHT="50" WIDTH="129" VPOS="926" HPOS="476" CONTENT="ont" ID="tl_12_4" STYLEREFS="FONT0"/>
            <SP HEIGHT="50" WIDTH="18" VPOS="926" HPOS="605"/>
            <String HEIGHT="50" WIDTH="111" VPOS="926" HPOS="550" CONTENT="un" ID="tl_12_5" STYLEREFS="FONT0"/>
            <SP HEIGHT="50" WIDTH="18" VPOS="926" HPOS="660"/>
            <String HEIGHT="50" WIDTH="203" VPOS="926" HPOS="605" CONTENT="langage" ID="tl_12_6" STYLEREFS="FONT0"/>
            <SP HEIGHT="50" WIDTH="18" VPOS="926" HPOS="808"/>
            <String HEIGHT="50" WIDTH="240" VPOS="926" HPOS="734" CONTENT="individuel." ID="tl_12_7" STYLEREFS="FONT0"/>
          </TextLine>
          <TextLine ID="tl_13" BASELINE="1012" HEIGHT="54" WIDTH="907" VPOS="958" HPOS="70">
            <String HEIGHT="54" WIDTH="130" VPOS="958" HPOS="51" CONTENT="une" ID="tl_13_1" STYLEREFS="FONT0"/>
            <SP HEIGHT="54" WIDTH="19" VPOS="958" HPOS="181"/>
            <String HEIGHT="54" WIDTH="222" VPOS="958" HPOS="126" CONTENT="attitude" ID="tl_13_2" STYLEREFS="FONT0"/>
            <SP HEIGHT="54" WIDTH="19" VPOS="958" HPOS="348"/>
            <String HEIGHT="54" WIDTH="259" VPOS="958" HPOS="292" CONTENT="esthétique" ID="tl_13_3" STYLEREFS="FONT0"/>
            <SP HEIGHT="54" WIDTH="19" VPOS="958" HPOS="551"/>
            <String HEIGHT="54" WIDTH="204" VPOS="958" HPOS="496" CONTENT="libérée" ID="tl_13_4" STYLEREFS="FONT0"/>
            <SP HEIGHT="54" WIDTH="19" VPOS="958" HPOS="699"/>
            <String HEIGHT="54" WIDTH="111" VPOS="958" HPOS="644" CONTENT="de" ID="tl_13_5" STYLEREFS="FONT0"/>
            <SP HEIGHT="54" WIDTH="19" VPOS="958" HPOS="755"/>
            <String HEIGHT="54" WIDTH="167" VPOS="958" HPOS="699" CONTENT="toute" ID="tl_13_6" STYLEREFS="FONT0"/>
            <SP HEIGHT="54" WIDTH="19" VPOS="958" HPOS="866"/>
            <String HEIGHT="54" WIDTH="185" VPOS="958" HPOS="792" CONTENT="démarche" ID="tl_13_7" STYLEREFS="FONT0"/>
          </TextLine>
          <TextLine ID="tl_14" BASELINE="1054" HEIGHT="46" WIDTH="906" VPOS="1008" HPOS="70">
            <String HEIGHT="46" WIDTH="227" VPOS="1008" HPOS="53" CONTENT="imitative" ID="tl_14_1" STYLEREFS="FONT0"/>
            <SP HEIGHT="46" WIDTH="17" VPOS="1008" HPOS="279"/>
            <String HEIGHT="46" WIDTH="105" VPOS="1008" HPOS="227" CONTENT="et" ID="tl_14_2" STYLEREFS="FONT0"/>
            <SP HEIGHT="46" WIDTH="17" VPOS="1008" HPOS="331"/>
            <String HEIGHT="46" WIDTH="122" VPOS="1008" HPOS="279" CONTENT="une" ID="tl_14_3" STYLEREFS="FONT0"/>
            <SP HEIGHT="46" WIDTH="17" VPOS="1008" HPOS="401"/>
            <String HEIGHT="46" WIDTH="192" VPOS="1008" HPOS="349" CONTENT="volonté" ID="tl_14_4" STYLEREFS="FONT0"/>
            <SP HEIGHT="46" WIDTH="17" VPOS="1008" HPOS="540"/>
            <String HEIGHT="46" WIDTH="157" VPOS="1008" HPOS="488" CONTENT="nette" ID="tl_14_5" STYLEREFS="FONT0"/>
            <SP HEIGHT="46" WIDTH="17" VPOS="1008" HPOS="645"/>
            <String HEIGHT="46" WIDTH="105" VPOS="1008" HPOS="593" CONTENT="de" ID="tl_14_6" STYLEREFS="FONT0"/>
            <SP HEIGHT="46" WIDTH="17" VPOS="1008" HPOS="697"/>
            <String HEIGHT="46" WIDTH="192" VPOS="1008" HPOS="645" CONTENT="révéler" ID="tl_14_7" STYLEREFS="FONT0"/>
            <SP HEIGHT="46" WIDTH="17" VPOS="1008" HPOS="837"/>
            <String HEIGHT="46" WIDTH="157" VPOS="1008" HPOS="784" CONTENT="leurs" ID="tl_14_8" STYLEREFS="FONT0"/>
            <SP HEIGHT="46" WIDTH="17" VPOS="1008" HPOS="941"/>
            <String HEIGHT="46" WIDTH="105" VPOS="1008" HPOS="871" CONTENT="ten" SUBS_TYPE="HypPart1" SUBS_CONTENT="tendances." ID="tl_14_9" STYLEREFS="FONT0"/>
            <HYP CONTENT="-"/>
          </TextLine>
          <TextLine ID="tl_15" BASELINE="1084" HEIGHT="44" WIDTH="906" VPOS="1040" HPOS="70">
            <String HEIGHT="44" WIDTH="203" VPOS="1040" HPOS="52" CONTENT="dances." SUBS_TYPE="HypPart2" SUBS_CONTENT="tendances." ID="tl_15_1" STYLEREFS="FONT0"/>
            <SP HEIGHT="44" WIDTH="18" VPOS="1040" HPOS="255"/>
            <String HEIGHT="44" WIDTH="166" VPOS="1040" HPOS="199" CONTENT="Quant" ID="tl_15_2" STYLEREFS="FONT0"/>
            <SP HEIGHT="44" WIDTH="18" VPOS="1040" HPOS="366"/>
            <String HEIGHT="44" WIDTH="111" VPOS="1040" HPOS="310" CONTENT="au" ID="tl_15_3" STYLEREFS="FONT0"/>
            <SP HEIGHT="44" WIDTH="18" VPOS="1040" HPOS="421"/>
            <String HEIGHT="44" WIDTH="203" VPOS="1040" HPOS="366" CONTENT="métier," ID="tl_15_4" STYLEREFS="FONT0"/>
            <SP HEIGHT="44" WIDTH="18" VPOS="1040" HPOS="569"/>
            <String HEIGHT="44" WIDTH="148" VPOS="1040" HPOS="514" CONTENT="nous" ID="tl_15_5" STYLEREFS="FONT0"/>
            <SP HEIGHT="44" WIDTH="18" VPOS="1040" HPOS="662"/>
            <String HEIGHT="44" WIDTH="148" VPOS="1040" HPOS="606" CONTENT="nous" ID="tl_15_6" STYLEREFS="FONT0"/>
            <SP HEIGHT="44" WIDTH="18" VPOS="1040" HPOS="754"/>
            <String HEIGHT="44" WIDTH="185" VPOS="1040" HPOS="699" CONTENT="sommes" ID="tl_15_7" STYLEREFS="FONT0"/>
            <SP HEIGHT="44" WIDTH="18" VPOS="1040" HPOS="884"/>
            <String HEIGHT="44" WIDTH="166" VPOS="1040" HPOS="810" CONTENT="montrés" ID="tl_15_8" STYLEREFS="FONT0"/>
          </TextLine>
          <TextLine ID="tl_16" BASELINE="1132" HEIGHT="53" WIDTH="906" VPOS="1079" HPOS="72">
            <String HEIGHT="53" WIDTH="137" VPOS="1079" HPOS="55" CONTENT="plus" ID="tl_16_1" STYLEREFS="FONT0"/>
            <SP HEIGHT="53" WIDTH="17" VPOS="1079" HPOS="192"/>
            <String HEIGHT="53" WIDTH="205" VPOS="1079" HPOS="140" CONTENT="sévères," ID="tl_16_2" STYLEREFS="FONT0"/>
            <SP HEIGHT="53" WIDTH="17" VPOS="1079" HPOS="346"/>
            <String HEIGHT="53" WIDTH="188" VPOS="1079" HPOS="294" CONTENT="quoique" ID="tl_16_3" STYLEREFS="FONT0"/>
            <SP HEIGHT="53" WIDTH="17" VPOS="1079" HPOS="482"/>
            <String HEIGHT="53" WIDTH="103" VPOS="1079" HPOS="431" CONTENT="on" ID="tl_16_4" STYLEREFS="FONT0"/>
            <SP HEIGHT="53" WIDTH="17" VPOS="1079" HPOS="534"/>
            <String HEIGHT="53" WIDTH="103" VPOS="1079" HPOS="482" CONTENT="ne" ID="tl_16_5" STYLEREFS="FONT0"/>
            <SP HEIGHT="53" WIDTH="17" VPOS="1079" HPOS="585"/>
            <String HEIGHT="53" WIDTH="171" VPOS="1079" HPOS="534" CONTENT="puisse" ID="tl_16_6" STYLEREFS="FONT0"/>
            <SP HEIGHT="53" WIDTH="17" VPOS="1079" HPOS="704"/>
            <String HEIGHT="53" WIDTH="171" VPOS="1079" HPOS="653" CONTENT="exiger" ID="tl_16_7" STYLEREFS="FONT0"/>
            <SP HEIGHT="53" WIDTH="17" VPOS="1079" HPOS="824"/>
            <String HEIGHT="53" WIDTH="103" VPOS="1079" HPOS="773" CONTENT="la" ID="tl_16_8" STYLEREFS="FONT0"/>
            <SP HEIGHT="53" WIDTH="17" VPOS="1079" HPOS="875"/>
            <String HEIGHT="53" WIDTH="171" VPOS="1079" HPOS="807" CONTENT="maîtrise" ID="tl_16_9" STYLEREFS="FONT0"/>
          </TextLine>
          <TextLine ID="tl_17" BASELINE="1167" HEIGHT="46" WIDTH="700" VPOS="1121" HPOS="71">
            <String HEIGHT="46" WIDTH="100" VPOS="1121" HPOS="54" CONTENT="du" ID="tl_17_1" STYLEREFS="FONT0"/>
            <SP HEIGHT="46" WIDTH="17" VPOS="1121" HPOS="154"/>
            <String HEIGHT="46" WIDTH="150" VPOS="1121" HPOS="104" CONTENT="temps" ID="tl_17_2" STYLEREFS="FONT0"/>
            <SP HEIGHT="46" WIDTH="17" VPOS="1121" HPOS="254"/>
            <String HEIGHT="46" WIDTH="133" VPOS="1121" HPOS="204" CONTENT="dans" ID="tl_17_3" STYLEREFS="FONT0"/>
            <SP HEIGHT="46" WIDTH="17" VPOS="1121" HPOS="338"/>
            <String HEIGHT="46" WIDTH="100" VPOS="1121" HPOS="288" CONTENT="le" ID="tl_17_4" STYLEREFS="FONT0"/>
            <SP HEIGHT="46" WIDTH="17" VPOS="1121" HPOS="388"/>
            <String HEIGHT="46" WIDTH="183" VPOS="1121" HPOS="338" CONTENT="travail" ID="tl_17_5" STYLEREFS="FONT0"/>
            <SP HEIGHT="46" WIDTH="17" VPOS="1121" HPOS="521"/>
            <String HEIGHT="46" WIDTH="100" VPOS="1121" HPOS="471" CONTENT="du" ID="tl_17_6" STYLEREFS="FONT0"/>
            <SP HEIGHT="46" WIDTH="17" VPOS="1121" HPOS="571"/>
            <String HEIGHT="46" WIDTH="150" VPOS="1121" HPOS="521" CONTENT="jeune" ID="tl_17_7" STYLEREFS="FONT0"/>
            <SP HEIGHT="46" WIDTH="17" VPOS="1121" HPOS="671"/>
            <String HEIGHT="46" WIDTH="167" VPOS="1121" HPOS="604" CONTENT="artiste." ID="tl_17_8" STYLEREFS="FONT0"/>
          </TextLine>
        </TextBlock>
        <TextBlock ID="r_3_2" HEIGHT="204" WIDTH="900" VPOS="1162" HPOS="78">
          <TextLine ID="tl_18" BASELINE="1210" HEIGHT="58" WIDTH="863" VPOS="1152" HPOS="117">
            <String HEIGHT="58" WIDTH="161" VPOS="1152" HPOS="97" CONTENT="Nous" ID="tl_18_1" STYLEREFS="FONT0"/>
            <SP HEIGHT="58" WIDTH="20" VPOS="1152" HPOS="257"/>
            <String HEIGHT="58" WIDTH="161" VPOS="1152" HPOS="197" CONTENT="nous" ID="tl_18_2" STYLEREFS="FONT0"/>
            <SP HEIGHT="58" WIDTH="20" VPOS="1152" HPOS="358"/>
            <String HEIGHT="58" WIDTH="261" VPOS="1152" HPOS="298" CONTENT="bornerons" ID="tl_18_3" STYLEREFS="FONT0"/>
            <SP HEIGHT="58" WIDTH="20" VPOS="1152" HPOS="559"/>
            <String HEIGHT="58" WIDTH="161" VPOS="1152" HPOS="498" CONTENT="donc" ID="tl_18_4" STYLEREFS="FONT0"/>
            <SP HEIGHT="58" WIDTH="20" VPOS="1152" HPOS="659"/>
            <String HEIGHT="58" WIDTH="100" VPOS="1152" HPOS="599" CONTENT="à" ID="tl_18_5" STYLEREFS="FONT0"/>
            <SP HEIGHT="58" WIDTH="20" VPOS="1152" HPOS="699"/>
            <String HEIGHT="58" WIDTH="221" VPOS="1152" HPOS="639" CONTENT="pouvoir" ID="tl_18_6" STYLEREFS="FONT0"/>
            <SP HEIGHT="58" WIDTH="20" VPOS="1152" HPOS="860"/>
            <String HEIGHT="58" WIDTH="201" VPOS="1152" HPOS="779" CONTENT="signaler" ID="tl_18_7" STYLEREFS="FONT0"/>
          </TextLine>
          <TextLine ID="tl_19" BASELINE="1255" HEIGHT="44" WIDTH="904" VPOS="1211" HPOS="74">
            <String HEIGHT="44" WIDTH="143" VPOS="1211" HPOS="58" CONTENT="parmi" ID="tl_19_1" STYLEREFS="FONT0"/>
            <SP HEIGHT="44" WIDTH="16" VPOS="1211" HPOS="201"/>
            <String HEIGHT="44" WIDTH="111" VPOS="1211" HPOS="153" CONTENT="les" ID="tl_19_2" STYLEREFS="FONT0"/>
            <SP HEIGHT="44" WIDTH="16" VPOS="1211" HPOS="264"/>
            <String HEIGHT="44" WIDTH="190" VPOS="1211" HPOS="217" CONTENT="artistes" ID="tl_19_3" STYLEREFS="FONT0"/>
            <SP HEIGHT="44" WIDTH="16" VPOS="1211" HPOS="407"/>
            <String HEIGHT="44" WIDTH="174" VPOS="1211" HPOS="359" CONTENT="choisis" ID="tl_19_4" STYLEREFS="FONT0"/>
            <SP HEIGHT="44" WIDTH="16" VPOS="1211" HPOS="534"/>
            <String HEIGHT="44" WIDTH="95" VPOS="1211" HPOS="486" CONTENT="le" ID="tl_19_5" STYLEREFS="FONT0"/>
            <SP HEIGHT="44" WIDTH="16" VPOS="1211" HPOS="582"/>
            <String HEIGHT="44" WIDTH="111" VPOS="1211" HPOS="534" CONTENT="bon" ID="tl_19_6" STYLEREFS="FONT0"/>
            <SP HEIGHT="44" WIDTH="16" VPOS="1211" HPOS="645"/>
            <String HEIGHT="44" WIDTH="159" VPOS="1211" HPOS="597" CONTENT="niveau" ID="tl_19_7" STYLEREFS="FONT0"/>
            <SP HEIGHT="44" WIDTH="16" VPOS="1211" HPOS="756"/>
            <String HEIGHT="44" WIDTH="95" VPOS="1211" HPOS="708" CONTENT="de" ID="tl_19_8" STYLEREFS="FONT0"/>
            <SP HEIGHT="44" WIDTH="16" VPOS="1211" HPOS="804"/>
            <String HEIGHT="44" WIDTH="174" VPOS="1211" HPOS="756" CONTENT="qualité" ID="tl_19_9" STYLEREFS="FONT0"/>
            <SP HEIGHT="44" WIDTH="16" VPOS="1211" HPOS="930"/>
            <String HEIGHT="44" WIDTH="111" VPOS="1211" HPOS="867" CONTENT="arti" SUBS_TYPE="HypPart1" SUBS_CONTENT="artisanale." ID="tl_19_10" STYLEREFS="FONT0"/>
            <HYP CONTENT="-"/>
          </TextLine>
          <TextLine ID="tl_20" BASELINE="1287" HEIGHT="57" WIDTH="907" VPOS="1230" HPOS="74">
            <String HEIGHT="57" WIDTH="185" VPOS="1230" HPOS="57" CONTENT="sanale." SUBS_TYPE="HypPart2" SUBS_CONTENT="artisanale." ID="tl_20_1" STYLEREFS="FONT0"/>
            <SP HEIGHT="57" WIDTH="17" VPOS="1230" HPOS="242"/>
            <String HEIGHT="57" WIDTH="151" VPOS="1230" HPOS="192" CONTENT="C’est" ID="tl_20_2" STYLEREFS="FONT0"/>
            <SP HEIGHT="57" WIDTH="17" VPOS="1230" HPOS="343"/>
            <String HEIGHT="57" WIDTH="101" VPOS="1230" HPOS="292" CONTENT="le" ID="tl_20_3" STYLEREFS="FONT0"/>
            <SP HEIGHT="57" WIDTH="17" VPOS="1230" HPOS="393"/>
            <String HEIGHT="57" WIDTH="202" VPOS="1230" HPOS="343" CONTENT="résultat" ID="tl_20_4" STYLEREFS="FONT0"/>
            <SP HEIGHT="57" WIDTH="17" VPOS="1230" HPOS="544"/>
            <String HEIGHT="57" WIDTH="134" VPOS="1230" HPOS="494" CONTENT="d’un" ID="tl_20_5" STYLEREFS="FONT0"/>
            <SP HEIGHT="57" WIDTH="17" VPOS="1230" HPOS="628"/>
            <String HEIGHT="57" WIDTH="185" VPOS="1230" HPOS="578" CONTENT="travail" ID="tl_20_6" STYLEREFS="FONT0"/>
            <SP HEIGHT="57" WIDTH="17" VPOS="1230" HPOS="763"/>
            <String HEIGHT="57" WIDTH="185" VPOS="1230" HPOS="712" CONTENT="intense" ID="tl_20_7" STYLEREFS="FONT0"/>
            <SP HEIGHT="57" WIDTH="17" VPOS="1230" HPOS="897"/>
            <String HEIGHT="57" WIDTH="118" VPOS="1230" HPOS="847" CONTENT="qui" ID="tl_20_8" STYLEREFS="FONT0"/>
            <SP HEIGHT="57" WIDTH="17" VPOS="1230" HPOS="964"/>
            <String HEIGHT="57" WIDTH="84" VPOS="1230" HPOS="897" CONTENT="est" ID="tl_20_9" STYLEREFS="FONT0"/>
          </TextLine>
          <TextLine ID="tl_21" BASELINE="1321" HEIGHT="52" WIDTH="907" VPOS="1269" HPOS="74">
            <String HEIGHT="52" WIDTH="188" VPOS="1269" HPOS="57" CONTENT="capable" ID="tl_21_1" STYLEREFS="FONT0"/>
            <SP HEIGHT="52" WIDTH="17" VPOS="1269" HPOS="245"/>
            <String HEIGHT="52" WIDTH="103" VPOS="1269" HPOS="194" CONTENT="de" ID="tl_21_2" STYLEREFS="FONT0"/>
            <SP HEIGHT="52" WIDTH="17" VPOS="1269" HPOS="296"/>
            <String HEIGHT="52" WIDTH="188" VPOS="1269" HPOS="245" CONTENT="combler" ID="tl_21_3" STYLEREFS="FONT0"/>
            <SP HEIGHT="52" WIDTH="17" VPOS="1269" HPOS="433"/>
            <String HEIGHT="52" WIDTH="240" VPOS="1269" HPOS="382" CONTENT="l’exiguité" ID="tl_21_4" STYLEREFS="FONT0"/>
            <SP HEIGHT="52" WIDTH="17" VPOS="1269" HPOS="622"/>
            <String HEIGHT="52" WIDTH="103" VPOS="1269" HPOS="570" CONTENT="du" ID="tl_21_5" STYLEREFS="FONT0"/>
            <SP HEIGHT="52" WIDTH="17" VPOS="1269" HPOS="673"/>
            <String HEIGHT="52" WIDTH="171" VPOS="1269" HPOS="622" CONTENT="temps," ID="tl_21_6" STYLEREFS="FONT0"/>
            <SP HEIGHT="52" WIDTH="17" VPOS="1269" HPOS="793"/>
            <String HEIGHT="52" WIDTH="257" VPOS="1269" HPOS="724" CONTENT="naturellement" ID="tl_21_7" STYLEREFS="FONT0"/>
          </TextLine>
          <TextLine ID="tl_22" BASELINE="1365" HEIGHT="47" WIDTH="502" VPOS="1318" HPOS="76">
            <String HEIGHT="47" WIDTH="204" VPOS="1318" HPOS="60" CONTENT="restreint" ID="tl_22_1" STYLEREFS="FONT0"/>
            <SP HEIGHT="47" WIDTH="16" VPOS="1318" HPOS="264"/>
            <String HEIGHT="47" WIDTH="126" VPOS="1318" HPOS="217" CONTENT="chez" ID="tl_22_2" STYLEREFS="FONT0"/>
            <SP HEIGHT="47" WIDTH="16" VPOS="1318" HPOS="343"/>
            <String HEIGHT="47" WIDTH="94" VPOS="1318" HPOS="296" CONTENT="le" ID="tl_22_3" STYLEREFS="FONT0"/>
            <SP HEIGHT="47" WIDTH="16" VPOS="1318" HPOS="390"/>
            <String HEIGHT="47" WIDTH="141" VPOS="1318" HPOS="343" CONTENT="jeune" ID="tl_22_4" STYLEREFS="FONT0"/>
            <SP HEIGHT="47" WIDTH="16" VPOS="1318" HPOS="484"/>
            <String HEIGHT="47" WIDTH="157" VPOS="1318" HPOS="421" CONTENT="artiste." ID="tl_22_5" STYLEREFS="FONT0"/>
          </TextLine>
        </TextBlock>
        <TextBlock ID="r_3_3" HEIGHT="202" WIDTH="896" VPOS="1362" HPOS="81">
          <TextLine ID="tl_23" BASELINE="1412" HEIGHT="49" WIDTH="861" VPOS="1363" HPOS="121">
            <String HEIGHT="49" WIDTH="105" VPOS="1363" HPOS="103" CONTENT="En" ID="tl_23_1" STYLEREFS="FONT0"/>
            <SP HEIGHT="49" WIDTH="18" VPOS="1363" HPOS="209"/>
            <String HEIGHT="49" WIDTH="105" VPOS="1363" HPOS="156" CONTENT="ce" ID="tl_23_2" STYLEREFS="FONT0"/>
            <SP HEIGHT="49" WIDTH="18" VPOS="1363" HPOS="262"/>
            <String HEIGHT="49" WIDTH="123" VPOS="1363" HPOS="209" CONTENT="qui" ID="tl_23_3" STYLEREFS="FONT0"/>
            <SP HEIGHT="49" WIDTH="18" VPOS="1363" HPOS="332"/>
            <String HEIGHT="49" WIDTH="211" VPOS="1363" HPOS="279" CONTENT="concerne" ID="tl_23_4" STYLEREFS="FONT0"/>
            <SP HEIGHT="49" WIDTH="18" VPOS="1363" HPOS="490"/>
            <String HEIGHT="49" WIDTH="105" VPOS="1363" HPOS="437" CONTENT="la" ID="tl_23_5" STYLEREFS="FONT0"/>
            <SP HEIGHT="49" WIDTH="18" VPOS="1363" HPOS="543"/>
            <String HEIGHT="49" WIDTH="228" VPOS="1363" HPOS="490" CONTENT="cohérence" ID="tl_23_6" STYLEREFS="FONT0"/>
            <SP HEIGHT="49" WIDTH="18" VPOS="1363" HPOS="718"/>
            <String HEIGHT="49" WIDTH="264" VPOS="1363" HPOS="666" CONTENT="thématique," ID="tl_23_7" STYLEREFS="FONT0"/>
            <SP HEIGHT="49" WIDTH="18" VPOS="1363" HPOS="929"/>
            <String HEIGHT="49" WIDTH="123" VPOS="1363" HPOS="859" CONTENT="notre" ID="tl_23_8" STYLEREFS="FONT0"/>
          </TextLine>
          <TextLine ID="tl_24" BASELINE="1453" HEIGHT="59" WIDTH="902" VPOS="1394" HPOS="77">
            <String HEIGHT="59" WIDTH="193" VPOS="1394" HPOS="61" CONTENT="position" ID="tl_24_1" STYLEREFS="FONT0"/>
            <SP HEIGHT="59" WIDTH="16" VPOS="1394" HPOS="254"/>
            <String HEIGHT="59" WIDTH="113" VPOS="1394" HPOS="206" CONTENT="est" ID="tl_24_2" STYLEREFS="FONT0"/>
            <SP HEIGHT="59" WIDTH="16" VPOS="1394" HPOS="319"/>
            <String HEIGHT="59" WIDTH="129" VPOS="1394" HPOS="270" CONTENT="plus" ID="tl_24_3" STYLEREFS="FONT0"/>
            <SP HEIGHT="59" WIDTH="16" VPOS="1394" HPOS="399"/>
            <String HEIGHT="59" WIDTH="161" VPOS="1394" HPOS="351" CONTENT="facile" ID="tl_24_4" STYLEREFS="FONT0"/>
            <SP HEIGHT="59" WIDTH="16" VPOS="1394" HPOS="512"/>
            <String HEIGHT="59" WIDTH="81" VPOS="1394" HPOS="464" CONTENT="à" ID="tl_24_5" STYLEREFS="FONT0"/>
            <SP HEIGHT="59" WIDTH="16" VPOS="1394" HPOS="544"/>
            <String HEIGHT="59" WIDTH="209" VPOS="1394" HPOS="496" CONTENT="soutenir." ID="tl_24_6" STYLEREFS="FONT0"/>
            <SP HEIGHT="59" WIDTH="16" VPOS="1394" HPOS="705"/>
            <String HEIGHT="59" WIDTH="129" VPOS="1394" HPOS="657" CONTENT="Leur" ID="tl_24_7" STYLEREFS="FONT0"/>
            <SP HEIGHT="59" WIDTH="16" VPOS="1394" HPOS="786"/>
            <String HEIGHT="59" WIDTH="177" VPOS="1394" HPOS="737" CONTENT="message" ID="tl_24_8" STYLEREFS="FONT0"/>
            <SP HEIGHT="59" WIDTH="16" VPOS="1394" HPOS="915"/>
            <String HEIGHT="59" WIDTH="129" VPOS="1394" HPOS="850" CONTENT="esthé" SUBS_TYPE="HypPart1" SUBS_CONTENT="esthétique," ID="tl_24_9" STYLEREFS="FONT0"/>
            <HYP CONTENT="-"/>
          </TextLine>
          <TextLine ID="tl_25" BASELINE="1489" HEIGHT="49" WIDTH="905" VPOS="1440" HPOS="76">
            <String HEIGHT="49" WIDTH="165" VPOS="1440" HPOS="60" CONTENT="tique," SUBS_TYPE="HypPart2" SUBS_CONTENT="esthétique," ID="tl_25_1" STYLEREFS="FONT0"/>
            <SP HEIGHT="49" WIDTH="16" VPOS="1440" HPOS="224"/>
            <String HEIGHT="49" WIDTH="148" VPOS="1440" HPOS="175" CONTENT="quand" ID="tl_25_2" STYLEREFS="FONT0"/>
            <SP HEIGHT="49" WIDTH="16" VPOS="1440" HPOS="323"/>
            <String HEIGHT="49" WIDTH="99" VPOS="1440" HPOS="273" CONTENT="il" ID="tl_25_3" STYLEREFS="FONT0"/>
            <SP HEIGHT="49" WIDTH="16" VPOS="1440" HPOS="372"/>
            <String HEIGHT="49" WIDTH="115" VPOS="1440" HPOS="323" CONTENT="est" ID="tl_25_4" STYLEREFS="FONT0"/>
            <SP HEIGHT="49" WIDTH="16" VPOS="1440" HPOS="438"/>
            <String HEIGHT="49" WIDTH="197" VPOS="1440" HPOS="389" CONTENT="sincère," ID="tl_25_5" STYLEREFS="FONT0"/>
            <SP HEIGHT="49" WIDTH="16" VPOS="1440" HPOS="586"/>
            <String HEIGHT="49" WIDTH="115" VPOS="1440" HPOS="537" CONTENT="est" ID="tl_25_6" STYLEREFS="FONT0"/>
            <SP HEIGHT="49" WIDTH="16" VPOS="1440" HPOS="652"/>
            <String HEIGHT="49" WIDTH="132" VPOS="1440" HPOS="603" CONTENT="plus" ID="tl_25_7" STYLEREFS="FONT0"/>
            <SP HEIGHT="49" WIDTH="16" VPOS="1440" HPOS="734"/>
            <String HEIGHT="49" WIDTH="247" VPOS="1440" HPOS="685" CONTENT="authentique" ID="tl_25_8" STYLEREFS="FONT0"/>
            <SP HEIGHT="49" WIDTH="16" VPOS="1440" HPOS="932"/>
            <String HEIGHT="49" WIDTH="99" VPOS="1440" HPOS="882" CONTENT="et" ID="tl_25_9" STYLEREFS="FONT0"/>
            <SP HEIGHT="49" WIDTH="16" VPOS="1440" HPOS="981"/>
            <String HEIGHT="49" WIDTH="66" VPOS="1440" HPOS="915" CONTENT="se" ID="tl_25_10" STYLEREFS="FONT0"/>
          </TextLine>
          <TextLine ID="tl_26" BASELINE="1522" HEIGHT="44" WIDTH="902" VPOS="1478" HPOS="79">
            <String HEIGHT="44" WIDTH="249" VPOS="1478" HPOS="60" CONTENT="manifeste" ID="tl_26_1" STYLEREFS="FONT0"/>
            <SP HEIGHT="44" WIDTH="19" VPOS="1478" HPOS="309"/>
            <String HEIGHT="44" WIDTH="115" VPOS="1478" HPOS="252" CONTENT="de" ID="tl_26_2" STYLEREFS="FONT0"/>
            <SP HEIGHT="44" WIDTH="19" VPOS="1478" HPOS="367"/>
            <String HEIGHT="44" WIDTH="173" VPOS="1478" HPOS="309" CONTENT="façon" ID="tl_26_3" STYLEREFS="FONT0"/>
            <SP HEIGHT="44" WIDTH="19" VPOS="1478" HPOS="482"/>
            <String HEIGHT="44" WIDTH="249" VPOS="1478" HPOS="424" CONTENT="cohérente" ID="tl_26_4" STYLEREFS="FONT0"/>
            <SP HEIGHT="44" WIDTH="19" VPOS="1478" HPOS="674"/>
            <String HEIGHT="44" WIDTH="154" VPOS="1478" HPOS="616" CONTENT="dans" ID="tl_26_5" STYLEREFS="FONT0"/>
            <SP HEIGHT="44" WIDTH="19" VPOS="1478" HPOS="770"/>
            <String HEIGHT="44" WIDTH="269" VPOS="1478" HPOS="712" CONTENT="l’ensemble" ID="tl_26_6" STYLEREFS="FONT0"/>
            <SP HEIGHT="44" WIDTH="19" VPOS="1478" HPOS="981"/>
            <String HEIGHT="44" WIDTH="77" VPOS="1478" HPOS="904" CONTENT="de" ID="tl_26_7" STYLEREFS="FONT0"/>
          </TextLine>
          <TextLine ID="tl_27" BASELINE="1574" HEIGHT="53" WIDTH="277" VPOS="1521" HPOS="79">
            <String HEIGHT="53" WIDTH="139" VPOS="1521" HPOS="62" CONTENT="leur" ID="tl_27_1" STYLEREFS="FONT0"/>
            <SP HEIGHT="53" WIDTH="17" VPOS="1521" HPOS="200"/>
            <String HEIGHT="53" WIDTH="225" VPOS="1521" HPOS="131" CONTENT="production." ID="tl_27_2" STYLEREFS="FONT0"/>
          </TextLine>
        </TextBlock>
        <TextBlock ID="r_3_4" HEIGHT="239" WIDTH="895" VPOS="1560" HPOS="86">
          <TextLine ID="tl_28" BASELINE="1610" HEIGHT="63" WIDTH="860" VPOS="1547" HPOS="124">
            <String HEIGHT="63" WIDTH="176" VPOS="1547" HPOS="106" CONTENT="Enfin," ID="tl_28_1" STYLEREFS="FONT0"/>
            <SP HEIGHT="63" WIDTH="18" VPOS="1547" HPOS="282"/>
            <String HEIGHT="63" WIDTH="211" VPOS="1547" HPOS="229" CONTENT="l’esprit" ID="tl_28_2" STYLEREFS="FONT0"/>
            <SP HEIGHT="63" WIDTH="18" VPOS="1547" HPOS="440"/>
            <String HEIGHT="63" WIDTH="105" VPOS="1547" HPOS="387" CONTENT="de" ID="tl_28_3" STYLEREFS="FONT0"/>
            <SP HEIGHT="63" WIDTH="18" VPOS="1547" HPOS="493"/>
            <String HEIGHT="63" WIDTH="351" VPOS="1547" HPOS="440" CONTENT="contemporanéité," ID="tl_28_4" STYLEREFS="FONT0"/>
            <SP HEIGHT="63" WIDTH="18" VPOS="1547" HPOS="791"/>
            <String HEIGHT="63" WIDTH="105" VPOS="1547" HPOS="738" CONTENT="en" ID="tl_28_5" STYLEREFS="FONT0"/>
            <SP HEIGHT="63" WIDTH="18" VPOS="1547" HPOS="844"/>
            <String HEIGHT="63" WIDTH="193" VPOS="1547" HPOS="791" CONTENT="réalité" ID="tl_28_6" STYLEREFS="FONT0"/>
            <SP HEIGHT="63" WIDTH="18" VPOS="1547" HPOS="984"/>
            <String HEIGHT="63" WIDTH="70" VPOS="1547" HPOS="914" CONTENT="le" ID="tl_28_7" STYLEREFS="FONT0"/>
          </TextLine>
          <TextLine ID="tl_29" BASELINE="1655" HEIGHT="65" WIDTH="902" VPOS="1590" HPOS="83">
            <String HEIGHT="65" WIDTH="139" VPOS="1590" HPOS="66" CONTENT="plus" ID="tl_29_1" STYLEREFS="FONT0"/>
            <SP HEIGHT="65" WIDTH="17" VPOS="1590" HPOS="204"/>
            <String HEIGHT="65" WIDTH="173" VPOS="1590" HPOS="152" CONTENT="subtil" ID="tl_29_2" STYLEREFS="FONT0"/>
            <SP HEIGHT="65" WIDTH="17" VPOS="1590" HPOS="326"/>
            <String HEIGHT="65" WIDTH="156" VPOS="1590" HPOS="274" CONTENT="parmi" ID="tl_29_3" STYLEREFS="FONT0"/>
            <SP HEIGHT="65" WIDTH="17" VPOS="1590" HPOS="430"/>
            <String HEIGHT="65" WIDTH="121" VPOS="1590" HPOS="378" CONTENT="ces" ID="tl_29_4" STYLEREFS="FONT0"/>
            <SP HEIGHT="65" WIDTH="17" VPOS="1590" HPOS="499"/>
            <String HEIGHT="65" WIDTH="243" VPOS="1590" HPOS="447" CONTENT="attributs," ID="tl_29_5" STYLEREFS="FONT0"/>
            <SP HEIGHT="65" WIDTH="17" VPOS="1590" HPOS="690"/>
            <String HEIGHT="65" WIDTH="156" VPOS="1590" HPOS="638" CONTENT="devra" ID="tl_29_6" STYLEREFS="FONT0"/>
            <SP HEIGHT="65" WIDTH="17" VPOS="1590" HPOS="794"/>
            <String HEIGHT="65" WIDTH="139" VPOS="1590" HPOS="742" CONTENT="être" ID="tl_29_7" STYLEREFS="FONT0"/>
            <SP HEIGHT="65" WIDTH="17" VPOS="1590" HPOS="881"/>
            <String HEIGHT="65" WIDTH="173" VPOS="1590" HPOS="812" CONTENT="apprécié" ID="tl_29_8" STYLEREFS="FONT0"/>
          </TextLine>
          <TextLine ID="tl_30" BASELINE="1682" HEIGHT="45" WIDTH="903" VPOS="1637" HPOS="81">
            <String HEIGHT="45" WIDTH="151" VPOS="1637" HPOS="64" CONTENT="comme" ID="tl_30_1" STYLEREFS="FONT0"/>
            <SP HEIGHT="45" WIDTH="17" VPOS="1637" HPOS="215"/>
            <String HEIGHT="45" WIDTH="100" VPOS="1637" HPOS="165" CONTENT="le" ID="tl_30_2" STYLEREFS="FONT0"/>
            <SP HEIGHT="45" WIDTH="17" VPOS="1637" HPOS="265"/>
            <String HEIGHT="45" WIDTH="167" VPOS="1637" HPOS="215" CONTENT="reflet" ID="tl_30_3" STYLEREFS="FONT0"/>
            <SP HEIGHT="45" WIDTH="17" VPOS="1637" HPOS="382"/>
            <String HEIGHT="45" WIDTH="100" VPOS="1637" HPOS="332" CONTENT="du" ID="tl_30_4" STYLEREFS="FONT0"/>
            <SP HEIGHT="45" WIDTH="17" VPOS="1637" HPOS="432"/>
            <String HEIGHT="45" WIDTH="217" VPOS="1637" HPOS="382" CONTENT="sentiment" ID="tl_30_5" STYLEREFS="FONT0"/>
            <SP HEIGHT="45" WIDTH="17" VPOS="1637" HPOS="599"/>
            <String HEIGHT="45" WIDTH="217" VPOS="1637" HPOS="549" CONTENT="collectif" ID="tl_30_6" STYLEREFS="FONT0"/>
            <SP HEIGHT="45" WIDTH="17" VPOS="1637" HPOS="767"/>
            <String HEIGHT="45" WIDTH="217" VPOS="1637" HPOS="716" CONTENT="régional," ID="tl_30_7" STYLEREFS="FONT0"/>
            <SP HEIGHT="45" WIDTH="17" VPOS="1637" HPOS="934"/>
            <String HEIGHT="45" WIDTH="84" VPOS="1637" HPOS="884" CONTENT="à" ID="tl_30_8" STYLEREFS="FONT0"/>
            <SP HEIGHT="45" WIDTH="17" VPOS="1637" HPOS="967"/>
            <String HEIGHT="45" WIDTH="84" VPOS="1637" HPOS="900" CONTENT="une" ID="tl_30_9" STYLEREFS="FONT0"/>
          </TextLine>
          <TextLine ID="tl_31" BASELINE="1723" HEIGHT="43" WIDTH="903" VPOS="1680" HPOS="81">
            <String HEIGHT="43" WIDTH="192" VPOS="1680" HPOS="62" CONTENT="époque" ID="tl_31_1" STYLEREFS="FONT0"/>
            <SP HEIGHT="43" WIDTH="19" VPOS="1680" HPOS="254"/>
            <String HEIGHT="43" WIDTH="288" VPOS="1680" HPOS="196" CONTENT="déterminée," ID="tl_31_2" STYLEREFS="FONT0"/>
            <SP HEIGHT="43" WIDTH="19" VPOS="1680" HPOS="484"/>
            <String HEIGHT="43" WIDTH="269" VPOS="1680" HPOS="427" CONTENT="traduisant" ID="tl_31_3" STYLEREFS="FONT0"/>
            <SP HEIGHT="43" WIDTH="19" VPOS="1680" HPOS="696"/>
            <String HEIGHT="43" WIDTH="134" VPOS="1680" HPOS="638" CONTENT="les" ID="tl_31_4" STYLEREFS="FONT0"/>
            <SP HEIGHT="43" WIDTH="19" VPOS="1680" HPOS="773"/>
            <String HEIGHT="43" WIDTH="250" VPOS="1680" HPOS="715" CONTENT="épisodes," ID="tl_31_5" STYLEREFS="FONT0"/>
            <SP HEIGHT="43" WIDTH="19" VPOS="1680" HPOS="965"/>
            <String HEIGHT="43" WIDTH="96" VPOS="1680" HPOS="888" CONTENT="les" ID="tl_31_6" STYLEREFS="FONT0"/>
          </TextLine>
          <TextLine ID="tl_32" BASELINE="1760" HEIGHT="49" WIDTH="903" VPOS="1711" HPOS="82">
            <String HEIGHT="49" WIDTH="301" VPOS="1711" HPOS="64" CONTENT="vicissitudes," ID="tl_32_1" STYLEREFS="FONT0"/>
            <SP HEIGHT="49" WIDTH="18" VPOS="1711" HPOS="365"/>
            <String HEIGHT="49" WIDTH="124" VPOS="1711" HPOS="312" CONTENT="les" ID="tl_32_2" STYLEREFS="FONT0"/>
            <SP HEIGHT="49" WIDTH="18" VPOS="1711" HPOS="436"/>
            <String HEIGHT="49" WIDTH="283" VPOS="1711" HPOS="383" CONTENT="aspirations," ID="tl_32_3" STYLEREFS="FONT0"/>
            <SP HEIGHT="49" WIDTH="18" VPOS="1711" HPOS="666"/>
            <String HEIGHT="49" WIDTH="124" VPOS="1711" HPOS="613" CONTENT="les" ID="tl_32_4" STYLEREFS="FONT0"/>
            <SP HEIGHT="49" WIDTH="18" VPOS="1711" HPOS="737"/>
            <String HEIGHT="49" WIDTH="230" VPOS="1711" HPOS="684" CONTENT="jugements" ID="tl_32_5" STYLEREFS="FONT0"/>
            <SP HEIGHT="49" WIDTH="18" VPOS="1711" HPOS="914"/>
            <String HEIGHT="49" WIDTH="106" VPOS="1711" HPOS="861" CONTENT="de" ID="tl_32_6" STYLEREFS="FONT0"/>
            <SP HEIGHT="49" WIDTH="18" VPOS="1711" HPOS="967"/>
            <String HEIGHT="49" WIDTH="89" VPOS="1711" HPOS="896" CONTENT="ces" ID="tl_32_7" STYLEREFS="FONT0"/>
          </TextLine>
          <TextLine ID="tl_33" BASELINE="1807" HEIGHT="49" WIDTH="261" VPOS="1758" HPOS="81">
            <String HEIGHT="49" WIDTH="163" VPOS="1758" HPOS="65" CONTENT="jeunes" ID="tl_33_1" STYLEREFS="FONT0"/>
            <SP HEIGHT="49" WIDTH="16" VPOS="1758" HPOS="228"/>
            <String HEIGHT="49" WIDTH="179" VPOS="1758" HPOS="163" CONTENT="artistes." ID="tl_33_2" STYLEREFS="FONT0"/>
          </TextLine>
        </TextBlock>
        <TextBlock ID="r_3_5" HEIGHT="389" WIDTH="894" VPOS="1796" HPOS="90">
          <TextLine ID="tl_34" BASELINE="1845" HEIGHT="54" WIDTH="855" VPOS="1791" HPOS="129">
            <String HEIGHT="54" WIDTH="125" VPOS="1791" HPOS="111" CONTENT="Une" ID="tl_34_1" STYLEREFS="FONT0"/>
            <SP HEIGHT="54" WIDTH="18" VPOS="1791" HPOS="236"/>
            <String HEIGHT="54" WIDTH="285" VPOS="1791" HPOS="182" CONTENT="appréciation" ID="tl_34_2" STYLEREFS="FONT0"/>
            <SP HEIGHT="54" WIDTH="18" VPOS="1791" HPOS="467"/>
            <String HEIGHT="54" WIDTH="214" VPOS="1791" HPOS="414" CONTENT="sommaire" ID="tl_34_3" STYLEREFS="FONT0"/>
            <SP HEIGHT="54" WIDTH="18" VPOS="1791" HPOS="628"/>
            <String HEIGHT="54" WIDTH="125" VPOS="1791" HPOS="574" CONTENT="des" ID="tl_34_4" STYLEREFS="FONT0"/>
            <SP HEIGHT="54" WIDTH="18" VPOS="1791" HPOS="699"/>
            <String HEIGHT="54" WIDTH="303" VPOS="1791" HPOS="646" CONTENT="représentants" ID="tl_34_5" STYLEREFS="FONT0"/>
            <SP HEIGHT="54" WIDTH="18" VPOS="1791" HPOS="948"/>
            <String HEIGHT="54" WIDTH="107" VPOS="1791" HPOS="877" CONTENT="bré" SUBS_TYPE="HypPart1" SUBS_CONTENT="brésiliens" ID="tl_34_6" STYLEREFS="FONT0"/>
            <HYP CONTENT="-"/>
          </TextLine>
          <TextLine ID="tl_35" BASELINE="1887" HEIGHT="58" WIDTH="900" VPOS="1829" HPOS="85">
            <String HEIGHT="58" WIDTH="183" VPOS="1829" HPOS="68" CONTENT="siliens" SUBS_TYPE="HypPart2" SUBS_CONTENT="brésiliens" ID="tl_35_1" STYLEREFS="FONT0"/>
            <SP HEIGHT="58" WIDTH="17" VPOS="1829" HPOS="252"/>
            <String HEIGHT="58" WIDTH="133" VPOS="1829" HPOS="202" CONTENT="nous" ID="tl_35_2" STYLEREFS="FONT0"/>
            <SP HEIGHT="58" WIDTH="17" VPOS="1829" HPOS="335"/>
            <String HEIGHT="58" WIDTH="183" VPOS="1829" HPOS="285" CONTENT="montre," ID="tl_35_3" STYLEREFS="FONT0"/>
            <SP HEIGHT="58" WIDTH="17" VPOS="1829" HPOS="468"/>
            <String HEIGHT="58" WIDTH="100" VPOS="1829" HPOS="418" CONTENT="en" ID="tl_35_4" STYLEREFS="FONT0"/>
            <SP HEIGHT="58" WIDTH="17" VPOS="1829" HPOS="518"/>
            <String HEIGHT="58" WIDTH="250" VPOS="1829" HPOS="468" CONTENT="définitive," ID="tl_35_5" STYLEREFS="FONT0"/>
            <SP HEIGHT="58" WIDTH="17" VPOS="1829" HPOS="718"/>
            <String HEIGHT="58" WIDTH="117" VPOS="1829" HPOS="668" CONTENT="les" ID="tl_35_6" STYLEREFS="FONT0"/>
            <SP HEIGHT="58" WIDTH="17" VPOS="1829" HPOS="785"/>
            <String HEIGHT="58" WIDTH="217" VPOS="1829" HPOS="735" CONTENT="positions" ID="tl_35_7" STYLEREFS="FONT0"/>
            <SP HEIGHT="58" WIDTH="17" VPOS="1829" HPOS="952"/>
            <String HEIGHT="58" WIDTH="100" VPOS="1829" HPOS="885" CONTENT="sui" SUBS_TYPE="HypPart1" SUBS_CONTENT="suivantes:" ID="tl_35_8" STYLEREFS="FONT0"/>
            <HYP CONTENT="-"/>
          </TextLine>
          <TextLine ID="tl_36" BASELINE="1918" HEIGHT="54" WIDTH="899" VPOS="1864" HPOS="85">
            <String HEIGHT="54" WIDTH="215" VPOS="1864" HPOS="65" CONTENT="vantes:" SUBS_TYPE="HypPart2" SUBS_CONTENT="suivantes:" ID="tl_36_1" STYLEREFS="FONT0"/>
            <SP HEIGHT="54" WIDTH="20" VPOS="1864" HPOS="280"/>
            <String HEIGHT="54" WIDTH="156" VPOS="1864" HPOS="222" CONTENT="José" ID="tl_36_2" STYLEREFS="FONT0"/>
            <SP HEIGHT="54" WIDTH="20" VPOS="1864" HPOS="378"/>
            <String HEIGHT="54" WIDTH="215" VPOS="1864" HPOS="320" CONTENT="Roberto" ID="tl_36_3" STYLEREFS="FONT0"/>
            <SP HEIGHT="54" WIDTH="20" VPOS="1864" HPOS="534"/>
            <String HEIGHT="54" WIDTH="215" VPOS="1864" HPOS="476" CONTENT="Aguilar" ID="tl_36_4" STYLEREFS="FONT0"/>
            <SP HEIGHT="54" WIDTH="20" VPOS="1864" HPOS="691"/>
            <String HEIGHT="54" WIDTH="176" VPOS="1864" HPOS="632" CONTENT="s’est" ID="tl_36_5" STYLEREFS="FONT0"/>
            <SP HEIGHT="54" WIDTH="20" VPOS="1864" HPOS="808"/>
            <String HEIGHT="54" WIDTH="195" VPOS="1864" HPOS="749" CONTENT="révélé" ID="tl_36_6" STYLEREFS="FONT0"/>
            <SP HEIGHT="54" WIDTH="20" VPOS="1864" HPOS="945"/>
            <String HEIGHT="54" WIDTH="98" VPOS="1864" HPOS="886" CONTENT="à" ID="tl_36_7" STYLEREFS="FONT0"/>
            <SP HEIGHT="54" WIDTH="20" VPOS="1864" HPOS="984"/>
            <String HEIGHT="54" WIDTH="78" VPOS="1864" HPOS="906" CONTENT="la" ID="tl_36_8" STYLEREFS="FONT0"/>
          </TextLine>
          <TextLine ID="tl_37" BASELINE="1958" HEIGHT="40" WIDTH="901" VPOS="1918" HPOS="84">
            <String HEIGHT="40" WIDTH="141" VPOS="1918" HPOS="66" CONTENT="Vlle" ID="tl_37_1" STYLEREFS="FONT0"/>
            <SP HEIGHT="40" WIDTH="18" VPOS="1918" HPOS="208"/>
            <String HEIGHT="40" WIDTH="212" VPOS="1918" HPOS="155" CONTENT="Biennale" ID="tl_37_2" STYLEREFS="FONT0"/>
            <SP HEIGHT="40" WIDTH="18" VPOS="1918" HPOS="367"/>
            <String HEIGHT="40" WIDTH="106" VPOS="1918" HPOS="314" CONTENT="de" ID="tl_37_3" STYLEREFS="FONT0"/>
            <SP HEIGHT="40" WIDTH="18" VPOS="1918" HPOS="420"/>
            <String HEIGHT="40" WIDTH="124" VPOS="1918" HPOS="367" CONTENT="Sao" ID="tl_37_4" STYLEREFS="FONT0"/>
            <SP HEIGHT="40" WIDTH="18" VPOS="1918" HPOS="490"/>
            <String HEIGHT="40" WIDTH="177" VPOS="1918" HPOS="437" CONTENT="Paulo." ID="tl_37_5" STYLEREFS="FONT0"/>
            <SP HEIGHT="40" WIDTH="18" VPOS="1918" HPOS="614"/>
            <String HEIGHT="40" WIDTH="106" VPOS="1918" HPOS="561" CONTENT="Sa" ID="tl_37_6" STYLEREFS="FONT0"/>
            <SP HEIGHT="40" WIDTH="18" VPOS="1918" HPOS="667"/>
            <String HEIGHT="40" WIDTH="212" VPOS="1918" HPOS="614" CONTENT="peinture" ID="tl_37_7" STYLEREFS="FONT0"/>
            <SP HEIGHT="40" WIDTH="18" VPOS="1918" HPOS="826"/>
            <String HEIGHT="40" WIDTH="230" VPOS="1918" HPOS="755" CONTENT="expression" SUBS_TYPE="HypPart1" SUBS_CONTENT="expressionniste," ID="tl_37_8" STYLEREFS="FONT0"/>
            <HYP CONTENT="-"/>
          </TextLine>
          <TextLine ID="tl_38" BASELINE="1996" HEIGHT="58" WIDTH="900" VPOS="1938" HPOS="89">
            <String HEIGHT="58" WIDTH="153" VPOS="1938" HPOS="74" CONTENT="niste," SUBS_TYPE="HypPart2" SUBS_CONTENT="expressionniste," ID="tl_38_1" STYLEREFS="FONT0"/>
            <SP HEIGHT="58" WIDTH="15" VPOS="1938" HPOS="226"/>
            <String HEIGHT="58" WIDTH="229" VPOS="1938" HPOS="181" CONTENT="figurative," ID="tl_38_2" STYLEREFS="FONT0"/>
            <SP HEIGHT="58" WIDTH="15" VPOS="1938" HPOS="409"/>
            <String HEIGHT="58" WIDTH="76" VPOS="1938" HPOS="364" CONTENT="a" ID="tl_38_3" STYLEREFS="FONT0"/>
            <SP HEIGHT="58" WIDTH="15" VPOS="1938" HPOS="440"/>
            <String HEIGHT="58" WIDTH="168" VPOS="1938" HPOS="394" CONTENT="éveillé" ID="tl_38_4" STYLEREFS="FONT0"/>
            <SP HEIGHT="58" WIDTH="15" VPOS="1938" HPOS="562"/>
            <String HEIGHT="58" WIDTH="198" VPOS="1938" HPOS="516" CONTENT="l’intérêt" ID="tl_38_5" STYLEREFS="FONT0"/>
            <SP HEIGHT="58" WIDTH="15" VPOS="1938" HPOS="714"/>
            <String HEIGHT="58" WIDTH="92" VPOS="1938" HPOS="669" CONTENT="de" ID="tl_38_6" STYLEREFS="FONT0"/>
            <SP HEIGHT="58" WIDTH="15" VPOS="1938" HPOS="760"/>
            <String HEIGHT="58" WIDTH="107" VPOS="1938" HPOS="714" CONTENT="par" ID="tl_38_7" STYLEREFS="FONT0"/>
            <SP HEIGHT="58" WIDTH="15" VPOS="1938" HPOS="821"/>
            <String HEIGHT="58" WIDTH="107" VPOS="1938" HPOS="775" CONTENT="son" ID="tl_38_8" STYLEREFS="FONT0"/>
            <SP HEIGHT="58" WIDTH="15" VPOS="1938" HPOS="882"/>
            <String HEIGHT="58" WIDTH="168" VPOS="1938" HPOS="821" CONTENT="intensité" ID="tl_38_9" STYLEREFS="FONT0"/>
          </TextLine>
          <TextLine ID="tl_39" BASELINE="2033" HEIGHT="56" WIDTH="900" VPOS="1977" HPOS="86">
            <String HEIGHT="56" WIDTH="242" VPOS="1977" HPOS="69" CONTENT="dramatique" ID="tl_39_1" STYLEREFS="FONT0"/>
            <SP HEIGHT="56" WIDTH="17" VPOS="1977" HPOS="311"/>
            <String HEIGHT="56" WIDTH="138" VPOS="1977" HPOS="259" CONTENT="sous" ID="tl_39_2" STYLEREFS="FONT0"/>
            <SP HEIGHT="56" WIDTH="17" VPOS="1977" HPOS="398"/>
            <String HEIGHT="56" WIDTH="260" VPOS="1977" HPOS="346" CONTENT="l’apparence" ID="tl_39_3" STYLEREFS="FONT0"/>
            <SP HEIGHT="56" WIDTH="17" VPOS="1977" HPOS="605"/>
            <String HEIGHT="56" WIDTH="156" VPOS="1977" HPOS="553" CONTENT="d’une" ID="tl_39_4" STYLEREFS="FONT0"/>
            <SP HEIGHT="56" WIDTH="17" VPOS="1977" HPOS="709"/>
            <String HEIGHT="56" WIDTH="208" VPOS="1977" HPOS="657" CONTENT="peinture" ID="tl_39_5" STYLEREFS="FONT0"/>
            <SP HEIGHT="56" WIDTH="17" VPOS="1977" HPOS="865"/>
            <String HEIGHT="56" WIDTH="190" VPOS="1977" HPOS="796" CONTENT="d’enfant." ID="tl_39_6" STYLEREFS="FONT0"/>
          </TextLine>
          <TextLine ID="tl_40" BASELINE="2075" HEIGHT="58" WIDTH="899" VPOS="2017" HPOS="89">
            <String HEIGHT="58" WIDTH="207" VPOS="2017" HPOS="72" CONTENT="utilisée" ID="tl_40_1" STYLEREFS="FONT0"/>
            <SP HEIGHT="58" WIDTH="17" VPOS="2017" HPOS="279"/>
            <String HEIGHT="58" WIDTH="138" VPOS="2017" HPOS="227" CONTENT="pour" ID="tl_40_2" STYLEREFS="FONT0"/>
            <SP HEIGHT="58" WIDTH="17" VPOS="2017" HPOS="366"/>
            <String HEIGHT="58" WIDTH="207" VPOS="2017" HPOS="314" CONTENT="exprimer" ID="tl_40_3" STYLEREFS="FONT0"/>
            <SP HEIGHT="58" WIDTH="17" VPOS="2017" HPOS="521"/>
            <String HEIGHT="58" WIDTH="104" VPOS="2017" HPOS="469" CONTENT="un" ID="tl_40_4" STYLEREFS="FONT0"/>
            <SP HEIGHT="58" WIDTH="17" VPOS="2017" HPOS="573"/>
            <String HEIGHT="58" WIDTH="190" VPOS="2017" HPOS="521" CONTENT="message" ID="tl_40_5" STYLEREFS="FONT0"/>
            <SP HEIGHT="58" WIDTH="17" VPOS="2017" HPOS="711"/>
            <String HEIGHT="58" WIDTH="259" VPOS="2017" HPOS="660" CONTENT="existentiel" ID="tl_40_6" STYLEREFS="FONT0"/>
            <SP HEIGHT="58" WIDTH="17" VPOS="2017" HPOS="919"/>
            <String HEIGHT="58" WIDTH="104" VPOS="2017" HPOS="867" CONTENT="et" ID="tl_40_7" STYLEREFS="FONT0"/>
            <SP HEIGHT="58" WIDTH="17" VPOS="2017" HPOS="971"/>
            <String HEIGHT="58" WIDTH="86" VPOS="2017" HPOS="902" CONTENT="une" ID="tl_40_8" STYLEREFS="FONT0"/>
          </TextLine>
          <TextLine ID="tl_41" BASELINE="2111" HEIGHT="62" WIDTH="896" VPOS="2049" HPOS="91">
            <String HEIGHT="62" WIDTH="161" VPOS="2049" HPOS="73" CONTENT="prise" ID="tl_41_1" STYLEREFS="FONT0"/>
            <SP HEIGHT="62" WIDTH="18" VPOS="2049" HPOS="234"/>
            <String HEIGHT="62" WIDTH="108" VPOS="2049" HPOS="181" CONTENT="de" ID="tl_41_2" STYLEREFS="FONT0"/>
            <SP HEIGHT="62" WIDTH="18" VPOS="2049" HPOS="288"/>
            <String HEIGHT="62" WIDTH="269" VPOS="2049" HPOS="234" CONTENT="conscience." ID="tl_41_3" STYLEREFS="FONT0"/>
            <SP HEIGHT="62" WIDTH="18" VPOS="2049" HPOS="503"/>
            <String HEIGHT="62" WIDTH="143" VPOS="2049" HPOS="449" CONTENT="Dans" ID="tl_41_4" STYLEREFS="FONT0"/>
            <SP HEIGHT="62" WIDTH="18" VPOS="2049" HPOS="593"/>
            <String HEIGHT="62" WIDTH="108" VPOS="2049" HPOS="539" CONTENT="sa" ID="tl_41_5" STYLEREFS="FONT0"/>
            <SP HEIGHT="62" WIDTH="18" VPOS="2049" HPOS="647"/>
            <String HEIGHT="62" WIDTH="161" VPOS="2049" HPOS="593" CONTENT="phase" ID="tl_41_6" STYLEREFS="FONT0"/>
            <SP HEIGHT="62" WIDTH="18" VPOS="2049" HPOS="754"/>
            <String HEIGHT="62" WIDTH="143" VPOS="2049" HPOS="700" CONTENT="plus" ID="tl_41_7" STYLEREFS="FONT0"/>
            <SP HEIGHT="62" WIDTH="18" VPOS="2049" HPOS="844"/>
            <String HEIGHT="62" WIDTH="197" VPOS="2049" HPOS="790" CONTENT="récente" ID="tl_41_8" STYLEREFS="FONT0"/>
            <SP HEIGHT="62" WIDTH="18" VPOS="2049" HPOS="987"/>
            <String HEIGHT="62" WIDTH="72" VPOS="2049" HPOS="915" CONTENT="il" ID="tl_41_9" STYLEREFS="FONT0"/>
          </TextLine>
          <TextLine ID="tl_42" BASELINE="2141" HEIGHT="52" WIDTH="900" VPOS="2089" HPOS="89">
            <String HEIGHT="52" WIDTH="217" VPOS="2089" HPOS="72" CONTENT="travaille" ID="tl_42_1" STYLEREFS="FONT0"/>
            <SP HEIGHT="52" WIDTH="17" VPOS="2089" HPOS="289"/>
            <String HEIGHT="52" WIDTH="83" VPOS="2089" HPOS="239" CONTENT="à" ID="tl_42_2" STYLEREFS="FONT0"/>
            <SP HEIGHT="52" WIDTH="17" VPOS="2089" HPOS="322"/>
            <String HEIGHT="52" WIDTH="100" VPOS="2089" HPOS="272" CONTENT="la" ID="tl_42_3" STYLEREFS="FONT0"/>
            <SP HEIGHT="52" WIDTH="17" VPOS="2089" HPOS="372"/>
            <String HEIGHT="52" WIDTH="183" VPOS="2089" HPOS="322" CONTENT="manière" ID="tl_42_4" STYLEREFS="FONT0"/>
            <SP HEIGHT="52" WIDTH="17" VPOS="2089" HPOS="506"/>
            <String HEIGHT="52" WIDTH="100" VPOS="2089" HPOS="456" CONTENT="de" ID="tl_42_5" STYLEREFS="FONT0"/>
            <SP HEIGHT="52" WIDTH="17" VPOS="2089" HPOS="556"/>
            
            <SP HEIGHT="52" WIDTH="17" VPOS="2089" HPOS="572"/>
            <String HEIGHT="52" WIDTH="200" VPOS="2089" HPOS="522" CONTENT="l’action" ID="tl_42_7" STYLEREFS="FONT0"/>
            <SP HEIGHT="52" WIDTH="17" VPOS="2089" HPOS="722"/>
            <String HEIGHT="52" WIDTH="217" VPOS="2089" HPOS="672" CONTENT="painting," ID="tl_42_8" STYLEREFS="FONT0"/>
            <SP HEIGHT="52" WIDTH="17" VPOS="2089" HPOS="889"/>
            <String HEIGHT="52" WIDTH="167" VPOS="2089" HPOS="822" CONTENT="laissant" ID="tl_42_9" STYLEREFS="FONT0"/>
          </TextLine>
          <TextLine ID="tl_43" BASELINE="2186" HEIGHT="59" WIDTH="876" VPOS="2127" HPOS="91">
            <String HEIGHT="59" WIDTH="159" VPOS="2127" HPOS="75" CONTENT="couler" ID="tl_43_1" STYLEREFS="FONT0"/>
            <SP HEIGHT="59" WIDTH="16" VPOS="2127" HPOS="234"/>
            <String HEIGHT="59" WIDTH="96" VPOS="2127" HPOS="187" CONTENT="la" ID="tl_43_2" STYLEREFS="FONT0"/>
            <SP HEIGHT="59" WIDTH="16" VPOS="2127" HPOS="282"/>
            <String HEIGHT="59" WIDTH="175" VPOS="2127" HPOS="234" CONTENT="couleur" ID="tl_43_3" STYLEREFS="FONT0"/>
            <SP HEIGHT="59" WIDTH="16" VPOS="2127" HPOS="410"/>
            <String HEIGHT="59" WIDTH="111" VPOS="2127" HPOS="362" CONTENT="sur" ID="tl_43_4" STYLEREFS="FONT0"/>
            <SP HEIGHT="59" WIDTH="16" VPOS="2127" HPOS="473"/>
            <String HEIGHT="59" WIDTH="96" VPOS="2127" HPOS="425" CONTENT="la" ID="tl_43_5" STYLEREFS="FONT0"/>
            <SP HEIGHT="59" WIDTH="16" VPOS="2127" HPOS="521"/>
            <String HEIGHT="59" WIDTH="143" VPOS="2127" HPOS="473" CONTENT="toile" ID="tl_43_6" STYLEREFS="FONT0"/>
            <SP HEIGHT="59" WIDTH="16" VPOS="2127" HPOS="617"/>
            <String HEIGHT="59" WIDTH="96" VPOS="2127" HPOS="569" CONTENT="en" ID="tl_43_7" STYLEREFS="FONT0"/>
            <SP HEIGHT="59" WIDTH="16" VPOS="2127" HPOS="664"/>
            <String HEIGHT="59" WIDTH="191" VPOS="2127" HPOS="617" CONTENT="position" ID="tl_43_8" STYLEREFS="FONT0"/>
            <SP HEIGHT="59" WIDTH="16" VPOS="2127" HPOS="808"/>
            <String HEIGHT="59" WIDTH="223" VPOS="2127" HPOS="744" CONTENT="horizontale." ID="tl_43_9" STYLEREFS="FONT0"/>
          </TextLine>
        </TextBlock>
        <GraphicalElement ID="r_4" HEIGHT="27" WIDTH="853" VPOS="0" HPOS="0"/>
        <GraphicalElement ID="r_5" HEIGHT="12" WIDTH="207" VPOS="0" HPOS="853"/>
      </PrintSpace>
    </Page>
  </Layout>
</alto>
