1181 2325
782 16 341 72 PRÉFACE

173 485 177 72 Depuis
297 485 124 72 ses
368 485 194 72 débuts,
509 485 106 72 la
562 485 212 72 Biennale
721 485 106 72 de
774 485 159 72 Paris
863 485 194 72 constitue

129 538 135 55 une
206 538 174 55 série
322 538 116 55 de
380 538 232 55 gageures
554 538 135 55 qui
631 538 193 55 furent
766 538 213 55 gagnées
921 538 135 55 par
979 538 77 55 la

128 578 176 48 tenace
251 578 158 48 bonne
357 578 193 48 volonté
497 578 105 48 et
550 578 105 48 la
603 578 228 48 confiance
778 578 123 48 des
848 578 140 48 uns,
936 578 123 48 par
989 578 70 48 le

128 617 250 50 dévouement
325 617 232 50 incessant
504 617 125 50 des
575 617 197 50 autres.
718 617 107 50 Il
772 617 143 50 faut
861 617 179 50 redire
969 617 89 50 les

129 645 209 58 mérites
281 645 114 58 de
338 645 190 58 chacun
471 645 152 58 pour
566 645 190 58 qu’ils
699 645 190 58 soient
832 645 209 58 connus,
965 645 95 58 car

130 685 130 63 une
205 685 167 63 œuvre
316 685 260 63 collective
520 685 167 63 n’est
632 685 130 63 pas
706 685 334 63 nécessairement
966 685 93 63 une

126 726 191 51 œuvre
253 726 234 51 anonyme
423 726 127 51 et
487 726 127 51 le
550 726 361 51 développement
848 726 170 51 dont
933 726 127 51 nous

130 757 205 61 pouvons
279 757 168 61 tirer
391 757 205 61 quelque
540 757 186 61 vanité
670 757 168 61 n'est
782 757 130 61 pas
856 757 112 61 le
912 757 149 61 fait
987 757 74 61 de

130 807 193 47 hasards
271 807 263 47 favorables,
481 807 140 47 mais
568 807 123 47 une
639 807 158 47 suite
744 807 228 47 d’efforts
901 807 158 47 indivi

110 851 143 47 duels.

169 885 171 63 Avant
283 885 152 63 d’en
378 885 209 63 établir
530 885 114 63 le
587 885 190 63 bilan,
720 885 323 63 reconnaissons
967 885 95 63 que

132 928 138 58 rien
218 928 155 58 n’eut
321 928 120 58 été
390 928 206 58 possible
545 928 138 58 sans
631 928 189 58 l’appui
768 928 155 58 total
872 928 103 58 et
906 928 155 58 l’aussi

130 974 183 44 totale
258 974 201 44 liberté
404 974 219 44 d’action
568 974 128 44 que
642 974 146 44 nous
733 974 128 44 ont
806 974 238 44 accordées
971 974 91 44 les

132 1007 183 52 hautes
260 1007 310 52 personnalités
515 1007 128 52 que
588 1007 146 52 l’on
680 1007 201 52 appelle
807 1007 256 52 généralement

130 1041 93 48 «
168 1041 131 48 les
242 1041 224 48 pouvoirs
410 1041 205 48 publics
559 1041 93 48 ,
597 1041 112 48 en
653 1041 205 48 premier
802 1041 149 48 lieu
895 1041 112 48 M.
932 1041 131 48 André

133 1086 214 46 Malraux,
294 1086 214 46 Ministre
455 1086 179 46 d’Etat
580 1086 179 46 chargé
705 1086 125 46 des
776 1086 214 46 Affaires
919 1086 143 46 Cultu-

133 1119 172 54 relles
253 1119 103 54 et
305 1119 120 54 ses
373 1119 327 54 collaborateurs,
648 1119 155 54 ainsi
752 1119 120 54 que
820 1119 120 54 les
872 1119 189 54 représen-

129 1155 150 61 tants
229 1155 100 61 du
280 1155 217 61 Ministère
446 1155 117 61 des
513 1155 200 61 Affaires
663 1155 250 61 Etrangères,
864 1155 100 61 de
914 1155 100 61 la
947 1155 117 61 Ville

130 1193 102 56 de
181 1193 153 56 Paris
283 1193 102 56 et
333 1193 102 56 du
384 1193 254 56 Département
588 1193 102 56 de
638 1193 102 56 la
689 1193 169 56 Seine.
808 1193 203 56 Ajoutons
943 1193 119 56 aussi

132 1232 125 55 que
204 1232 161 55 cette
311 1232 143 55 fois
401 1232 179 55 encore
526 1232 179 55 l’O.R.
651 1232 143 55 T.F.
741 1232 143 55 nous
830 1232 90 55 a
866 1232 197 55 apporté
991 1232 72 55 un

131 1272 149 49 très
225 1272 168 49 large
336 1272 224 49 concours
504 1272 149 49 pour
597 1272 149 49 nous
690 1272 261 49 permettre,
895 1272 130 49 non
951 1272 112 49 seu-

133 1312 175 47 lement
256 1312 105 47 de
309 1312 158 47 faire
414 1312 105 47 le
467 1312 140 47 même
554 1312 175 47 effort
677 1312 123 47 que
747 1312 123 47 les
817 1312 175 47 années
923 1312 140 47 précé-

132 1352 197 42 dentes,
275 1352 143 42 mais
365 1352 161 42 aussi
472 1352 107 42 de
526 1352 251 42 l’étendre.
723 1352 143 42 Nous
812 1352 179 42 devons
938 1352 90 42 à
956 1352 107 42 tous

133 1394 123 42 les
204 1394 175 42 moyens
326 1394 228 42 matériels
502 1394 105 42 et
554 1394 105 42 le
607 1394 210 42 prestige
765 1394 158 42 moral
870 1394 158 42 grâce
958 1394 105 42 aux-

133 1424 165 48 quels
242 1424 146 48 nous
334 1424 165 48 avons
444 1424 110 48 pu
499 1424 256 48 poursuivre
700 1424 128 48 nos
773 1424 293 48 prospections
993 1424 73 48 et

134 1472 151 46 même
229 1472 151 46 leur
323 1472 189 46 donner
456 1472 151 46 plus
531 1472 227 46 d’ampleur.

177 1519 118 46 De
236 1519 177 46 cette
355 1519 256 46 extension
552 1519 158 46 nous
650 1519 197 46 devons
788 1519 197 46 rendre
906 1519 158 46 compte

137 1566 146 44 pour
228 1566 164 44 faire
337 1566 109 44 le
392 1566 164 44 point
501 1566 109 44 au
556 1566 182 44 moment
683 1566 109 44 où
738 1566 146 44 nous
829 1566 146 44 nous
902 1566 164 44 croyons

138 1601 132 45 près
221 1601 248 45 d’atteindre
420 1601 99 45 la
469 1601 182 45 plupart
602 1601 116 45 des
668 1601 215 45 objectifs
833 1601 116 45 que
900 1601 132 45 nous
966 1601 99 45 nous

138 1642 182 40 étions
265 1642 182 40 fixés.
392 1642 145 40 Nous
483 1642 218 40 pensons,
646 1642 109 40 en
701 1642 182 40 effet,
828 1642 163 40 cette
919 1642 145 40 année,

136 1677 204 39 aborder
285 1677 130 39 une
359 1677 167 39 étape
470 1677 371 39 particulièrement
786 1677 278 39 importante:
990 1677 74 39 la

138 1714 145 43 mise
229 1714 109 43 en
283 1714 164 43 place
392 1714 109 43 de
447 1714 236 43 plusieurs
629 1714 218 43 sections
792 1714 236 43 nouvelles
956 1714 109 43 qui,

138 1744 137 44 dans
224 1744 120 44 les
292 1744 309 44 manifestations
549 1744 274 44 antérieures,
772 1744 189 44 avaient
910 1744 120 44 été
961 1744 103 44 seu-

140 1785 178 43 lement
265 1785 249 43 esquissées
461 1785 107 43 et
514 1785 249 43 auxquelles
710 1785 142 43 nous
799 1785 214 43 donnons,
941 1785 125 43 cette

138 1823 161 47 fois,
245 1823 125 47 une
317 1823 214 47 présence
477 1823 143 47 plus
566 1823 214 47 affirmée
727 1823 107 47 en
781 1823 125 47 les
834 1823 232 47 incorporant

138 1859 161 44 d’une
245 1859 196 44 manière
388 1859 143 44 plus
477 1859 232 44 organique
656 1859 143 44 dans
745 1859 107 44 la
798 1859 232 44 structure
959 1859 107 44 même

139 1898 101 50 de
190 1898 101 50 la
223 1898 186 50 Biennale.

184 1954 152 41 Déjà,
286 1954 101 41 la
336 1954 186 41 section
471 1954 254 41 Composition
674 1954 203 41 Musicale
826 1954 101 41 et
877 1954 101 41 la
911 1954 152 41 section

144 1992 253 44 Décoration
342 1992 235 44 Théâtrale
523 1992 144 44 font
613 1992 180 44 partie
739 1992 180 44 depuis
866 1992 144 44 1961
956 1992 108 44 de
992 1992 72 44 la

143 2030 226 50 Biennale.
317 2030 157 50 Elles
421 2030 139 50 sont
508 2030 244 50 désormais,
700 2030 104 50 au
752 2030 139 50 même
839 2030 157 50 titre
943 2030 122 50 que
995 2030 70 50 la

143 2068 206 44 peinture,
302 2068 95 44 la
350 2068 206 44 sculpture
508 2068 95 44 et
556 2068 95 44 la
604 2068 191 44 gravure,
746 2068 127 44 deux
826 2068 95 44 de
873 2068 111 44 ses
921 2068 143 44 activi-

139 2113 132 40 tés
215 2113 339 40 fondamentales,
497 2113 113 40 et
554 2113 151 40 nous
648 2113 283 40 considérons
874 2113 132 40 son
931 2113 132 40 exis-

142 2144 157 43 tence
246 2144 157 43 comme
351 2144 122 43 une
421 2144 262 43 acquisition
612 2144 227 43 définitive.

997 2204 64 48 11
