1086 2373
191 442 85 75 Le
233 442 99 75 but
290 442 99 75 des
347 442 198 75 spectacles
502 442 142 75 donnés
601 442 142 75 chaque
700 442 113 75 soir
771 442 71 75 à
799 442 85 75 21
842 442 142 75 heures
941 442 113 75 dans
997 442 57 75 le

190 482 127 69 cadre
275 482 85 69 du
317 482 155 69 Théâtre
430 482 155 69 d’Essai
543 482 85 69 de
585 482 85 69 la
628 482 169 69 Biennale
755 482 85 69 de
797 482 127 69 Paris
882 482 99 69 est
938 482 85 69 de
966 482 85 69 per-

189 514 137 69 mettre
285 514 68 69 à
312 514 82 69 de
353 514 137 69 jeunes
449 514 191 69 animateurs
600 514 82 69 et
641 514 68 69 à
668 514 96 69 des
723 514 205 69 compagnies,
887 514 109 69 dont
942 514 109 69 l’act-

187 552 112 64 vité
257 552 168 64 s’exerce
383 552 126 64 aussi
466 552 112 64 bien
536 552 70 64 à
564 552 126 64 Paris
648 552 126 64 qu’en
732 552 182 64 province,
871 552 84 64 de
899 552 154 64 présenter

186 586 88 63 un
230 586 190 63 spectacle
377 586 88 63 en
421 586 146 63 dehors
523 586 88 63 de
567 586 132 63 toute
655 586 249 63 préoccupation
845 586 205 63 commerciale.

189 610 81 74 Le
229 610 108 74 rôle
296 610 81 74 de
337 610 81 74 la
377 610 162 74 Biennale
498 610 94 74 est
552 610 81 74 de
592 610 188 74 promouvoir
740 610 175 74 librement
875 610 94 74 ces
915 610 135 74 manifes-

184 650 165 67 tations,
308 650 165 67 espérant
432 650 96 67 que
487 650 96 67 les
542 650 193 67 meilleures
693 650 151 67 d’entre
803 650 124 67 elles
886 650 165 67 trouvent
996 650 55 67 en

184 682 138 66 dehors
281 682 83 66 de
322 682 96 66 son
377 682 138 66 action
473 682 83 66 et
515 682 96 66 par
570 682 83 66 la
611 682 124 66 suite
694 682 83 66 un
735 682 110 66 plus
804 682 124 66 vaste
873 682 179 66 rayonnement

183 714 85 48 et
225 714 99 48 une
282 714 227 48 exploitation
467 714 114 48 plus
524 714 170 48 régulière.

182 771 140 62 Chaque
280 771 182 62 spectacle
420 771 112 62 sera
490 771 196 62 retransmis
644 771 238 62 simultanément
840 771 98 62 sur
896 771 98 62 les
938 771 112 62 récep-

177 812 122 63 teurs
259 812 81 63 de
299 812 189 63 télévision
448 812 189 63 disséminés
596 812 108 63 dans
664 812 95 63 les
718 812 135 63 salles
813 812 81 63 de
853 812 81 63 la
880 812 149 63 Biennale.

177 865 95 69 Un
225 865 158 69 comité
336 865 174 69 composé
462 865 95 69 de
510 865 111 69 MM.
573 865 174 69 Raphaël
700 865 190 69 Deherpe,
842 865 174 69 Georges
953 865 95 69 Ler-

177 907 165 62 minier,
297 907 210 62 Paul-Louis
463 907 165 62 Mignon,
583 907 210 62 Jean-Marie
748 907 165 62 Serreau
869 907 105 62 ont
914 907 135 62 retenu,

174 936 87 56 en
218 936 146 56 accord
320 936 116 56 avec
393 936 87 56 la
436 936 189 56 Biennale,
582 936 102 56 les
640 936 204 56 spectacles
786 936 160 56 suivants:

167 1083 150 44 mardi
267 1083 100 44 28
301 1083 117 44 sept.

165 1242 184 54 mercredi
302 1242 92 54 29
333 1242 107 54 sept.

156 1340 168 46 jeudi
268 1340 112 46 30
306 1340 131 46 sept.

160 1377 178 45 vendredi
294 1377 104 45 1er
338 1377 89 45 oct.

156 1412 188 54 samedi
288 1412 94 54 2
307 1412 113 54 oct.

157 1502 194 55 dimanche
303 1502 81 55 3
319 1502 97 55 oct.

158 1541 131 45 lundi
245 1541 73 45 4
259 1541 87 45 oct.

155 1638 136 50 mardi
245 1638 75 50 5
261 1638 91 50 oct.

154 1671 180 53 mercredi
289 1671 75 53 6
304 1671 90 53 oct.

152 1733 129 50 jeudi
238 1733 72 50 7
252 1733 86 50 oct.

152 1899 180 49 vendredi
287 1899 75 49 8
302 1899 90 49 oct.

152 1934 154 38 samedi
259 1934 77 38 9
275 1934 92 38 oct.

149 1967 195 47 dimanche
295 1967 98 47 10
328 1967 98 47 oct.

148 2023 132 47 lundi
236 2023 88 47 11
265 2023 88 47 oct.

147 2063 138 45 mardi
239 2063 92 45 12
269 2063 92 45 oct.

147 2093 180 48 mercredi
282 2093 90 48 13
312 2093 90 48 oct.

490 1086 197 56 Théâtre
645 1086 85 56 du
687 1086 169 56 Cothurne
814 1086 85 56 de
842 1086 141 56 Lyon

494 1127 187 44 (Marcel
627 1127 200 44 Maréchal)

487 1160 172 55 Hommage
613 1160 78 55 à
644 1160 204 55 Audiberti
801 1160 172 55 (soirée
911 1160 125 55 excep-

487 1199 213 45 tionnelle)
654 1199 91 45 Le
700 1199 183 45 Cavalier
822 1199 91 45 seul

492 1250 194 54 Théâtre
644 1250 152 54 d’Essai
755 1250 83 54 de
796 1250 83 54 la
824 1250 152 54 danse

491 1292 222 53 Recherches
650 1292 285 53 Chorégraphiques.

492 1349 207 46 Compagnie
660 1349 77 46 A.
699 1349 77 46 L.
724 1349 194 46 Perinetti

490 1385 242 52 L’Evènement
683 1385 97 52 de
732 1385 113 52 Guy
780 1385 129 52 Foissy

487 1420 187 53 Rapport
623 1420 136 53 pour
708 1420 119 53 une
776 1420 204 53 Académie
912 1420 68 53 de

484 1454 94 51 F.
531 1454 141 51 Kafka
610 1454 188 51 (création)

486 1509 184 54 Récital
630 1509 131 54 Pierre
709 1509 157 54 Byland

478 1584 106 45 Le
514 1584 159 45 Concert

479 1649 193 43 Théâtre
631 1649 96 43 aux
686 1649 207 43 Balustrades
851 1649 83 43 de
879 1649 165 43 Prague

480 1685 104 56 Ubu
540 1685 104 56 Roi
599 1685 89 56 et
644 1685 104 56 Ubu
703 1685 178 56 enchaîné
837 1685 178 56 d’Alfred
956 1685 89 56 Jamy

480 1747 235 46 Compagnie
671 1747 176 46 Francine
789 1747 220 46 Coursange

483 1813 80 49 La
523 1813 160 49 Danseuse
643 1813 227 49 Venézuelienne
816 1813 187 49 Sonia

477 1903 233 50 Compagnie
666 1903 145 50 Claude
754 1903 203 50 Cyriaque

473 1941 92 51 Tu
519 1941 169 51 Johanna
642 1941 92 51 de
688 1941 154 51 Claude
795 1941 184 51 Cyriaque
918 1941 123 51 (créa

468 2036 217 58 Théâtre
638 2036 93 58 de
685 2036 202 58 Bourgogne
824 2036 217 58 (Jacques

471 2106 235 43 Pique-nique
659 2106 94 43 en
706 2106 188 43 campagne
832 2106 172 43 d’Arrabal

469 2142 94 45 La
516 2142 203 45 Manivelle
672 2142 94 45 de
703 2142 125 45 Pinget

466 2171 104 55 Le
518 2171 243 55 Cosmonaute
709 2171 209 55 Agricole
848 2171 191 55 d’Obaldia
