1013 2373
125 435 289 76 Commissaire
356 435 231 76 général:
529 435 135 76 Max
606 435 135 76 von
664 435 192 76 Muhlenen

83 587 128 68 Sur
156 587 273 68 proposition
374 587 109 68 de
429 587 109 68 la
484 587 255 68 Commission
684 587 219 68 fédérale
830 587 91 68 des

59 626 240 71 Beaux-Arts,
251 626 144 71 trois
347 626 192 71 artistes
491 626 192 71 suisses,
634 626 176 71 Andreas
746 626 176 71 Christen,

58 664 163 70 Markus
172 664 131 70 Râtz
254 664 98 70 et
303 664 147 70 Willy
401 664 163 70 Weber,
515 664 114 70 ont
581 664 114 70 été
646 664 180 70 chargés
761 664 163 70 d’exécu-

56 708 124 65 ter
127 708 107 65 un
181 708 195 65 travail
323 708 213 65 d’équipe
482 708 107 65 en
536 708 124 65 vue
607 708 107 65 de
660 708 266 65 représenter
855 708 71 65 la

58 749 160 59 Suisse
170 749 80 59 à
202 749 96 59 la
250 749 208 59 Quatrième
411 749 192 59 Biennale
555 749 96 59 de
587 749 128 59 Paris.

91 795 292 65 L’orientation
331 795 258 65 spirituelle
537 795 103 65 de
589 795 206 65 Christen
743 795 103 65 et
795 795 103 65 de
829 795 103 65 Râtz

60 831 150 72 porte
160 831 250 72 l’empreinte
361 831 150 72 d’une
461 831 167 72 époque
578 831 317 72 essentiellement
828 831 100 72 mar-

60 867 132 64 quée
142 867 99 64 en
191 867 165 64 Suisse
307 867 115 64 par
373 867 165 64 Sophie
488 867 247 64 Tâuber-Arp,
686 867 198 64 Glarner,
818 867 115 64 Bill.

60 911 174 60 Lohse,
182 911 157 60 alors
286 911 122 60 que
356 911 209 60 Mondrian
513 911 105 60 et
565 911 122 60 ses
635 911 192 60 adeptes
757 911 174 60 préconi-

60 937 168 70 saient
178 937 236 70 l’harmonie
363 937 269 70 universelle,
582 937 152 70 voire
683 937 135 70 même
768 937 101 70 la
801 937 135 70 pureté

62 981 93 65 de
109 981 93 65 la
156 981 109 65 vie
218 981 156 65 future
327 981 140 65 comme
421 981 93 65 le
468 981 125 65 fond
545 981 93 65 et
592 981 93 65 le
639 981 109 65 but
701 981 93 65 de
748 981 140 65 toute
826 981 109 65 acti-

60 1017 135 67 vité
145 1017 254 67 artistique.
347 1017 135 67 Venu
432 1017 101 67 du
483 1017 270 67 surréalisme,
702 1017 152 67 Weber
787 1017 152 67 cherche

60 1053 108 62 en
114 1053 216 62 revanche
276 1053 90 62 à
312 1053 216 62 exprimer
474 1053 126 62 par
545 1053 108 62 un
599 1053 234 62 dynamisme
761 1053 180 62 explosif

61 1098 201 56 l’esprit
212 1098 369 56 technico-mécanique
531 1098 117 56 qui
598 1098 168 56 domine
715 1098 151 56 notre
799 1098 134 56 époque

61 1128 104 66 Il
113 1128 121 66 dit
182 1128 86 66 à
216 1128 104 66 ce
268 1128 173 66 sujet:
406 1128 104 66 La
458 1128 224 66 technique
630 1128 104 66 et
682 1128 104 66 la
734 1128 190 66 science
855 1128 86 66 qui

61 1173 198 59 opèrent
205 1173 108 59 la
259 1173 324 59 transformation
530 1173 108 59 de
584 1173 162 59 notre
674 1173 270 59 environnement

62 1209 270 62 connaissent
278 1209 108 62 un
332 1209 306 62 développement
584 1209 234 62 dynamique
764 1209 108 62 et
800 1209 144 62 explo-

63 1252 156 55 sif..
167 1252 208 55 Document
322 1252 208 55 d’époque
478 1252 294 55 véritablement
704 1252 242 55 authentique,

66 1284 145 57 l’art
162 1284 96 57 de
210 1284 145 57 notre
307 1284 145 57 temps
403 1284 128 57 peut
483 1284 96 57 et
532 1284 128 57 doit
612 1284 225 57 reproduire
772 1284 177 57 l’élément

64 1322 225 60 dynamique
237 1322 104 60 de
289 1322 260 60 l’explosion
497 1322 121 60 et,
567 1322 104 60 en
619 1322 139 60 tant
688 1322 260 60 qu’expression

64 1373 100 44 du
114 1373 150 44 temps
214 1373 100 44 et
264 1373 100 44 de
314 1373 100 44 la
364 1373 183 44 culture
498 1373 117 44 les
565 1373 167 44 porter
681 1373 183 44 jusqu’à
815 1373 117 44 une
865 1373 83 44 di-

62 1409 193 57 mension
185 1409 210 57 cosmique..

101 1442 98 62 De
150 1442 115 62 son
215 1442 131 62 côté
297 1442 164 62 Markus
412 1442 131 62 Râtz
494 1442 180 62 définit
625 1442 147 62 ainsi
723 1442 98 62 le
772 1442 131 62 sens
837 1442 115 62 qu’il

67 1485 148 59 donne
165 1485 82 59 à
198 1485 115 59 son
264 1485 197 59 travail:
412 1485 99 59 :.
461 1485 99 59 Je
510 1485 148 59 donne
609 1485 115 59 une
675 1485 214 59 structure
823 1485 131 59 géomé-

66 1520 174 62 trique
188 1520 122 62 aux
257 1520 174 62 formes
379 1520 105 62 et
432 1520 87 62 à
467 1520 140 62 leur
554 1520 262 62 disposition
763 1520 157 62 parce
850 1520 105 62 que,

66 1560 134 56 dans
150 1560 101 56 un
200 1560 151 56 ordre
301 1560 201 56 parfait,
452 1560 101 56 le
502 1560 184 56 moindre
636 1560 302 56 bouleversement
871 1560 84 56 de-

67 1593 146 62 vient
164 1593 259 62 perceptible.
375 1593 113 62 Ces
439 1593 308 62 bouleversements
699 1593 81 62 à
731 1593 178 62 l’ordre
845 1593 113 62 donné

70 1639 99 55 se
119 1639 198 55 réfèrent
267 1639 82 55 à
300 1639 115 55 une
366 1639 165 55 source
481 1639 214 55 d’énergie
646 1639 231 55 disponible
811 1639 148 55 quelque

71 1674 141 59 part;
165 1674 188 59 celle-ci
306 1674 156 59 influe
415 1674 109 59 sur
478 1674 94 59 la
525 1674 172 59 matière
650 1674 94 59 au
696 1674 125 59 sein
775 1674 94 59 de
806 1674 156 59 l’espace

70 1713 273 52 monochrome.
288 1713 109 52 Le
343 1713 164 52 champ
452 1713 236 52 structuré
634 1713 127 52 est
706 1713 109 52 de
761 1713 109 52 ce
816 1713 146 52 fait
888 1713 73 52 un

69 1746 155 63 champ
172 1746 103 63 de
224 1746 206 63 tensions
378 1746 138 63 dans
464 1746 172 63 lequel
585 1746 155 63 règne
688 1746 103 63 le
739 1746 206 63 désordre
877 1746 86 63 dès

70 1793 109 51 que
133 1793 93 51 la
179 1793 155 51 source
288 1793 202 51 d’énergie
443 1793 140 51 vient
537 1793 78 51 à
552 1793 249 51 disparaître...

103 1833 106 60 Le
156 1833 282 60 dénominateur
385 1833 176 60 commun
509 1833 106 60 de
562 1833 123 60 ces
632 1833 159 60 trois
738 1833 212 60 artistes
879 1833 88 60 est

78 1873 105 52 le
130 1873 227 52 caractère
305 1873 192 52 précis,
444 1873 244 52 monochrome
636 1873 105 52 et
689 1873 279 52 néoplastique
898 1873 70 52 de

71 1917 152 47 leurs
172 1917 169 47 œuvres
291 1917 101 47 où
341 1917 186 47 n'entre
476 1917 152 47 aucun
578 1917 186 47 élément
713 1917 203 47 fortuit.
865 1917 101 47 Il
898 1917 68 47 en

72 1946 121 62 est
141 1946 104 62 de
193 1946 138 62 même
279 1946 138 62 pour
366 1946 121 62 les
435 1946 190 62 plaques
573 1946 259 62 métalliques
763 1946 208 62 crevassées

71 1982 113 57 et
128 1982 263 57 explosives
334 1982 113 57 de
391 1982 188 57 Weber.
522 1982 132 57 Les
597 1982 207 57 reliefs
748 1982 225 57 concrets
898 1982 75 57 de

74 2022 212 52 Christen
233 2022 141 52 sont
321 2022 106 52 de
374 2022 212 52 subtiles
533 2022 282 52 combinaisons
762 2022 106 52 de
798 2022 176 52 surfaces

74 2059 96 56 en
122 2059 209 56 polyester
283 2059 177 56 tendues
411 2059 113 56 sur
476 2059 113 56 des
540 2059 177 56 arêtes.
669 2059 209 56 L’artiste
813 2059 161 56 attribue

73 2095 217 60 toutefois
240 2095 117 60 une
307 2095 234 60 importance
491 2095 267 60 particulière
708 2095 83 60 à
725 2095 250 60 l’application

74 2137 212 60 pratique
233 2137 159 60 d’une
339 2137 212 60 activité
498 2137 212 60 purement
657 2137 265 60 artistique.
869 2137 106 60 En
904 2137 71 60 sa

74 2166 191 73 qualité
212 2166 104 73 de
264 2166 260 73 dessinateur
472 2166 104 73 et
524 2166 104 73 de
576 2166 208 73 créateur
732 2166 104 73 de
784 2166 191 73 formes,
906 2166 69 73 il
