1086 2373
176 460 286 68 Commissaire
405 460 229 68 général:
576 460 114 68 J.
614 460 172 68 Malcolm

177 518 133 52 Queen
266 518 192 52 Elisabeth
413 518 89 52 II
458 518 118 52 Arts
517 518 148 52 Council.

118 653 255 54 L’arrivée
314 653 137 54 des
393 653 196 54 colons
530 653 255 54 européens
726 653 118 54 et
784 653 118 54 de
843 653 176 54 leurs
961 653 157 54 mis-

77 702 217 52 sionnaires
248 702 217 52 chrétiens,
419 702 264 52 affaiblissant
636 702 109 52 les
698 702 171 52 racines
807 702 155 52 sociales

73 738 112 35 et
129 738 242 35 ethniques
315 738 112 35 de
371 738 112 35 la
427 738 130 35 vie
502 738 317 35 polynésienne,
762 738 93 35 a
800 738 168 35 porté
911 738 112 35 un
967 738 149 35 coup

76 773 158 56 mortel
187 773 79 56 à
219 773 95 56 la
266 773 206 56 tradition
424 773 158 56 maorie
535 773 221 56 auparavant
709 773 158 56 virile
820 773 127 56 dans
883 773 79 56 les

74 816 134 51 arts
158 816 201 51 visuels.
308 816 117 51 Les
375 816 234 51 tentatives
559 816 117 51 qui
626 816 117 51 ont
693 816 150 51 suivi
793 816 134 51 pour
860 816 100 51 rem-

74 852 170 44 placer
193 852 153 44 cette
295 852 187 44 culture
432 852 119 44 par
500 852 102 44 un
551 852 187 44 produit
687 852 187 44 importé
807 852 153 44 forment

72 890 106 37 la
125 890 141 37 base
214 890 141 37 dont
302 890 230 37 découlent
479 890 106 37 la
532 890 212 37 peinture
691 890 106 37 et
744 890 106 37 la
797 890 230 37 sculpture
974 890 141 37 con¬

70 929 273 44 temporaines
288 929 109 44 de
342 929 109 44 la
379 929 345 44 Nouvelle

115 969 115 59 Le
172 969 134 59 mot
249 969 96 59 *
287 969 249 59 isolement
479 969 96 59 a
518 969 211 59 souvent
671 969 134 59 été
748 969 230 59 prononcé
901 969 58 59 à

73 1009 174 54 l’égard
200 1009 95 54 de
247 1009 111 54 cet
310 1009 126 54 art.
389 1009 95 54 Il
437 1009 126 54 peut
516 1009 205 54 expliquer
674 1009 95 54 un
721 1009 174 54 certain
832 1009 126 54 carac-

69 1052 142 45 tère
158 1052 249 45 provincial
354 1052 142 45 mais
443 1052 213 45 n’excuse
602 1052 284 45 certainement
834 1052 124 45 pas
887 1052 71 45 la

68 1087 240 51 stérilité
252 1087 111 51 ou
308 1087 111 51 le
363 1087 185 51 manque
493 1087 296 51 d’invention.
733 1087 148 51 Ceci
825 1087 129 51 est
899 1087 222 51 particu¬

71 1126 213 40 lièrement
235 1126 131 40 vrai
317 1126 98 40 en
366 1126 98 40 ce
415 1126 115 40 qui
481 1126 197 40 concerne
628 1126 98 40 le
677 1126 246 40 vocabulaire
858 1126 98 40 for-

71 1167 117 44 mel
138 1167 100 44 et
188 1167 184 44 valable
322 1167 117 44 que
389 1167 100 44 le
439 1167 151 44 maori
540 1167 84 44 a
573 1167 134 44 créé
657 1167 134 44 dans
741 1167 100 44 le
791 1167 134 44 même
858 1167 100 44 vide

70 1201 249 49 insulaire.
266 1201 160 49 Cette
372 1201 266 49 impuissance
585 1201 195 49 remonte
727 1201 178 49 plutôt
851 1201 89 49 à
869 1201 89 49 une

69 1236 197 47 certaine
216 1236 197 47 division
364 1236 148 47 entre
463 1236 115 47 les
529 1236 131 47 arts
611 1236 181 47 visuels
742 1236 99 47 et
792 1236 99 47 la
825 1236 131 47 nation

69 1280 164 47 qu’ils
184 1280 279 47 représentent.
414 1280 148 47 Notre
512 1280 181 47 culture
644 1280 115 47 est
709 1280 164 47 encore
808 1280 148 47 marquée

68 1315 151 45 d’une
169 1315 235 45 préciosité
353 1315 218 45 importée,
521 1315 151 45 ayant
621 1315 117 45 peu
688 1315 101 45 de
738 1315 184 45 rapport
856 1315 101 45 avec

70 1356 102 38 un
121 1356 170 38 milieu
240 1356 289 38 néo-zélandais
477 1356 102 38 et
528 1356 102 38 un
579 1356 170 38 peuple
681 1356 187 38 original.

115 1395 164 46 Devant
230 1395 148 46 cette
328 1395 164 46 grande
443 1395 247 46 difficulté,
641 1395 99 46 on
690 1395 181 46 essaie,
821 1395 82 46 à
838 1395 115 46 Auck-

67 1438 142 50 land
156 1438 160 50 (dans
262 1438 160 50 l’île
369 1438 106 50 du
422 1438 177 50 nord),
546 1438 106 50 de
599 1438 177 50 mettre
723 1438 106 50 le
777 1438 177 50 public
883 1438 71 50 en

68 1486 199 41 contact
213 1486 145 41 avec
303 1486 127 41 les
376 1486 217 41 artistes
539 1486 308 41 néo-zélandais
792 1486 109 41 au
828 1486 127 41 moyen

67 1514 140 47 d’un
154 1514 157 47 grand
258 1514 174 47 nombre
380 1514 105 47 de
433 1514 209 47 galeries
590 1514 209 47 exposant
747 1514 192 47 surtout
869 1514 87 47 des

69 1558 164 41 œuvres
183 1558 197 41 locales.
331 1558 115 41 Les
397 1558 213 41 résultats
561 1558 98 41 de
610 1558 115 41 cet
676 1558 164 41 effort
791 1558 131 41 sont
857 1558 98 41 déjà

69 1595 278 47 remarquables
295 1595 191 47 puisque
434 1595 209 47 Auckland
590 1595 122 47 est
660 1595 174 47 devenu
781 1595 104 47 un
816 1595 139 47 centre

68 1633 152 54 actif
169 1633 135 54 pour
254 1633 118 54 les
321 1633 169 54 jeunes
422 1633 186 54 peintres.

114 1675 132 45 Bien
196 1675 148 45 qu’il
295 1675 132 45 soit
377 1675 132 45 trop
460 1675 115 45 tôt
526 1675 132 45 pour
608 1675 181 45 prédire
740 1675 115 45 une
789 1675 165 45 nouvelle

67 1717 191 38 vigueur
206 1717 139 38 dans
293 1717 122 38 les
362 1717 139 38 arts
449 1717 191 38 visuels
589 1717 104 38 en
623 1717 331 38 Nouvelle

69 1748 109 48 les
132 1748 217 48 sculptures
302 1748 93 48 de
349 1748 140 48 Greer
442 1748 140 48 Twiss
535 1748 109 48 qui
597 1748 78 48 a
628 1748 124 48 tiré
706 1748 109 48 son
752 1748 202 48 inspiration

68 1793 117 50 des
135 1793 167 50 sports
252 1793 251 50 athlétiques
453 1793 100 50 de
503 1793 100 50 la
553 1793 335 50 Nouvelle-Zélande
838 1793 100 50 et
871 1793 84 50 des

69 1827 238 44 événements
256 1827 187 44 locaux,
392 1827 119 44 les
460 1827 221 44 peintures
629 1827 102 44 de
680 1827 119 44 Pat
748 1827 153 44 Hanly
850 1827 119 44 qui
901 1827 51 44 a

72 1870 182 44 retrouvé
208 1870 106 44 les
269 1870 182 44 qualités
406 1870 228 44 singulières
588 1870 91 44 de
633 1870 91 44 la
679 1870 167 44 lumière
800 1870 106 44 des
846 1870 106 44 anti-

71 1897 164 51 podes,
185 1897 229 51 permettent
365 1897 98 51 au
414 1897 147 51 moins
512 1897 98 51 de
561 1897 245 51 reconnaître
741 1897 213 51 l’honnêteté

70 1948 99 41 de
119 1948 115 41 nos
185 1948 197 41 artistes
333 1948 148 41 basée
431 1948 115 41 sur
481 1948 263 41 l’observation.

753 2201 144 53 Mike
825 2201 126 53 Dunn.
