1104 2373
281 103 398 61 EXTRAIT
593 103 170 61 DU
650 103 426 61 RÉGLEMENT

76 203 168 53 Article
198 203 77 53 5
229 203 77 53 —
259 203 168 53 Bourses
382 203 92 53 et
413 203 214 53 récompenses.

77 284 122 59 Pour
153 284 152 59 chaque
259 284 182 59 section.
396 284 91 59 un
442 284 122 59 jury
518 284 274 59 international,
746 284 167 59 composé
867 284 91 59 de
898 284 91 59 per-

73 326 204 52 sonnalités
233 326 160 52 nommées
350 326 102 52 par
408 326 87 52 le
452 326 160 52 Conseil
568 326 306 52 d’Administration,
830 326 87 52 se
859 326 131 52 réunira

73 357 165 50 pendant
193 357 90 50 la
238 357 180 50 Biennale
373 357 90 50 et
418 357 210 50 attribuera
584 357 105 50 des
644 357 165 50 bourses
764 357 90 50 et
794 357 195 50 récompenses

71 395 178 48 destinées
208 395 96 48 aux
263 395 165 48 artistes
387 395 178 48 étrangers
524 395 82 48 et
565 395 178 48 français.
702 395 82 48 Ce
743 395 110 48 jury
812 395 110 48 sera
867 395 123 48 composé

68 429 131 51 d’au
150 429 148 51 moins
248 429 131 51 deux
330 429 148 51 tiers
428 429 98 51 de
478 429 180 51 membres
609 429 230 51 étrangers.
789 429 115 51 Les
838 429 148 51 commis-

69 460 145 51 saires
171 460 175 51 généraux
302 460 87 51 de
346 460 145 51 chaque
448 460 116 51 pays
520 460 87 51 ne
564 460 175 51 pourront
695 460 102 51 pas
753 460 131 51 faire
841 460 145 51 partie
928 460 58 51 du

67 485 126 66 jury.
151 485 84 66 Le
193 485 154 66 nombre,
305 485 84 66 la
346 485 210 66 répartition
514 485 84 66 et
556 485 84 66 le
598 485 154 66 montant
710 485 98 66 des
765 485 168 66 bourses.
877 485 112 66 seront

66 525 127 39 fixés
137 525 240 39 ultérieurement.

65 561 109 60 Les
128 561 172 60 bourses
253 561 203 60 destinées
409 561 109 60 aux
471 561 203 60 étrangers
627 561 156 60 seront
736 561 218 60 attribuées
892 561 94 60 sans

64 603 129 48 tenir
150 603 143 48 compte
250 603 129 48 d’une
336 603 215 48 répartition
508 603 100 48 par
565 603 229 48 nationalité;
752 603 86 48 il
795 603 100 48 n’y
852 603 115 48 aura
909 603 72 48 nul

63 631 241 55 inconvénient
259 631 75 55 à
289 631 90 55 ce
334 631 151 55 qu’une
440 631 121 55 même
515 631 256 55 participation
726 631 196 55 étrangère
861 631 121 55 compte

64 661 179 51 plusieurs
188 661 151 51 lauréats.

63 710 102 57 Les
122 710 175 57 artistes
253 710 131 57 ayant
340 710 146 57 obtenu
442 710 117 57 hors
515 710 87 57 de
559 710 87 57 la
602 710 175 57 Biennale
733 710 102 57 des
777 710 204 57 distinctions

61 742 214 63 nationales
229 742 92 63 ou
275 742 306 63 internationales,
535 742 92 63 ou
581 742 138 63 ayant
672 742 153 63 acquis
779 742 107 63 une
825 742 153 63 certaine

59 775 207 62 notoriété,
222 775 89 62 ne
267 775 148 62 seront
370 775 104 62 pas
430 775 148 62 exclus
533 775 89 62 de
578 775 89 62 la
622 775 237 62 compétition.
800 775 178 62 Cependant.

60 808 107 64 les
121 808 184 64 artistes
259 808 138 64 ayant
350 808 199 64 bénéficié
504 808 92 64 de
549 808 168 64 bourses
672 808 92 64 ou
718 808 92 64 de
764 808 230 64 récompenses
932 808 46 64 à

58 840 136 67 l’une
148 840 106 67 des
209 840 226 67 précédentes
390 840 196 67 Biennales
541 840 91 67 de
586 840 136 67 Paris
676 840 91 67 ne
722 840 181 67 pourront
842 840 136 67 obtenir

55 879 112 55 une
119 879 160 55 bourse
231 879 96 55 ou
279 879 224 55 récompense
455 879 128 55 dans
534 879 96 55 la
582 879 128 55 même
646 879 192 55 technique.

57 914 107 70 Les
118 914 168 70 bourses
240 914 122 70 sont
317 914 199 70 accordées
470 914 107 70 aux
531 914 184 70 lauréats
669 914 199 70 étrangers
822 914 122 70 pour
883 914 92 70 leur

57 959 187 53 permettre
201 959 87 53 de
244 959 130 53 faire
331 959 87 53 en
374 959 144 53 France
475 959 87 53 un
518 959 144 53 séjour
619 959 87 53 de
662 959 187 53 plusieurs
792 959 101 53 mois.

53 993 91 74 Ce
98 993 151 74 séjour
204 993 151 74 pourra
309 993 121 74 être
385 993 181 74 effectué
521 993 91 74 en
566 993 106 74 une
626 993 91 74 ou
671 993 196 74 plusieurs
822 993 136 74 fois.
898 993 75 74 Les

52 1032 162 64 bourses
170 1032 192 64 resteront
318 1032 177 64 valables
451 1032 162 64 jusqu’à
569 1032 266 64 l’inauguration
791 1032 89 64 de
835 1032 89 64 la
865 1032 103 64 Bien-

51 1069 116 59 nale
124 1069 189 59 suivante.
270 1069 131 59 Etant
357 1069 160 59 versées
473 1069 262 59 mensuellement.
692 1069 131 59 elles
779 1069 175 59 seraient
895 1069 73 59 ré-

50 1097 143 67 duites
150 1097 330 67 proportionnellement
437 1097 72 67 à
465 1097 86 67 la
508 1097 129 67 durée
594 1097 86 67 du
637 1097 143 67 séjour
738 1097 86 67 si
781 1097 186 67 l'artiste
910 1097 57 67 ne

50 1138 155 62 pouvait
163 1138 85 62 ou
205 1138 85 62 ne
247 1138 155 62 voulait
360 1138 169 62 profiter
487 1138 240 62 intégralement
685 1138 85 62 de
727 1138 85 62 la
769 1138 127 62 durée
840 1138 127 62 prêvue.

45 1171 136 73 Après
135 1171 136 73 avoir
226 1171 106 73 été
287 1171 196 73 acceptées
438 1171 106 73 par
498 1171 91 73 la
543 1171 196 73 Biennale,
694 1171 91 73 un
740 1171 166 73 certain
845 1171 121 73 nombre

46 1214 97 64 de
94 1214 178 64 bourses
224 1214 97 64 ou
272 1214 97 64 de
321 1214 242 64 récompenses
515 1214 194 64 offertes
660 1214 113 64 par
725 1214 113 64 des
773 1214 194 64 organismes

44 1240 190 70 officiels
190 1240 88 70 ou
234 1240 146 70 privés
336 1240 175 70 pourront
468 1240 117 70 être
541 1240 190 70 également
672 1240 161 70 décernés.

45 1289 100 65 Les
102 1289 186 65 décisions
245 1289 100 65 des
302 1289 129 65 jurys
388 1289 258 65 internationaux
603 1289 115 65 sont
675 1289 115 65 sans
732 1289 143 65 recours.

45 1333 100 69 Les
102 1333 129 69 jurys
188 1333 100 69 ont
245 1333 86 69 la
288 1333 157 69 faculté
403 1333 86 69 de
446 1333 200 69 s’abstenir
603 1333 86 69 de
646 1333 200 69 distribuer
804 1333 100 69 les
846 1333 115 69 récom-

39 1368 162 68 penses
152 1368 194 68 prêvues,
297 1368 97 68 et
346 1368 129 68 dans
427 1368 97 68 ce
475 1368 129 68 cas,
556 1368 178 68 peuvent
685 1368 194 68 proposer
831 1368 113 68 que
879 1368 81 68 les

37 1402 156 70 sommes
147 1402 172 70 rendues
272 1402 141 70 ainsi
365 1402 234 70 disponibles
553 1402 156 70 soient
662 1402 203 70 utilisées
818 1402 125 70 sous
881 1402 78 70 une

36 1439 132 67 autre
124 1439 132 67 forme
212 1439 88 67 au
256 1439 147 67 profit
359 1439 117 67 d’un
432 1439 88 67 ou
476 1439 191 67 plusieurs
608 1439 176 67 exposants.

854 2277 72 48 15
