1086 2373
90 223 206 61 humaines
244 223 103 61 et
296 223 206 61 animales
450 223 137 61 qui,
536 223 137 61 même
621 223 154 61 quand
724 223 154 61 elles
827 223 103 61 ne
861 223 103 61 sont

90 265 115 58 pas
155 265 247 58 accessibles
353 265 99 58 du
402 265 181 58 premier
534 265 132 58 coup
616 265 164 58 d’œil,
731 265 115 58 ont
797 265 99 58 un
829 265 132 58 carac-

86 304 141 52 tère
174 304 228 52 organique
350 304 316 52 incontestable.
614 304 105 52 Le
666 304 141 52 plus
737 304 228 52 remarquable

90 347 129 48 dans
171 347 97 48 sa
219 347 194 48 création
365 347 113 48 est
429 347 97 48 le
478 347 113 48 jeu
543 347 226 48 réciproque
720 347 146 48 entre
817 347 97 48 la
850 347 113 48 forme

87 395 210 38 définie,
245 395 175 38 fermée
368 395 88 38 -
403 395 105 38 un
456 395 175 38 volume
578 395 158 38 creux
684 395 210 38 délimité
841 395 123 38 par
894 395 70 38 le

90 411 162 55 métal-
203 411 97 55 et
252 411 97 55 la
300 411 146 55 forme
398 411 178 55 ouverte
527 411 97 55 de
576 411 97 55 la
625 411 178 55 feuille
754 411 162 55 plane,
852 411 113 55 forme

89 456 130 53 qui,
170 456 130 53 bien
251 456 113 53 que
316 456 194 53 concave,
462 456 146 53 reste
559 456 81 53 à
591 456 130 53 deux
672 456 243 53 dimensions,
867 456 97 53 et
899 456 65 53 la

87 494 269 48 combinaison
302 494 108 48 de
356 494 125 48 ces
428 494 143 48 deux
517 494 215 48 éléments
678 494 108 48 et
732 494 108 48 la
786 494 161 48 façon
875 494 90 48 par

90 531 198 51 laquelle
238 531 116 51 ils
304 531 99 51 se
354 531 231 51 rattachent
535 531 132 51 l’un
618 531 83 51 à
651 531 198 51 l’autre.
799 531 116 51 Son
849 531 116 51 œuvre

87 582 202 38 consiste
239 582 135 38 donc
323 582 320 38 essentiellement
592 582 101 38 en
643 582 118 38 une
694 582 269 38 juxtaposition-

89 618 223 33 contraste,
264 618 143 33 entre
360 618 96 33 le
408 618 143 33 plein
503 618 96 33 et
551 618 111 33 les
615 618 175 33 courbes
742 618 143 33 d’une
838 618 127 33 part
901 618 64 33 et

90 648 111 42 les
154 648 159 42 lignes
265 648 190 42 élancées
408 648 95 42 et
455 648 333 42 perpendiculaires,
741 648 143 42 entre
836 648 111 42 les
884 648 79 42 vo-

89 684 143 44 lumes
185 684 95 44 et
232 684 111 44 les
296 684 159 44 plans,
407 684 143 44 entre
503 684 111 44 les
566 684 159 44 formes
678 684 223 44 verticales
853 684 95 44 et
884 684 80 44 les

133 784 114 55 Les
198 784 163 55 toiles
312 784 98 55 de
361 784 147 55 Yosef
459 784 196 55 Gattegno
605 784 130 55 sont
687 784 179 55 presque
801 784 163 55 abstrai-

85 837 147 36 tes.
176 837 165 36 Elles
286 837 220 36 évoquent
451 837 128 36 une
524 837 256 36 atmosphère
726 837 128 36 des
781 837 183 36 réminis-

87 869 183 44 cences
215 869 110 44 de
270 869 238 44 paysages,
453 869 183 44 plutôt
581 869 165 44 qu’un
691 869 165 44 monde
800 869 165 44 réel.
892 869 73 44 Ce

87 906 141 45 sont
175 906 123 45 des
246 906 176 45 trames
369 906 176 45 planes
492 906 105 45 de
544 906 211 45 couleurs
702 906 264 45 rayonnantes
896 906 70 45 et

89 947 236 42 profondes.
274 947 101 42 Sa
325 947 202 42 peinture
476 947 118 42 est
543 947 151 42 faite
644 947 101 42 de
695 947 185 42 touches
813 947 151 42 succes-

87 986 169 40 sives,
205 986 101 40 de
256 986 169 40 taches
374 986 219 40 vibrantes
543 986 152 40 d’une
644 986 203 40 broderie
779 986 186 40 délicate,

90 1024 207 35 rappelant
249 1024 175 35 parfois
376 1024 95 35 le
424 1024 143 35 style
519 1024 318 35 impressionniste.
789 1024 127 35 Elle
853 1024 111 35 passe

88 1054 94 46 de
135 1054 188 46 couleurs
276 1054 141 46 pures
370 1054 94 46 et
417 1054 172 46 pleines
542 1054 94 46 de
589 1054 141 46 force
683 1054 78 46 à
715 1054 110 46 des
777 1054 125 46 tons
840 1054 125 46 inter-

90 1099 223 46 médiaires
261 1099 103 46 et
313 1099 120 46 des
381 1099 189 46 nuances
518 1099 223 46 délicates
690 1099 120 46 qui
741 1099 223 46 enveloppent

86 1128 123 45 ses
157 1128 211 45 tableaux
315 1128 158 45 d’une
421 1128 158 45 gamme
526 1128 176 45 unique
649 1128 106 45 de
685 1128 194 45 couleurs.

131 1200 195 40 L’œuvre
273 1200 106 40 de
326 1200 159 40 David
432 1200 212 40 Meshulam
591 1200 230 40 constitue
768 1200 124 40 une
821 1200 142 40 combi-

89 1239 168 44 naison
207 1239 202 44 d’images
359 1239 219 44 étranges,
527 1239 101 44 de
578 1239 168 44 formes
696 1239 269 44 monstrueuses
898 1239 67 44 et

87 1276 210 44 d’objets
245 1276 245 44 quotidiens
438 1276 193 44 planant
578 1276 140 44 dans
665 1276 105 44 un
718 1276 175 44 espace
823 1276 140 44 imagi-

92 1313 140 40 naire
186 1313 93 40 où
233 1313 125 40 l’on
310 1313 187 40 aperçoit
450 1313 109 40 des
513 1313 202 40 allusions
668 1313 109 40 aux
731 1313 187 40 terreurs
871 1313 93 40 de
902 1313 62 40 la

89 1350 175 44 guerre
212 1350 105 44 et
265 1350 88 44 à
300 1350 105 44 la
352 1350 140 44 peur
440 1350 175 44 devant
562 1350 105 44 le
615 1350 298 44 développement
860 1350 105 44 de
895 1350 70 44 la

89 1386 259 46 technologie.
299 1386 113 46 Son
364 1386 243 46 surréalisme
559 1386 243 46 particulier
753 1386 113 46 est
802 1386 162 46 souligné

93 1430 115 43 par
158 1430 115 43 une
224 1430 214 43 technique
389 1430 99 43 de
438 1430 197 43 peinture
586 1430 82 43 à
619 1430 197 43 l’huile,
767 1430 181 43 imitant
882 1430 82 43 des

91 1467 214 43 collages
252 1467 107 43 ou
305 1467 125 43 des
376 1467 321 43 photographies,
643 1467 107 43 et
697 1467 125 43 par
768 1467 107 43 le
804 1467 160 43 mélange

92 1500 140 46 dans
179 1500 105 46 un
231 1500 140 46 même
318 1500 192 46 tableau
458 1500 140 46 d’un
545 1500 192 46 travail
685 1500 105 46 en
737 1500 192 46 surface
859 1500 105 46 avec

94 1538 198 44 l’apport
242 1538 230 44 d’éléments
423 1538 82 44 à
456 1538 148 44 trois
554 1538 247 44 dimensions.
752 1538 99 44 Un
785 1538 181 44 contraste

93 1573 151 50 entre
194 1573 100 50 le
244 1573 151 50 clair
344 1573 100 50 et
395 1573 100 50 le
445 1573 151 50 foncé
545 1573 184 50 apporte
679 1573 84 50 à
713 1573 117 50 ses
780 1573 167 50 œuvres
880 1573 84 50 une

91 1617 173 46 touche
195 1617 311 46 expressionniste.

134 1679 138 57 Gad
213 1679 198 57 Ullman
352 1679 198 57 décrit
490 1679 138 57 son
569 1679 178 57 monde
687 1679 277 57 personnel,
885 1679 79 57 un

96 1729 145 42 monde
192 1729 96 42 de
241 1729 161 42 vision
353 1729 96 42 et
401 1729 96 42 de
450 1729 145 42 rêve,
546 1729 96 42 où
594 1729 113 42 les
659 1729 129 42 lois
739 1729 96 42 de
787 1729 96 42 la
819 1729 145 42 logique

96 1762 153 48 n’ont
198 1762 119 48 pas
266 1762 170 48 cours,
385 1762 153 48 quasi
487 1762 255 48 monochrome,
692 1762 170 48 baigné
811 1762 102 48 çà
862 1762 102 48 et
896 1762 68 48 là

95 1796 134 54 d’or
179 1796 100 54 ou
229 1796 100 54 de
279 1796 184 54 quelque
413 1796 151 54 autre
513 1796 134 54 ton,
597 1796 134 54 dans
681 1796 167 54 lequel
781 1796 184 54 apparais-

96 1838 139 42 sent
183 1838 243 42 d’étranges
374 1838 261 42 personnages
582 1838 104 42 et
635 1838 243 42 d’immenses
809 1838 156 42 oiseaux

98 1873 95 52 de
146 1873 189 52 paradis.
287 1873 126 52 D’un
366 1873 158 52 dessin
476 1873 189 52 sensible
618 1873 95 52 et
666 1873 126 52 aigu
744 1873 79 52 à
776 1873 95 52 la
823 1873 142 52 fois,
902 1873 63 52 il

96 1909 142 47 crée
185 1909 106 47 un
238 1909 195 47 mélange
380 1909 213 47 d’humour
540 1909 195 47 piquant
681 1909 106 47 et
735 1909 106 47 de
770 1909 195 47 tendresse

98 1957 168 47 teintée
220 1957 92 47 de
251 1957 183 47 tristesse.

143 2018 188 53 L’œuvre
280 2018 103 53 de
331 2018 120 53 Lea
399 2018 154 53 Vogel
502 2018 154 53 puise
605 2018 120 53 aux
673 2018 188 53 sources
810 2018 103 53 du
844 2018 120 53 figu-

101 2062 150 42 ratif
201 2062 133 42 bien
284 2062 116 42 que
351 2062 116 42 ses
417 2062 233 42 sculptures
600 2062 266 42 représentent
816 2062 100 42 un
850 2062 116 42 monde

100 2098 237 52 imaginaire
287 2098 187 52 d’anges
422 2098 102 52 et
473 2098 102 52 de
524 2098 237 52 séraphines
694 2098 271 52 semi

100 2139 126 51 dont
179 2139 126 51 elle
258 2139 94 51 se
305 2139 126 51 sert
384 2139 126 51 pour
462 2139 142 51 faire
557 2139 205 51 ressortir
714 2139 94 51 le
761 2139 205 51 mouvement
903 2139 63 51 et

103 2173 154 48 l’élan
210 2173 123 48 dans
287 2173 200 48 l’espace,
441 2173 231 48 contrastant
626 2173 123 48 avec
703 2173 92 48 la
749 2173 185 48 position
873 2173 92 48 sta-

98 2215 162 47 tique
206 2215 108 47 de
260 2215 180 47 l’être
387 2215 180 47 humain
513 2215 144 47 dans
603 2215 217 47 d’autres
747 2215 217 47 sculptures
