1086 2373
158 77 185 66 FRANCE

231 423 191 52 Bernard
368 423 164 52 POMEY.

228 485 100 57 Sur
285 485 214 57 proposition
456 485 86 57 de
499 485 186 57 plusieurs
642 485 157 57 membres
756 485 86 57 du
799 485 157 57 Conseil
899 485 128 57 d’Admi-

226 528 218 48 nistration,
401 528 116 48 nous
474 528 204 48 présentons
634 528 87 48 un
678 528 175 48 artiste,
809 528 160 48 Bernard
911 528 116 48 Pome),

226 561 112 45 qui,
296 561 112 45 mort
366 561 84 45 en
409 561 126 45 1959,
493 561 98 45 eut
549 561 84 45 pu
591 561 197 45 participer
746 561 183 45 plusieurs
886 561 112 45 fois
957 561 70 45 à
971 561 56 45 la

228 587 169 53 Biennale
354 587 84 53 de
397 587 126 53 Paris
481 587 183 53 puisqu’il
621 587 126 53 était
706 587 84 53 né
748 587 84 53 (à
790 587 169 53 Firminy)
917 587 84 53 en
945 587 84 53 1928

226 622 81 51 et
267 622 149 51 n’avait
376 622 109 51 donc
444 622 95 51 que
498 622 136 51 trente
593 622 81 51 et
634 622 81 51 un
674 622 95 51 ans
729 622 176 51 lorsqu’il
851 622 149 51 disparut.

227 664 87 58 La
271 664 131 58 haute
358 664 160 58 qualité
475 664 87 58 de
519 664 102 58 son
577 664 131 58 œuvre
664 664 116 58 nous
737 664 146 58 paraît
839 664 189 58 justifier
970 664 58 58 la

224 706 132 48 place
312 706 103 48 que
371 706 117 48 nous
444 706 103 48 lui
503 706 161 48 donnons
620 706 88 48 et
664 706 132 48 aussi
752 706 132 48 parce
840 706 117 48 que,
898 706 132 48 n’ayant

223 737 144 39 jamais
323 737 101 39 été
381 737 173 39 exposée,
510 737 129 39 cette
597 737 129 39 œuvre
683 737 101 39 est
740 737 230 39 complètement
913 737 115 39 incon-

225 775 97 45 nue
281 775 83 45 et
322 775 97 45 que
378 775 125 45 notre
461 775 97 45 but
516 775 97 45 est
572 775 180 45 justement
710 775 83 45 de
752 775 180 45 proposer,
890 775 83 45 de
918 775 111 45 mettre

223 809 88 44 en
267 809 161 44 valeur,
384 809 102 44 des
443 809 176 44 artistes
574 809 190 44 nouveaux.
721 809 176 44 Celui-ci
852 809 132 44 avait
940 809 88 44 eu
969 809 59 44 le

222 838 130 49 temps
308 838 216 49 d’accomplir
481 838 86 49 le
524 838 130 49 cycle
610 838 86 49 de
654 838 101 49 ses
711 838 216 49 expériences
884 838 158 49 (leçons
985 838 43 49 à

224 872 150 47 l’Ecole
333 872 95 47 des
388 872 205 47 Beaux-Arts,
552 872 68 47 à
579 872 177 47 l’atelier
715 872 123 47 d’Art
797 872 136 47 Sacré,
893 872 109 47 puis
947 872 82 47 avec

224 907 83 43 le
266 907 152 43 verrier
377 907 111 43 Paul
446 907 125 43 Bony)
529 907 83 43 et
571 907 152 43 d’aller
682 907 166 43 jusqu’au
806 907 125 43 terme
889 907 83 43 du
917 907 111 43 chemin

223 940 93 47 qui
276 940 132 47 devait
368 940 79 47 le
408 940 159 47 conduire
527 940 93 47 par
580 940 132 47 étapes
672 940 79 47 de
712 940 119 47 l’art
791 940 172 47 figuratif
923 940 66 47 à
936 940 93 47 l’art

223 981 181 40 abstrait.
362 981 83 40 Il
404 981 69 40 y
432 981 125 40 avait
515 981 139 40 trouvé
612 981 125 40 enfin
696 981 278 40 l’épanouissement
932 981 83 40 de
960 981 69 40 ses

221 1011 127 41 dons,
306 1011 85 41 de
348 1011 85 41 sa
391 1011 227 41 sensibilité,
575 1011 85 41 où
617 1011 85 41 se
660 1011 170 41 discerne
787 1011 99 41 son
844 1011 170 41 lyrisme,
957 1011 71 41 son

220 1046 110 37 sens
289 1046 164 37 généreux
412 1046 82 37 de
453 1046 82 37 la
494 1046 151 37 matière
604 1046 260 37 mystérieusement
809 1046 219 37 spiritualisée.

146 1090 187 55 261
292 1090 173 55 Peinture,
426 1090 107 55 1959
492 1090 187 55 (peinture,
639 1090 93 55 128
692 1090 67 55 x
706 1090 93 55 138).

147 1133 185 37 262
292 1133 172 37 Peinture,
424 1133 106 37 1959
490 1133 185 37 (peinture,
636 1133 79 37 73
675 1133 66 37 x
689 1133 92 37 92).*

147 1170 183 35 263
291 1170 170 35 Peinture,
422 1170 105 35 1959
487 1170 183 35 (peinture,
631 1170 79 35 73
670 1170 65 35 x
683 1170 79 35 92).

146 1199 197 41 264
301 1199 169 41 Gouache,
427 1199 113 41 1959
498 1199 183 41 (gouache,
638 1199 84 41 52
681 1199 70 41 x
695 1199 84 41 37).

145 1235 197 54 265
300 1235 169 54 Gouache,
426 1235 113 54 1959
497 1235 183 54 (gouache.
637 1235 84 54 52
680 1235 70 54 x
694 1235 84 54 37).

134 2250 82 51 144
