1132 2373
408 60 346 85 TRAVAUX
655 60 346 85 D'ÉQUIPE

114 207 119 69 324
185 207 155 69 REQUIEM

117 265 161 73 Présenté
237 265 107 73 sous
304 265 120 73 forme
384 265 80 73 de
411 265 147 73 maquette.

115 284 83 97 Ce
157 284 152 97 Requiem
267 284 152 97 célèbre
378 284 111 97 ceux
447 284 111 97 qui,
516 284 97 97 par
572 284 125 97 leurs
655 284 194 97 créations,
807 284 97 97 ont
848 284 125 97 apporté

116 327 166 89 quelque
236 327 136 89 chose
327 327 90 89 de
372 327 166 89 positif
493 327 75 89 à
523 327 226 89 l’humanité,
704 327 181 89 condamne
839 327 90 89 la
870 327 106 89 force

118 357 150 91 brutale
227 357 82 91 et
268 357 109 91 rend
336 357 150 91 hommage
445 357 68 91 à
472 357 163 91 l’esprit
595 357 82 91 de
636 357 109 91 tous
704 357 109 91 ceux
772 357 68 91 à
799 357 95 91 qui
853 357 82 91 il
894 357 68 91 a
908 357 68 91 été

119 394 107 85 fait
186 394 174 85 violence.
319 394 94 85 Par
373 394 187 85 conséquent
520 394 80 85 il
560 394 80 85 ne
600 394 174 85 s’adresse
734 394 94 85 pas
788 394 67 85 à
814 394 80 85 la
841 394 134 85 personne

119 443 155 69 charnelle
238 443 95 69 mais
298 443 60 69 à
321 443 143 69 l’esprit
429 443 83 69 qui
464 443 143 69 l’animait.

120 467 112 98 Nous
190 467 126 98 avons
275 467 141 98 choisi
373 467 84 98 ce
415 467 126 98 sujet
499 467 70 98 à
527 467 126 98 cause
612 467 84 98 de
654 467 84 98 sa
696 467 141 98 poésie
794 467 98 98 qui
851 467 126 98 ouvre
921 467 56 98 la

122 502 116 95 porte
199 502 64 95 à
225 502 103 95 tous
289 502 90 95 les
341 502 154 95 domaines
456 502 77 95 de
495 502 128 95 l’art,
585 502 77 95 et
623 502 64 95 à
649 502 116 95 cause
726 502 77 95 de
765 502 77 95 sa
803 502 128 95 nature
880 502 103 95 neutre

121 539 85 89 et
163 539 226 89 indépendante
347 539 85 89 de
390 539 142 89 toutes
489 539 255 89 préoccupations
701 539 198 89 politiques
857 539 85 89 ou
885 539 99 89 reli

123 619 103 85 Dans
188 619 90 85 cet
239 619 129 85 espace
329 619 142 85 doivent
432 619 77 85 se
471 619 129 85 réunir
561 619 64 85 à
587 619 77 85 la
625 619 103 85 fois
690 619 77 85 ou
728 619 103 85 l’un
793 619 116 85 après
857 619 129 85 l’autre.

121 654 138 80 divers
218 654 166 80 domaines
342 654 83 80 de
384 654 138 80 l’art;
480 654 110 80 nous
549 654 124 80 avons
632 654 110 80 donc
701 654 138 80 essayé
798 654 83 80 de
839 654 97 80 lui
881 654 110 80 donner

123 706 81 60 un
163 706 175 60 caractère
298 706 94 60 qui
351 706 175 60 permettra
486 706 94 60 une
540 706 135 60 grande
621 706 162 60 variation.

124 717 80 86 La
164 717 173 86 structure
297 717 186 86 intérieure
443 717 80 86 du
483 717 160 86 bâtiment
603 717 93 86 est
656 717 120 86 fixe,
736 717 93 86 les
789 717 160 86 éléments
896 717 93 86 exté-

124 758 143 76 rieurs
224 758 100 76 qui
281 758 86 76 la
324 758 200 76 complètent
481 758 114 76 sont
552 758 157 76 mobiles
666 758 86 76 de
709 758 129 76 façon
795 758 71 76 à
824 758 157 76 tourner
924 758 71 76 sur

127 821 79 52 un
166 821 92 52 axe
219 821 106 52 fixe
285 821 79 52 de
312 821 79 52 3600

129 932 163 86 Ervin
252 932 204 86 PATKAI
415 932 82 86 né
456 932 82 86 en
497 932 109 86 1937
565 932 68 86 à
592 932 204 86 Bebekscsaba
755 932 190 86 (Hongrie).
891 932 109 86 Sculp

128 989 194 96 Bernard
281 989 222 96 COLETTE
461 989 83 96 né
503 989 83 96 en
544 989 111 96 1932
614 989 69 96 à
641 989 166 96 Asnières
766 989 180 96 (France).
891 989 111 96 Archi

132 1098 172 64 Tamas
261 1098 201 64 KONOK
418 1098 86 64 né
461 1098 86 64 en
504 1098 115 64 1930
576 1098 72 64 à
605 1098 172 64 Budapest
734 1098 201 64 (Hongrie).
877 1098 129 64 Peintre

-23 1137 213 70 Thomas
140 1137 229 70 ZANKO
321 1137 98 70 né
370 1137 98 70 en
419 1137 131 70 1937
501 1137 82 70 à
534 1137 197 70 Budapest
681 1137 229 70 (Hongrie).
845 1137 164 70 Peintre.
