1181 2331
226 42 604 73 MANIFESTATIONS
715 42 374 73 ANNEXES

390 225 203 55 GALERIE
549 225 87 55 R.
578 225 174 55 CREUZE

460 268 150 42 (Salle
550 268 135 42 Balzac)

260 299 106 51 12,
321 299 106 51 rue
381 299 182 51 Beaujon,
518 299 137 51 Paris
609 299 121 51 (8e)
685 299 76 51 -
715 299 121 51 WAG.
776 299 106 51 42

220 339 213 57 Exposition
387 339 91 57 du
433 339 91 57 30
478 339 198 57 septembre
630 339 91 57 au
676 339 91 57 29
721 339 167 57 octobre
828 339 106 57 1965.

244 378 205 55 Vernissage
406 378 88 55 le
450 378 132 55 jeudi
538 378 88 55 30
582 378 191 55 septembre
729 378 73 55 à
758 378 88 55 21
787 378 59 55 h.

235 419 113 48 Tous
306 419 99 48 les
362 419 127 48 jours
447 419 113 48 sauf
518 419 85 48 le
560 419 170 48 dimanche
687 419 85 48 et
730 419 85 48 le
758 419 99 48 lundi

324 463 89 49 de
369 463 89 49 10
413 463 74 49 h
443 463 74 49 à
473 463 89 49 12
517 463 74 49 h
547 463 89 49 et
591 463 89 49 de
636 463 89 49 14
681 463 74 49 h
710 463 74 49 à
740 463 89 49 18
770 463 59 49 h.

323 534 147 51 LA
421 534 229 51 FIGURATION
584 534 245 51 NARRATIVE

311 581 188 48 DANS
448 581 154 48 L’ART
533 581 308 48 CONTEMPORAIN

142 644 134 43 Cette
232 644 209 43 exposition
396 644 194 43 organisée
545 644 104 43 par
604 644 149 43 Gérald
709 644 298 43 Gassiot-Talabot.
948 644 89 43 sous

143 676 156 45 l’égide
256 676 99 45 des
313 676 170 45 Galeries
440 676 141 45 Europe
539 676 85 45 et
581 676 156 45 Creuze,
695 676 85 45 se
737 676 156 45 propose
850 676 85 45 de
893 676 141 45 donner
977 676 57 45 un

143 704 144 53 aperçu
243 704 202 53 provisoire
402 704 101 53 sur
460 704 231 53 l’expression
647 704 187 53 narrative
791 704 115 53 dans
863 704 86 53 la
892 704 144 53 peinture

144 742 84 58 et
186 742 84 58 la
228 742 182 58 sculpture
354 742 238 58 contemporaines.

144 776 114 60 Par
209 776 98 60 un
258 776 212 60 phénomène
420 776 260 60 remarquable,
632 776 244 60 constituant
827 776 114 60 une
876 776 163 60 réaction

144 819 142 48 contre
243 819 171 48 l'esprit
372 819 199 48 a-temporel
528 819 85 48 de
571 819 85 48 la
614 819 157 48 plupart
728 819 100 48 des
785 819 142 48 grands
870 819 171 48 mouvements

146 849 196 57 plastiques
300 849 84 57 du
342 849 98 57 XXe
397 849 154 57 siècle,
509 849 140 57 nombre
607 849 196 57 d’artistes
761 849 251 57 d’aujourd’hui,
956 849 84 57 sou-

146 886 105 47 vent
212 886 119 47 parmi
291 886 92 47 les
344 886 105 47 plus
409 886 158 47 avancés,
528 886 92 47 ont
581 886 119 47 senti
660 886 79 47 la
699 886 171 47 nécessité
831 886 79 47 de
857 886 185 47 réintroduire

146 927 109 41 dans
214 927 122 41 leurs
296 927 163 41 travaux,
418 927 81 41 la
459 927 136 41 notion
554 927 81 41 de
594 927 122 41 récit
676 927 163 41 continu,
798 927 190 41 d’épisodes
933 927 109 41 narra-

145 955 124 57 tifs,
228 955 83 57 de
270 955 207 57 déroulement
436 955 111 57 dans
505 955 83 57 la
532 955 111 57 durée.

147 1007 130 34 Cette
233 1007 202 34 exposition
392 1007 87 34 de
436 1007 174 34 synthèse
566 1007 87 34 se
609 1007 130 34 place
696 1007 116 34 donc
768 1007 260 34 nécessairement
971 1007 72 34 au-

144 1029 156 48 dessus
253 1029 109 48 des
316 1029 280 48 cloisonnements
549 1029 109 48 des
611 1029 218 48 mouvements
782 1029 93 48 et
829 1029 109 48 des
876 1029 171 48 chapelles

145 1063 226 53 picturales,
326 1063 120 53 pour
401 1063 166 53 aborder
521 1063 90 53 le
566 1063 120 53 plus
642 1063 256 53 objectivement
852 1063 181 53 possible
973 1063 75 53 une

146 1094 172 51 question
275 1094 172 51 actuelle
403 1094 100 51 qui
461 1094 172 51 dépasse,
590 1094 100 51 par
647 1094 86 51 sa
690 1094 143 51 nature
790 1094 129 51 même,
876 1094 86 51 le
905 1094 143 51 problème

146 1130 101 44 des
203 1130 216 44 engagements
376 1130 201 44 plastiques
534 1130 201 44 déterminés
692 1130 86 44 et
720 1130 144 44 limités.

360 1274 231 57 GALERIE
524 1274 297 57 L’ENTREMONDE

269 1317 106 44 50,
329 1317 106 44 rue
390 1317 196 44 Mazarine,
541 1317 136 44 Paris
631 1317 121 44 (6e)
707 1317 75 44 —
737 1317 121 44 ODE.
797 1317 121 44 80

223 1348 221 62 Exposition
397 1348 95 62 du
444 1348 95 62 28
492 1348 205 62 septembre
650 1348 95 62 au
697 1348 79 62 3
729 1348 190 62 novembre
855 1348 111 62 1965.

237 1406 212 45 Vernissage
404 1406 91 45 le
449 1406 136 45 mardi
540 1406 91 45 28
585 1406 197 45 septembre
737 1406 91 45 de
782 1406 91 45 16
828 1406 76 45 à
858 1406 91 45 22
888 1406 61 45 h.

272 1446 115 48 Tous
343 1446 101 48 les
401 1446 129 48 jours
487 1446 115 48 sauf
559 1446 86 48 le
602 1446 172 48 dimanche
732 1446 86 48 et
775 1446 86 48 le
803 1446 101 48 lundi

252 1470 92 54 de
298 1470 92 54 10
343 1470 76 54 h
374 1470 92 54 30
420 1470 76 54 à
450 1470 92 54 12
496 1470 76 54 h
527 1470 92 54 30
572 1470 92 54 et
618 1470 92 54 de
664 1470 92 54 14
710 1470 76 54 h
740 1470 92 54 30
786 1470 76 54 à
817 1470 92 54 19
863 1470 76 54 h
878 1470 61 54 30

416 1509 87 50 le
459 1509 131 50 jeudi
546 1509 87 50 de
590 1509 87 50 20
633 1509 73 50 h
662 1509 73 50 à
691 1509 87 50 24
720 1509 58 50 h.

355 1574 159 51 UN
461 1574 177 51 GROUPE
567 1574 248 51 HOMOGENE

234 1638 217 42 Barray-
404 1638 217 42 Chazottes-
574 1638 279 42 Pradalié-Thon-
791 1638 170 42 Lutz.

152 1696 95 42 La
200 1696 174 42 formule
327 1696 95 42 du
374 1696 174 42 groupe,
501 1696 222 42 réunissant
675 1696 111 42 des
739 1696 254 42 tempéraments
929 1696 127 42 divers

153 1730 115 40 dans
224 1730 86 40 un
267 1730 129 40 idéal
354 1730 86 40 de
397 1730 187 40 recherche
540 1730 129 40 n’est
626 1730 115 40 sans
698 1730 129 40 doute
784 1730 100 40 pas
842 1730 187 40 nouvelle,
971 1730 86 40 mais

154 1758 157 49 oubliée,
272 1758 118 49 notre
350 1758 92 49 but
403 1758 92 49 est
455 1758 79 49 de
495 1758 183 49 contribuer
639 1758 66 49 à
665 1758 92 49 cet
717 1758 131 49 effort
809 1758 79 49 de
835 1758 223 49 réhabilitation.

155 1802 105 53 Les
215 1802 151 53 jeunes
321 1802 181 53 peintres
456 1802 105 53 que
517 1802 181 53 présente
652 1802 90 53 la
697 1802 166 53 Galerie
818 1802 90 53 de
848 1802 211 53 l’Entremonde

153 1838 119 41 sont
227 1838 119 41 unis
302 1838 104 41 par
361 1838 89 41 un
406 1838 119 41 même
480 1838 149 41 esprit
584 1838 89 41 de
629 1838 208 41 recherche.
792 1838 119 41 Leur
867 1838 178 41 peinture
986 1838 74 41 est

154 1873 160 39 ouverte
271 1873 73 39 à
300 1873 146 39 toutes
402 1873 102 39 les
460 1873 204 39 tendances,
621 1873 117 39 elle
694 1873 204 39 correspond
854 1873 73 39 à
883 1873 117 39 leur
941 1873 117 39 nature

154 1908 143 45 même,
249 1908 79 45 à
281 1908 127 45 leur
361 1908 254 45 tempérament;
567 1908 127 45 tous
646 1908 206 45 cherchent
805 1908 79 45 à
837 1908 206 45 atteindre
980 1908 79 45 une

156 1940 201 45 expression
314 1940 144 45 libre.
414 1940 115 45 Pour
486 1940 86 45 se
529 1940 215 45 développer,
701 1940 100 45 ils
759 1940 100 45 ont
816 1940 144 45 besoin
916 1940 86 45 de
960 1940 86 45 ne
988 1940 72 45 pas

155 1967 218 47 s’enfermer
327 1967 125 47 dans
405 1967 109 47 une
467 1967 218 47 esthétique
638 1967 171 47 donnée.
763 1967 125 47 Leur
841 1967 109 47 art
903 1967 93 47 se
950 1967 125 47 fait
1012 1967 47 47 à

157 2006 155 41 l’image
270 2006 85 41 de
312 2006 85 41 la
354 2006 169 41 création
481 2006 113 41 dont
552 2006 85 41 il
594 2006 99 41 est
651 2006 141 41 chaque
750 2006 113 41 fois
820 2006 85 41 un
862 2006 169 41 exemple,
975 2006 85 41 dans

156 2040 93 57 un
203 2040 140 57 monde
296 2040 93 57 de
343 2040 217 57 mouvements
514 2040 93 57 au
560 2040 124 57 sein
638 2040 93 57 de
684 2040 93 57 ce
731 2040 140 57 grand
809 2040 155 57 univers.

160 2077 96 49 Ils
215 2077 150 49 mettent
324 2077 109 49 leur
392 2077 164 49 peinture
515 2077 68 49 à
542 2077 82 49 la
583 2077 136 49 portée
679 2077 82 49 du
720 2077 177 49 véritable
856 2077 150 49 amateur
965 2077 82 49 et
993 2077 68 49 lui

158 2121 181 43 procurent
297 2121 181 43 l’émotion
436 2121 83 43 et
478 2121 83 43 la
520 2121 111 43 joie
589 2121 83 43 de
631 2121 83 43 la
673 2121 209 43 découverte.
840 2121 125 43 C’est
923 2121 125 43 ainsi
992 2121 70 43 que

158 2161 82 39 se
199 2161 109 39 sont
267 2161 136 39 faites
363 2161 95 39 les
417 2161 109 39 plus
486 2161 150 39 grandes
581 2161 191 39 collections.
