1086 2373
-5 21 495 93 RÉPUBLIQUE
373 21 408 93 FÉDÉRALE

-34 83 516 77 D'ALLEMAGNE

166 395 243 47 Commissaire
360 395 194 47 général:
506 395 210 47 Thomas
651 395 259 47 Grochowiak

169 437 187 53 Directeur
313 437 101 53 des
370 437 144 53 Musées
471 437 86 53 de
514 437 86 53 la
558 437 130 53 Ville
644 437 86 53 de
673 437 245 53 Recklinghausen.

111 530 212 51 L’amateur
274 530 114 51 qui
339 530 131 51 suit
421 530 278 51 attentivement
650 530 114 51 les
715 530 163 51 remous
813 530 131 51 artis-

65 577 157 44 tiques
175 577 94 44 et
222 577 110 44 les
285 577 220 44 évolutions
458 577 94 44 de
505 577 94 44 la
552 577 141 44 jeune
647 577 189 44 peinture
788 577 94 44 de
835 577 94 44 la
866 577 79 44 Ré-

66 609 207 57 publique
221 609 207 57 Fédérale
376 609 224 57 Allemande
549 609 121 57 (et
618 609 138 57 cela
704 609 138 57 peut
791 609 104 57 se
825 609 121 57 faire

68 646 128 56 chez
148 646 128 56 nous
228 646 144 56 grâce
324 646 80 56 à
356 646 112 56 des
420 646 240 56 expositions
611 646 96 56 et
659 646 80 56 à
691 646 112 56 des
755 646 128 56 prix
819 646 128 56 résers

67 692 114 38 vés
132 692 114 38 aux
197 692 163 38 jeunes
311 692 163 38 chaque
425 692 147 38 année
523 692 98 38 en
572 692 114 38 des
637 692 163 38 villes
735 692 212 38 différentes

63 732 188 35 telles
195 732 132 35 que
270 732 264 35 Stuttgart,
477 732 245 35 Mannheim,
666 732 282 35 Baden-Baden
873 732 75 35 ou

69 762 348 47 Recklinghausen)
362 762 256 47 remarquera
563 762 293 47 certainement
801 762 128 47 que
856 762 92 47 nos

65 802 170 54 jeunes
184 802 204 54 artistes
336 802 136 54 sont
421 802 136 54 plus
506 802 119 54 que
574 802 170 54 jamais
710 802 136 54 chez
794 802 119 54 eux
845 802 102 54 par.

65 838 149 54 tout
159 838 149 54 dans
252 838 112 54 le
289 838 149 54 monde.

114 875 214 61 Beaucoup
274 875 142 61 plus
363 875 125 61 que
435 875 107 61 la
488 875 249 61 génération
684 875 267 61 précédente,
880 875 71 61 on

70 925 121 47 les
139 925 224 47 rencontre
311 925 276 47 aujourd’hui,
535 925 86 47 à
570 925 155 47 Paris
673 925 155 47 aussi
777 925 138 47 bien
846 925 103 47 qu'à

71 959 123 52 New
142 959 159 52 York.
248 959 159 52 Rome.
353 959 229 52 Amsterdam
529 959 106 52 ou
582 959 176 52 Tokio,
705 959 211 52 toujours
846 959 106 52 avec

72 1006 103 46 la
123 1006 138 46 même
210 1006 241 46 curiosité,
399 1006 103 46 le
451 1006 138 46 même
537 1006 276 46 enthousiasme
761 1006 103 46 et
813 1006 103 46 le
848 1006 103 46 même

72 1034 236 51 septicisme.
261 1034 110 51 Ils
324 1034 94 51 ne
371 1034 126 51 sont
450 1034 126 51 plus
528 1034 157 51 isolés
638 1034 94 51 et
686 1034 94 51 ne
733 1034 173 51 veulent
843 1034 110 51 pluis

61 1083 130 46 l’être.

120 1118 114 57 Les
185 1118 147 57 voies
283 1118 98 57 et
332 1118 114 57 les
397 1118 163 57 moyens
512 1118 98 57 de
561 1118 278 57 participation
790 1118 131 57 sont
855 1118 98 57 ausi

77 1165 200 46 multiples
230 1165 123 46 chez
307 1165 108 46 nos
368 1165 154 46 jeunes
476 1165 184 46 artistes
614 1165 108 46 que
676 1165 169 46 partout
783 1165 169 46 ailleurs,

75 1200 128 55 mais
155 1200 112 55 ils
219 1200 96 55 ne
267 1200 176 55 perdent
395 1200 112 55 pas
459 1200 96 55 de
507 1200 112 55 vue
570 1200 112 55 que
634 1200 96 55 la
682 1200 256 55 flagellation
874 1200 80 55 des

74 1235 190 53 toiles,
212 1235 276 53 l’ennivrante
436 1235 190 53 torture
574 1235 121 53 des
643 1235 190 53 pierres
781 1235 104 53 et
833 1235 104 53 du
868 1235 86 53 bos

76 1274 192 51 semblent
220 1274 223 51 s’épuiser.
395 1274 144 51 C’est
491 1274 96 51 le
539 1274 176 51 recours
667 1274 192 51 objectif
810 1274 112 51 aux
858 1274 96 51 pos-

75 1314 229 49 sibilités
252 1314 106 49 de
304 1314 106 49 ce
357 1314 159 49 monde
463 1314 106 49 et
516 1314 123 49 aux
586 1314 299 49 impondérables
833 1314 106 49 de
868 1314 88 49 nos

79 1351 141 56 rêves
173 1351 109 56 qui
236 1351 266 56 caractérisent
455 1351 109 56 les
517 1351 156 56 images
627 1351 94 56 et
674 1351 109 56 les
736 1351 219 56 plastiques
892 1351 63 56 de

78 1398 123 50 nos
149 1398 176 50 jeunes
254 1398 211 50 créateurs.

125 1434 174 56 Konrad
246 1434 208 56 Klapheck
402 1434 104 56 se
455 1434 174 56 confie
576 1434 122 56 aux
645 1434 208 56 machines
802 1434 122 56 que
854 1434 104 56 nois

80 1484 215 44 côtoyons
241 1484 179 44 chaque
366 1484 143 44 jour
456 1484 143 44 chez
545 1484 143 44 nous
635 1484 89 44 à
671 1484 107 44 la
724 1484 179 44 maison
850 1484 107 44 ou
885 1484 72 44 au

81 1517 178 52 bureau.
211 1517 97 52 Il
259 1517 114 52 les
324 1517 178 52 observe
454 1517 97 52 et
503 1517 114 52 les
568 1517 162 52 décrit
681 1517 130 52 avec
762 1517 81 52 7
779 1517 178 52 méticulo-

82 1549 138 57 sité
168 1549 103 57 et
219 1549 120 57 les
288 1549 189 57 utilise
426 1549 155 57 comme
529 1549 172 57 médium
649 1549 103 57 de
701 1549 120 57 ses
770 1549 172 57 désirs
873 1549 86 57 se-

83 1586 146 62 crets
180 1586 97 62 et
229 1586 97 62 de
278 1586 114 62 ses
343 1586 162 62 idées.
456 1586 97 62 Si
505 1586 130 62 nous
586 1586 114 62 les
651 1586 276 62 interrogeons,
863 1586 97 62 eles

83 1625 197 62 parlent
226 1625 89 62 à
262 1625 161 62 notre
369 1625 251 62 conscience
566 1625 107 62 ou
620 1625 161 62 elles
727 1625 251 62 commencent
906 1625 54 62 à

86 1673 136 42 nous
171 1673 222 42 persuader
342 1673 102 42 de
393 1673 102 42 la
444 1673 188 42 réalité
580 1673 102 42 de
631 1673 119 42 nos
683 1673 136 42 rêves.

127 1709 167 62 Jochen
244 1709 200 62 Hiltmann
394 1709 167 62 libère
511 1709 100 62 le
561 1709 117 62 feu
628 1709 100 62 de
678 1709 183 62 l’acier
811 1709 100 62 et
844 1709 117 62 quand

87 1756 94 47 la
134 1756 172 47 matière
259 1756 109 47 lui
321 1756 156 47 obéit,
431 1756 94 47 il
477 1756 156 47 coule,
587 1756 94 47 du
633 1756 140 47 métal
727 1756 94 47 en
774 1756 172 47 fusion,
883 1756 78 47 des

88 1790 178 54 boulets
217 1790 146 54 qu’il
315 1790 178 54 attaque
444 1790 97 54 au
493 1790 113 54 fer
558 1790 81 54 à
590 1790 162 54 souder
704 1790 130 54 pour
785 1790 178 54 libérer
898 1790 65 54 le

87 1833 161 48 noyau
194 1833 125 48 des
266 1833 197 48 scories
409 1833 107 48 du
463 1833 179 48 moule,
588 1833 161 48 tendu
695 1833 89 48 à
731 1833 107 48 la
784 1833 179 48 limite
892 1833 72 48 de

91 1868 260 50 l’éclatement,
305 1868 184 50 révélant
443 1868 138 50 ainsi
535 1868 107 50 des
596 1868 230 50 trouvailles
765 1868 199 50 inattendues

136 1914 118 53 Les
204 1914 186 53 plaques
339 1914 220 53 profilées
508 1914 102 53 de
559 1914 203 53 feuilles
711 1914 254 53 d’aluminium
897 1914 68 53 de

92 1959 160 48 Heins
199 1959 160 48 Macks
306 1959 142 48 sont
395 1959 125 48 des
466 1959 214 48 hommages
626 1959 89 48 à
662 1959 107 48 la
715 1959 214 48 lumière.
857 1959 107 48 L’ar

91 1989 158 56 tiste
197 1989 158 56 donne
302 1989 105 56 un
354 1989 175 56 rythme
477 1989 123 56 aux
547 1989 193 56 plaques
687 1989 263 56 métalliques
879 1989 88 56 en!

98 2028 195 50 imprimant
248 2028 105 50 des
308 2028 225 50 structures,
488 2028 90 50 il
533 2028 150 50 laisse
637 2028 150 50 couler
742 2028 90 50 la
787 2028 165 50 lumière
892 2028 75 50 sur

97 2067 164 54 elles,
211 2067 115 54 les
277 2067 246 54 changements
474 2067 98 54 de
523 2067 98 54 sa
572 2067 213 54 direction
736 2067 98 54 et
786 2067 115 54 les
835 2067 131 54 varia-

97 2104 154 52 tions
199 2104 102 52 de
250 2104 119 52 son
319 2104 222 52 intensité
489 2104 222 52 modifient
660 2104 102 52 la
711 2104 188 52 surface
848 2104 102 52 et
882 2104 85 52 les

100 2143 189 49 reliefs;
242 2143 95 49 et
290 2143 95 49 se
337 2143 205 49 déplaçant
495 2143 95 49 çà
542 2143 95 49 et
589 2143 110 49 là,
652 2143 95 49 la
700 2143 142 49 danse
794 2143 110 49 des
842 2143 126 49 reflet

84 2214 72 42 22
