1181 2331
148 1009 147 73 lundi
245 1009 98 73 25
294 1009 130 73 oct.
376 1009 163 73 Cinéma
490 1009 98 73 et
522 1009 212 73 Télévision.

696 28 392 52 COLLOQUES

149 475 231 73 Responsable:
336 475 202 73 Georges
480 475 231 73 BOUDAILLE

147 544 94 72 La
194 544 188 72 Biennale
335 544 109 72 n’a
397 544 109 72 pas
460 544 203 72 seulement
616 544 125 72 pour
694 544 109 72 but
757 544 94 72 de
804 544 219 72 confronter
960 544 78 72 des

149 584 151 67 œuvres,
259 584 110 67 elle
328 584 82 67 se
369 584 151 67 propose
479 584 179 67 également
616 584 82 67 de
657 584 137 67 réunir
754 584 96 67 des
809 584 165 67 artistes
932 584 82 67 de
960 584 82 67 tous

149 617 126 71 pays,
233 617 112 71 afin
303 617 98 71 que
359 617 84 71 de
400 617 196 71 véritables
554 617 168 71 échanges
680 617 154 71 d’idées
792 617 168 71 puissent
917 617 140 71 naître
1001 617 42 71 à

151 672 120 49 cette
217 672 147 49 occasion.

149 719 150 66 lundi
249 719 83 66 4
283 719 133 66 oct.
366 719 250 66 L’Urbanisme
566 719 267 66 Contemporain
783 719 217 66 (Colloque
933 719 117 66 orga-

380 757 113 72 nisé
451 757 71 72 à
479 757 198 72 l’occasion
635 757 85 72 du
677 757 156 72 Congrès
790 757 85 72 de
833 757 170 72 l’A.l.C.
946 757 85 72 A.).

147 815 147 91 lundi
245 815 98 91 11
294 815 131 91 oct.
376 815 131 91 Jazz
458 815 98 91 et
507 815 180 91 musique
622 815 262 91 contemporaine.

150 884 143 80 lundi
246 884 96 80 18
293 884 127 80 oct.
373 884 112 80 Les
437 884 175 80 Maisons
564 884 96 80 de
612 884 175 80 Culture
739 884 96 80 et
787 884 112 80 les
851 884 175 80 Centres
962 884 96 80 Dra

360 947 198 52 matiques.

155 1072 140 74 lundi
249 1072 109 74 1er
311 1072 125 74 nov.
389 1072 249 74 Enseignement
591 1072 109 74 des
653 1072 218 74 Beaux-Arts
825 1072 93 74 et
856 1072 171 74 Création.

158 1126 116 67 Pour
231 1126 87 67 le
275 1126 189 67 programme
420 1126 174 67 détaillé
550 1126 87 67 de
594 1126 145 67 chaque
695 1126 189 67 Colloque,
840 1126 87 67 se
884 1126 174 67 reporter
1000 1126 58 67 au

158 1167 191 53 calendrier
308 1167 82 53 de
349 1167 82 53 la
390 1167 164 53 Biennale
513 1167 82 53 et
554 1167 82 53 au
595 1167 150 53 tableau
704 1167 205 53 d’affichage
868 1167 68 53 à
895 1167 164 53 l’entrée
1004 1167 55 53 du

157 1210 155 54 Théâtre
270 1210 169 54 d’Essai,
397 1210 127 54 ainsi
481 1210 127 54 qu’au
566 1210 183 54 programme
707 1210 183 54 distribué
848 1210 113 54 dans
919 1210 85 54 la
947 1210 113 54 salle.
