1086 2373
448 271 229 51 PEINTURE
619 271 114 51 ET
658 271 152 51 DESSIN

213 323 201 56 Ricardo
371 323 287 56 IRARRAZAVAL
615 323 86 56 né
658 323 86 56 en
701 323 115 56 1931
773 323 72 56 à
802 323 172 56 Santiago
916 323 101 56 (Chi)

177 365 161 50 1
298 365 121 50 Envol
378 365 135 50 marin,
472 365 108 50 1964
540 365 148 50 (huile,
647 365 94 50 130
701 365 67 50 x
728 365 108 50 97).
795 365 188 50 Collection
930 365 94 50 Caros

178 428 149 60 2
290 428 187 60 Attachement
439 428 62 60 à
464 428 75 60 la
501 428 124 60 terre,
588 428 100 60 1964
651 428 137 60 (huile,
750 428 87 60 130
800 428 62 60 x
825 428 100 60 97).
875 428 149 60 Collection

210 471 139 45 Sergio
294 471 139 45 Larrain.

175 495 156 49 3
292 495 156 49 Présence
409 495 195 49 ancestrale,
565 495 104 49 1965
630 495 143 49 (huile,
734 495 91 49 100
786 495 65 49 x
799 495 91 49 160).

174 534 154 50 4
290 534 180 50 Personnage
431 534 90 50 des
483 534 129 50 Andes,
573 534 103 50 1965
637 534 141 50 (huile,
740 534 90 50 130
791 534 64 50 x
817 534 103 50 97).
869 534 154 50 Collection

206 573 192 45 Augustin
334 573 176 45 Edwards.»

176 607 161 39 5
297 607 188 39 Personnage
445 607 108 39 dans
512 607 81 39 le
552 607 161 39 paysage,
673 607 108 39 1965
740 607 148 39 (huile,
848 607 94 39 130
902 607 67 39 x
915 607 81 39 97).

211 723 229 48 Valentina
396 723 186 48 CRUZ,
539 723 100 48 née
597 723 86 48 en
639 723 114 48 1939
711 723 71 48 à
739 723 200 48 Concepcion
882 723 129 48 (Chii).

178 764 154 47 6
294 764 90 47 Les
345 764 141 47 vigies,
448 764 103 47 1963
512 764 192 47 (sculptures
666 764 141 47 creuses
768 764 103 47 avec
833 764 192 47 serpillière
974 764 51 47 et

210 796 136 47 colle
301 796 151 47 forte,
406 796 181 47 retenues
542 796 106 47 par
603 796 91 47 du
648 796 166 47 ciment,
769 796 106 47 200
830 796 76 47 x
860 796 106 47 125
920 796 76 47 x
935 796 91 47 84).

210 840 218 32 Collection
381 840 140 32 Musée
475 840 140 32 d’Art
553 840 155 32 Moderne.

177 873 152 39 7
291 873 114 39 Homme
367 873 127 39 assis,
456 873 101 39 1964
519 873 190 39 (sculptures
671 873 139 39 creuses
773 873 101 39 avec
836 873 190 39 serpillière
975 873 51 39 et

212 897 129 45 colle
297 897 143 45 forte,
397 897 171 45 retenues
526 897 100 45 par
583 897 86 45 du
626 897 157 45 ciment,
740 897 100 45 158
798 897 71 45 x
826 897 86 45 62
869 897 71 45 x
883 897 86 45 70).

178 938 159 37 8
297 938 119 37 Homme
376 938 146 37 debout,
482 938 106 37 1964
548 938 199 37 (sculptures
707 938 146 37 creuses
813 938 106 37 avec
866 938 159 37 serpillièe

212 963 87 51 et
255 963 130 51 colle
341 963 144 51 forte,
442 963 173 51 retenues
572 963 101 51 par
630 963 87 51 du
673 963 159 51 ciment,
789 963 101 51 225
846 963 72 51 x
875 963 87 51 70
918 963 72 51 x
933 963 72 51 40)
