1061 2276
104 231 277 68 Commissaire
325 231 222 68 général:
492 231 203 68 Nicolas
621 231 185 68 Mirtchev

108 293 189 47 Président
254 293 87 47 de
297 293 160 47 l’Union
414 293 102 47 des
472 293 174 47 Peintres
588 293 160 47 Bulgares.

52 424 122 55 Les
121 424 331 55 transformations
400 424 366 55 révolutionnaires,
696 424 226 55 intervenues

9 465 96 55 en
57 465 192 55 Bulgarie
201 465 80 55 à
233 465 96 55 la
282 465 144 55 suite
378 465 96 55 de
426 465 96 55 la
474 465 192 55 victoire
618 465 112 55 sur
682 465 96 55 le
731 465 192 55 fascisme
859 465 64 55 et

8 504 100 41 de
58 504 316 41 l’établissement
324 504 100 41 du
374 504 183 41 pouvoir
507 504 216 41 populaire
673 504 83 41 à
706 504 100 41 la
756 504 116 41 fin
822 504 100 41 de
856 504 66 41 la

6 542 205 43 Seconde
156 542 187 43 Guerre
286 542 243 43 mondiale,
473 542 224 43 posèrent
641 542 131 43 aux
716 542 149 43 arts
790 542 131 43 plas-

6 590 172 35 tiques
126 590 206 35 bulgares
280 590 120 35 des
349 590 172 35 tâches
452 590 206 35 nouvelles.

53 614 113 50 Les
117 614 161 50 jeunes
230 614 193 50 artistes
374 614 177 50 étaient
503 614 113 50 les
567 614 193 50 premiers
712 614 80 50 à
744 614 177 50 militer
857 614 64 50 en

6 656 176 47 faveur
130 656 158 47 d’une
235 656 246 47 rénovation
429 656 246 47 immédiate.
622 656 158 47 Forts
728 656 123 47 des
780 656 141 47 tradi-

8 696 152 47 tions
110 696 287 47 progressistes
346 696 101 47 du
397 696 152 47 passé
498 696 135 47 qui,
583 696 85 47 à
617 696 186 47 l’heure
752 696 101 47 du
786 696 135 47 renou-

8 737 162 40 veau,
116 737 126 40 les
188 737 269 40 orientaient
403 737 144 40 vers
493 737 126 40 les
565 737 162 40 idées
673 737 251 40 généreuses
852 737 72 40 de

8 774 287 40 l’humanisme,
242 774 126 40 ils
313 774 341 40 s’insurgeaient,
601 774 198 40 ralliés
744 774 180 40 autour
852 774 72 40 de

9 810 183 41 l’Union
142 810 116 41 des
209 810 366 41 artistes-peintres,
525 810 166 41 contre
641 810 100 41 le
691 810 233 41 sectarisme
857 810 67 41 et

9 842 108 48 le
63 842 269 48 dogmatisme,
278 842 179 48 contre
404 842 161 48 toute
511 842 251 48 conception
709 842 215 48 étriquée
852 842 72 48 du

13 891 123 34 rôle
90 891 92 34 de
136 891 154 34 l’art.
244 891 108 34 Des
305 891 154 34 forces
413 891 200 34 nouvelles
567 891 231 34 cherchaient
752 891 77 34 à
768 891 154 34 s’affir-

10 922 135 45 mer,
95 922 101 45 en
145 922 169 45 allant
263 922 101 45 au
314 922 169 45 devant
432 922 118 45 des
500 922 186 45 grandes
635 922 169 45 tâches
753 922 101 45 de
804 922 101 45 la
838 922 84 45 ré-

8 964 200 40 volution
158 964 234 40 culturelle
342 964 100 40 du
375 964 117 40 pays.

55 991 222 51 L’optique
226 991 120 51 des
294 991 188 51 jeunes,
431 991 137 51 leur
516 991 256 51 sensibilité
704 991 222 51 frémissante

10 1038 311 42 s’appliquaient
269 1038 86 42 à
303 1038 190 42 décrire
441 1038 104 42 le
493 1038 173 42 milieu
614 1038 190 42 ambiant
752 1038 104 42 en
786 1038 138 42 effer-

8 1070 233 46 vescence,
188 1070 162 46 quand
295 1070 162 46 elles
403 1070 108 46 ne
457 1070 287 46 rejoignaient
691 1070 126 46 pas
762 1070 108 46 le
798 1070 126 46 passé

11 1107 204 44 héroïque
164 1107 102 44 et
215 1107 119 44 ses
283 1107 170 44 riches
402 1107 255 44 traditions.
605 1107 102 44 Un
656 1107 119 44 art
724 1107 204 44 original
860 1107 68 44 et

10 1150 207 41 émouvant
165 1150 225 41 naissait,
338 1150 242 41 retrouvant
528 1150 121 41 des
598 1150 225 41 objectifs
753 1150 173 41 valables

12 1193 272 36 s’identifiant
236 1193 80 36 à
268 1193 96 36 un
316 1193 144 36 grand
412 1193 160 36 idéal.
523 1193 144 36 L’art
619 1193 96 36 ne
667 1193 160 36 devait
779 1193 128 36 plus
843 1193 80 36 re-

12 1220 160 41 léguer
124 1220 112 41 les
188 1220 192 41 artistes
332 1220 112 41 sur
396 1220 112 41 les
460 1220 192 41 hauteurs
605 1220 96 41 de
653 1220 96 41 la
685 1220 240 41 contemplation

11 1268 212 35 gratuite.
174 1268 98 35 Il
223 1268 196 35 devenait
369 1268 98 35 un
418 1268 179 35 facteur
549 1268 98 35 de
598 1268 179 35 progrès
728 1268 98 35 et
761 1268 163 35 d’éduca-

11 1292 150 48 tion,
111 1292 166 48 source
227 1292 233 48 d’émotions
410 1292 266 48 esthétiques,
626 1292 199 48 prétexte
776 1292 83 48 à
792 1292 133 48 l’ana-

14 1333 135 46 lyse
99 1333 102 46 de
149 1333 118 46 nos
217 1333 152 46 actes
319 1333 102 46 et
369 1333 102 46 de
420 1333 102 46 la
471 1333 186 46 réalité
606 1333 288 46 environnante,
826 1333 102 46 juge

12 1369 104 49 de
64 1369 190 49 valeurs
202 1369 276 49 essentielles
426 1369 104 49 et
478 1369 207 49 messager
633 1369 138 49 d’un
719 1369 173 49 avenir
823 1369 104 49 plus

13 1410 192 42 radieux.
157 1410 144 42 Ainsi
253 1410 144 42 l’art
349 1410 208 42 reflétant
509 1410 96 42 la
557 1410 112 42 vie
621 1410 272 42 s’identifiait
829 1410 96 42 lui-

13 1444 142 46 même
102 1444 89 46 à
138 1444 107 46 la
191 1444 142 46 vie,
280 1444 160 46 comme
387 1444 89 46 à
423 1444 125 46 une
494 1444 178 46 source
601 1444 267 46 intarissable.

55 1482 291 46 Aujourd’hui,
292 1482 109 46 en
346 1482 237 46 Bulgarie,
528 1482 127 46 une
601 1482 200 46 pléiade
747 1482 109 46 de
783 1482 146 46 jeunes

13 1524 211 42 artistes
172 1524 228 42 travaille
347 1524 141 42 avec
435 1524 299 42 enthousiasme.
681 1524 141 42 Leur
769 1524 158 42 amour
857 1524 70 42 de

17 1560 141 45 l’art
111 1560 141 45 égale
205 1560 266 45 l’attachement
424 1560 156 45 qu’ils
534 1560 156 45 vouent
643 1560 78 45 à
675 1560 125 45 leur
753 1560 156 45 patrie
847 1560 78 45 ré-

16 1599 168 43 novée,
134 1599 118 43 aux
201 1599 185 43 beautés
336 1599 101 43 de
386 1599 101 43 sa
437 1599 185 43 nature,
572 1599 101 43 au
622 1599 168 43 peuple
723 1599 202 43 laborieux.

62 1632 98 44 Le
111 1632 180 44 travail
241 1632 98 44 de
291 1632 180 44 l’homme
421 1632 98 44 et
470 1632 114 44 ses
536 1632 213 44 exploits,
699 1632 180 44 l’amour
830 1632 98 44 de
863 1632 65 44 la

15 1674 155 42 terre
118 1674 275 42 nourricière,
342 1674 120 42 les
411 1674 189 42 grandes
548 1674 155 42 idées
652 1674 103 42 de
686 1674 241 42 l’humanisme,

19 1705 105 53 la
71 1705 157 53 lutte
176 1705 140 53 pour
263 1705 105 53 le
315 1705 192 53 bonheur
455 1705 122 53 des
525 1705 192 53 hommes,
664 1705 175 53 autant
786 1705 105 53 de
821 1705 105 53 thè-

19 1750 112 38 mes
83 1750 144 38 chers
179 1750 112 38 aux
243 1750 160 38 jeunes
355 1750 192 38 artistes
498 1750 208 38 bulgares.
658 1750 96 38 Si
706 1750 128 38 l’on
786 1750 80 38 y
802 1750 128 38 ajoute

17 1784 107 46 la
71 1784 232 46 recherche
249 1784 214 46 patiente
410 1784 107 46 de
463 1784 214 46 nouveaux
624 1784 178 46 moyens
731 1784 196 46 d’expres-

17 1825 133 37 sion
100 1825 133 37 afin
183 1825 232 37 d’enrichir
365 1825 99 37 et
415 1825 99 37 de
465 1825 166 37 varier
581 1825 99 37 le
631 1825 182 37 langage
747 1825 182 37 plastique

17 1860 105 39 et
70 1860 245 39 graphique,
263 1860 140 39 nous
350 1860 175 39 aurons
473 1860 263 39 circonscrit
683 1860 123 39 les
735 1860 193 39 tendances

19 1891 248 49 principales
218 1891 116 49 des
284 1891 132 49 arts
366 1891 231 49 plastiques
548 1891 198 49 bulgares
697 1891 83 49 à
730 1891 182 49 l’étape
845 1891 83 49 ac-

19 1937 174 36 tuelle
140 1937 104 36 de
193 1937 139 36 leur
262 1937 279 36 développement.

64 1982 153 42 L’art
166 1982 102 42 au
217 1982 187 42 service
352 1982 102 42 de
403 1982 237 42 l’homme...
590 1982 102 42 On
641 1982 102 42 ne
692 1982 187 42 saurait
810 1982 119 42 mieux

20 2013 185 49 définir
155 2013 101 49 la
205 2013 235 49 profession
390 2013 101 49 de
440 2013 118 49 foi
508 2013 118 49 des
575 2013 168 49 jeunes
693 2013 202 49 artistes
827 2013 101 49 bul

612 2131 193 54 Nicolas
736 2131 193 54 Mirtchev.
