1013 2373
100 156 144 88 Nous
190 156 271 88 rencontrons
407 156 126 88 une
479 156 253 88 conception
677 156 253 88 différente
858 156 72 88 du

68 207 165 85 signe
178 207 147 85 chez
269 207 202 85 Radomir
416 207 422 85 Damnjanovic-Damnjan
783 207 128 85 qui
838 207 92 85 re-

71 229 163 94 cherche
190 229 89 94 la
235 229 163 94 netteté
353 229 89 94 de
398 229 89 94 la
443 229 178 94 peinture
576 229 104 94 par
636 229 89 94 le
680 229 208 94 traitement
829 229 104 94 équi-

69 279 173 86 valent
190 279 121 86 des
259 279 208 86 éléments
415 279 190 86 visuels
553 279 104 86 et
605 279 260 86 symboliques
813 279 121 86 par
865 279 69 86 la

72 314 212 81 réduction
235 314 212 81 graduelle
398 314 98 81 et
447 314 245 81 l’épuration
642 314 114 81 des
708 314 147 81 liens
789 314 147 81 d’asso-

72 352 171 88 ciation
197 352 124 88 avec
274 352 93 88 le
321 352 140 88 monde
414 352 202 88 objectif.
569 352 109 88 Cet
631 352 202 88 impératif
770 352 171 88 intérieur

71 391 89 85 a
107 391 124 85 son
178 391 248 85 complément
372 391 142 85 dans
461 391 124 85 une
532 391 230 85 technique
709 391 159 85 nette
815 391 106 85 et
850 391 89 85 ex-

73 448 295 64 traordinairement
309 448 148 64 précise.

107 477 99 81 La
156 477 214 81 sculpture
320 477 99 81 de
370 477 148 81 Janez
468 477 164 81 Bolika
583 477 82 81 a
616 477 115 81 ses
682 477 181 81 racines
813 477 132 81 dans
879 477 66 81 le

74 520 151 76 motif
175 520 184 76 (trouvé
309 520 134 76 dans
393 520 101 76 un
443 520 184 76 certain
577 520 168 76 milieu
695 520 101 76 de
745 520 101 76 la
778 520 168 76 campagne

74 551 223 79 slovène),
245 551 103 79 de
297 551 103 79 la
348 551 171 79 figure
468 551 137 79 d’un
554 551 154 79 homme
657 551 103 79 en
708 551 171 79 route,
811 551 137 79 chargé

75 598 127 69 d’un
154 598 190 69 fardeau.
297 598 111 69 Peu
360 598 79 69 à
392 598 111 69 peu
456 598 95 69 il
503 598 143 69 épure
598 598 95 69 ce
646 598 143 69 motif
741 598 111 69 des
788 598 159 69 détails,

74 639 101 68 le
125 639 168 68 réduit
242 639 101 68 au
292 639 201 68 problème
443 639 101 68 de
494 639 101 68 la
544 639 185 68 tension
678 639 151 68 entre
779 639 134 68 deux
846 639 101 68 élé-

76 660 159 85 ments,
187 660 95 85 le
235 660 175 85 porteur
362 660 95 85 et
410 660 95 85 le
458 660 191 85 fardeau,
601 660 95 85 et
649 660 95 85 le
696 660 207 85 transpose
840 660 111 85 ainsi

75 703 105 74 en
128 703 158 74 pures
234 703 211 74 figures.
392 703 141 74 Dans
480 703 105 74 la
532 703 228 74 technique
708 703 105 74 du
761 703 123 74 fer
813 703 141 74 soudé.

78 743 166 73 Bolika
194 743 132 73 fait
277 743 232 73 contraster
459 743 116 73 les
526 743 199 73 éléments
675 743 265 73 géométriques
873 743 83 73 des

77 781 220 72 baguettes
246 781 102 72 et
297 781 118 72 les
365 781 254 72 superficies
568 781 102 72 de
619 781 169 72 métal,
737 781 220 72 richement
889 781 68 72 et

77 839 277 60 dynamiquement
288 839 163 60 traités.

111 864 126 74 Les
183 864 198 74 dessins
327 864 90 74 à
364 864 198 74 l’encre
508 864 108 74 de
562 864 162 74 chine
670 864 108 74 de
724 864 162 74 Dimce
815 864 144 74 Naumov

79 905 126 76 sont
158 905 251 76 caractérisés
362 905 110 76 par
425 905 94 76 la
472 905 251 76 construction
676 905 220 76 rigoureuse
833 905 126 76 archi-

77 948 249 68 tectonique
273 948 107 68 de
326 948 160 68 menus
432 948 213 68 éléments
592 948 142 68 qui,
681 948 249 68 cependant,
858 948 107 68 sont

81 985 173 68 traités
207 985 158 68 chacun
318 985 95 68 en
365 985 158 68 détail
475 985 95 68 et
523 985 158 68 pleins
633 985 95 68 de
680 985 110 68 vie
728 985 236 68 individuelle.

82 1032 114 55 Son
147 1032 212 55 expresson
310 1032 196 55 actuelle
457 1032 212 55 s’inspire
620 1032 98 55 de
669 1032 228 55 l’ancienne
832 1032 131 55 archi-

79 1065 191 58 tecture
217 1065 295 58 macédonienne,
460 1065 312 58 singulièrement
703 1065 226 58 transposée.

115 1116 196 62 Nebojsa
258 1116 160 62 Delja
365 1116 107 62 et
418 1116 196 62 Mihajlo
560 1116 214 62 Arsovski
721 1116 125 62 ont
792 1116 160 62 conçu
881 1116 89 62 des

82 1149 256 65 décorations
287 1149 239 65 théâtrales
475 1149 120 65 sur
543 1149 120 65 des
611 1149 171 65 thèmes
731 1149 239 65 déterminés
902 1149 68 65 et

83 1186 168 64 lbres;
201 1186 151 64 elles
301 1186 134 64 sont
385 1186 117 64 les
452 1186 252 64 projections
653 1186 168 64 libres
771 1186 101 64 de
804 1186 168 64 certains

85 1241 176 57 éléments
203 1241 190 57 figuratifs.

727 1254 176 64 Melita
833 1254 141 64 Stele.

367 1618 228 55 PEINTURE
538 1618 114 55 ET
576 1618 152 55 DESSIN

135 1670 391 54 Radomir-Damnjan
473 1670 338 54 DAMNJANOVIC
758 1670 107 54 né
811 1670 107 54 en
864 1670 142 54 1936
936 1670 53 54 à

140 1719 150 45 Mostar
230 1719 241 45 (Vougoslavie).

109 1739 153 52 1
224 1739 115 52 Grand
301 1739 153 52 tableau,
416 1739 102 52 1965
480 1739 140 52 (huile,
582 1739 89 52 265
633 1739 64 52 x
646 1739 89 52 140).

110 1778 150 47 2
223 1778 150 47 Tableau,
336 1778 100 47 1965
398 1778 138 47 (huile,
498 1778 88 47 200
548 1778 63 47 x
561 1778 100 47 140).»

110 1802 158 63 3
229 1802 92 63 Mon
281 1802 119 63 matin
361 1802 132 63 blanc,
453 1802 106 63 1965
519 1802 145 63 (huile,
625 1802 92 63 265
677 1802 66 63 x
691 1802 92 63 145).

141 1863 180 53 Dimce
276 1863 225 53 NAUMOV
456 1863 90 53 né
501 1863 90 53 en
546 1863 120 53 1938
622 1863 75 53 à
652 1863 135 53 Titoy
742 1863 135 53 Veles
817 1863 180 53 (Vougosla

110 1916 164 58 4
234 1916 82 58 SK
275 1916 315 58 XXVI-VII-XXXXXXIII,
549 1916 110 58 1965
617 1916 137 58 (encre
713 1916 82 58 de
754 1916 137 58 chine,
850 1916 82 58 70
891 1916 69 58 x
905 1916 96 58 70).»

113 1978 155 31 5
230 1978 142 31 VEL-VI,
333 1978 104 31 1965
398 1978 129 31 (encre
488 1978 78 31 de
527 1978 129 31 chine,
618 1978 78 31 64
656 1978 65 31 x
669 1978 78 31 75).

112 1994 155 66 6
228 1994 168 66 VEL-XIII,
358 1994 103 66 1965
422 1994 129 66 (encre
513 1994 78 66 de
551 1994 129 66 chine,
642 1994 78 66 66
681 1994 65 66 x
693 1994 78 66 70).

144 2042 211 58 Zivojin
310 2042 256 58 TURINSKI
520 2042 90 58 né
565 2042 90 58 en
611 2042 120 58 1935
686 2042 75 58 à
716 2042 196 58 Zrenjanin
851 2042 151 58 (Vougos

116 2113 149 58 7
228 2113 75 58 Le
265 2113 137 58 cercle,
365 2113 100 58 1965
427 2113 137 58 (huile,
527 2113 87 58 120
576 2113 62 58 x
589 2113 87 58 120).

116 2139 162 58 8
238 2139 217 58 Métamorphose
414 2139 81 58 du
455 2139 149 58 cercle,
563 2139 108 58 1965
631 2139 149 58 (huile,
739 2139 95 58 115
793 2139 68 58 x
807 2139 81 58 88).

113 2194 213 38 9
273 2194 177 38 Cercle
397 2194 195 38 chargé,
539 2194 142 38 1965
628 2194 195 38 (huile,
770 2194 124 38 100
841 2194 89 38 x
876 2194 160 38 100).
965 2194 53 38 I
