1013 2373
781 73 215 66 CUBA

110 465 240 51 Commissaire
302 465 192 51 général:
446 465 176 51 Juan
574 465 144 51 David
654 465 192 51 Posada

112 512 203 49 Conseiller
272 512 174 49 culturel
403 512 116 49 près
476 512 218 49 l’Ambassade
650 512 87 49 de
694 512 116 49 Cuba
766 512 87 49 en
795 512 131 49 France.

62 638 120 63 Une
131 638 224 63 trentaine
303 638 103 63 de
354 638 172 63 jeunes
475 638 206 63 peintres
630 638 258 63 répondirent
836 638 86 63 à
853 638 69 63 la

26 688 245 54 convocation
222 688 147 54 faite
320 688 114 54 par
385 688 98 54 la
434 688 213 54 Direction
598 688 114 54 des
663 688 131 54 Arts
729 688 196 54 Plastiques

25 728 98 57 du
74 728 180 57 Conseil
205 728 196 57 National
352 728 98 57 de
401 728 98 57 la
433 728 164 57 Culture.

64 771 129 57 Une
137 771 257 57 commission
339 771 110 57 de
394 771 294 57 spécialistes
633 771 129 57 fut
707 771 220 57 désignée
854 771 73 57 et

22 807 132 57 fut
97 807 207 57 chargée
248 807 113 57 de
305 807 301 57 sélectionner
549 807 132 57 les
625 807 188 57 œuvres
757 807 113 57 de
794 807 132 57 Julio

28 858 190 43 Herrera
166 858 173 43 Zapata
287 858 104 43 et
339 858 208 43 Fernando
495 858 104 43 de
547 858 139 43 Luis
634 858 139 43 pour
703 858 225 43 représenter

26 887 144 49 Cuba
116 887 90 49 à
152 887 108 49 la
206 887 216 49 Biennale
369 887 108 49 de
423 887 162 49 Paris
531 887 108 49 en
585 887 108 49 se
639 887 180 49 basant
766 887 126 49 sur
820 887 108 49 leur

25 940 180 42 qualité
155 940 229 42 artistique
335 940 98 42 et
384 940 98 42 de
433 940 131 42 plus
515 940 131 42 pour
597 940 245 42 représenter
793 940 98 42 le
826 940 98 42 cou-

28 968 126 65 rant
107 968 95 65 le
155 968 126 65 plus
234 968 158 65 récent
344 968 95 65 de
392 968 142 65 notre
486 968 142 65 jeune
565 968 174 65 peinture.

547 1049 160 59 Juan
647 1049 180 59 David
747 1049 180 59 Posada.

309 1237 227 70 PEINTURE
480 1237 114 70 ET
517 1237 152 70 DESSIN

76 1292 233 52 Fernando
262 1292 124 52 Luis
339 1292 279 52 DOMINGUEZ
572 1292 93 52 né
618 1292 93 52 en
665 1292 124 52 1931
742 1292 78 52 à
773 1292 93 52 La
804 1292 124 52 Havane

60 1344 144 41 (Cuba).

47 1367 149 44 1
158 1367 74 44 Le
195 1367 161 44 jongleur,
319 1367 99 44 1965
381 1367 136 44 (huile,
480 1367 87 44 180
530 1367 62 44 x
542 1367 87 44 100).

44 1407 153 40 2
159 1407 217 40 Conversation,
337 1407 102 40 1965
401 1407 140 40 (huile,
503 1407 89 40 180
554 1407 64 40 x
567 1407 89 40 100).

46 1442 152 51 3
160 1442 76 51 Le
198 1442 164 51 débutant,
325 1442 101 51 1965
388 1442 139 51 (huile,
489 1442 89 51 180
540 1442 63 51 x
552 1442 89 51 100).

72 1503 198 40 Julio
221 1503 182 40 HERRERA
353 1503 248 40 ZAPATA
552 1503 99 40 né
601 1503 99 40 en
651 1503 132 40 1932
734 1503 83 40 à
767 1503 99 40 La
800 1503 132 40 Havane

60 1535 144 42 (Cuba).

45 1566 155 53 4
161 1566 90 53 Sur
213 1566 77 53 le
251 1566 155 53 nombril,
368 1566 168 53 croissant
497 1566 77 53 de
535 1566 116 53 lune,
613 1566 103 53 1965
677 1566 193 53 (bas-relief
819 1566 116 53 émaillé

75 1602 157 44 cuivre,
189 1602 100 44 110
246 1602 71 44 x
260 1602 86 44 45).

43 1628 176 55 5
175 1628 161 55 Chanson
292 1628 176 55 déchirée
424 1628 88 55 du
468 1628 146 55 poète,
570 1628 117 55 1965
643 1628 220 55 (bas-relief
804 1628 132 55 émaillé

76 1670 158 43 cuivre,
190 1670 100 43 110
248 1670 72 43 x
262 1670 86 43 45).

44 1701 167 40 6
170 1701 126 40 Homme
253 1701 112 40 avec
323 1701 84 40 le
365 1701 140 40 soleil
463 1701 98 40 sur
518 1701 98 40 les
574 1701 167 40 épaules,
700 1701 112 40 1965
756 1701 181 40 (bas

76 1737 161 44 émaillé
194 1737 147 44 cuivre
297 1737 103 44 110
355 1737 73 44 x
370 1737 88 44 45).

43 1765 158 47 7
161 1765 171 47 Peut-être
293 1765 92 47 que
345 1765 79 47 je
385 1765 171 47 m’appelle
516 1765 131 47 Jonas,
608 1765 105 47 1965
674 1765 197 47 (bas-relief
819 1765 118 47 émaillé

75 1802 157 54 cuivre,
189 1802 100 54 110
246 1802 71 54 x
260 1802 86 54 45).

862 2253 78 48 47
