1086 2373
40 86 307 63 HONGRIE

200 507 282 63 Commissaire
426 507 226 63 général:
595 507 188 63 Sandor
708 507 207 63 Hemberger

202 560 172 56 Directeur
334 560 92 56 des
387 560 198 56 Expositions
545 560 66 56 à
571 560 185 56 l’Institut
716 560 92 56 des
769 560 172 56 Relations
888 560 79 56 Cul

186 593 141 41 turelles.

145 724 127 51 Pour
224 724 95 51 la
272 724 206 51 quatrième
430 724 142 51 fois,
525 724 95 51 de
572 724 158 51 jeunes
683 724 190 51 artistes
810 724 158 51 hongrois

104 768 227 39 participent
285 768 76 39 à
316 768 91 39 la
361 768 182 39 Biennale
497 768 91 39 de
543 768 151 39 Paris,
648 768 136 39 cette
739 768 136 39 fois,
830 768 106 39 non
875 768 91 39 seu-

100 806 170 49 lement
219 806 119 49 aux
287 806 204 49 sections
440 806 136 49 arts
525 806 238 49 plastiques
711 806 102 49 et
745 806 221 49 composition

101 847 213 44 musicale,
264 847 131 44 mais
346 847 82 44 à
379 847 147 44 celle
477 847 98 44 de
526 847 98 44 la
575 847 229 44 décoration
755 847 213 44 théâtrale
903 847 65 44 et

99 881 98 54 du
148 881 147 54 film.
246 881 164 54 Ainsi,
360 881 98 54 on
410 881 131 54 aura
491 881 98 54 de
540 881 98 54 la
590 881 180 54 culture
721 881 213 54 hongroise
868 881 98 54 pré-

97 917 175 43 sente,
219 917 105 43 un
271 917 209 43 éventail
428 917 209 43 beaucoup
585 917 140 43 plus
655 917 157 43 étendu.

139 955 132 63 Une
214 955 263 63 exposition
421 955 132 63 des
497 955 263 63 Beaux-Arts
704 955 113 63 du
760 955 188 63 Studio
873 955 94 63 des

95 996 189 56 Jeunes
227 996 227 56 Artistes
398 996 132 56 est
473 996 246 56 organisée
662 996 189 56 chaque
795 996 170 56 année
889 996 76 56 en

100 1042 212 54 Hongrie.
259 1042 106 54 En
312 1042 230 54 composant
489 1042 106 54 la
542 1042 230 54 sélection
719 1042 212 54 destinée
878 1042 88 54 à
895 1042 71 54 la

99 1079 222 54 Biennale,
269 1079 136 54 nous
355 1079 153 54 avons
457 1079 102 54 eu
508 1079 136 54 pour
593 1079 204 54 objectif
746 1079 102 54 de
781 1079 187 54 présenter

95 1119 113 49 des
159 1119 194 49 artistes
305 1119 113 49 qui
369 1119 210 49 s’étaient
530 1119 129 49 fait
611 1119 210 49 remarquer
772 1119 81 49 à
805 1119 113 49 ces
853 1119 113 49 expo-

95 1163 209 44 sitions.
251 1163 105 44 La
304 1163 139 44 plus
391 1163 209 44 renommée
548 1163 192 44 d’entre
687 1163 139 44 eux,
774 1163 157 44 Maria
861 1163 105 44 Tur)

97 1197 145 45 avait
194 1197 161 45 obtenu
306 1197 97 45 le
355 1197 145 45 grand
451 1197 129 45 prix
532 1197 81 45 à
564 1197 258 45 l’Exposition
774 1197 193 45 Mondiale
903 1197 64 45 de

99 1230 208 46 Bruxelles
259 1230 96 46 en
307 1230 144 46 1958.
404 1230 176 46 Depuis,
532 1230 128 46 elle
612 1230 208 46 participe
773 1230 80 46 à
805 1230 112 46 des
853 1230 112 46 expo-

93 1269 168 40 sition
211 1269 134 40 tant
294 1269 101 40 en
345 1269 184 40 Hongrie
479 1269 134 40 qu’à
563 1269 251 40 l’étranger,
764 1269 134 40 tout
831 1269 134 40 récem-

94 1313 146 48 ment
185 1313 91 48 à
221 1313 109 48 la
276 1313 91 48 7
312 1313 200 48 Galerie
458 1313 200 48 Scorpio
622 1313 109 48 de
658 1313 128 48 Rome.

137 1355 180 43 Miklos
263 1355 162 43 Somos
371 1355 90 43 a
407 1355 234 43 découvert
588 1355 108 43 un
642 1355 198 43 univers
768 1355 198 43 personnel

95 1395 99 51 de
144 1395 181 51 formes;
275 1395 115 51 ses
341 1395 181 51 figures
473 1395 197 51 placides
621 1395 197 51 évoquent
769 1395 197 51 l’esprit
900 1395 66 51 du

95 1431 258 46 quattrocento
305 1431 194 46 italien.
450 1431 162 46 Karoly
563 1431 145 46 Klimo
660 1431 81 46 a
692 1431 178 46 suscité
822 1431 97 46 un
854 1431 113 46 grand

98 1468 177 37 intérêt
226 1468 112 37 par
291 1468 96 37 la
339 1468 177 37 manière
467 1468 145 37 ferme
564 1468 96 37 et
612 1468 161 37 serrée
724 1468 96 37 de
772 1468 112 37 son
820 1468 145 37 expres-

96 1512 143 41 sion.
191 1512 95 41 En
239 1512 143 41 1965,
334 1512 95 41 il
381 1512 143 41 s’est
476 1512 95 41 vu
524 1512 206 41 attribuer
682 1512 111 41 une
745 1512 158 41 bourse
840 1512 127 41 d’Etat

94 1549 195 41 portant
236 1549 107 41 le
290 1549 124 41 nom
361 1549 107 41 de
432 1549 160 41 Gyula
539 1549 231 41 Derkovits
734 1549 142 41 pour
823 1549 124 41 une
876 1549 89 41 pé-

94 1590 160 35 riode
201 1590 107 35 de
255 1590 160 35 trois
361 1590 143 35 ans.
450 1590 125 35 Les
522 1590 178 35 œuvres
646 1590 107 35 de
700 1590 125 35 nos
753 1590 214 35 sculpteurs

96 1619 171 51 Istvan
215 1619 188 51 Bancsik
352 1619 102 51 et
403 1619 171 51 Andras
522 1619 136 51 Kiss
608 1619 136 51 Nagy
693 1619 171 51 seront
795 1619 171 51 exposées

94 1661 100 38 en
144 1661 151 38 plein
245 1661 134 38 air,
329 1661 134 38 dans
412 1661 100 38 un
463 1661 151 38 cadre
563 1661 301 38 d’architecture
798 1661 167 38 moderne.

100 1694 93 56 De
146 1694 108 56 ces
208 1694 124 56 deux
285 1694 201 56 artistes,
440 1694 108 56 les
502 1694 170 56 statues
626 1694 155 56 ornent
735 1694 124 56 déjà
812 1694 155 56 places
905 1694 62 56 et

98 1739 126 56 rues
177 1739 95 56 de
225 1739 111 56 nos
288 1739 174 56 villes.
414 1739 142 56 Notre
509 1739 111 56 art
572 1739 205 56 graphique
730 1739 111 56 est
777 1739 190 56 représenté

94 1769 117 54 par
161 1769 167 54 Istvan
278 1769 117 54 Gy.
328 1769 150 54 Molnar.

138 1814 118 65 Nos
206 1814 270 65 spécialistes
425 1814 220 65 scéniques
594 1814 203 65 exposent
746 1814 135 65 pour
831 1814 101 65 la
865 1814 101 65 pre-

99 1856 137 43 mière
190 1856 137 43 fois.
282 1856 137 43 Notre
373 1856 259 43 préoccupation
586 1856 76 43 a
617 1856 107 43 été
678 1856 91 43 de
723 1856 137 43 faire
799 1856 168 43 connaître

99 1893 112 55 non
163 1893 209 55 seulement
324 1893 112 55 des
388 1893 193 55 artistes
532 1893 96 55 de
581 1893 96 55 la
629 1893 209 55 capitale,
789 1893 128 55 mais
854 1893 112 55 aussi

97 1936 136 38 ceux
182 1936 102 38 de
233 1936 204 38 province
387 1936 119 38 qui
455 1936 119 38 ont
523 1936 187 38 réalisé
659 1936 119 38 des
710 1936 256 38 présentations

98 1970 301 57 remarquables.
346 1970 142 57 Emil
435 1970 142 57 Vata
524 1970 230 57 travaille
701 1970 89 57 à
737 1970 160 57 Pécs,
825 1970 142 57 Laszlo

99 2004 183 54 Szekely
233 2004 83 54 à
266 2004 183 54 Szeged,
399 2004 166 54 tandis
516 2004 117 54 que
582 2004 166 54 Robert
699 2004 200 54 Wegenast
848 2004 83 54 a
865 2004 100 54 rem-

98 2048 157 41 porté
202 2048 104 41 un
254 2048 157 41 grand
359 2048 174 41 succès
481 2048 87 41 à
515 2048 209 41 Budapest
672 2048 139 41 avec
759 2048 104 41 sa
794 2048 174 41 dernière

98 2077 151 80 œuvre
199 2077 134 80 pour
283 2077 184 80 Beckett
417 2077 235 80 d’Anouilh.
601 2077 168 80 Laszlo
718 2077 184 80 Drégely
852 2077 117 80 est
902 2077 84 80 un!

97 2124 284 55 collaborateur
331 2124 217 55 permanent
499 2124 100 55 de
549 2124 100 55 la
599 2124 234 55 Télévision
766 2124 201 55 hongroise.

101 2152 159 69 Fanni
207 2152 194 69 Kemenes
348 2152 124 69 est
419 2152 106 69 la
472 2152 229 69 créatrice
648 2152 106 69 de
701 2152 212 69 costumes
842 2152 124 69 ingé

81 2192 135 46 nieux.

83 2250 70 40 64
