1181 2331
132 628 92 49 Le
178 628 199 49 Cyclotone
331 628 107 49 sur
392 628 153 49 lequel
500 628 123 49 sont
576 628 184 49 projetés
714 628 107 49 les
776 628 169 49 Travaux
883 628 138 49 d’équi-

130 672 116 53 pes
197 672 83 53 a
230 672 116 53 été
296 672 149 53 conçu
395 672 116 53 par
461 672 165 53 Pierre
576 672 198 53 Faucheux
725 672 182 53 (Groupe
857 672 165 53 AR.C.)
956 672 66 53 et

133 704 164 51 réalisé
252 704 104 51 par
312 704 89 51 la
356 704 149 51 Seriac
460 704 238 51 Industrielle
653 704 104 51 que
713 704 119 51 nous
787 704 149 51 tenons
891 704 74 51 à
906 704 119 51 remer-

133 747 112 54 cier
203 747 112 54 tout
259 747 253 54 particulièrement

133 812 131 47 ainsi
205 812 87 47 que:

133 863 110 57 les
196 863 282 57 Etablissements
431 863 141 57 André
510 863 125 57 Debrie

134 917 106 52 les
194 917 197 52 Peintures
331 917 288 52 Lefranc

134 980 109 51 les
197 980 217 51 Papeteries
352 980 186 51 Montevrain

134 1027 113 63 les
198 1027 226 63 Papeteries
376 1027 97 63 du
424 1027 161 63 Moulin
537 1027 97 63 de
585 1027 177 63 Richard
714 1027 97 63 de
746 1027 81 63 Bas

135 1084 96 53 M.
183 1084 128 53 Marc
263 1084 176 53 Netter,
391 1084 208 53 Directeur
551 1084 96 53 de
598 1084 96 53 la
646 1084 160 53 Maison
758 1084 96 53 de
806 1084 96 53 la
854 1084 176 53 Culture
966 1084 64 53 du

118 1134 113 38 Havre

135 1181 90 59 la
180 1181 149 59 Maison
270 1181 134 59 Philips

135 1243 120 49 pour
210 1243 149 49 l’aide
314 1243 149 49 morale
419 1243 90 49 et
464 1243 209 49 matérielle
628 1243 149 49 qu’ils
733 1243 105 49 ont
793 1243 120 49 bien
868 1243 135 49 voulu
942 1243 90 49 nous

134 1282 189 43 apporter
276 1282 126 43 dans
355 1282 95 43 la
402 1282 237 43 réalisation
592 1282 95 43 de
639 1282 95 43 la
686 1282 205 43 Quatrième
844 1282 189 43 Biennale
970 1282 63 43 de

124 1323 103 47 Paris.

135 1370 98 48 Le
184 1370 180 48 Théâtre
314 1370 114 48 est
380 1370 163 48 équipé
494 1370 98 48 du
543 1370 196 48 matériel
690 1370 163 48 étudié
804 1370 114 48 par
870 1370 98 48 le
902 1370 131 48 Groupe

132 1414 141 44 ARC.
221 1414 141 44 pour
309 1414 300 44 l’aménagement
556 1414 124 44 des
627 1414 194 44 Maisons
768 1414 106 44 de
821 1414 106 44 la
856 1414 177 44 Culture,

136 1449 189 38 matériel
278 1449 126 38 créé
357 1449 110 38 sur
419 1449 252 38 l’initiative
624 1449 94 38 du
671 1449 173 38 Service
797 1449 94 38 de
844 1449 94 38 la
876 1449 157 38 Création

136 1479 214 44 Artistique
304 1479 92 44 du
349 1479 198 44 Ministère
502 1479 107 44 des
563 1479 183 44 Affaires
700 1479 244 44 Culturelles.
899 1479 92 44 Il
929 1479 107 44 fonc-

135 1520 164 40 tionne
249 1520 131 40 avec
331 1520 98 40 la
380 1520 278 40 collaboration
609 1520 213 40 technique
773 1520 98 40 de
822 1520 98 40 la
855 1520 180 40 Compagnie

136 1559 209 50 lean-Marie
285 1559 149 50 Serreau.

136 1600 170 60 Sièges
255 1600 102 60 de
306 1600 153 60 Roger
408 1600 187 60 Legrand
544 1600 85 60 -
578 1600 153 60 Grill
680 1600 102 60 de
731 1600 170 60 Michel
833 1600 204 60 lausserand

137 1656 229 38 Ingénieur,
316 1656 147 38 Serge
414 1656 163 38 Ketoff
529 1656 82 38 -
561 1656 245 38 Equipement,
757 1656 212 38 éclairage
921 1656 98 38 et
953 1656 82 38 jeu

136 1686 177 49 d’orgue
265 1686 80 49 -
297 1686 225 49 Compagnie,
474 1686 225 49 Jean-Marie
651 1686 177 49 Sevreau
780 1686 80 49 -
812 1686 225 49 Régisseur,
973 1686 64 49 Jo

139 1731 164 49 Doumerg
259 1731 75 49 -
288 1731 314 49 Chef-électricien,
557 1731 164 49 Patrick
662 1731 179 49 Pavillard.
