1181 2331
261 37 605 85 MANIFESTATIONS
751 37 346 85 ANNEXE

345 198 233 60 GALERIE
528 198 216 60 FRANÇOISE
678 198 200 60 LEDOUX

277 234 105 67 22,
337 234 105 67 rue
397 234 90 67 de
442 234 180 67 l’Odéon,
577 234 135 67 Paris
666 234 120 67 (6e)
741 234 75 67 —
771 234 120 67 MED.
831 234 120 67 49

256 272 215 72 Exposition
425 272 92 72 du
471 272 92 72 29
517 272 200 72 septembre
671 272 92 72 au
717 272 92 72 23
763 272 169 72 octobre
870 272 108 72 1965.

244 327 210 60 Vernissage
409 327 90 60 le
454 327 180 60 mercredi
589 327 90 60 29
633 327 195 60 septembre
783 327 90 60 de
828 327 90 60 17
873 327 75 60 à
903 327 90 60 20
933 327 60 60 h.

371 374 118 51 Tous
445 374 103 51 les
504 374 133 51 jours
593 374 118 51 sauf
667 374 89 51 le
696 374 163 51 dimanche,

467 413 94 55 de
514 413 94 55 14
561 413 78 55 n
592 413 94 55 30
639 413 78 55 à
670 413 94 55 19
702 413 62 55 h.

398 483 244 57 GOUACHES
593 483 98 57 ET
626 483 212 57 DESSINS

174 544 109 60 de:
237 544 296 60 Charpentier-
486 544 234 60 Dmitrienko-
673 544 296 60 Dodeigne-Flavio
907 544 171 60 Shiro

315 578 185 62 Levee-
457 578 157 62 Louttre
571 578 71 62 -
600 578 157 62 Sklavos
713 578 71 62 -
728 578 199 62 Sorensen

316 619 218 61 "Lauréats
494 619 82 61 de
535 619 82 61 la
575 619 164 61 Biennale
698 619 82 61 de
725 619 164 61 Paris"

182 684 94 64 Les
235 684 134 64 jeunes
329 684 161 64 artistes
449 684 134 64 savent
543 684 174 64 dessiner,
677 684 107 64 mais
744 684 80 64 il
784 684 94 64 est
837 684 107 64 rare
904 684 94 64 que
958 684 107 64 ceux
1011 684 67 64 qui

181 723 172 58 n’aiment
310 723 100 58 pas
367 723 129 58 l’art
453 723 158 58 moderne
567 723 172 58 puissent
696 723 86 58 en
739 723 143 58 juger,
840 723 100 58 car
897 723 86 58 on
940 723 86 58 ne
968 723 115 58 montre

180 767 100 51 que
237 767 172 51 rarement
366 767 129 51 leurs
438 767 143 51 dessins.

181 787 125 72 Alors
265 787 97 72 que
320 787 111 72 trop
390 787 84 72 de
432 787 181 72 personnes
571 787 153 72 parlent
682 787 84 72 de
724 787 167 72 facilité
849 787 70 72 à
877 787 111 72 leur
947 787 139 72 égard,
1030 787 56 72 il

181 832 146 60 suffit
284 832 88 60 de
328 832 190 60 connaître
474 832 132 60 leurs
562 832 146 60 œuvres
664 832 102 60 sur
723 832 161 60 papier,
840 832 102 60 qui
899 832 117 60 trop
957 832 132 60 souvent

184 864 156 62 restent
297 864 113 62 dans
368 864 99 62 les
425 864 184 62 ateliers,
566 864 113 62 pour
637 864 156 62 prendre
750 864 198 62 conscience
906 864 85 62 de
948 864 85 62 la
977 864 113 62 conti-

186 911 127 50 nuité
271 911 85 50 de
313 911 113 50 leur
384 911 170 50 travail.
511 911 85 50 On
554 911 170 50 découvre
681 911 198 50 également,
837 911 127 50 grâce
922 911 99 50 aux
965 911 127 50 études.

185 941 167 49 croquis
306 941 91 49 et
352 941 197 49 gouaches,
503 941 106 49 des
564 941 212 49 recherches
730 941 212 49 similaires
897 941 76 49 à
927 941 152 49 celles
1018 941 76 49 des

186 977 168 62 peintres
312 977 84 62 et
354 977 196 62 sculpteurs
509 977 84 62 du
537 977 112 62 passé.

187 1015 126 56 C’est
271 1015 112 56 pour
341 1015 154 56 montrer
453 1015 126 56 cette
537 1015 196 56 continuité
690 1015 98 56 que
746 1015 112 56 j’ai
816 1015 126 56 créé,
900 1015 84 56 il
942 1015 70 56 y
970 1015 70 56 a
998 1015 84 56 un
1026 1015 70 56 an.

187 1059 99 43 une
243 1059 155 43 galerie
356 1059 212 43 spécialisée
526 1059 113 43 dans
596 1059 99 43 les
653 1059 141 43 œuvres
752 1059 99 43 sur
794 1059 127 43 papier.

190 1085 128 65 Parmi
275 1085 99 65 les
332 1085 170 65 nombreux
460 1085 170 65 artistes
588 1085 99 65 que
644 1085 99 65 les
701 1085 128 65 trois
786 1085 213 65 précédentes
943 1085 156 65 Biennales

187 1124 84 58 de
229 1124 126 58 Paris
313 1124 98 58 ont
370 1124 211 58 récompensé,
538 1124 84 58 il
580 1124 98 58 m’a
636 1124 126 58 fallu
721 1124 126 58 faire
805 1124 84 58 un
847 1124 126 58 choix
931 1124 98 58 qui
988 1124 98 58 n’a
1030 1124 70 58 pas

188 1179 88 45 été
226 1179 114 45 facile.

189 1202 105 61 Les
249 1202 150 61 quatre
354 1202 180 61 peintres
488 1202 90 61 et
533 1202 150 61 quatre
638 1202 210 61 sculpteurs
803 1202 150 61 réunis
907 1202 105 61 ici
967 1202 105 61 ont
1012 1202 90 61 tous

189 1240 207 52 maintenant
352 1240 118 52 plus
426 1240 89 52 de
470 1240 222 52 trente-cinq
648 1240 118 52 ans,
722 1240 118 52 sauf
795 1240 177 52 Sorensen
929 1240 104 52 qui
988 1240 104 52 n’a
1032 1240 74 52 que

189 1274 233 52 trente-et-un
379 1274 102 52 an.
437 1274 102 52 Ils
495 1274 189 52 possèdent
640 1274 116 52 tous
713 1274 87 52 un
757 1274 145 52 passé.
859 1274 102 52 Ils
917 1274 116 52 sont
990 1274 116 52 tous
1048 1274 58 52 en

192 1301 150 62 pleine
297 1301 210 62 possession
462 1301 90 62 de
507 1301 120 62 leur
582 1301 150 62 métier
686 1301 90 62 et
731 1301 90 62 de
776 1301 120 62 leur
851 1301 255 62 personnalité.
1046 1301 60 62 Ce

194 1338 130 52 qu’ils
285 1338 91 52 ont
337 1338 104 52 fait
402 1338 78 52 et
442 1338 78 52 ce
481 1338 130 52 qu’ils
572 1338 117 52 sont,
650 1338 156 52 justifie
767 1338 78 52 la
806 1338 130 52 valeur
898 1338 78 52 et
937 1338 169 52 l'intérêt
1054 1338 52 52 de

192 1377 234 62 l’exposition
383 1377 88 62 de
426 1377 102 62 ces
485 1377 146 62 œuvres
587 1377 102 62 sur
631 1377 132 62 papier.

421 1503 218 56 GALERIE
593 1503 156 56 CLAUDE
686 1503 171 56 LEVIN

276 1540 92 70 9,
322 1540 107 70 rue
383 1540 92 70 du
428 1540 244 70 Mont-Thabor,
627 1540 137 70 Paris
719 1540 137 70 (1er)
810 1540 76 70 —
841 1540 122 70 OPE.
902 1540 122 70 41

360 1593 215 62 Exposition
528 1593 92 62 du
574 1593 107 62 1er
636 1593 92 62 au
681 1593 92 62 23
727 1593 169 62 octobre
835 1593 107 62 1965.

287 1639 208 59 Vernissage
451 1639 89 59 le
495 1639 178 59 vendredi
629 1639 104 59 1er
688 1639 163 59 octobre
807 1639 89 59 de
852 1639 89 59 18
896 1639 74 59 à
926 1639 89 59 21
956 1639 59 59 h.

270 1682 119 69 Tous
344 1682 104 69 les
404 1682 133 69 jours
493 1682 119 69 sauf
567 1682 89 69 le
611 1682 193 69 dimanche,
759 1682 89 69 de
804 1682 89 69 10
848 1682 74 69 h
878 1682 89 69 30
922 1682 74 69 à
952 1682 89 69 12
982 1682 59 69 h.

489 1732 91 46 et
534 1732 91 46 de
580 1732 91 46 14
625 1732 76 46 h
655 1732 91 46 30
701 1732 76 46 à
731 1732 91 46 19
761 1732 61 46 h.

548 1811 97 51 DE
613 1811 65 51 63
645 1811 54 51 A
656 1811 118 51 65...

276 1856 214 66 Aillaud.
447 1856 157 66 Arroyo.
561 1856 157 66 Brusse.
675 1856 100 66 Del
732 1856 143 66 Pezzo.
818 1856 228 66 Recalcati.

205 1919 113 62 Cinq
276 1919 170 62 artistes
403 1919 99 62 qui
459 1919 141 62 furent
558 1919 155 62 révélés
671 1919 99 62 par
728 1919 85 62 la
770 1919 170 62 Biennale
897 1919 85 62 de
939 1919 127 62 1963,
1024 1919 85 62 où
1052 1919 71 62 ils

205 1958 155 58 étaient
318 1958 113 58 tous
389 1958 155 58 invités
502 1958 113 58 pour
572 1958 85 58 la
615 1958 170 58 première
742 1958 127 58 fois,
826 1958 85 58 se
869 1958 113 58 sont
939 1958 155 58 trouvés
1038 1958 85 58 dans

207 1996 260 53 l’impossibilité
426 1996 82 53 de
467 1996 205 53 participer,
631 1996 109 53 pour
699 1996 96 53 des
754 1996 150 53 raisons
863 1996 82 53 de
904 1996 191 53 règlement,
1055 1996 68 53 à
1068 1996 55 53 la

207 2045 188 46 Biennale
349 2045 94 46 de
380 2045 110 46 1965.

208 2077 92 56 Il
254 2077 122 56 nous
330 2077 76 56 a
360 2077 122 56 paru
437 2077 229 56 intéressant
620 2077 92 56 de
665 2077 107 56 les
726 2077 168 56 grouper
848 2077 122 56 dans
925 2077 107 56 une
970 2077 153 56 manifes-

208 2103 144 59 tation
308 2103 144 59 annexe
409 2103 86 59 et
452 2103 86 59 de
495 2103 129 59 faire
582 2103 86 59 le
625 2103 129 59 point
711 2103 86 59 du
754 2103 144 59 trajet
855 2103 101 59 que
912 2103 144 59 chacun
1013 2103 129 59 d’eux
1085 2103 43 59 a

198 2162 172 40 parcouru.
