1086 2373
202 481 260 73 Commissaire
410 481 191 73 général
548 481 87 73 :
583 481 156 73 Rubén
687 481 191 73 Bareiro
808 481 156 73 Saguier

205 536 203 45 Professeur
364 536 72 45 à
393 536 232 45 l’Université
567 536 188 45 d’Asuncion.

144 673 152 63 1953,
245 673 152 63 année
347 673 101 63 de
397 673 101 63 la
448 673 219 63 fondation
617 673 101 63 du
667 673 169 63 Groupe
785 673 84 63 ?
819 673 118 63 Art
870 673 101 63 Nou-

98 727 168 52 veau’,
216 727 134 52 peut
300 727 134 52 être
384 727 235 52 considérée
568 727 151 52 comme
669 727 117 52 une
736 727 134 52 date
803 727 168 52 capitale

97 762 137 48 dans
183 762 103 48 le
234 762 223 48 processus
406 762 103 48 de
457 762 309 48 renouvellement
715 762 103 48 de
766 762 103 48 la
800 762 172 48 peinture

143 847 102 54 Ce
194 847 220 54 renouveau
363 847 220 54 s’affirma
532 847 118 54 par
600 847 271 54 l’exposition
803 847 169 54 colectie

97 889 122 49 qui
166 889 122 49 eut
236 889 140 49 lieu
324 889 105 49 en
376 889 140 49 1954
463 889 140 49 dans
551 889 122 49 les
621 889 140 49 rues
708 889 262 49 d’Asuncion.
900 889 70 49 Il

98 925 251 52 signifiait,
299 925 117 52 non
366 925 117 52 pas
434 925 235 52 l’adoption
618 925 151 52 d’une
719 925 151 52 école
819 925 101 52 ou
853 925 117 52 d’une

97 961 223 43 tendance,
268 961 137 43 mais
354 961 103 43 la
405 961 240 43 libération
593 961 240 43 consciente
782 961 120 43 des
833 961 137 43 acadé-

98 1006 168 55 mismes
216 1006 117 55 qui
283 1006 184 55 avaient
417 1006 251 55 jusqu’alors
618 1006 218 55 handicapé
786 1006 101 55 le
819 1006 151 55 travail

97 1036 119 50 des
148 1036 187 50 peintres.

142 1086 104 54 De
194 1086 224 54 nouvelles
366 1086 276 54 possibilités
590 1086 155 54 étant
694 1086 155 54 ainsi
780 1086 190 54 ouvertes,

99 1123 158 54 chaque
210 1123 174 54 artiste
337 1123 111 54 pur
400 1123 206 54 travaille
558 1123 143 54 selon
653 1123 111 54 son
717 1123 206 54 penchant.
859 1123 111 54 C’est

95 1166 151 47 ainsi
196 1166 118 47 que
263 1166 134 47 l’on
347 1166 168 47 trouve
465 1166 151 47 parmi
566 1166 118 47 eux
633 1166 118 47 les
700 1166 202 47 manières
851 1166 101 47 et
885 1166 84 47 les

95 1202 237 52 tendances
277 1202 127 52 les
350 1202 146 52 plus
441 1202 237 52 diverses:
623 1202 346 52 expressionnisme
896 1202 73 52 de

100 1242 155 54 motifs
208 1242 186 54 sociaux,
347 1242 108 54 art
409 1242 201 54 abstrait,
564 1242 248 54 surréalisme,
766 1242 186 54 réalisme
890 1242 77 54 mu-

97 1278 184 51 raliste
231 1278 117 51 qui
298 1278 200 51 rappelle
448 1278 117 51 les
498 1278 200 51 mexicains.

140 1313 169 61 Carlos
258 1313 219 61 Colombino
427 1313 236 61 représente
613 1313 135 61 dans
697 1313 118 61 son
765 1313 118 61 art
832 1313 101 61 la
866 1313 101 61 syn-

95 1361 145 49 thèse
192 1361 97 49 de
240 1361 113 49 ces
305 1361 242 49 différentes
499 1361 226 49 tendances:
676 1361 97 49 il
725 1361 162 49 débute
838 1361 129 49 dans
902 1361 65 49 la

97 1407 200 38 peinture
248 1407 134 38 vers
331 1407 134 38 1955
415 1407 84 38 à
448 1407 184 38 travers
582 1407 117 38 des
649 1407 267 38 tâtonnements
849 1407 117 38 figu-

98 1445 158 47 ratifs
209 1445 95 47 et
256 1445 190 47 parcourt
399 1445 127 47 bien
478 1445 111 47 des
541 1445 174 47 chemins
668 1445 142 47 avant
762 1445 206 47 d’aboutir
905 1445 63 47 en

99 1475 131 50 1960
181 1475 82 50 à
213 1475 115 50 une
279 1475 147 50 forme
377 1475 262 50 d’expression
590 1475 213 50 originale
754 1475 197 50 inspirée
885 1475 82 50 par

96 1511 122 50 des
165 1511 175 50 thèmes
288 1511 227 50 végétaux.
462 1511 227 50 Observant
637 1511 122 50 les
707 1511 140 50 bois
777 1511 192 50 originaux

97 1551 111 48 des
160 1551 269 48 xylographies,
382 1551 95 48 il
429 1551 221 48 s’aperçoit
603 1551 111 48 des
666 1551 253 48 possibilités
855 1551 111 48 natu-

98 1592 167 46 relles
215 1592 117 46 qui
282 1592 251 46 sommeillent
483 1592 134 46 dans
566 1592 117 46 les
633 1592 184 46 rythmes
767 1592 117 46 des
817 1592 150 46 veines,

98 1625 117 56 les
165 1625 184 56 nuances
299 1625 251 56 inattendues
500 1625 117 56 qui
567 1625 234 56 ressortent
751 1625 184 56 lorsque
868 1625 100 56 l’on

96 1672 178 33 creuse
221 1672 124 33 les
292 1672 195 33 couches
434 1672 284 33 superposées.
665 1672 107 33 Ce
718 1672 178 33 moment
825 1672 142 33 déter-

99 1704 129 54 mine
179 1704 97 54 la
228 1704 193 54 modalité
373 1704 97 54 de
421 1704 97 54 sa
469 1704 209 54 technique
630 1704 209 54 actuelle,
791 1704 145 54 qu’on
871 1704 97 54 peut

96 1740 251 52 remarquer
289 1740 155 52 dans
386 1740 135 52 les
463 1740 232 52 tableaux
637 1740 213 52 exposés
773 1740 193 52 (contre-

100 1781 183 41 plaqué,
234 1781 183 41 jusqu’à
367 1781 133 41 cinq
450 1781 183 41 couches
583 1781 100 41 de
633 1781 150 41 bois,
733 1781 200 41 terminés
866 1781 100 41 avec

100 1820 110 40 des
163 1820 173 40 touches
289 1820 189 40 d’huile,
431 1820 157 40 sobres
541 1820 126 40 dans
620 1820 94 40 la
667 1820 173 40 couleur
793 1820 94 40 et
824 1820 142 40 l’appi-

101 1855 186 41 cation).
240 1855 139 41 Cette
333 1855 201 41 technique
487 1855 155 41 permet
596 1855 77 41 à
627 1855 201 41 l’artiste
781 1855 93 41 de
812 1855 155 41 réaliser

103 1895 108 42 une
164 1895 216 42 expérience
334 1895 231 42 singulière,
519 1895 93 42 où
565 1895 262 42 l’originalité
781 1895 93 42 de
827 1895 108 42 son
873 1895 93 42 tem-

100 1930 204 59 pérament
253 1930 170 59 trouve
371 1930 119 59 son
439 1930 254 59 expression,
643 1930 220 59 intégrant
812 1930 119 59 les
863 1930 102 59 élé-

101 1972 148 40 ments
199 1972 230 40 intérieurs
380 1972 99 40 de
429 1972 115 40 son
478 1972 99 40 art.

143 2004 103 54 Un
194 2004 206 54 critique
349 2004 86 54 a
383 2004 120 54 dit
452 2004 103 54 de
503 2004 120 54 son
572 2004 240 54 esthétique
761 2004 189 54 qu’elle
881 2004 86 54 est

100 2053 87 59 «
134 2053 243 59 rythmique,
325 2053 104 59 et
377 2053 156 59 aussi
481 2053 191 59 sauvage
620 2053 104 59 et
672 2053 243 59 lancinante
846 2053 121 59 qu’un

104 2087 220 44 hérisson.
273 2087 102 44 Le
324 2087 152 44 trait
426 2087 186 44 incisif
561 2087 102 44 et
612 2087 186 44 nerveux
747 2087 102 44 de
781 2087 186 44 Colombino

102 2131 139 52 crée
188 2131 121 52 sur
258 2131 104 52 le
310 2131 139 52 bois
396 2131 121 52 des
466 2131 173 52 formes
587 2131 260 52 puissantes,
777 2131 191 52 hautement

104 2166 244 57 évocatrices
299 2166 98 57 du
348 2166 163 57 rythme
461 2166 146 57 vital
559 2166 98 57 de
608 2166 98 57 la
656 2166 179 57 nature.
786 2166 114 57 Ses
835 2166 130 57 compo-

104 2201 166 61 sitions
225 2201 121 61 font
301 2201 166 61 deviser
422 2201 91 61 la
467 2201 151 61 forêt,
573 2201 106 61 les
633 2201 166 61 fleurs,
754 2201 106 61 les
800 2201 166 61 poissons,
