1086 2373
168 477 280 49 Commissaire
392 477 224 49 général:
560 477 112 49 E.
616 477 205 49 Pouchpa
746 477 112 49 Dass

170 524 157 62 Attaché
284 524 171 62 culturel
412 524 114 62 près
483 524 213 62 l’Ambassade
654 524 85 62 de
696 524 142 62 l'Inde
796 524 71 62 à
810 524 114 62 Paris.

115 660 149 51 L’art
215 660 165 51 indien
330 660 182 51 connaît
462 660 248 51 aujourd’hui
660 660 99 51 un
693 660 248 51 développement

70 700 234 45 vigoureux.
254 700 134 45 Nous
338 700 150 45 avons
438 700 200 45 assisté,
588 700 100 45 au
638 700 150 45 cours
739 700 100 45 de
789 700 117 45 ces
839 700 100 45 der-

72 742 158 45 nières
183 742 142 45 vingt
277 742 174 45 années,
404 742 79 45 à
435 742 95 45 la
482 742 221 45 croissance
656 742 95 45 et
703 742 79 45 à
735 742 95 45 la
766 742 174 45 floraison

71 778 145 49 d’une
167 778 145 49 phase
264 778 193 49 moderne,
409 778 161 49 pleine
522 778 97 49 de
570 778 193 49 vitalité
715 778 97 49 et
747 778 193 49 d’indépen-

69 819 167 36 dance.
186 819 117 36 Cet
253 819 134 36 art,
337 819 134 36 tout
420 819 100 36 en
470 819 150 36 ayant
570 819 117 36 des
637 819 167 36 points
754 819 100 36 de
788 819 150 36 ressem-

68 843 171 58 blance
187 843 137 58 avec
273 843 154 58 l’art
375 843 256 58 occidental,
580 843 188 58 exprime
717 843 222 58 également
871 843 68 58 sa

71 888 163 49 propre
185 888 244 49 sensibilité
380 888 98 49 et
428 888 114 49 son
493 888 163 49 propre
591 888 146 49 milieu.

113 926 97 53 La
161 926 210 53 diversité
323 926 97 53 de
372 926 162 53 l’Inde
485 926 97 53 et
533 926 97 53 sa
582 926 146 53 vaste
679 926 227 53 exubérance
841 926 97 53 tro-

71 981 150 46 picale
176 981 90 46 se
221 981 195 46 reflètent
371 981 90 46 en
416 981 90 46 un
461 981 105 46 art
520 981 135 46 viril
610 981 90 46 et
655 981 150 46 riche.
760 981 90 46 La
790 981 150 46 nouvelle

68 1017 194 44 tendance
213 1017 97 44 ne
262 1017 129 44 peut
342 1017 129 44 être
423 1017 178 44 classée
552 1017 97 44 en
601 1017 162 44 écoles
714 1017 97 44 ou
746 1017 194 44 styles,car

68 1048 95 46 la
116 1048 174 46 plupart
243 1048 111 46 des
306 1048 190 46 artistes
449 1048 238 46 travaillent
639 1048 127 46 avec
718 1048 95 46 un
766 1048 143 46 style
845 1048 95 46 très

111 1138 138 43 Mais
197 1138 138 43 dans
283 1138 155 43 notre
386 1138 155 43 jeune
489 1138 258 43 démocratie,
696 1138 120 43 les
765 1138 155 43 voies
851 1138 86 43 ou-

67 1182 164 40 vertes
182 1182 115 40 aux
247 1182 197 40 artistes
395 1182 132 40 sont
478 1182 99 40 de
527 1182 132 40 plus
609 1182 99 40 en
658 1182 132 40 plus
724 1182 214 40 nombreuses.

69 1214 102 53 Si
120 1214 120 53 les
188 1214 171 53 œuvres
308 1214 256 53 elles-mêmes
513 1214 102 53 ne
564 1214 205 53 semblent
718 1214 120 53 pas
769 1214 171 53 reflèter

69 1250 261 46 l’optimisme,
281 1250 147 46 l’art
379 1250 98 46 se
427 1250 163 46 trouve
542 1250 98 46 en
590 1250 163 46 pleine
688 1250 196 46 expansion.

109 1299 141 42 Dans
197 1299 106 42 la
250 1299 194 42 section
391 1299 106 42 du
444 1299 211 42 théâtre,
602 1299 176 42 Kokila
726 1299 176 42 Mavani
831 1299 106 42 pré-

68 1346 148 40 sente
166 1346 99 40 un
215 1346 164 40 projet
330 1346 99 40 de
380 1346 131 40 mise
462 1346 99 40 en
511 1346 148 40 scène
610 1346 99 40 et
659 1346 99 40 de
708 1346 197 40 costumes
839 1346 99 40 pour

68 1379 119 44 une
136 1379 154 44 pièce
239 1379 102 44 de
290 1379 188 44 Tagore,
443 1379 222 44 Sacrifice
614 1379 85 44 ,
648 1379 119 44 qui
716 1379 222 44 s’efforce
870 1379 68 44 de

66 1411 187 48 traduire
206 1411 264 48 plastiquement
424 1411 93 48 le
471 1411 171 48 conflit
595 1411 140 48 entre
688 1411 109 48 les
750 1411 155 48 forces
844 1411 93 48 spi-

69 1448 207 55 rituelles
228 1448 95 55 et
276 1448 95 55 la
323 1448 207 55 puissance
466 1448 207 55 temporelle.
