1086 2373
138 566 230 52 Commissaire
322 566 169 52 général
444 566 77 52 :
475 566 261 52 Constantin
675 566 245 52 Papapanos

138 614 200 52 Directeur
291 614 92 52 de
337 614 92 52 la
383 614 169 52 section
506 614 108 52 des
568 614 215 52 Beaux-Arts
737 614 92 52 du
783 614 138 52 Musée
860 614 61 52 de

138 653 225 46 l’Education
318 653 195 46 Nationale
467 653 90 46 de
497 653 120 46 Grèce.

82 802 222 48 Behrakis,
253 802 222 48 Canistra,
424 802 205 48 loannou,
577 802 239 48 Caroussos,
748 802 171 48 Kipreos,

39 835 179 50 Pavlos,
169 835 212 50 Theodoros
332 835 244 50 participent
527 835 130 50 pour
609 835 98 50 la
657 835 195 50 première
804 835 130 50 fois
869 835 49 50 à

36 877 94 42 la
83 877 189 42 Biennale
225 877 94 42 de
272 877 157 42 Paris.
382 877 110 42 Ils
445 877 110 42 ont
508 877 110 42 été
571 877 173 42 choisis
697 877 142 42 après
791 877 110 42 une
838 877 79 42 sé-

36 915 187 47 lection
172 915 170 47 serrée
290 915 153 47 faite
392 915 119 47 par
460 915 102 47 un
511 915 170 47 Comité
630 915 187 47 composé
765 915 102 47 de
799 915 119 47 trois

38 955 197 42 artistes,
190 955 121 42 deux
265 955 197 42 critiques
417 955 137 42 d’art
508 955 91 42 et
554 955 91 42 le
599 955 197 42 Directeur
751 955 106 42 des
797 955 121 42 Beaux-

35 993 133 45 Arts
119 993 100 45 au
169 993 217 45 Ministère
335 993 100 45 de
385 993 250 45 l’Education
586 993 233 45 Nationale.
769 993 100 45 Le
802 993 117 45 souci

37 1032 96 38 de
85 1032 96 38 ce
133 1032 160 38 Comité
245 1032 112 38 est
309 1032 128 38 allé
389 1032 160 38 plutôt
501 1032 128 38 vers
581 1032 112 38 une
645 1032 272 38 participation
853 1032 64 38 de

35 1067 198 43 qualité,
183 1067 115 43 que
249 1067 132 43 vers
331 1067 99 43 la
381 1067 297 43 représentation
628 1067 148 43 d’une
711 1067 181 43 tendance.

78 1109 101 52 Si
129 1109 101 52 la
179 1109 151 52 gamme
280 1109 101 52 de
330 1109 218 52 candidats
498 1109 84 52 à
532 1109 101 52 la
582 1109 218 52 sélection
750 1109 118 52 est
800 1109 118 52 assez

33 1156 226 43 étendue,
203 1156 245 43 puisqu’il
391 1156 188 43 existe
523 1156 113 43 en
579 1156 169 43 Grèce
692 1156 113 43 de
730 1156 188 43 nombreux

37 1189 204 49 artistes,
195 1189 126 49 dans
273 1189 110 49 les
336 1189 173 49 limites
462 1189 142 49 d’âge
556 1189 173 49 prêvue,
682 1189 110 49 qui
729 1189 189 49 produisent

37 1229 130 43 déjà
118 1229 114 43 des
183 1229 163 43 œuvres
298 1229 212 43 valables,
461 1229 98 43 il
509 1229 114 43 est
575 1229 212 43 difficile
738 1229 98 43 de
770 1229 147 43 dégager

36 1270 159 38 entre
142 1270 124 38 eux
213 1270 124 38 des
284 1270 230 38 tendances
461 1270 106 38 ou
514 1270 124 38 des
567 1270 177 38 groupes.

82 1312 205 47 L’artiste
240 1312 126 47 grec
318 1312 142 47 reste
413 1312 299 47 essentiellement
649 1312 267 47 individualiste.

38 1350 108 54 Ce
92 1350 90 54 l
128 1350 179 54 chacun
253 1350 144 54 pour
343 1350 126 54 soi
433 1350 126 54 est
504 1350 215 54 d’autant
666 1350 144 54 plus
738 1350 179 54 accentué

37 1395 118 40 que
105 1395 118 40 les
172 1395 135 40 arts
257 1395 236 40 plastiques
442 1395 101 40 en
493 1395 152 40 Grèce
594 1395 236 40 approchent
780 1395 101 40 du
814 1395 101 40 car-

41 1431 151 41 refour
147 1431 106 41 où,
207 1431 121 41 dans
282 1431 106 41 les
343 1431 151 41 grands
448 1431 166 41 centres
569 1431 151 41 d’art,
675 1431 121 41 tels
750 1431 106 41 que
795 1431 121 41 Paris,

37 1467 128 49 les
110 1467 147 49 arts
202 1467 257 49 plastiques
403 1467 110 49 du
458 1467 165 49 monde
569 1467 257 49 débouchent
770 1467 110 49 du
807 1467 110 49 non-

39 1507 188 36 objectif
180 1507 110 36 sur
243 1507 188 36 l’objet,
384 1507 94 36 de
431 1507 266 36 l’abstraction
651 1507 125 36 vers
729 1507 110 36 une
776 1507 141 36 figura-

36 1543 144 48 tion
126 1543 234 48 nouvelle,
306 1543 108 48 du
360 1543 378 48 figé-dimensionnel
683 1543 108 48 au
719 1543 198 48 mouvement

39 1578 101 59 en
90 1578 151 59 trois
173 1578 218 59 dimensions.

80 1623 107 53 Ce
134 1623 231 53 carrefour
312 1623 214 53 comporte
472 1623 125 53 des
543 1623 160 53 choix
650 1623 142 53 très
721 1623 196 53 nombreux,

38 1669 119 42 des
106 1669 271 42 possibilités
326 1669 271 42 d’hésitation
546 1669 102 42 et
597 1669 288 42 d’exploration
817 1669 102 42 très

41 1707 189 43 riches,
178 1707 155 43 entre
281 1707 241 43 lesquelles
470 1707 120 43 ces
539 1707 137 43 sept
625 1707 155 43 Grecs
711 1707 206 43 balancent.

43 1739 130 42 Leur
124 1739 178 42 travail
254 1739 178 42 reflète
384 1739 227 42 fidèlement
562 1739 97 42 et
611 1739 130 42 avec
692 1739 178 42 naturel
805 1739 114 42 cette

41 1779 239 51 incertitude
232 1779 80 51 -
264 1779 111 51 qui
328 1779 175 51 parfois
455 1779 175 51 enferme
583 1779 191 51 l’espoir
726 1779 143 51 d’une
806 1779 111 51 cris-

41 1815 239 50 tallisation
232 1815 431 50 éblouissante-renforçant
615 1815 271 50 l’ambivalence
822 1815 96 50 nor-

40 1857 146 56 male
131 1857 109 56 du
167 1857 255 56 mûrissement.

85 1898 153 58 Leurs
187 1898 170 58 œuvres
306 1898 255 58 n’indiquent
510 1898 119 58 pas
579 1898 102 58 de
630 1898 187 58 chemins
749 1898 170 58 définis,

43 1946 125 40 déjà
122 1946 188 40 choisis,
263 1946 110 40 car
325 1946 110 40 ils
388 1946 141 40 n’ont
482 1946 157 40 encore
591 1946 125 40 jeté
670 1946 125 40 leur
748 1946 157 40 dévolu
842 1946 78 40 sur

43 1981 172 48 aucune
163 1981 154 48 cible
266 1981 257 48 spécifique.
472 1981 120 48 Ils
540 1981 103 48 ne
592 1981 172 48 visent
712 1981 172 48 encore
815 1981 103 48 qu’à

44 2017 223 47 exprimer,
215 2017 154 47 aussi
318 2017 240 47 pleinement
507 2017 172 47 qu’ils
627 2017 103 47 le
679 2017 206 47 peuvent,
816 2017 103 47 leur

44 2053 143 54 élan
133 2053 214 54 créateur
294 2053 107 54 du
347 2053 196 54 moment.
490 2053 107 54 En
543 2053 160 54 cela,
650 2053 160 54 ainsi
757 2053 160 54 qu’en
846 2053 71 54 la

46 2095 296 41 préoccupation
290 2095 139 41 avec
377 2095 105 41 le
429 2095 174 41 formel
551 2095 122 41 qui
621 2095 261 41 transparait
812 2095 105 41 dans

48 2130 140 57 leurs
142 2130 171 57 œuvres,
266 2130 109 57 ils
328 2130 124 57 sont
406 2130 280 57 représentatifs
639 2130 93 57 de
686 2130 155 57 l’état
779 2130 140 57 présent

47 2170 94 55 de
94 2170 141 55 l’art
188 2170 94 55 en
219 2170 125 55 Grèce.
