1086 2373
94 86 67 63 IRLANDE

211 611 288 52 Commissaire
441 611 231 52 général:
614 611 173 52 James
710 611 135 52 White

215 655 233 53 Conservateur
405 655 88 53 de
449 655 88 53 la
493 655 175 53 National
609 655 146 53 Gallery.

158 813 147 49 Depuis
261 813 88 49 le
305 813 132 49 début
393 813 88 49 de
437 813 132 49 l’ère
525 813 205 49 chrétienne
686 813 103 49 les
745 813 176 49 peintres
862 813 117 49 irlan-

112 853 133 55 dais
196 853 100 55 se
246 853 133 55 sont
329 853 234 55 intéressés
513 853 184 55 surtout
646 853 83 55 à
680 853 100 55 la
730 853 150 55 forme
813 853 167 55 humaine.

111 890 145 59 Avant
208 890 145 59 cette
304 890 161 59 époque
417 890 97 59 le
465 890 145 59 style
562 890 242 59 prédominant
755 890 161 59 tenait
852 890 129 59 plutôt

109 934 100 49 de
159 934 151 49 l’art
260 934 201 49 abstrait
411 934 117 49 pur
478 934 134 49 mais
561 934 167 49 depuis
679 934 167 49 quinze
796 934 184 49 siècles
913 934 67 49 le

109 971 184 50 concept
243 971 100 50 de
293 971 184 50 l’homme
427 971 134 50 dans
511 971 117 50 son
578 971 151 50 cadre
678 971 117 50 est
745 971 100 50 la
795 971 134 50 note
862 971 117 50 domi-

110 1008 161 54 nante.
223 1008 97 54 Au
271 1008 145 54 cours
367 1008 113 54 des
432 1008 129 54 deux
512 1008 145 54 cents
609 1008 209 54 dernières
770 1008 161 54 années
866 1008 113 54 l’in-

106 1042 185 51 fluence
241 1042 235 51 romantique
425 1042 101 51 se
476 1042 235 51 trahissait
661 1042 134 51 dans
745 1042 218 51 l’intérêt
896 1042 84 51 que

109 1085 209 49 portaient
270 1085 113 49 les
334 1085 193 49 peintres
479 1085 209 49 irlandais
640 1085 97 49 au
688 1085 274 49 paysage-genre
898 1085 80 49 qui

104 1122 118 49 fut
171 1122 202 49 beaucoup
323 1122 202 49 favorisé
474 1122 235 49 d’ailleurs
659 1122 118 49 par
726 1122 101 49 la
776 1122 202 49 présence
911 1122 67 49 de

106 1156 164 56 leurs
215 1156 291 56 compatriotes
451 1156 91 56 à
487 1156 309 56 Fontainebleau
742 1156 109 56 au
796 1156 182 56 milieu
905 1156 73 56 du

106 1190 132 48 XIXe
172 1190 149 48 siècle.

147 1238 138 56 Anne
233 1238 190 56 Madden,
371 1238 155 56 l’une
475 1238 121 56 des
544 1238 138 56 deux
630 1238 173 56 jeunes
751 1238 207 56 peintres
889 1238 86 56 le-

105 1281 218 53 présentés
273 1281 84 53 à
306 1281 151 53 cette
407 1281 218 53 Biennale,
574 1281 117 53 est
641 1281 251 53 paysagiste,
842 1281 134 53 mais
909 1281 67 53 on

106 1327 102 41 ne
157 1327 136 41 peut
242 1327 119 41 pas
311 1327 136 41 nier
396 1327 102 41 le
447 1327 188 41 rapport
584 1327 154 41 entre
686 1327 119 41 les
737 1327 239 41 gigantesques

105 1355 159 55 formes
216 1355 254 55 rocailleuses
422 1355 95 55 de
470 1355 95 55 la
517 1355 159 55 nature
628 1355 95 55 et
676 1355 111 55 les
739 1355 143 55 plans
818 1355 159 55 arrondis

104 1396 101 54 du
155 1396 151 54 torse
255 1396 185 54 humain.
390 1396 185 54 Pendant
524 1396 117 54 ses
591 1396 168 54 années
692 1396 285 54 d’apprentissage

107 1437 122 42 elle
183 1437 122 42 prit
259 1437 137 42 comme
350 1437 137 42 sujet
442 1437 107 42 les
503 1437 168 42 aspects
625 1437 213 42 figuratifs
792 1437 91 42 du
823 1437 152 42 paysage.

108 1467 126 50 Mais
187 1467 157 50 depuis
297 1467 173 50 qu’elle
423 1467 142 50 s’est
518 1467 205 50 installée
675 1467 126 50 dans
754 1467 94 50 le
801 1467 126 50 midi
880 1467 94 50 de
911 1467 63 50 la

108 1505 158 60 France
219 1505 111 60 son
282 1505 221 60 traitement
456 1505 126 60 plus
535 1505 221 60 tranquille
708 1505 95 60 et
756 1505 126 60 plus
819 1505 158 60 abstrait

106 1545 115 54 des
171 1545 181 54 formes,
303 1545 99 54 en
352 1545 148 54 grain
450 1545 99 54 de
500 1545 197 54 coquille
648 1545 164 54 d’œuf,
763 1545 148 54 blanc
845 1545 131 54 telles

105 1583 115 56 des
170 1583 180 56 couches
301 1583 98 56 de
350 1583 131 56 lave
432 1583 197 56 visibles
580 1583 131 56 sous
662 1583 98 56 la
711 1583 147 56 neige
809 1583 98 56 ou
842 1583 131 56 l’eau,

103 1621 127 67 fait
182 1621 158 67 penser
293 1621 79 67 à
325 1621 95 67 la
372 1621 143 67 forme
467 1621 174 67 humaine
594 1621 222 67 surgissant
768 1621 127 67 d’un
832 1621 143 67 mirage.

146 1664 170 55 Brian
259 1664 188 55 Bourke
391 1664 207 55 accepte
542 1664 113 55 la
598 1664 170 55 forme
711 1664 207 55 humaine
843 1664 132 55 comme

103 1710 145 47 sujet
200 1710 129 47 sans
280 1710 97 47 la
328 1710 177 47 moindre
457 1710 242 47 hésitation.
651 1710 226 47 Cependant,
812 1710 161 47 l’empla-

101 1752 178 42 cement
226 1752 107 42 du
279 1752 160 42 corps
386 1752 143 42 dans
475 1752 125 42 son
547 1752 160 42 décor
653 1752 107 42 le
707 1752 232 42 préoccupe
867 1752 107 42 sans

106 1786 128 47 cesse
191 1786 85 47 et
234 1786 85 47 il
276 1786 114 47 fait
347 1786 199 47 travailler
503 1786 85 47 la
546 1786 170 47 peinture
674 1786 114 47 pour
745 1786 170 47 réaliser
858 1786 114 47 l’har-

103 1827 143 39 monie
198 1827 143 39 qu’il
293 1827 206 39 souhaite.
452 1827 111 39 Ses
515 1827 190 39 couleurs
657 1827 127 39 sont
737 1827 174 39 hardies
863 1827 95 39 et
895 1827 79 39 les

104 1856 242 62 proportions
297 1856 177 62 maniées
426 1856 129 62 avec
507 1856 129 62 soin
587 1856 81 62 à
620 1856 97 62 la
668 1856 145 62 façon
765 1856 113 62 des
813 1856 161 62 peintres

106 1902 122 48 plus
182 1902 213 48 abstraits.
349 1902 137 48 Trois
440 1902 106 48 sur
501 1902 152 48 quatre
607 1902 106 48 des
668 1902 152 48 toiles
774 1902 182 48 exposées
896 1902 76 48 ici

103 1938 129 41 sont
183 1938 113 41 des
248 1938 290 41 auto-portraits
489 1938 161 41 peints
602 1938 177 41 d’après
731 1938 97 41 le
779 1938 113 41 nu,
843 1938 113 41 les
892 1938 80 41 po-

104 1970 168 63 sitions
226 1970 168 63 variant
347 1970 76 63 à
378 1970 137 63 peine
469 1970 137 63 d’une
561 1970 137 63 toile
652 1970 76 63 à
683 1970 183 63 l’autre.
820 1970 152 63 Malgré
911 1970 61 63 la

105 2003 229 53 similarité
284 2003 114 53 des
350 2003 163 53 sujets
464 2003 114 53 une
530 2003 196 53 ambiance
677 2003 262 53 complètement
873 2003 98 53 dif-

103 2043 174 69 férente
230 2043 79 69 a
261 2043 111 69 été
324 2043 142 69 créée
419 2043 111 69 par
482 2043 95 69 la
530 2043 142 69 façon
624 2043 158 69 tenace
735 2043 126 69 dont
814 2043 95 69 le
846 2043 126 69 peinte

105 2085 229 61 s’accroche
285 2085 82 61 à
318 2085 246 61 l’influence
514 2085 147 61 d’une
613 2085 180 61 couleur
744 2085 229 61 déterminée
907 2085 66 61 et

107 2121 116 63 par
174 2121 266 63 l’importance
390 2121 149 63 qu’il
489 2121 183 63 accorde
622 2121 83 63 à
655 2121 149 63 fixer
755 2121 100 63 la
805 2121 149 63 gamme
888 2121 83 63 en-

103 2156 150 80 tière
203 2156 117 80 des
270 2156 183 80 valeurs
403 2156 217 80 spatiales
570 2156 150 80 grâce
670 2156 83 80 à
703 2156 100 80 la
753 2156 167 80 nuance
853 2156 117 80 domi

91 2191 137 46 nante.

87 2249 76 48 70
