1132 2373
378 49 361 84 TRAVAUX
636 49 361 84 D’ÉQUIPE

101 159 179 102 Pierre
239 159 220 102 GOUMAIN
418 159 83 102 né
459 159 83 102 en
501 159 110 102 1942
570 159 69 102 à
597 159 165 102 Beyrouth
721 159 152 102 (Liban)
818 159 110 102 Archi

102 250 194 95 Philippe
257 250 168 95 GRAS
386 250 77 95 né
425 250 77 95 en
463 250 103 95 1942
528 250 65 95 à
554 250 116 95 Paris
631 250 155 95 (France)
734 250 168 95 Photographe

103 294 188 104 Bernard
250 294 214 104 HAUMONT
424 294 80 104 né
464 294 80 104 en
504 294 107 104 1942
571 294 67 104 à
598 294 281 104 Neuilly-sur-Seine
826 294 107 104 (Fran-

104 381 89 54 ce)
142 381 165 54 Sociologue.

105 389 181 95 Daniel
245 389 279 95 LANGENDORFF
482 389 84 95 né
524 389 84 95 en
565 389 112 95 1940
635 389 70 95 à
663 389 181 95 Marseille
789 389 153 95 (France).

107 496 147 78 Alain
217 496 171 78 PERSIL
352 496 73 78 né
388 496 73 78 en
425 496 98 78 1942
486 496 61 78 à
511 496 122 78 Cahors
596 496 86 78 (F.
645 496 122 78 ance).
719 496 122 78 Peintre.

106 538 228 84 Jean-Paul
291 538 242 84 RIEUNIER
491 538 86 84 né
534 538 86 84 en
576 538 114 84 1933
648 538 71 84 à
676 538 171 84 Bordeaux
790 538 157 84 (France).

109 624 163 83 Henri
232 624 259 83 VERUCHALMY
450 624 82 83 né
491 624 82 83 en
532 624 109 83 1940
600 624 68 83 à
627 624 123 83 Paris
709 624 177 83 (France).
831 624 123 83 Peintre

473 702 141 63 Elèves
572 702 99 63 des
628 702 170 63 Ateliers
755 702 127 63 d’Art
826 702 113 63 Sacré.

111 917 147 72 16
209 917 245 72 AMENAGEMENT
405 917 147 72 D’UNE
487 917 196 72 PLAGES

115 969 180 71 présenté
250 969 120 71 sous
325 969 135 71 forme
414 969 90 71 de
459 969 180 71 maquette
594 969 90 71 et
639 969 90 71 de
684 969 224 71 projections
848 969 120 71 audio

118 1073 94 66 Les
171 1073 148 66 plages,
279 1073 121 66 vrais
359 1073 121 66 lieux
440 1073 81 66 de
480 1073 94 66 nos
534 1073 175 66 vacances,
668 1073 161 66 méritent
789 1073 94 66 une
829 1073 148 66 attention

117 1105 257 71 particulière.
328 1105 91 71 La
374 1105 181 71 maquette
510 1105 212 71 représente
676 1105 257 71 l’aménagement
872 1105 106 71 d’une

120 1143 121 69 plage
200 1143 188 69 comportant
348 1143 94 69 des
402 1143 121 69 zones
483 1143 162 69 d’ombre,
604 1143 81 69 un
644 1143 108 69 bar,
712 1143 94 69 des
766 1143 202 69 vestiaires,
914 1143 67 69 des

119 1176 172 62 douches,
248 1176 115 62 etc.
320 1176 86 62 Un
363 1176 158 62 jardin,
478 1176 100 62 qui
535 1176 144 62 abrite
635 1176 86 62 un
679 1176 115 62 lieu
750 1176 86 62 de
793 1176 187 62 spectacle
923 1176 57 62 en

120 1208 130 66 plein
206 1208 116 66 air,
278 1208 101 66 une
336 1208 159 66 piscine
452 1208 87 66 et
495 1208 87 66 de
538 1208 202 66 nombreuses
697 1208 217 66 promenades,
856 1208 130 66 entoure

123 1269 66 44 la
145 1269 88 44 plage.

123 1297 95 61 Les
178 1297 149 61 cabines
286 1297 108 61 sont
353 1297 176 61 disposées
488 1297 81 61 de
529 1297 122 61 façon
610 1297 68 61 à
637 1297 149 61 diviser
745 1297 81 61 la
785 1297 122 61 plage
866 1297 81 61 en
893 1297 95 61 plus-

121 1331 140 58 sieurs
219 1331 154 58 espaces
331 1331 112 58 plus
402 1331 168 58 intimes,
528 1331 112 58 sans
598 1331 182 58 toutefois
738 1331 154 58 masquer
851 1331 84 58 la
893 1331 98 58 vue
935 1331 56 58 de

125 1389 71 42 la
149 1389 71 42 mer.

121 1408 86 70 Au
164 1408 115 70 bout
236 1408 86 70 de
279 1408 86 70 la
322 1408 129 70 jetée
408 1408 86 70 un
451 1408 129 70 grand
537 1408 172 70 signal,,
667 1408 216 70 brise-lames
853 1408 144 70 marque
940 1408 57 70 le

123 1449 131 66 point
211 1449 87 66 de
254 1449 145 66 départ
356 1449 102 66 des
414 1449 174 66 bateaux,
544 1449 87 66 du
588 1449 102 66 ski
646 1449 174 66 nautique
776 1449 87 66 et
820 1449 174 66 l’entrée
936 1449 58 66 du

125 1506 180 47 restaurant
254 1506 167 47 sous

129 1575 164 51 Matériaux
243 1575 139 51 utilisés:

127 1607 134 69 bois:
216 1607 179 69 éléments
351 1607 238 69 préfabriqués
544 1607 89 69 en
589 1607 253 69 contreplaqué;
797 1607 149 69 voiles
887 1607 119 69 extra-

126 1653 170 59 légères
249 1653 124 59 pour
327 1653 108 59 les
388 1653 139 59 zones
481 1653 201 59 d’ombres;
636 1653 139 59 verre
729 1653 77 59 -
760 1653 124 59 avec
821 1653 186 59 assemblage

128 1695 183 51 métallique
272 1695 105 51 pour
338 1695 79 51 le
377 1695 183 51 restaurant
521 1695 79 51 et
560 1695 79 51 le
600 1695 118 51 grand
665 1695 118 51 signal.

126 1740 87 58 le
169 1740 131 58 grand
256 1740 145 58 signal
372 1740 218 58 Brise-Lames
546 1740 73 58 :
575 1740 87 58 en
619 1740 131 58 verre
706 1740 131 58 usiné
793 1740 102 58 est
851 1740 160 58 l’œuvre
952 1740 58 58 de

130 1776 140 66 Vlimos
228 1776 98 66 Acs
284 1776 84 66 et
327 1776 225 66 Robert-Louis
509 1776 155 66 Muller.
622 1776 84 66 Il
664 1776 70 66 a
692 1776 98 66 été
748 1776 155 66 réalisé
860 1776 98 66 par
917 1776 84 66 la
945 1776 70 66 Cie

132 1943 181 62 Vilmos
271 1943 167 62 ACS
397 1943 84 62 né
438 1943 84 62 en
480 1943 111 62 1936
550 1943 70 62 à
578 1943 167 62 Budapest
703 1943 195 62 (Hongrie).
842 1943 181 62 Architecte.

135 1992 169 64 Edmée
261 1992 197 64 DELSOL
416 1992 98 64 née
472 1992 84 64 en
514 1992 112 64 1939
585 1992 70 64 à
613 1992 126 64 Paris
697 1992 183 64 (France).
823 1992 141 64 Peintre.

135 2042 202 75 Jacques
293 2042 259 75 LALLEMENT
509 2042 86 75 né
552 2042 86 75 en
596 2042 115 75 1934
668 2042 72 75 à
697 2042 130 75 Paris
783 2042 187 75 (France).
913 2042 115 75 Archi

137 2116 289 92 Robert-Louis
380 2116 213 92 Muller
547 2116 91 92 né
593 2116 91 92 en
638 2116 122 92 1941
714 2116 76 92 à
744 2116 182 92 St-Avold
866 2116 167 92 (France).
