1132 2373
589 58 401 74 SPECTACLE

122 313 103 66 jeudi
190 313 69 66 14
213 313 69 66 oct.

-27 497 253 57 vendredi
163 497 126 57 15
205 497 126 57 oct.

-29 537 228 50 samedi
131 537 137 50 16
176 537 137 50 oct.

-29 567 266 55 dimanche
171 567 133 55 17
215 567 133 55 oct.

-28 655 206 60 lundi
110 655 138 60 18
155 655 138 60 oct.

-31 689 213 63 mardi
111 689 142 63 19
158 689 142 63 oct.

133 717 143 60 mercredi
240 717 71 60 20
264 717 71 60 oct.

376 267 174 74 Trois
506 267 232 74 chorégraphes
680 267 246 74 d’Argentine

376 328 154 49 Arlette
486 328 99 49 Bon

379 357 190 53 Graziella
522 357 166 53 Martinez

382 399 156 52 Paulina
493 399 100 52 Oca

380 454 247 70 Compagnie
581 454 108 70 les
642 454 186 70 Vaguants
781 454 93 70 de
812 454 155 70 Mice

388 512 122 56 (G.
461 512 170 56 Morana.)

385 515 107 80 Les
446 515 214 80 Bâtisseurs
614 515 183 80 d’Empire
751 515 92 80 de
797 515 137 80 Boris
873 515 107 80 Vian.

389 616 134 64 Le
478 616 163 64 Théâtre
597 616 252 64 Saint-Georges
805 616 89 64 de
835 616 148 64 Lyon

391 665 142 55 (M.O.
486 665 153 55 Cayre).

392 695 92 57 Le
438 695 169 57 Guichet
561 695 92 57 de
592 695 138 57 Tardieu

391 730 235 61 Compagnie
582 730 176 61 Philippe
700 730 176 61 Adrien

395 756 110 75 Les
458 756 172 75 Croisés
583 756 94 75 de
630 756 188 75 Philippe
772 756 157 75 Adrien
866 756 125 75 (créa

381 822 116 47 tion).

401 844 228 63 Compagnie
586 844 143 63 Pierre
672 844 185 63 Chabert

401 893 231 60 L’Hypothèse
585 893 92 60 de
632 893 92 60 R.
662 893 139 60 Pinget.

132 960 144 86 jeudi
228 960 96 86 21
276 960 128 86 oct.
355 960 160 86 Les
467 960 255 86 Marionnettes
675 960 96 86 de
723 960 192 86 Mathilde
850 960 128 86 et

410 1012 136 46 Paul
496 1012 161 46 Dougnac

407 1034 168 60 Ballade
529 1034 91 60 de
574 1034 168 60 l’amour
696 1034 107 60 fou
742 1034 183 60 (création)

140 1119 178 76 vendredi
273 1119 89 76 22
318 1119 118 76 oct.
392 1119 237 76 Compagnie
584 1119 148 76 Victor
673 1119 178 76 Garcia

137 1139 172 84 samedi
257 1139 103 84 23
309 1139 138 84 oct.
395 1139 103 84 Le
447 1139 224 84 cimetière
619 1139 121 84 des
688 1139 207 84 voitures
826 1139 189 84 d’Arrabal

138 1201 188 62 dimanche
279 1201 94 62 24
326 1201 125 62 oct.
389 1201 203 62 (création).

138 1254 163 84 lundi
246 1254 108 84 25
301 1254 145 84 oct.
391 1254 289 84 Compagnie
626 1254 108 84 La
680 1254 253 84 Mandragore
860 1254 163 84 (W.

143 1323 136 53 mardi
234 1323 91 53 26
279 1323 121 53 oct.
339 1323 257 53 Mehring)

142 1341 204 78 mercredi
295 1341 102 78 27
346 1341 136 78 oct.
431 1341 187 78 Woyzeck
566 1341 102 78 de
600 1341 153 78 Buchner

141 1404 143 91 jeudi
237 1404 95 91 28
284 1404 127 91 oct.
364 1404 207 91 Studio
523 1404 191 91 d’Essais
666 1404 302 91 chorégraphiques
905 1404 127 91 de

427 1450 137 62 la
518 1450 167 62 Réunion
639 1450 106 62 des
700 1450 182 62 Théâtres
821 1450 213 62 Lyriques

424 1504 201 48 Nationaux

148 1558 181 81 vendredi
284 1558 90 81 29
329 1558 121 81 oct.
404 1558 256 81 Université
615 1558 90 81 du
660 1558 166 81 Théâtre
781 1558 105 81 des
826 1558 196 81 Nations

147 1598 160 74 samedi
259 1598 96 74 30
307 1598 128 74 oct.
387 1598 128 74 Loin
467 1598 96 74 de
515 1598 96 74 la
563 1598 160 74 mer...
675 1598 128 74 loin
755 1598 96 74 de
803 1598 144 74 l’été
883 1598 160 74 d’Eliraz

148 1659 197 51 dimanche
295 1659 98 51 31
344 1659 131 51 oct.
410 1659 197 51 (création)

444 1688 218 55 Compagnie
622 1688 82 55 J.
663 1688 82 55 M.
690 1688 150 55 Patte

443 1705 114 75 Les
508 1705 195 75 Enchères
654 1705 260 75 d’Aspenstrom
848 1705 195 75 (création)

445 1752 240 69 Compagnie
640 1752 225 69 André-Louis
805 1752 225 69 Perinetti

448 1805 251 59 L’Entreprise
652 1805 94 59 de
699 1805 94 59 G.
731 1805 141 59 Poissy.

155 1881 148 67 lundi
253 1881 115 67 1er
319 1881 132 67 nov.
401 1881 263 67 Compagnie
615 1881 148 67 Armel
697 1881 181 67 Marin

154 1891 157 86 mardi
258 1891 87 86 2
293 1891 139 86 nov.
380 1891 104 86 Un
432 1891 157 86 petit
537 1891 122 86 nid
606 1891 192 86 d’amour
746 1891 104 86 de
798 1891 192 86 Georges
920 1891 139 86 Michel

157 1964 208 46 mercredi
313 1964 87 46 3
347 1964 139 46 nov.
417 1964 208 46 (création)

457 1975 91 70 Le
502 1975 121 70 bar,
578 1975 91 70 de
623 1975 166 70 Georges
744 1975 151 70 Michel
835 1975 196 70 (création).

165 2095 104 71 Pour
230 2095 78 71 le
269 2095 169 71 programme
398 2095 156 71 détaillé
515 2095 78 71 de
554 2095 130 71 chaque
645 2095 143 71 séance,
749 2095 78 71 se
787 2095 156 71 reporter
904 2095 78 71 au

167 2127 159 67 Calendrier
292 2127 68 67 de
326 2127 68 67 la
360 2127 137 67 Biennale
462 2127 68 67 et
497 2127 68 67 au
531 2127 125 67 tableau
622 2127 171 67 d’affichage
758 2127 57 67 à
781 2127 137 67 l'entrée
883 2127 68 67 du

166 2160 132 79 Théâtre
262 2160 144 79 d’Essai,
369 2160 108 79 ainsi
441 2160 108 79 qu’au
513 2160 156 79 programme
633 2160 156 79 distribué
752 2160 96 79 dans
812 2160 72 79 la
836 2160 84 79 salle

986 2227 87 36 167
