1013 2373
129 464 226 79 Commissaire
310 464 181 79 général:
446 464 196 79 Vaacov
581 464 151 79 Hoff

130 523 179 55 Directeur
268 523 152 55 Adjoint
378 523 69 55 à
406 523 83 55 la
447 523 152 55 Section
558 523 193 55 culturelle
709 523 83 55 du
751 523 179 55 Ministère
875 523 55 55 de

129 565 203 55 l’Education
292 565 81 55 et
333 565 81 55 de
373 565 81 55 la
414 565 149 55 Culture
522 565 68 55 à
536 565 149 55 Tel

80 710 170 50 Notre
194 710 265 50 exposition
402 710 114 50 se
459 710 227 50 présente
629 710 170 50 comme
743 710 133 50 une
799 710 133 50 coupe

46 748 134 48 dans
130 748 151 48 l’art
230 748 218 48 israélien
398 748 100 48 au
448 748 167 48 niveau
565 748 117 48 des
632 748 234 48 recherches
816 748 100 48 de
849 748 84 48 ses

45 782 167 61 jeunes
162 782 200 61 artistes
312 782 134 61 dont
396 782 117 61 les
463 782 167 61 œuvres
579 782 217 61 diffèrent
746 782 117 61 non
796 782 134 61 seule-

49 828 124 42 ment
126 828 108 42 par
188 828 93 42 le
234 828 186 42 matériau
374 828 155 42 qu’ils
482 828 217 42 utilisent,
652 828 124 42 mais
730 828 139 42 aussi
823 828 108 42 par
869 828 62 42 la

46 870 148 45 façon
144 870 132 45 dont
227 870 115 45 ils
292 870 263 45 s’expriment.
506 870 115 45 Les
572 870 181 45 nuances
704 870 132 45 sont
769 870 165 45 diverses

45 899 109 56 et
99 899 127 56 les
172 899 200 56 chemins
317 899 236 56 nombreux,
498 899 127 56 que
571 899 109 56 ce
626 899 145 56 soit
716 899 145 56 dans
807 899 109 56 le
843 899 91 56 do-

47 945 151 42 maine
148 945 101 42 de
198 945 235 42 l’abstrait
382 945 184 42 partiel
516 945 101 42 ou
567 945 168 42 absolu
684 945 101 42 ou
734 945 134 42 bien
801 945 134 42 encore

47 970 132 53 dans
129 970 148 53 celui
228 970 99 53 du
277 970 231 53 figuratif,
458 970 148 53 quand
557 970 214 53 l’artiste
722 970 132 53 nous
788 970 148 53 dévoile

44 1010 114 48 sa
101 1010 190 48 vision
234 1010 303 48 personnelle,
480 1010 152 48 plus
575 1010 114 48 ou
632 1010 171 48 moins
745 1010 190 48 proche
859 1010 76 48 du

46 1059 151 40 monde
147 1059 135 40 réel
231 1059 118 40 qui
299 1059 135 40 nous
383 1059 202 40 entoure,
534 1059 101 40 ou
585 1059 135 40 bien
669 1059 219 40 stylisant
820 1059 118 40 cette

46 1089 188 45 réalité
183 1089 102 45 ou
234 1089 137 45 bien
319 1089 171 45 encore
439 1089 102 45 en
490 1089 102 45 se
541 1089 188 45 servant
678 1089 102 45 de
712 1089 188 45 symboles.

80 1140 123 50 Les
151 1140 211 50 tableaux
309 1140 105 50 de
361 1140 175 50 Shmuel
484 1140 175 50 Bonneh
607 1140 105 50 se
659 1140 263 50 distinguent
852 1140 88 50 par

47 1177 94 41 la
94 1177 172 41 couleur
220 1177 141 41 forte
314 1177 94 41 et
361 1177 219 41 expressive
533 1177 94 41 et
580 1177 110 41 par
642 1177 110 41 les
705 1177 125 41 tons
783 1177 157 41 clairs
877 1177 63 41 et

45 1224 161 40 purs,
152 1224 304 40 contrastants,
403 1224 143 40 dans
492 1224 215 40 lesquels
653 1224 107 40 on
707 1224 215 40 retrouve
850 1224 89 40 une

45 1253 144 41 veine
141 1253 240 41 décorative.
333 1253 112 41 Son
397 1253 176 41 univers
526 1253 144 41 plein
622 1253 96 41 de
670 1253 144 41 force
766 1253 160 41 vitale
862 1253 80 41 est

45 1292 195 49 peuplé
181 1292 117 49 de
239 1292 214 49 figures
395 1292 273 49 stylisées,
610 1292 312 49 expressives,
844 1292 97 49 qui

43 1336 306 39 apparaissent
292 1336 230 39 derrière
464 1336 134 39 des
541 1336 230 39 fenêtres
713 1336 115 39 et
771 1336 134 39 des
828 1336 115 39 murs

45 1366 271 39 transparents
265 1366 102 39 de
316 1366 186 39 maisons
452 1366 136 39 qui,
536 1366 136 39 avec
621 1366 102 39 le
672 1366 186 39 paysage
807 1366 119 39 qui
858 1366 85 39 les

47 1405 199 43 entoure,
197 1405 232 43 rappellent
379 1405 116 43 des
445 1405 166 43 décors
561 1405 232 43 scéniques.
743 1405 99 43 Il
793 1405 83 43 y
826 1405 83 43 a
843 1405 99 43 dans

45 1447 123 41 ses
116 1447 211 41 tableaux
274 1447 123 41 une
345 1447 229 41 narration
521 1447 106 41 de
574 1447 159 41 grâce
680 1447 211 41 ingénue,
821 1447 123 41 d’une

43 1482 150 41 sève
137 1482 244 41 populaire
325 1482 113 41 et
381 1482 282 41 savoureuse,
607 1482 132 41 qui
682 1482 169 41 tient
795 1482 113 41 en
832 1482 113 41 même

46 1520 145 40 temps
142 1520 96 40 au
191 1520 145 40 choix
287 1520 113 40 des
351 1520 161 40 sujets
464 1520 96 40 et
512 1520 80 40 à
544 1520 96 40 la
592 1520 177 40 manière
721 1520 129 40 dont
801 1520 113 40 ils
850 1520 96 40 sont

44 1560 189 44 traités,
186 1560 253 44 c’est-à-dire
392 1560 111 44 par
455 1560 111 44 une
518 1560 284 44 simplification
739 1560 205 44 quasi

44 1594 117 47 qui
111 1594 183 47 néglige
244 1594 117 47 les
311 1594 133 47 lois
394 1594 100 47 du
444 1594 133 47 réel
527 1594 100 47 et
577 1594 133 47 nous
661 1594 233 47 transporte
827 1594 117 47 ainsi

42 1632 145 50 dans
132 1632 109 50 un
187 1632 163 50 monde
296 1632 109 50 de
332 1632 181 50 légende.

81 1675 144 44 Dans
171 1675 126 44 les
243 1675 216 44 tableaux
405 1675 108 44 de
459 1675 144 44 Beny
550 1675 180 44 Efrat,
676 1675 126 44 les
748 1675 180 44 formes
856 1675 90 44 hu-

45 1719 174 43 maines
166 1719 208 43 occupent
323 1719 122 43 une
392 1719 156 43 place
496 1719 104 43 de
548 1719 174 43 choix.
670 1719 122 43 Ses
740 1719 174 43 toiles
844 1719 104 43 sont

45 1752 127 40 d’un
124 1752 158 40 dessin
235 1752 111 40 fin
299 1752 95 40 et
346 1752 206 40 sensible,
505 1752 127 40 tout
584 1752 95 40 en
631 1752 238 40 vibrations,
805 1752 143 40 l’usage

42 1791 102 41 de
93 1791 102 41 la
144 1791 188 41 couleur
281 1791 120 41 est
349 1791 205 41 réservé,
503 1791 120 41 les
571 1791 188 41 couches
708 1791 137 41 sont
776 1791 171 41 transpa-

43 1835 188 47 rentes,
180 1835 120 47 les
248 1835 188 47 touches
385 1835 103 47 de
436 1835 188 47 pinceau
573 1835 222 47 aériennes
744 1835 103 47 et
778 1835 171 47 légères,

42 1867 200 46 passant
187 1867 291 46 délicatement
424 1867 164 46 d’une
533 1867 182 46 nuance
661 1867 91 46 à
697 1867 218 46 l’autre.
843 1867 109 46 Leur

44 1906 256 38 composition
249 1906 119 38 est
317 1906 205 38 calculée
470 1906 136 38 avec
556 1906 239 38 précision,
743 1906 102 38 la
777 1906 171 38 réparti-

43 1945 134 50 tion
127 1945 117 50 des
194 1945 201 50 surfaces
345 1945 117 50 est
412 1945 235 50 équilibrée
597 1945 134 50 avec
681 1945 168 50 sûreté
798 1945 101 50 et
832 1945 117 50 spon-

41 1981 223 47 tanéité.
209 1981 130 47 Ses
283 1981 223 47 tableaux
450 1981 149 47 sont
543 1981 297 47 remarquables
785 1981 130 47 par
841 1981 112 47 leur

42 2021 223 39 concision
213 2021 86 39 à
248 2021 103 39 la
299 2021 137 39 fois
385 2021 223 39 puissante
556 2021 103 39 et
608 2021 206 39 délicate
762 2021 103 39 et
814 2021 120 39 par
865 2021 86 39 une

41 2054 250 40 atmosphère
237 2054 107 40 de
291 2054 178 40 poésie
416 2054 196 40 lyrique
559 2054 125 40 qui
630 2054 125 40 met
701 2054 125 40 son
755 2054 196 40 empreinte

42 2093 116 52 sur
109 2093 166 52 toutes
225 2093 116 52 ses
275 2093 150 52 œuvres.

81 2141 125 40 Les
152 2141 249 40 sculptures
348 2141 107 40 de
401 2141 160 40 Eshet
508 2141 142 40 sont
597 2141 267 40 constituées
811 2141 125 40 par
864 2141 89 40 des

42 2178 182 47 plaques
175 2178 149 47 fines
274 2178 99 47 de
324 2178 149 47 métal
423 2178 182 47 soudées
555 2178 149 47 l’une
654 2178 83 47 à
687 2178 182 47 l’autre
820 2178 116 47 qui
869 2178 83 47 re-

41 2208 267 53 présentent
250 2208 133 53 des
327 2208 209 53 figures
479 2208 114 53 et
536 2208 133 53 des
612 2208 209 53 membres
765 2208 114 53 de
803 2208 152 53 formes
