1587 2854
615 26 163 100 —
681 26 228 100 37.
778 26 98 100 —

66 122 231 87 «sortis
234 122 210 87 depuis
381 122 168 87 deux
486 122 189 87 jours
612 122 126 87 de
675 122 126 87 la
738 122 210 87 bouche
886 122 126 87 de
949 122 126 87 Sa
1012 122 252 87 Majesté,
1201 122 126 87 et
1243 122 231 87 quelques-

64 195 176 53 «uns
174 195 132 53 de
240 195 176 53 ceux
350 195 198 53 qu’on
483 195 154 53 lui
571 195 264 53 attribue
769 195 176 53 dans
879 195 154 53 les
967 195 264 53 journaux
1166 195 176 53 sont
1254 195 220 53 entière-

64 235 212 57 «ment
182 235 353 57 inventés....»

18 275 171 89 425.
125 275 386 89 Brosses
446 275 257 89 (Charles
639 275 171 89 de),
746 275 236 89 premier
917 275 278 89 président
1131 275 129 89 au
1196 275 278 89 parlement
1388 275 86 89 de

64 338 303 54 Bourgogne,
303 338 347 54 littérateur,
584 338 217 54 membre
736 338 130 54 de
801 338 303 54 l’Académie
1040 338 152 54 des
1105 338 368 54 belles

67 385 117 66 né
126 385 98 66 à
165 385 332 66 Diyon
439 385 117 66 L.
497 385 156 66 aut.
595 385 176 66 sig.,
712 385 98 66 à
751 385 117 66 M.
810 385 273 66 Bourbonne.
1025 385 195 66 Paris,
1161 385 117 66 23
1220 385 156 66 juin
1318 385 176 66 1747.
1415 385 59 66 2

45 434 277 58 gr.
204 434 238 58 p.
323 434 277 58 pl.
481 434 357 58 in-4.
719 434 674 58 Intéressante.
1274 434 238 58 10
1353 434 119 58 »

18 482 155 63 426.
115 482 311 63 Bruix
367 482 253 63 (l’amiral
562 482 272 63 Eustache).
775 482 117 63 L.
834 482 155 63 aut.
931 482 175 63 sig.,
1047 482 117 63 au
1106 482 214 63 citoyen
1242 482 233 63 Barbé

65 530 189 53 bois.
191 530 294 53 Rochefort,
422 530 126 53 24
485 530 231 53 floréal
653 530 126 53 an
716 530 147 53 IX.
799 530 105 53 3
841 530 147 53 gr.
925 530 126 53 p.
988 530 147 53 pl.
1072 530 126 53 et
1135 530 189 53 demie
1240 530 231 53 in

45 581 301 54 Tête
233 581 489 54 imprimée,
610 581 451 54 vignette
948 581 226 54 en
1061 581 339 54 tête.
1287 581 188 54 5
1325 581 150 54 50

16 613 166 66 427.
120 613 332 66 Brunnauld
390 613 125 66 de
452 613 374 66 Beauregard
764 613 249 66 (J.-B.),
951 613 208 66 évêque
1075 613 395 66 d'Orléans

62 668 130 61 L.
127 668 173 61 aut.
236 668 195 61 sig.,
366 668 108 61 à
409 668 260 61 Mlle....
604 668 260 61 Orléans,
799 668 108 61 2
842 668 238 61 janvier
1015 668 195 61 1826.
1145 668 108 61 1
1188 668 130 61 p.
1253 668 152 61 pl.
1318 668 152 61 in

3 721 1387 59 Intéressante.
1146 721 408 59 3
1227 721 245 59 »

16 752 158 86 428.
115 752 434 86 Cambacérès,
489 752 197 86 second
627 752 197 86 consul
765 752 118 86 de
824 752 118 86 la
884 752 296 86 République.
1120 752 118 86 Né
1179 752 99 86 à
1199 752 276 86 Mont

62 824 358 60 pellier
363 824 113 60 L.
420 824 151 60 aut.
514 824 169 60 sig.,
627 824 113 60 au
683 824 132 60 duc
759 824 113 60 de
815 824 188 60 Gaëte,
947 824 226 60 ministre
1116 824 132 60 des
1192 824 226 60 finances
1342 824 132 60 (pour

60 872 180 48 lui
163 872 257 48 seul).
343 872 257 48 Paris,
522 872 128 48 6
574 872 334 48 septembre
830 872 231 48 1810.
984 872 128 48 3
1036 872 154 48 p.
1113 872 180 48 pl.
1215 872 231 48 in-4.
1369 872 128 48 5
1395 872 77 48 »

17 914 149 61 429.
110 914 316 61 Campan
371 914 205 61 (Madame
520 914 205 61 Genet),
669 914 205 61 célèbre
818 914 316 61 institutrice,
1078 914 186 61 auteur
1208 914 112 61 de
1246 914 223 61 Mé

62 965 251 66 moires
255 965 135 66 sur
332 965 116 66 la
390 965 174 66 reine
506 965 483 66 Marie-Antoinette
931 965 116 66 L.
989 965 155 66 aut.
1086 965 174 66 sig.,
1202 965 116 66 au
1259 965 213 66 citoyen
1395 965 77 66 de

61 1008 313 91 Normandie.
307 1008 581 91 Saint-Germain-en-Laye,
821 1008 134 91 23
888 1008 335 91 vendémiaire
1156 1008 134 91 an
1223 1008 201 91 VIII.
1357 1008 112 91 3
1380 1008 89 91 p.

20 1065 442 59 pl.
273 1065 569 59 in-4.
652 1065 695 59 Cachet.
1157 1065 316 59 4
1220 1065 253 59 50

106 1098 130 89 Au
171 1098 195 89 sujet
302 1098 152 89 des
389 1098 261 89 pensions
584 1098 130 89 de
649 1098 347 89 bienfaisance
931 1098 130 89 de
996 1098 130 89 la
1062 1098 195 89 reine
1170 1098 304 89 Marie-

60 1148 205 61 nette
197 1148 136 61 en
265 1148 205 61 cours
401 1148 136 61 de
447 1148 250 61 payement.

14 1175 153 105 430.
110 1175 326 105 Canova
378 1175 268 105 (Antoine),
589 1175 211 105 célèbre
742 1175 268 105 statuaire.
953 1175 115 105 L.
1010 1175 153 105 aut.
1106 1175 153 105 sig.
1202 1175 134 105 (en
1259 1175 211 105 italien),

60 1249 134 89 au
127 1249 201 89 comte
261 1249 246 89 Tiberio
439 1249 268 89 Roberti,
640 1249 112 89 à
685 1249 268 89 Bassano.
886 1249 201 89 Rome,
1020 1249 246 89 20.....
1199 1249 201 89 1816.
1333 1249 112 89 2
1355 1249 112 89 gr.

29 1299 308 61 p.
183 1299 463 61 in-4.
491 1299 463 61 Belle
800 1299 565 61 lettre.
1211 1299 308 61 16
1314 1299 154 61 »

13 1331 153 86 431.
109 1331 345 86 Capelle
397 1331 134 86 (le
473 1331 211 86 baron).
627 1331 115 86 L.
684 1331 153 86 aut.
780 1331 153 86 sig.
876 1331 115 86 de
934 1331 134 86 ses
1011 1331 269 86 initiales,
1222 1331 96 86 à
1260 1331 115 86 M.
1298 1331 173 86 Capelle

59 1394 168 55 (son
164 1394 231 55 frère),
332 1394 210 55 ancien
479 1394 273 55 directeur
689 1394 147 55 des
774 1394 357 55 contributions
1068 1394 273 55 directes,
1278 1394 105 55 à
1299 1394 168 55 Paris.

62 1438 252 64 Londres,
251 1438 126 64 17
314 1438 231 64 janvier
482 1438 189 64 1835.
608 1438 105 64 3
650 1438 147 64 gr.
734 1438 126 64 p.
798 1438 147 64 pl.
882 1438 126 64 et
945 1438 189 64 demie
1071 1438 189 64 in-4.
1197 1438 231 64 Cachet.
1365 1438 126 64 10
1407 1438 63 64 »

107 1473 251 75 Affaires
296 1473 272 75 diverses,
505 1473 272 75 nouvelles
715 1473 293 75 politiques
945 1473 126 75 de
1008 1473 356 75 l’Angleterre.
1301 1473 105 75 —
1343 1473 126 75 Il
1385 1473 84 75 le

58 1522 218 66 charge
211 1522 283 66 d’envoyer
428 1522 152 66 six
515 1522 196 66 cents
646 1522 218 66 francs
798 1522 109 66 à
841 1522 131 66 M.
907 1522 239 66 Wolfel,
1081 1522 218 66 ancien
1211 1522 261 66 lieutenant

57 1582 130 57 de
122 1582 326 57 gendarmerie
383 1582 109 57 à
427 1582 261 57 Espalier
622 1582 130 57 où
688 1582 130 57 il
753 1582 152 57 est
840 1582 239 57 retiré.
1014 1582 217 57 «C’est
1166 1582 130 57 un
1209 1582 261 57 traitement

59 1633 145 57 «qu
142 1633 124 57 on
204 1633 145 57 lui
287 1633 166 57 fait
391 1633 104 57 à
432 1633 207 57 raison
578 1633 124 57 de
640 1633 166 57 cent
743 1633 270 57 cinquante
951 1633 207 57 francs
1096 1633 145 57 par
1179 1633 187 57 mois.
1303 1633 124 57 Tu
1345 1633 124 57 sais

58 1677 195 61 «sans
188 1677 195 61 doute
319 1677 195 61 qu’il
449 1677 108 61 a
492 1677 217 61 depuis
644 1677 174 61 1830
752 1677 195 61 passé
882 1677 282 61 plusieurs
1099 1677 217 61 années
1251 1677 217 61 auprès
1381 1677 87 61 du

58 1724 214 66 «jeune
207 1724 235 66 prince,
379 1724 128 66 ce
443 1724 300 66 traitement
678 1724 128 66 en
742 1724 150 66 est
828 1724 128 66 la
892 1724 235 66 suite.»
1063 1724 214 66 Modèle
1213 1724 128 66 de
1277 1724 128 66 la
1320 1724 150 66 quit-

62 1767 177 76 tance
180 1767 177 76 qu’il
298 1767 157 76 doit
396 1767 196 76 écrire
534 1767 118 76 et
593 1767 216 76 signer,
730 1767 118 76 etc.

13 1805 147 90 432.
105 1805 350 90 Caqueray
399 1805 203 90 (l’abbé
547 1805 147 90 de),
639 1805 221 90 aumônier
805 1805 111 90 de
860 1805 184 90 madame
989 1805 368 90 Victoire
1302 1805 166 90 fille
1394 1805 74 90 de

55 1873 207 85 Louis
193 1873 161 85 XV.
285 1873 138 85 L.
354 1873 184 85 aut.
469 1873 207 85 sig.,
607 1873 115 85 à
653 1873 207 85 M....
792 1873 230 85 Paris,
953 1873 138 85 18
1022 1873 253 85 février
1206 1873 207 85 1785.
1344 1873 115 85 1
1367 1873 92 85 p.

-76 1921 1387 57 in-4.
849 1921 771 57 2
1003 1921 462 57 »

10 1964 162 75 433.
111 1964 344 75 Carena
394 1964 323 75 (Hyacinthe),
657 1964 243 75 agronome
838 1964 121 75 et
899 1964 364 75 mathématicien.
1202 1964 121 75 L.
1263 1964 162 75 aut.
1344 1964 121 75 sig.

56 2016 145 64 (en
139 2016 249 64 français
326 2016 125 64 et
389 2016 125 64 en
451 2016 270 64 italien),
659 2016 104 64 à
700 2016 125 64 M.
763 2016 249 64 Thiébaut
950 2016 125 64 de
1012 2016 249 64 Bernaud.
1199 2016 208 64 Turin,
1344 2016 104 64 8
1365 2016 104 64 fé-

24 2068 481 64 vrier
344 2068 481 64 1817.
665 2068 267 64 3
772 2068 321 64 p.
932 2068 481 64 in-4.
1253 2068 267 64 3
1307 2068 160 64 »

10 2116 162 62 434.
111 2116 344 62 Carnot
394 2116 263 62 (Lazare).
597 2116 121 62 L.
657 2116 162 62 aut.
759 2116 182 62 sig.,
880 2116 182 62 comme
1001 2116 324 62 représentant
1265 2116 121 62 du
1305 2116 162 62 peuple

55 2168 112 57 à
99 2168 246 57 l’armée
278 2168 134 57 du
345 2168 201 57 Nord,
479 2168 134 57 au
546 2168 357 57 ministre....
837 2168 268 57 Bergues,
1038 2168 134 57 28
1105 2168 156 57 mai
1194 2168 201 57 1793.
1306 2168 156 57 Demi-

-22 2217 793 55 page
473 2217 892 55 in-4.
1068 2217 495 55 3
1167 2217 297 55 »

9 2263 162 61 435.
110 2263 345 61 Carnot
394 2263 405 61 (Charles-Marie),
738 2263 182 61 frère
860 2263 122 61 du
921 2263 365 61 Conventionnel,
1205 2263 263 61 lieutenant

56 2311 223 70 général,
224 2311 186 70 membre
354 2311 112 70 de
410 2311 279 70 l’Assemblée
633 2311 298 70 législative,
875 2311 186 70 député
1005 2311 112 70 de
1042 2311 428 70 Saône

55 2358 119 57 en
115 2358 179 57 1815.
234 2358 119 57 Né
293 2358 99 57 à
333 2358 338 57 Noslay
611 2358 318 57 (Côte-d’Or).
869 2358 119 57 L.
929 2358 159 57 aut.
1028 2358 179 57 sig.,
1147 2358 99 57 à
1187 2358 139 57 nos
1247 2358 218 57 camarade.

50 2409 258 57 Paris,
231 2409 155 57 17
308 2409 335 57 prairial,
565 2409 155 57 an
643 2409 180 57 IV.
746 2409 129 57 3
797 2409 155 57 p.
875 2409 180 57 pl.
978 2409 155 57 et
1055 2409 232 57 demie
1209 2409 232 57 in-8.
1364 2409 129 57 3
1390 2409 77 57 »

98 2449 260 78 Relative
293 2449 108 78 à
337 2449 282 78 l’échange
554 2449 152 78 des
640 2449 282 78 assignats
857 2449 130 78 et
922 2449 238 78 mandats
1095 2449 130 78 de
1161 2449 108 78 a
1204 2449 152 78 Rép
1269 2449 195 78 blique.

6 2511 165 70 436.
110 2511 330 70 Carro
378 2511 144 70 (J.
460 2511 165 70 de),
563 2511 227 70 médecin
728 2511 268 70 génevois,
935 2511 206 70 auteur
1079 2511 124 70 de
1141 2511 248 70 n’mbreu,
1306 2511 165 70 ouvra

56 2557 162 70 ges.
157 2557 121 70 L.
217 2557 162 70 aut.
318 2557 182 70 sig.,
440 2557 101 70 à
480 2557 182 70 M....
601 2557 263 70 Carlsbad,
803 2557 222 70 juillet
965 2557 182 70 1842.
1086 2557 101 70 3
1127 2557 141 70 gr.
1207 2557 121 70 p.
1268 2557 141 70 pl.
1329 2557 141 70 in

-1 2605 1315 65 Intéressante.
1081 2605 387 65 3
1159 2605 309 65 50

4 2650 167 74 437.
109 2650 377 74 Catinat
423 2650 251 74 (Nicolas
611 2650 167 74 de),
716 2650 251 74 maréchal
904 2650 126 74 de
967 2650 230 74 France.
1134 2650 126 74 L.
1197 2650 188 74 aut.,
1323 2650 167 74 sig.
1406 2650 63 74 à

54 2707 202 86 M....
188 2707 224 86 Paris,
345 2707 112 86 7
390 2707 246 86 janvier
569 2707 202 86 1705,
703 2707 112 86 3
748 2707 157 86 gr.
838 2707 134 86 p.
905 2707 202 86 in-4.
1039 2707 381 86 Intéressante.
1353 2707 134 86 15
1398 2707 67 86 »
