1583 2884
634 35 191 80 —
710 35 229 80 45
787 35 115 80 —

97 128 181 60 avant
217 128 201 60 évêque
358 128 121 60 de
418 128 341 60 Digne
700 128 121 60 L.
760 128 161 60 aut.
860 128 181 60 sig.,
981 128 100 60 à
1021 128 121 60 M.
1081 128 321 60 l’archevêque
1342 128 121 60 de
1382 128 121 60 Tou-

94 180 242 58 louse.
263 180 339 58 Marseille,
530 180 121 58 5
579 180 267 58 octobre
773 180 218 58 1774.
918 180 121 58 4
967 180 170 58 gr.
1064 180 145 58 p.
1136 180 170 58 pl,
1233 180 218 58 in-4.
1379 180 145 58 10
1427 180 73 58 »

143 224 127 60 Au
206 224 191 60 sujet
334 224 127 60 de
397 224 276 60 plusieurs
610 224 255 60 couvents
801 224 212 60 situés
949 224 149 60 sur
1034 224 127 60 la
1098 224 255 60 paroisse
1289 224 127 60 de
1331 224 170 60 Saint-

96 268 228 62 Féréole
262 268 124 62 de
324 268 290 62 Marseille,
531 268 124 62 etc.

52 309 152 72 531.
147 309 267 72 Jarente
357 309 114 72 de
414 309 114 72 La
471 309 286 72 Bruyère
700 309 381 72 (Louis-Sextius),
1024 309 191 72 évêque
1138 309 362 72 d'Orléans

100 370 175 51 avant
216 370 195 51 évêque
352 370 117 51 de
411 370 331 51 Digne
683 370 117 51 L.
741 370 156 51 aut.
839 370 175 51 sig.,
955 370 97 51 à
994 370 117 51 M.
1053 370 214 51 Amelot.
1208 370 195 51 Paris,
1344 370 117 51 19
1383 370 117 51 mars

76 413 377 50 1777.
328 413 210 50 1
411 413 251 50 p.
537 413 251 50 pl
663 413 251 50 et
789 413 377 50 demie
1040 413 377 50 in-4.
1291 413 210 50 7
1333 413 168 50 50

51 455 152 73 532.
146 455 266 73 Jarente
355 455 114 73 de
412 455 114 73 La
470 455 285 73 Bruyère
698 455 381 73 (Louis-Sextius),
1021 455 190 73 évêque
1135 455 362 73 d'Orléans

98 506 168 58 avant
210 506 187 58 évêque
341 506 112 58 de
397 506 318 58 Digne
659 506 206 58 Mémoire
809 506 112 58 au
865 506 131 58 roi
939 506 150 58 aut.
1033 506 150 58 sig.
1126 506 112 58 (à
1182 506 112 58 la
1238 506 112 58 3e
1276 506 224 58 personne),

99 550 97 57 à
137 550 117 57 la
196 550 136 57 fin
274 550 117 57 se
332 550 195 57 trouve
469 550 117 57 le
527 550 136 57 mot
605 550 292 57 bon
839 550 117 57 de
897 550 117 57 la
956 550 156 57 main
1053 550 117 57 du
1111 550 156 57 roi.
1209 550 97 57 3
1248 550 156 57 mars
1345 550 175 57 1767.
1443 550 58 57 4

80 606 261 65 gr.
229 606 224 65 p.
341 606 411 65 in-fol.
640 606 411 65 Curieux
938 606 485 65 document.
1311 606 224 65 25
1386 606 112 65 »

142 647 304 60 «L’évêque
376 647 328 60 d’Orléans,
633 647 234 60 comblé
797 647 445 60 personnellement
1171 647 164 60 des
1265 647 234 60 grâces
1405 647 94 60 de

96 702 216 61 «notre
247 702 237 61 majesté
420 702 129 61 ne
485 702 281 61 prendrait
701 702 151 61 pas
787 702 129 61 la
852 702 237 61 liberté
1024 702 173 61 d’en
1132 702 259 61 demander
1326 702 173 61 pour
1413 702 86 61 sa

96 756 257 52 «famille,
294 756 118 52 si
353 756 118 52 la
412 756 237 52 douleur,
590 756 118 52 et
649 756 118 52 la
708 756 217 52 crainte
866 756 118 52 de
925 756 118 52 la
985 756 158 52 voir
1083 756 178 52 périr
1202 756 158 52 sans
1281 756 217 52 postérité

96 797 138 56 «et
175 797 158 56 sans
274 797 237 56 enfants,
452 797 119 56 ne
511 797 119 56 le
570 797 217 56 forçait
728 797 99 56 à
768 797 237 56 supplier
946 797 178 56 notre
1064 797 237 56 majesté,
1242 797 119 56 de
1301 797 138 56 lui
1361 797 138 56 faci-

96 842 210 55 «liter
243 842 147 55 les
327 842 210 55 moyens
473 842 126 55 de
536 842 126 55 la
599 842 168 55 voir
704 842 231 55 revivre
871 842 126 55 un
934 842 189 55 jour,
1060 842 126 55 en
1123 842 293 55 favorisant
1353 842 126 55 le
1395 842 105 55 ma-

97 889 209 59 «riage
244 889 126 59 du
306 889 230 59 marquis
474 889 126 59 de
536 889 251 59 Jarente,
725 889 146 59 son
809 889 188 59 frère
934 889 188 59 aîné.
1060 889 251 59 L’évêque
1248 889 272 59 d’Orléans
1436 889 63 59 a

95 939 154 54 «eu
183 939 154 54 six
271 939 220 54 frères
425 939 176 54 dont
535 939 220 54 quatre
689 939 154 54 ont
777 939 132 54 eu
842 939 286 54 l’honneur
1062 939 132 54 de
1128 939 220 54 servir
1282 939 198 54 votre
1392 939 110 54 Ma

96 980 351 64 «jesté.....»
381 980 132 64 Il
447 980 219 64 s’agit
600 980 132 64 de
666 980 219 64 marier
819 980 132 64 le
885 980 241 64 marquis
1061 980 175 64 avec
1170 980 153 64 une
1236 980 263 64 demoiselle

95 1031 124 66 de
157 1031 227 66 Jarente
322 1031 289 66 d’Orgeval,
549 1031 165 66 déjà
653 1031 206 66 veuve,
797 1031 124 66 et
859 1031 124 66 il
921 1031 227 66 supplie
1086 1031 124 66 le
1148 1031 144 66 roi
1231 1031 289 66 d’accorder
1437 1031 62 66 à

95 1080 189 64 cette
221 1080 315 64 demoiselle,
473 1080 126 64 en
536 1080 147 64 vue
620 1080 126 64 de
683 1080 126 64 ce
746 1080 252 64 mariage,
934 1080 189 64 douze
1060 1080 189 64 mille
1186 1080 210 64 livres
1333 1080 126 64 de
1375 1080 126 64 gra-

97 1128 302 70 tification
335 1128 281 70 annuelle,
551 1128 129 70 ou
615 1128 194 70 d’ici
745 1128 108 70 à
788 1128 194 70 trois
917 1128 151 70 ans
1004 1128 173 70 deux
1112 1128 173 70 cent
1219 1128 194 70 mille
1327 1128 173 70 livres

69 1175 265 61 comptant.

47 1214 181 55 533.
161 1214 318 55 Jarente
410 1214 136 55 de
478 1214 136 55 La
546 1214 340 55 Bruyère
819 1214 454 55 (Louis-Sextius),
1204 1214 227 55 évêque
1340 1214 159 55 d’Or

100 1267 301 50 léans
349 1267 160 50 avant
455 1267 177 50 évêque
579 1267 106 50 de
632 1267 301 50 Digne
880 1267 195 50 Mémoire
1022 1267 106 50 au
1075 1267 142 50 roi,
1164 1267 142 50 aut.
1253 1267 142 50 sig.
1341 1267 106 50 (à
1395 1267 106 50 la
1430 1267 71 50 3°

98 1319 261 77 personne),
304 1319 93 77 à
341 1319 112 77 la
397 1319 131 77 fin
472 1319 112 77 se
528 1319 187 77 trouve
658 1319 112 77 le
714 1319 131 77 mot
789 1319 280 77 bon
1013 1319 112 77 de
1069 1319 112 77 la
1125 1319 149 77 main
1218 1319 112 77 du
1274 1319 149 77 roi.
1367 1319 112 77 13
1405 1319 93 77 mai

69 1362 458 60 1765.
374 1362 254 60 2
476 1362 356 60 gr.
680 1362 305 60 p.
832 1362 560 60 in-fol.
1240 1362 305 60 20
1341 1362 153 60 »

140 1411 253 70 Demande
324 1411 207 70 d’une
462 1411 207 70 somme
599 1411 138 70 de
668 1411 207 70 douze
806 1411 207 70 mille
944 1411 230 70 livres
1105 1411 138 70 de
1151 1411 344 70 gratification

93 1455 299 64 annuelle,
323 1455 138 64 et
392 1455 230 64 quinze
553 1455 207 64 mille
691 1455 230 64 livres
852 1455 161 64 une
944 1455 184 64 fois
1059 1455 207 64 payée
1197 1455 138 64 en
1266 1455 230 64 faveur
1404 1455 92 64 de

95 1498 168 76 Mlle
200 1498 251 76 Félicité
388 1498 126 76 de
451 1498 230 76 Jarente
619 1498 293 76 d’Orgeval,
849 1498 168 76 dans
954 1498 147 76 «la
1037 1498 147 76 vue
1121 1498 126 76 de
1184 1498 126 76 la
1247 1498 209 76 marier
1372 1498 126 76 avec

93 1548 166 64 «le
188 1548 261 64 marquis
378 1548 143 64 de
450 1548 261 64 Jarente
640 1548 143 64 La
711 1548 309 64 Bruyère»,
949 1548 166 64 son
1044 1548 238 64 frère.
1210 1548 261 64 Curieux
1376 1548 119 64 dé

81 1593 147 66 tails.

49 1643 152 78 534.
144 1643 267 78 Jarente
354 1643 114 78 de
411 1643 114 78 La
468 1643 286 78 Bruyère
696 1643 381 78 (Louis-Sextius),
1020 1643 190 78 évêque
1134 1643 362 78 d'Orléans

96 1699 172 50 avant
211 1699 192 50 évêque
345 1699 115 50 de
402 1699 326 50 Digne
670 1699 115 50 L.
728 1699 172 50 sig.,
843 1699 96 50 à
881 1699 134 50 Mme
958 1699 115 50 la
1015 1699 230 50 duchesse
1188 1699 115 50 de
1226 1699 268 50 Valentinois.

90 1741 397 60 Versailles,
407 1741 159 60 19
487 1741 291 60 février
699 1741 238 60 1761.
857 1741 132 60 1
910 1741 159 60 p.
990 1741 159 60 et
1069 1741 238 60 demie
1228 1741 238 60 in-4.
1387 1741 132 60 5
1414 1741 79 60 »

49 1783 152 72 535.
144 1783 266 72 Jarente
353 1783 114 72 de
410 1783 114 72 La
467 1783 285 72 Bruyère
695 1783 380 72 (Louis-Sextius),
1018 1783 190 72 évêque
1132 1783 361 72 d'Orléans

66 1835 178 55 avant
185 1835 198 55 évêque
324 1835 119 55 de
383 1835 337 55 Digne
661 1835 119 55 L.
720 1835 178 55 sig.,
839 1835 99 55 à
879 1835 178 55 M....
998 1835 297 55 Versailles,
1235 1835 99 55 9
1275 1835 159 55 août
1354 1835 139 55 1761.

14 1886 493 56 4
212 1886 592 56 p.
508 1886 888 56 in-4.
1099 1886 493 56 6
1198 1886 296 56 »

140 1937 128 57 Au
204 1937 193 57 sujet
332 1937 150 57 des
418 1937 235 57 revenus
589 1937 128 57 de
653 1937 257 57 l’abbaye
846 1937 128 57 de
889 1937 342 57 Saint

48 1966 152 77 536.
143 1966 266 77 Jarente
352 1966 114 77 de
409 1966 114 77 La
467 1966 285 77 Bruyère
695 1966 381 77 (Louis-Sextius),
1018 1966 190 77 évêque
1132 1966 362 77 d'Orléans

93 2029 178 50 avant
212 2029 197 50 évêque
350 2029 118 50 de
409 2029 336 50 Digne
686 2029 118 50 L.
745 2029 158 50 sig.
843 2029 99 50 à
883 2029 197 50 l’abbé
1021 2029 217 50 Mercier
1179 2029 118 50 de
1219 2029 276 50 Saint

87 2079 422 51 Versailles,
424 2079 197 51 1er
537 2079 337 51 décembre
789 2079 253 51 1764.
958 2079 141 51 1
1014 2079 169 51 p.
1099 2079 197 51 pl.
1211 2079 253 51 in-4.
1380 2079 141 51 6
1408 2079 84 51 »

142 2114 114 66 Il
199 2114 95 66 a
237 2114 152 66 reçu
332 2114 114 66 sa
389 2114 190 66 lettre
523 2114 114 66 et
580 2114 114 66 le
637 2114 171 66 livre
751 2114 133 66 qui
827 2114 95 66 v
865 2114 171 66 était
979 2114 190 66 joint.
1112 2114 114 66 Il
1170 2114 114 66 le
1227 2114 152 66 lira
1322 2114 171 66 quand
1417 2114 76 66 il

91 2174 245 63 pourra,
269 2174 178 63 mais
380 2174 134 63 il
447 2174 156 63 n’a
537 2174 156 63 pas
626 2174 267 63 beaucoup
826 2174 134 63 de
893 2174 223 63 temps.
1049 2174 156 63 «Il
1138 2174 111 63 y
1183 2174 111 63 a
1228 2174 156 63 des
1294 2174 201 63 siècles

93 2221 170 66 «que
199 2221 127 66 je
262 2221 254 66 clabaude
453 2221 212 66 contre
602 2221 127 66 la
665 2221 233 66 licence
835 2221 127 66 et
898 2221 339 66 l’impression
1174 2221 148 66 des
1238 2221 254 66 libraires,

92 2266 149 64 «et
177 2266 127 64 si
240 2266 234 64 j’avais
410 2266 149 64 été
495 2266 234 64 écouté,
665 2266 149 64 les
750 2266 170 64 abus
856 2266 170 64 n’en
962 2266 255 64 seraient
1153 2266 149 64 pas
1238 2266 127 64 si
1281 2266 212 64 énormes,

91 2323 197 60 «mais
223 2323 131 60 il
288 2323 197 60 n’est
420 2323 219 60 qu’une
573 2323 219 60 mesure
726 2323 131 60 de
792 2323 175 60 bien
902 2323 153 60 que
989 2323 175 60 nous
1099 2323 241 60 pouvons
1274 2323 219 60 faire,
1405 2323 88 60 le

91 2367 173 53 «bon
199 2367 173 53 Dieu
307 2367 130 53 et
372 2367 130 53 la
437 2367 303 53 Providence
675 2367 238 53 doivent
848 2367 194 53 faire
977 2367 130 53 le
1021 2367 194 53 reste.»

47 2398 173 76 537.
155 2398 302 76 Jarente
393 2398 130 76 de
458 2398 130 76 La
522 2398 324 76 Bruyère
782 2398 432 76 (Louis-Sextius),
1149 2398 216 76 évêque
1278 2398 216 76 d’Or

96 2457 308 64 léans
350 2457 163 64 avant
459 2457 181 64 évêque
586 2457 109 64 de
640 2457 308 64 Digne
894 2457 109 64 L.
949 2457 145 64 avec
1039 2457 145 64 sept
1130 2457 181 64 lignes
1257 2457 145 64 aut.
1348 2457 163 64 sig.,
1439 2457 54 64 à

88 2506 286 56 Mgr....
296 2506 390 56 Versailles,
608 2506 156 56 17
686 2506 338 56 septembre
946 2506 234 56 1764.
1102 2506 130 56 3
1154 2506 156 56 p.
1232 2506 234 56 in-4.
1388 2506 130 56 5
1414 2506 78 56 »

48 2547 152 73 538.
143 2547 266 73 Jarente
352 2547 114 73 de
409 2547 114 73 La
466 2547 285 73 Bruyère
694 2547 380 73 (Louis-Sextius),
1017 2547 190 73 évêque
1131 2547 361 73 d'Orléans

95 2612 170 59 avant
209 2612 189 59 évêque
341 2612 113 59 de
398 2612 321 59 Digne
662 2612 113 59 L.
719 2612 170 59 sig.,
832 2612 95 59 à
870 2612 113 59 M.
927 2612 113 59 de
984 2612 227 59 Savisex.
1154 2612 284 59 Versailles,
1381 2612 95 59 3
1399 2612 95 59 dé-

66 2646 493 58 cembre
410 2646 443 58 1768.
706 2646 246 58 1
805 2646 296 58 p.
952 2646 443 58 in-4.
1248 2646 246 58 3
1297 2646 197 58 50

50 2685 152 73 539.
145 2685 267 73 Jarente
355 2685 114 73 de
412 2685 114 73 La
469 2685 286 73 Bruyère
697 2685 381 73 (Louis-Sextius),
1021 2685 190 73 évêque
1135 2685 362 73 d'Orléans
