1640 3009
216 191 141 116 Au
287 191 212 116 sujet
428 191 188 116 d’un
546 191 235 116 dessin
711 191 188 116 pour
828 191 141 116 le
899 191 353 116 frontispice
1181 191 188 116 d’un
1299 191 259 116 ouvrage
1463 191 118 116 sur

148 261 241 74 l’Egypte.

122 299 196 77 5305.
253 299 370 77 Fouché
557 299 239 77 (Paul),
731 299 217 77 auteur
883 299 326 77 dramatique.
1144 299 130 77 L.
1209 299 174 77 aut.
1318 299 196 77 sig.,
1449 299 109 77 à
1470 299 109 77 ma

155 367 300 57 dame
342 367 412 57 Waldor.
642 367 225 57 10
754 367 337 57 juin.
979 367 187 57 1
1054 367 225 57 p.
1166 367 337 57 in-8.
1391 367 187 57 1
1428 367 150 57 50

123 404 187 84 5306.
248 404 416 84 Fouquier,
602 404 250 84 receveur
789 404 125 84 du
851 404 250 84 district
1038 404 125 84 de
1101 404 374 84 Saint-Quentin,
1413 404 166 84 père
1496 404 83 84 de

173 462 258 58 Fouquier
366 462 280 58 Tinville.
581 462 215 58 Quitt.
732 462 172 58 aut.
839 462 172 58 sig.
947 462 387 58 Saint-Quentin,
1269 462 151 58 1er
1355 462 151 58 mai
1420 462 151 58 1791,

107 515 433 65 1
281 515 520 65 p.
541 515 866 65 in-4.5
1147 515 433 65 1
1234 515 347 65 50

124 550 189 71 5307.
250 550 379 71 Fourier
566 550 295 71 (Charles),
797 550 168 71 chef
903 550 126 71 de
966 550 231 71 l’école
1134 550 295 71 économiste
1366 550 147 71 qui
1429 550 147 71 porte

171 612 139 61 son
250 612 158 61 nom.
349 612 257 61 Notice
547 612 139 61 sur
627 612 119 61 la
686 612 277 61 découverte
904 612 139 61 des
983 612 158 61 loix
1082 612 277 61 intégrales
1300 612 119 61 du
1339 612 238 61 mouve

173 647 299 78 ment
417 647 243 78 Manuscrit
604 647 168 78 aut.,
716 647 206 78 inédit,
866 647 112 78 64
922 647 112 78 p.
978 647 131 78 pl.
1053 647 168 78 in-4.
1165 647 131 78 (la
1240 647 131 78 fin
1315 647 206 78 manque.
1465 647 131 78 100
1521 647 56 78 »

122 700 204 64 5308.
258 700 340 64 Franchet
530 700 385 64 Desperey,
848 700 295 64 directeur
1074 700 249 64 général
1256 700 136 64 de
1324 700 136 64 la
1369 700 204 64 police.

171 752 159 62 L.
251 752 213 62 aut.
384 752 213 62 sig.
517 752 266 62 Paris,
703 752 159 62 18
783 752 292 62 janvier
995 752 239 62 1828.
1155 752 133 62 1
1208 752 159 62 p.
1288 752 239 62 in-8.
1447 752 133 62 1
1474 752 106 62 50

121 795 192 73 5309.
249 795 449 73 Franchomme
634 795 299 73 (Auguste),
869 795 321 73 violoniste,
1125 795 342 73 compositeur.
1403 795 128 73 L.
1446 795 128 73 aut.

163 853 260 59 sig.,
336 853 173 59 au
423 853 260 59 baron
597 853 173 59 de
683 853 347 59 Trémont.
943 853 260 59 1845.
1117 853 144 59 1
1174 853 173 59 p.
1261 853 260 59 in-8.
1435 853 144 59 1
1463 853 116 59 25

121 889 199 75 5310.
253 889 331 75 François
518 889 132 75 de
585 889 265 75 Paul
783 889 287 75 (l’Infant
1004 889 199 75 don).
1136 889 287 75 Enveloppe
1357 889 132 75 de
1401 889 177 75 lettre

171 948 204 54 aut.,
307 948 113 54 à
353 948 136 54 sa
421 948 249 54 Majesté
602 948 136 54 le
670 948 159 54 roi
760 948 159 54 des
851 948 295 54 français,
1078 948 181 54 Beau
1191 948 227 54 cachet
1349 948 113 54 à
1395 948 136 54 la
1440 948 136 54 cire

55 992 1382 57 rouge.
1022 992 691 57 2
1160 992 415 57 »

122 1028 185 74 5311.
246 1028 308 74 Frédéric
492 1028 226 74 II,
656 1028 144 74 roi
738 1028 123 74 de
799 1028 226 74 Prusse.
964 1028 123 74 L.
1025 1028 164 74 avec
1128 1028 123 74 la
1189 1028 328 74 souscription
1435 1028 144 74 d’une

173 1090 188 66 ligne
298 1090 167 66 aut.
403 1090 188 66 sig.,
528 1090 104 66 à
570 1090 125 66 sa
632 1090 230 66 Majesté
799 1090 292 66 Impériale.
1029 1090 230 66 Berlin,
1196 1090 104 66 3
1238 1090 167 66 oct.
1342 1090 188 66 1744.
1468 1090 104 66 1
1488 1090 84 66 p.

154 1141 435 51 in-fol.
471 1141 514 51 Enveloppe
867 1141 317 51 avec
1065 1141 435 51 cachet.
1381 1141 237 51 10
1460 1141 119 51 »

127 1187 163 57 5312.
235 1187 343 57 Galibert
525 1187 199 57 (Léon),
669 1187 181 57 auteur
796 1187 108 57 de
850 1187 307 57 l'Histoire
1103 1187 108 57 de
1157 1187 325 57 l’Algérie
1428 1187 108 57 L.
1465 1187 108 57 aut.

164 1239 252 55 sig.
321 1239 315 55 Paris,
541 1239 157 55 8
604 1239 252 55 août
761 1239 283 55 1843.
950 1239 157 55 2
1013 1239 189 55 p.
1107 1239 220 55 pl.
1233 1239 283 55 in-8.
1422 1239 157 55 1
1453 1239 126 55 50

123 1279 222 67 5313.
271 1279 296 67 Garde
494 1279 321 67 nationale
741 1279 346 67 parisienne
1012 1279 247 67 en
1185 1279 198 67 1792
1308 1279 272 67 (brevet
1481 1279 99 67 de

171 1336 323 55 volontaire
425 1336 139 55 de
494 1336 185 55 la),
610 1336 254 55 délivré
795 1336 139 55 au
864 1336 254 55 citoyen
1049 1336 254 55 Duparc,
1234 1336 139 55 le
1303 1336 139 55 16
1349 1336 231 55 décembre

177 1385 188 61 1792,
302 1385 167 61 avec
407 1385 146 61 les
490 1385 292 61 signatures
720 1385 146 61 des
803 1385 188 61 chefs
929 1385 125 61 du
991 1385 271 61 bataillon
1200 1385 125 61 et
1263 1385 125 61 de
1325 1385 125 61 la
1367 1385 209 61 section,

176 1431 251 59 Curieuse
365 1431 188 59 pièce
490 1431 314 59 (parchemin)
741 1431 168 59 avec
846 1431 272 59 entourage
1056 1431 126 59 de
1118 1431 209 59 jolies
1265 1431 126 59 et
1307 1431 272 59 singulières

132 1482 856 56 vignettes
790 1482 724 56 gravées
1317 1482 329 56 5
1383 1482 197 56 »

125 1525 199 69 5314.
257 1525 397 69 Gardoni
589 1525 265 69 chanteur
787 1525 132 69 du
853 1525 243 69 Théâtre
1030 1525 265 69 Italien.
1229 1525 132 69 L.
1295 1525 177 69 aut.
1405 1525 199 69 sig.,
1516 1525 66 69 à

157 1579 203 59 M
239 1579 447 59 Richard
564 1579 529 59 Drummond.
971 1579 203 59 2
1052 1579 244 59 p.
1174 1579 366 59 in-8.
1418 1579 203 59 3
1459 1579 122 59 »

130 1596 161 91 5315.
238 1596 305 91 Gentil
489 1596 179 91 poëte,
614 1596 287 91 chansonnier,
848 1596 161 91 Me
955 1596 179 91 voici,
1081 1596 108 91 me
1135 1596 179 91 voilà,
1260 1596 108 91 ou
1314 1596 108 91 le
1350 1596 233 91 refrain

171 1674 515 52 normand
605 1674 298 52 Chanson
822 1674 217 52 aut.
957 1674 217 52 sig.
1093 1674 136 52 4
1147 1674 163 52 p.
1228 1674 190 52 pl.
1337 1674 217 52 in-8
1473 1674 136 52 3
1500 1674 81 52 »

130 1703 189 82 5316.
256 1703 357 82 Gérard
549 1703 147 82 (le
633 1703 189 82 baron
759 1703 294 82 François),
990 1703 231 82 peintre
1158 1703 315 82 d’histoire.
1409 1703 126 82 L.
1451 1703 126 82 aut.

170 1768 283 82 sig.,
358 1768 188 82 au
452 1768 220 82 duc
578 1768 408 82 d’Aumont.
892 1768 314 82 Mardi.
1112 1768 157 82 2
1175 1768 188 82 p.
1269 1768 283 82 in-4.
1457 1768 157 82 5
1489 1768 94 82 »

230 1810 114 66 Au
287 1810 172 66 sujet
401 1810 114 66 du
459 1810 229 66 portrait
630 1810 114 66 de
687 1810 381 66 Monsieur
1011 1810 172 66 comte
1126 1810 248 66 d’Artois,
1316 1810 172 66 qu’il
1431 1810 133 66 est
1488 1810 95 66 sur

180 1861 129 71 le
244 1861 193 71 point
372 1861 129 71 de
415 1861 236 71 terminer.

131 1892 182 103 5317.
252 1892 403 103 Ginguené,
595 1892 323 103 littérateur.
857 1892 121 103 L.
917 1892 161 103 aut.
1018 1892 182 103 sig.,
1139 1892 101 103 à
1180 1892 141 103 son
1260 1892 303 103 confrère...
1482 1892 101 103 Pa-

172 1962 229 74 ris,
316 1962 172 74 19
402 1962 229 74 mars
545 1962 258 74 1808.
717 1962 143 74 2
774 1962 172 74 p.
860 1962 201 74 pl.
975 1962 258 74 in-4.
1147 1962 373 74 Curieuse.
1434 1962 143 74 2
1462 1962 115 74 50

226 1990 125 91 Au
289 1990 188 91 sujet
414 1990 125 91 de
477 1990 125 91 la
540 1990 251 91 pétition
728 1990 188 91 qu’il
853 1990 105 91 a
895 1990 251 91 adressée
1083 1990 105 91 à
1125 1990 293 91 l’empereur
1355 1990 167 91 pour
1439 1990 146 91 obte-

180 2054 153 63 nir
268 2054 153 63 une
355 2054 263 63 fonction
552 2054 131 63 de
618 2054 241 63 quelque
771 2054 285 63 importance.

129 2078 201 99 5318.
263 2078 425 99 Gonzague
621 2078 313 99 (Ferdinand
867 2078 157 99 1er
957 2078 179 99 de),
1068 2078 134 99 4e
1136 2078 246 99 marquis
1315 2078 134 99 de
1359 2078 224 99 Mantoue,

183 2155 212 55 servit
331 2155 170 55 sous
438 2155 127 55 le
501 2155 297 55 connétable
735 2155 127 55 de
798 2155 234 55 Bourbon
968 2155 127 55 et
1032 2155 127 55 le
1096 2155 212 55 prince
1244 2155 276 55 d’Orange.
1435 2155 149 55 Reçut

184 2203 129 54 de
248 2203 365 54 Charles-Quint
549 2203 129 54 la
613 2203 344 54 vice-royauté
893 2203 129 54 de
957 2203 215 54 Sicile
1107 2203 129 54 et
1172 2203 129 54 le
1236 2203 344 54 gouvernement
1494 2203 86 54 du

186 2249 263 65 Milanais.
388 2249 182 65 Pièce
510 2249 162 65 sig.
611 2249 142 65 (en
692 2249 263 65 italien),
894 2249 202 65 Milan,
1036 2249 121 65 14
1096 2249 182 65 avril
1218 2249 182 65 1548.
1339 2249 223 65 Demi-p.
1481 2249 101 65 gr.

182 2297 234 59 in-fol.
352 2297 212 59 Sceau.
500 2297 106 59 —
543 2297 170 59 Plus
649 2297 149 59 une
734 2297 191 59 copie
862 2297 234 59 figurée
1032 2297 127 59 de
1095 2297 191 59 cette
1223 2297 212 59 pièce.
1372 2297 191 59 Grand
1478 2297 106 59 in-

53 2348 1224 52 fol.
818 2348 765 52 7
971 2348 612 52 50

136 2374 195 100 5319.
266 2374 389 100 Goubaux
591 2374 195 100 (P.),
721 2374 173 100 chef
829 2374 130 100 de
894 2374 260 100 pension,
1088 2374 216 100 auteur
1240 2374 130 100 du
1305 2374 216 100 fameux
1435 2374 151 100 mélo

188 2443 188 62 drame,
320 2443 245 62 Trente
508 2443 132 62 ans
583 2443 113 62 ou
640 2443 113 62 la
696 2443 132 62 vie
772 2443 151 62 d’un
866 2443 282 62 joueur
1092 2443 113 62 L.
1148 2443 151 62 aut.
1242 2443 169 62 sig.,
1355 2443 113 62 au
1393 2443 188 62 baron...

172 2490 344 57 Paris,
412 2490 206 57 22
515 2490 378 57 février
790 2490 309 57 1814.
996 2490 172 57 1
1065 2490 206 57 p.
1168 2490 378 57 in-fol.
1443 2490 172 57 3
1477 2490 103 57 »

132 2516 195 87 5320.
262 2516 389 87 Grignan
587 2516 563 87 (Louis-Gaucher-Adhémar
1084 2516 130 87 de
1149 2516 260 87 Monteil,
1344 2516 195 87 comte
1452 2516 130 87 de),

180 2576 304 97 beau-père
413 2576 140 97 de
483 2576 140 97 la
553 2576 210 97 fille
693 2576 140 97 de
764 2576 234 97 madame
927 2576 140 97 de
997 2576 280 97 Sévigné,
1207 2576 140 97 L.
1277 2576 187 97 aut.
1394 2576 210 97 sig.,
1511 2576 70 97 à

178 2637 159 55 M.
257 2637 185 55 ...
363 2637 318 55 Grignan,
601 2637 159 55 13
680 2637 291 55 juillet
892 2637 238 55 1626.
1051 2637 132 55 1
1104 2637 159 55 p.
1183 2637 185 55 pl.
1289 2637 238 55 in-4.
1448 2637 159 55 12
1501 2637 79 55 »

130 2676 211 74 5321.
270 2676 305 74 Grimod
505 2676 141 74 de
575 2676 141 74 la
645 2676 399 74 Reynière,
973 2676 234 74 fameux
1138 2676 352 74 gastronome,
1395 2676 188 74 auteur

180 2734 122 66 de
241 2734 346 66 l'Almanach
526 2734 142 66 des
607 2734 366 66 Gourmands
912 2734 163 66 etc.
1014 2734 122 66 L.
1075 2734 163 66 aut.
1177 2734 183 66 sig.,
1299 2734 102 66 à
1340 2734 122 66 M.
1401 2734 122 66 de
1442 2734 142 66 Damp-

180 2775 233 92 martin.
350 2775 212 92 Paris,
498 2775 127 92 28
562 2775 191 92 avril
689 2775 191 92 1805.
816 2775 106 92 2
859 2775 127 92 p.
922 2775 149 92 pl.
1007 2775 127 92 et
1071 2775 191 92 demie
1198 2775 191 92 in-4.
1304 2775 276 92 Littéraire.

122 2829 1305 68 Intéressante.
1197 2829 384 68 3
1274 2829 307 68 30
