1680 2924
889 158 171 103 aut.
996 158 192 103 sig.,
1124 158 107 103 à
1167 158 128 103 M.
1231 158 128 103 le
1273 158 150 103 baron

626 70 184 89 —
700 70 257 89 443
810 70 110 89 —

58 155 179 88 5322.
178 155 339 88 Guérin
457 155 259 88 (Paulin),
656 155 239 88 peintre.
815 155 80 88 L.

106 219 201 61 Paris,
247 219 121 61 22
307 219 161 61 juin
408 219 181 61 1825,
528 219 101 61 1
569 219 121 61 p.
629 219 141 61 pl.
689 219 141 61 in

152 266 126 62 Au
215 266 189 62 sujet
341 266 126 62 du
404 266 252 62 portrait
592 266 126 62 du
655 266 147 62 roi
739 266 168 62 dont
844 266 126 62 il
907 266 105 62 a
948 266 147 62 été
1011 266 189 62 chargé.

55 298 202 84 5323.
189 298 314 84 Guernon
436 298 381 84 Ranville,
750 298 157 84 (le
840 298 202 84 comte
975 298 180 84 de),
1087 298 180 84 l’un
1199 298 157 84 des
1266 298 247 84 ministres

106 366 346 52 signataires
382 366 161 52 des
475 366 346 52 ordonnances
751 366 138 52 de
820 366 253 52 juillet
1004 366 207 52 1830.
1142 366 138 52 L.
1212 366 184 52 aut.
1327 366 207 52 sig.,
1442 366 69 52 à

92 411 224 53 M.
204 411 374 53 Teste.
466 411 187 53 8
540 411 262 53 mai
690 411 337 53 1844.
915 411 187 53 1
989 411 224 53 p.
1102 411 337 53 in-8.
1326 411 187 53 1
1363 411 150 53 50

56 454 196 61 2324.
187 454 414 61 Guillon,
536 454 218 61 évêque
688 454 131 61 de
753 454 218 61 Maroc,
906 454 261 61 aumônier
1102 454 131 61 de
1167 454 131 61 la
1233 454 196 61 reine
1342 454 174 61 Marie-

108 507 228 57 Amélie.
274 507 124 57 L.
336 507 165 57 aut.
439 507 186 57 sig.,
563 507 103 57 à
605 507 124 57 M.
667 507 145 57 ...
750 507 269 57 Sorbonne,
956 507 103 57 3
998 507 248 57 octobre.
1184 507 103 57 1
1225 507 124 57 p.
1287 507 186 57 in-4.
1412 507 103 57 2
1432 507 83 57 50

62 549 182 71 5325.
183 549 344 71 Guizot
466 549 303 71 (François),
709 549 263 71 ministre,
911 549 283 71 historien,
1134 549 202 71 membre
1275 549 121 71 de
1316 549 202 71 l’Acadé-

113 601 142 56 mie
194 601 285 56 française.
418 601 122 56 L.
479 601 122 56 a.
539 601 142 56 s.,
621 601 102 56 à
661 601 122 56 M.
722 601 142 56 ...
804 601 203 56 Paris,
946 601 122 56 18
1007 601 142 56 mai
1088 601 183 56 1829.
1210 601 102 56 1
1251 601 122 56 p.
1312 601 183 56 in-8.
1434 601 102 56 2
1454 601 61 56 »

63 653 164 57 5326.
172 653 346 57 Hamilton
464 653 128 57 (le
536 653 237 57 chevalier
719 653 109 57 de
773 653 109 57 la
828 653 200 57 Roche),
974 653 164 57 poëte
1083 653 219 57 anglais.
1229 653 291 57 Extrait

117 700 156 51 du
221 700 156 51 poème
324 700 104 51 de
376 700 294 51 Waterloo
618 700 329 51 (Réflections
895 700 121 51 sur
964 700 363 51 Bonaparte)...
1276 700 121 51 Dix
1345 700 138 51 vers
1414 700 104 51 aut.

114 744 152 58 sig.
209 744 133 58 (en
285 744 247 58 anglais).
475 744 190 58 Paris,
608 744 114 58 12
665 744 209 58 octobre
817 744 171 58 1825.
932 744 95 58 1
970 744 114 58 p.
1027 744 133 58 pl.
1103 744 171 58 in-4.
1198 744 323 58 Portrait

47 792 780 65 gravé
567 792 780 65 in-4.
1087 792 433 65 7
1174 792 347 65 50

63 826 180 76 5327.
183 826 399 76 Hauterive
522 826 459 76 (Alexandre-Maurice,
921 826 180 76 comte
1040 826 160 76 d’),
1140 826 279 76 conseiller
1340 826 180 76 d’Etat,

112 898 198 57 garde
244 898 154 57 des
332 898 264 57 archives
529 898 132 57 au
595 898 286 57 ministère
815 898 154 57 des
903 898 264 57 affaires
1101 898 330 57 étrangères,
1342 898 176 57 membre

114 944 128 55 de
178 944 299 55 l’Académie
412 944 149 55 des
498 944 213 55 belles
647 944 256 55 lettres.
839 944 128 55 L.
903 944 171 55 aut.
1010 944 192 55 sig.,
1138 944 128 55 au
1202 944 235 55 citoyen
1351 944 171 55 Fonte-

96 981 315 61 nay.
292 981 236 61 18
410 981 511 61 brumaire.
803 981 197 61 1
882 981 236 61 p.
1000 981 354 61 in-4.
1236 981 197 61 8
1314 981 197 61 2
1354 981 157 61 50

67 1023 179 75 5328.
186 1023 378 75 Hérisson
505 1023 378 75 (Charles-Claude
823 1023 278 75 François),
1042 1023 278 75 magistrat,
1241 1023 278 75 littérateur,

113 1074 364 62 bibliophile.
409 1074 137 62 L.
477 1074 182 62 aut.
591 1074 205 62 sig.,
728 1074 114 62 à
773 1074 137 62 M.
841 1074 273 62 Raymond.
1046 1074 296 62 Chartres,
1274 1074 137 62 26
1319 1074 205 62 janvier

78 1122 519 65 1832.
425 1122 289 65 3
540 1122 346 65 p.
713 1122 404 65 pl.
944 1122 519 65 in-4.
1290 1122 289 65 5
1348 1122 173 65 »

163 1177 259 65 Curieuse
357 1177 215 65 lettre
508 1177 409 65 bibliographique
853 1177 151 65 sur
939 1177 151 65 les
1025 1177 259 65 ouvrages
1219 1177 302 65 concernant
1435 1177 86 65 la

118 1225 303 71 cathédrale
357 1225 130 71 de
400 1225 238 71 Chartres.

72 1259 167 74 5329.
184 1259 334 74 Hidalgo
462 1259 148 74 (don
554 1259 278 74 Francesco),
777 1259 130 74 dit
851 1259 111 74 le
906 1259 259 74 marquis
1110 1259 111 74 de
1166 1259 315 74 Lilliput
1407 1259 111 74 nain

118 1309 298 62 espagtiol,
352 1309 149 62 qui
437 1309 106 62 a
479 1309 170 62 joué
586 1309 170 62 avec
692 1309 128 62 un
756 1309 191 62 grand
884 1309 213 62 succès
1033 1309 128 62 au
1096 1309 213 62 cirque
1245 1309 128 62 en
1309 1309 170 62 1847
1416 1309 128 62 et
1458 1309 64 62 à

116 1358 249 74 Londres
298 1358 136 74 en
366 1358 204 74 1848.
502 1358 227 74 Billet
660 1358 181 74 aut.
774 1358 204 74 sig.,
910 1358 113 74 à
955 1358 136 74 M.
1023 1358 159 74 ...
1114 1358 272 74 Londres,
1318 1358 136 74 14
1363 1358 159 74 avril

121 1406 178 66 1848.
240 1406 99 66 1
279 1406 118 66 p.
338 1406 197 66 in-18.
476 1406 335 66 Portr
753 1406 256 66 Singulier
950 1406 178 66 envoi
1068 1406 118 66 de
1127 1406 138 66 son
1206 1406 296 66 autographe.
1443 1406 99 66 4
1463 1406 59 66 »

71 1458 187 72 5330.
196 1458 373 72 Houasse
506 1458 394 72 (Réné-Antoine),
838 1458 249 72 peintre,
1025 1458 269 72 directeur
1232 1458 124 72 de
1273 1458 249 72 l’Académie

119 1501 130 69 de
184 1501 194 69 Rome.
314 1501 130 69 L.
379 1501 130 69 a.
444 1501 151 69 s.,
530 1501 108 69 à
573 1501 130 69 M.
638 1501 151 69 ...
724 1501 194 69 Rome,
854 1501 108 69 4
897 1501 173 69 août
1005 1501 194 69 1699.
1135 1501 108 69 2
1178 1501 130 69 p.
1243 1501 238 69 in-fol.
1416 1501 130 69 12
1459 1501 65 69 »

168 1560 127 59 Il
231 1560 191 59 croit
359 1560 445 59 indispensablement
740 1560 297 59 nécessaire
974 1560 170 59 pour
1080 1560 276 59 fondement
1292 1560 127 59 de
1334 1560 191 59 l’étude

123 1595 146 65 des
207 1595 375 65 pensionnaires,
519 1595 208 65 qu’ils
665 1595 250 65 étudient
853 1595 125 65 la
915 1595 271 65 géométrie
1124 1595 125 65 et
1186 1595 125 65 la
1228 1595 292 65 perspective.

125 1645 124 67 Il
187 1645 309 67 s’apperçoit
435 1645 206 67 qu’ils
579 1645 227 67 tombent
744 1645 124 67 en
806 1645 268 67 plusieurs
1012 1645 227 67 erreurs
1177 1645 124 67 en
1239 1645 186 67 leurs
1342 1645 186 67 dessins

122 1703 198 62 faute
254 1703 132 62 de
320 1703 154 62 ces
408 1703 286 62 lumières.
627 1703 198 62 «Sans
759 1703 176 62 quoy
869 1703 132 62 il
935 1703 154 62 est
1023 1703 308 62 impossible
1264 1703 132 62 de
1308 1703 220 62 cheminer

125 1747 306 62 «seurement
366 1747 175 62 dans
475 1747 131 62 la
541 1747 175 62 voye
650 1747 131 62 du
716 1747 262 62 dessein;
913 1747 153 62 ces
1000 1747 262 62 sciences
1197 1747 153 62 ont
1284 1747 153 62 été
1350 1747 175 62 ensei-

123 1791 223 68 «gnées
279 1791 290 68 autrefois
502 1791 134 68 en
569 1791 201 68 cette
703 1791 313 68 Académie.»
949 1791 134 68 Où
1016 1791 134 68 en
1083 1791 179 68 sont
1195 1791 156 68 les
1284 1791 246 68 travaux
1441 1791 89 68 de

121 1851 280 59 plusieurs
315 1851 237 59 élèves...

77 1866 183 104 5331.
199 1866 346 104 Houdin
484 1866 265 104 (Robert),
688 1866 428 104 prestidigitateur.
1054 1866 122 104 L.
1115 1866 163 104 aut.
1217 1866 183 104 sig.,
1339 1866 102 104 à
1360 1866 81 104 M.

114 1928 354 75 Paris,
361 1928 212 75 10
468 1928 248 75 mai
609 1928 319 75 1850.
822 1928 177 75 1
893 1928 212 75 p.
999 1928 248 75 pl.
1140 1928 319 75 in-8.
1353 1928 177 75 2
1388 1928 142 75 50

79 1973 187 84 5332.
204 1973 457 84 Instruction
598 1973 145 84 sur
682 1973 125 84 le
744 1973 208 84 nombre
889 1973 145 84 des
972 1973 291 84 créanciers
1201 1973 125 84 de
1263 1973 125 84 la
1305 1973 228 84 direction

127 2038 138 59 de
196 2038 161 59 feu
288 2038 138 59 M.
357 2038 299 59 Foucquet,
587 2038 368 59 surintendant
887 2038 161 59 des
979 2038 299 59 finances.
1209 2038 138 59 17
1278 2038 184 59 mars
1370 2038 161 59 1697.

128 2066 216 81 Minute
280 2066 108 81 —
323 2066 195 81 copie
453 2066 130 81 du
518 2066 216 81 temps;
669 2066 108 81 9
712 2066 130 81 p.
777 2066 238 81 in-fol.
950 2066 108 81 —
993 2066 238 81 Extrait
1166 2066 130 81 de
1231 2066 130 81 la
1296 2066 238 81 recette
1448 2066 87 81 et

129 2116 246 77 dépense
307 2116 134 77 du
374 2116 223 77 compte
530 2116 156 77 des
620 2116 268 77 deniers,
821 2116 290 77 provenant
1044 2116 134 77 de
1111 2116 134 77 la
1178 2116 201 77 vente
1312 2116 134 77 de
1379 2116 134 77 la
1423 2116 112 77 bi-

130 2159 289 91 bliothèque
358 2159 145 91 (de
440 2159 227 91 Nicolas
605 2159 289 91 Foucquet),
833 2159 186 91 rendu
957 2159 145 91 par
1039 2159 124 91 le
1101 2159 186 91 sieur
1225 2159 248 91 Sahuert,
1411 2159 124 91 le
1452 2159 83 91 15

132 2211 156 77 mai
221 2211 178 77 1667
332 2211 134 77 et
399 2211 178 77 clos
510 2211 134 77 le
577 2211 134 77 22
644 2211 134 77 du
711 2211 178 77 même
822 2211 200 77 mois.
956 2211 111 77 3
1000 2211 134 77 p.
1067 2211 156 77 pl.
1156 2211 134 77 et
1223 2211 200 77 quart
1357 2211 200 77 in-4.
1468 2211 67 77 —

131 2253 132 92 L.
197 2253 176 92 aut.
307 2253 176 92 sig.
416 2253 132 92 de
482 2253 132 92 M.
548 2253 329 92 Tambonneau,
812 2253 176 92 l’un
921 2253 154 92 des
1009 2253 351 92 liquidateurs
1295 2253 154 92 des
1360 2253 176 92 créan-

125 2305 249 85 ciers
291 2305 249 85 dudit
457 2305 304 85 Nicolas
679 2305 360 85 Foucquet.
956 2305 138 85 1
1011 2305 166 85 p.
1094 2305 221 85 pet.
1233 2305 249 85 in-4.
1399 2305 166 85 20
1454 2305 83 85 »

86 2344 190 88 5333.
212 2344 400 88 Jacquand
550 2344 190 88 (C.),
676 2344 232 88 peintre
845 2344 274 88 lyonnais.
1055 2344 126 88 L.
1119 2344 169 88 aut.
1224 2344 190 88 sig.,
1350 2344 105 88 à
1392 2344 126 88 M.
1435 2344 105 88 Du

127 2399 338 84 chesne,
373 2399 276 84 aîné.
557 2399 184 84 30
649 2399 368 84 juillet.
925 2399 153 84 1
987 2399 184 84 p.
1079 2399 215 84 pl.
1201 2399 276 84 in-8.
1386 2399 153 84 1
1416 2399 123 84 58

87 2447 184 100 5334.
209 2447 327 100 Jadin
475 2447 245 100 peintre.
659 2447 123 100 L.
720 2447 164 100 aut.
823 2447 184 100 sig.,
945 2447 102 100 à
986 2447 123 100 M.
1047 2447 266 100 Duchesne,
1252 2447 184 100 aîné.
1354 2447 184 100 Demi

32 2500 1132 78 in-8.
912 2500 629 78 1
1038 2500 503 78 25

91 2536 170 98 5335.
204 2536 301 98 Janin
449 2536 226 98 (Jules),
619 2536 301 98 littérateur,
864 2536 245 98 critique.
1052 2536 113 98 L.
1109 2536 151 98 aut.
1203 2536 170 98 sig.,
1316 2536 94 98 à
1354 2536 113 98 M.
1391 2536 151 98 Dupon

123 2596 354 77 chel.
359 2596 512 77 Vendredi.
753 2596 197 77 1
831 2596 236 77 p.
949 2596 276 77 pl.
1107 2596 394 77 in-12.
1383 2596 197 77 2
1422 2596 118 77 »

91 2640 184 84 5336.
213 2640 348 84 Joanny
500 2640 205 84 acteur
644 2640 246 84 tragique
828 2640 123 84 du
889 2640 225 84 Théâtre
1053 2640 266 84 Français.
1258 2640 123 84 L.
1320 2640 164 84 aut.
1402 2640 143 84 sig.,

144 2687 107 82 à
186 2687 150 82 son
272 2687 150 82 ami
358 2687 236 82 Jouslin
530 2687 129 82 de
594 2687 129 82 La
659 2687 215 82 Salle.
809 2687 107 82 9
852 2687 193 82 sept.
981 2687 107 82 1
1024 2687 129 82 p.
1088 2687 150 82 pl.
1174 2687 193 82 in-4.
1281 2687 258 82 Théâtrale.

116 2768 252 74 Curieuse.

1402 2737 178 57 3
1438 2737 107 57 »
