1223 2194
544 -5 95 60 —
582 -5 114 60 12
620 -5 57 60 —

133 43 110 75 23307
206 43 123 75 ORFILA
292 43 123 75 (Math.
378 43 98 75 Jos.
440 43 123 75 Bon.),
526 43 147 75 illustre
636 43 147 75 médecin,
746 43 110 75 L.
820 43 74 75 a.
857 43 123 75 s.
943 43 61 75 à
967 43 74 75 M.
992 43 135 75 Delalain;

147 102 122 57 Paris,
232 102 73 57 19
269 102 98 57 août
330 102 110 57 1847,
404 102 86 57 1/2
453 102 73 57 p.
489 102 110 57 in-4.
563 102 61 57 4
575 102 49 57 50

178 119 83 74 Il
220 119 152 74 déclare
330 119 124 74 qu’il
413 119 97 74 est
468 119 138 74 revenu
565 119 111 74 trop
634 119 111 74 tard
703 119 69 74 à
731 119 124 74 Paris
814 119 111 74 pour
883 119 83 74 se
925 119 138 74 rendre
1021 119 111 74 chez
1077 119 55 74 la

142 168 171 54 duchesse
270 168 86 54 de
313 168 171 54 Praslin.
442 168 100 54 (La
499 168 171 54 duchesse
627 168 129 54 avait
713 168 100 54 été
770 168 200 54 assassinée
927 168 86 54 le
970 168 86 54 17
1013 168 114 54 août
1070 168 57 54 et

152 208 134 51 Orfila
246 208 121 51 avait
326 208 94 51 été
380 208 121 51 mandé
447 208 161 51 aussitôt.)

143 227 122 75 23308
225 227 163 75 PALISSOT
347 227 82 75 DE
388 227 163 75 MONTENOY
511 227 190 75 (Charles),
660 227 150 75 célèbre
769 227 163 75 écrivain
892 227 82 75 et
933 227 136 75 poëte,
1014 227 109 75 auteur

151 286 73 47 de
187 286 73 47 la
224 286 196 47 Dunciade.
383 286 73 47 L.
420 286 73 47 a.
456 286 122 47 s.
542 286 61 47 à
567 286 159 47 Crapelet;
689 286 73 47 24
725 286 98 47 juin
787 286 110 47 1809,
860 286 61 47 1
884 286 73 47 p.
921 286 110 47 in-8.
982 286 147 47 Très

156 329 79 42 lettre.
213 329 36 42 3
220 329 29 42 50

152 331 121 74 23309
232 331 161 74 PELLETAN
353 331 161 74 (Eugène)
474 331 148 74 célèbre
581 331 188 74 publiciste
729 331 81 74 et
769 331 148 74 député.
877 331 121 74 Pièce
957 331 81 74 de
998 331 107 74 vers
1051 331 81 74 aut.

147 385 106 62 sig.,
218 385 83 62 3/4
265 385 71 62 de
301 385 71 62 p.
336 385 106 62 in-4.
407 385 165 62 Très-jolie
537 385 118 62 pièce.
620 385 59 62 4
632 385 35 62 »

145 405 125 85 23310
229 405 181 85 PELLETIER
368 405 111 85 (Don
438 405 195 85 Ambroise),
591 405 111 85 curé
660 405 84 85 de
702 405 167 85 Senones,
828 405 153 85 célèbre
925 405 209 85 généalogiste,

151 457 125 60 auteur
238 457 75 60 de
275 457 212 60 l'Armorial
450 457 137 60 général
550 457 75 60 de
588 457 75 60 la
625 457 150 60 Lorraine
737 457 75 60 et
775 457 75 60 du
812 457 150 60 Barrois.
925 457 75 60 L.
962 457 75 60 a.
1000 457 125 60 s.
1075 457 62 60 (au

145 494 158 54 rédacteur
266 494 73 54 du
303 494 243 54 Mercure);
509 494 121 54 Nancy,
594 494 73 54 10
630 494 97 54 mars
691 494 109 54 1755,
763 494 61 54 2
788 494 73 54 p.
824 494 85 54 3/4
873 494 109 54 in-4.
945 494 61 54 6
957 494 49 54 50

184 512 138 69 Épître
281 512 110 69 fort
350 512 180 69 curieuse,
488 512 97 69 qui
543 512 166 69 contient
668 512 97 69 une
723 512 110 69 note
792 512 290 69 très-intéressante
1040 512 97 69 sur
1082 512 55 69 la

153 572 214 57 publication
324 572 86 57 de
367 572 100 57 son
409 572 157 57 Armorial.

154 583 120 72 23311
234 583 160 72 PEYSSARD
353 583 93 72 (J.
406 583 80 72 P.
446 583 106 72 C.),
513 583 226 72 conventionnel
699 583 200 72 montagnard,
859 583 93 72 qui
912 583 133 72 accusa
1005 583 120 72 Louis
1071 583 67 72 XVI

146 633 162 52 d’avoir
264 633 206 52 empoisonné
426 633 88 52 le
471 633 192 52 serrurier
618 633 162 52 Gamain,
736 633 162 52 déporté
854 633 133 52 comme
942 633 88 52 un
987 633 103 52 des
1031 633 103 52 chefs

154 668 73 55 de
190 668 218 55 l’insurrection
372 668 73 55 de
409 668 146 55 prairial
518 668 73 55 an
554 668 97 55 III,
615 668 73 55 né
651 668 73 55 en
687 668 158 55 Périgord.
809 668 109 55 L.
881 668 73 55 a.
918 668 121 55 s.
1003 668 73 55 au
1027 668 109 55 citoyen

158 701 143 58 Tissot;
262 701 182 58 Périgueux,
405 701 65 58 8
431 701 156 58 prairial
548 701 78 58 an
587 701 78 58 X,
625 701 65 58 2
651 701 78 58 p.
690 701 91 58 1/2
742 701 117 58 in-4,
820 701 104 58 tête
885 701 117 58 impr.
963 701 65 58 4
976 701 39 58 »

183 740 194 50 Très-belle
336 740 153 50 lettre,
447 740 83 50 où
489 740 83 50 il
530 740 139 50 évoque
627 740 97 50 les
683 740 180 50 souvenirs
822 740 97 50 des
877 740 139 50 scènes
974 740 83 50 de
1002 740 139 50 prairial

155 772 74 57 an
192 772 99 57 III,
254 772 112 57 qu’il
328 772 136 57 appelle
427 772 87 57 une
477 772 186 57 horrible
626 772 186 57 époque
774 772 74 57 Il
812 772 112 57 parle
886 772 112 57 aussi
960 772 74 57 de
998 772 74 57 la
1035 772 99 57 sœur
1084 772 50 57 de

152 820 144 47 Goujon
252 820 115 47 (une
324 820 101 47 des
382 820 173 47 victimes
512 820 86 47 de
555 820 101 47 ces
598 820 173 47 journées).

160 847 109 55 23312
233 847 85 55 PIE
281 847 85 55 IV,
329 847 97 55 pape
390 847 157 55 illustre.
511 847 109 55 L.
584 847 133 55 s.
681 847 109 55 comme
753 847 157 55 cardinal,
875 847 73 55 au
911 847 145 55 cardinal
1020 847 73 55 de
1044 847 97 55 Saint-

160 880 119 59 Ange;
239 880 119 59 Rome,
319 880 79 59 28
358 880 106 59 août
425 880 119 59 1550,
504 880 93 59 1/2
557 880 79 59 p.
597 880 159 59 in-fol.,
716 880 119 59 trace
796 880 79 59 de
835 880 146 59 cachet.
928 880 212 59 Superbe

165 930 65 49 et
208 930 58 49 rare
244 930 101 49 pièce
324 930 43 49 15
338 930 22 49 »

157 931 107 80 23313
228 931 166 80 PINDEMONTE
359 931 190 80 (Hippolyte),
513 931 130 80 célèbre
608 931 107 80 poëte
679 931 142 80 italien.
785 931 59 80 —
809 931 71 80 10
845 931 107 80 L.
916 931 71 80 a.
951 931 119 80 s.
1034 931 59 80 à
1046 931 95 80 Joseph

158 1000 152 49 Molini;
269 1000 152 49 Vérone,
380 1000 83 49 16
421 1000 111 49 août
491 1000 125 49 1802,
574 1000 97 49 1/2
629 1000 83 49 p.
671 1000 125 49 in-4.
754 1000 69 49 —
782 1000 83 49 2°
823 1000 125 49 Pièce
906 1000 83 49 de
948 1000 111 49 vers
1003 1000 139 49 autogr.,

167 1039 45 43 1
185 1039 54 43 p.
212 1039 82 43 in-4.
267 1039 45 43 3
276 1039 36 43 50

163 1057 110 63 23314
236 1057 110 63 PIRON
309 1057 158 63 (Alexis),
431 1057 134 63 célèbre
528 1057 110 63 poëte
601 1057 73 63 et
638 1057 122 63 auteur
723 1057 183 63 dramatique.
869 1057 110 63 L.
942 1057 73 63 a.
979 1057 122 63 s.
1064 1057 73 63 (à
1088 1057 61 63 Ba-

166 1095 139 72 culard
263 1095 194 72 d’Arnaud);
416 1095 69 72 9
443 1095 139 72 juill.
540 1095 125 72 1761,
623 1095 69 72 1
651 1095 83 72 p.
693 1095 97 72 pl.
748 1095 139 72 in-12.
845 1095 139 72 Ecrite
942 1095 97 72 sur
998 1095 83 72 du
1025 1095 125 72 carton.

1102 1126 54 41 15
1120 1126 27 41 »

191 1146 162 83 Curieuse
313 1146 149 83 épître,
421 1146 81 83 où
462 1146 81 83 il
502 1146 95 83 est
556 1146 162 83 question
678 1146 81 83 de
718 1146 149 83 Fréron.

71 1177 114 95 23315
147 1177 139 95 PONSARD
249 1177 114 95 (F.),
324 1177 114 95 poëte
400 1177 190 95 dramatique,
552 1177 76 95 de
590 1177 139 95 l’Acad.
691 1177 89 95 fr.
742 1177 114 95 L.
818 1177 76 95 a.
856 1177 139 95 s.
957 1177 63 95 1
982 1177 76 95 p.
1020 1177 89 95 pl.
1058 1177 89 95 in

1062 1228 86 43 3
1079 1228 69 43 50

168 1249 102 78 23316
236 1249 114 78 PONSON
316 1249 68 78 DU
350 1249 125 78 TERRAIL
441 1249 80 78 (le
486 1249 148 78 vicomte),
600 1249 137 78 l’auteur
702 1249 68 78 de
736 1249 205 78 Rocambolei.
907 1249 68 78 L.
941 1249 68 78 a.
964 1249 91 78 s.

211 1319 37 45 1
225 1319 45 45 p.
248 1319 74 45 in-12.
300 1319 37 45 1
307 1319 30 45 25

173 1329 108 74 23317
245 1329 143 74 PROUDHON
352 1329 84 74 (P.
400 1329 96 74 J.),
460 1329 72 74 le
496 1329 131 74 célèbre
591 1329 143 74 écrivain
699 1329 179 74 socialiste.
842 1329 108 74 L.
914 1329 72 74 a.
950 1329 120 74 s.
1033 1329 60 74 à
1057 1329 72 74 M.
1081 1329 72 74 Mon-

168 1393 113 55 nier;
244 1393 126 55 Paris,
332 1393 76 55 14
370 1393 101 55 nov.
433 1393 113 55 1853,
508 1393 63 55 1
534 1393 76 55 p.
571 1393 113 55 in-8.
647 1393 76 55 15
672 1393 38 55 »

200 1415 165 52 Curieuse
324 1415 138 52 épître
421 1415 96 52 sur
476 1415 83 52 un
517 1415 83 52 de
558 1415 96 52 ses
614 1415 179 52 opuscules
751 1415 96 52 que
807 1415 96 52 les
862 1415 179 52 libraires
999 1415 83 52 ne
1027 1415 124 52 veulent

175 1447 99 58 pas
232 1447 170 58 imprimer
359 1447 114 58 sans
430 1447 99 58 une
487 1447 170 58 décharge
615 1447 85 58 de
658 1447 85 58 la
700 1447 156 58 police.
814 1447 142 58 «C’est
914 1447 114 58 pour
985 1447 85 58 en
1027 1447 128 58 finir
1098 1447 57 58 et

173 1485 163 49 rétablir
296 1485 82 49 le
337 1485 123 49 droit
419 1485 82 49 du
459 1485 123 49 parti
541 1485 191 49 socialiste
691 1485 95 49 que
745 1485 82 49 je
786 1485 109 49 fais
854 1485 82 49 ma
895 1485 163 49 demande,
1004 1485 150 49 déclarant

170 1514 88 51 au
214 1514 161 51 surplus
331 1514 88 51 ne
375 1514 161 51 vouloir
492 1514 88 51 la
536 1514 132 51 faire
624 1514 146 51 servir
727 1514 73 51 à
756 1514 146 51 aucune
858 1514 220 51 machination
1034 1514 88 51 ni
1063 1514 88 51 com

170 1560 138 49 plot...»

175 1564 119 78 23318
254 1564 132 78 RAFFET
346 1564 92 78 (D.
399 1564 79 78 A.
439 1564 106 78 M.),
505 1564 145 78 célèbre
610 1564 145 78 peintre
716 1564 79 78 et
755 1564 211 78 dessinateur.
927 1564 132 78 Billet
1019 1564 106 78 aut.
1072 1564 92 78 sig.,

183 1630 75 57 1/2
226 1630 65 57 p.
259 1630 108 57 in-12.
334 1630 108 57 Peu
410 1630 162 57 commun
539 1630 54 57 4
550 1630 32 57 »

178 1636 105 73 23319
249 1636 117 73 RANDON
331 1636 82 73 (J.
378 1636 70 73 L.
413 1636 117 73 Alex.,
495 1636 129 73 comte),
588 1636 141 73 maréchal
694 1636 70 73 de
729 1636 117 73 France
811 1636 70 73 et
846 1636 152 73 ministre.
963 1636 105 73 L.
1034 1636 70 73 a.
1057 1636 94 73 s.

177 1695 90 50 au
222 1695 164 50 général
342 1695 164 50 Aupick;
461 1695 150 50 Alger,
566 1695 90 50 25
611 1695 120 50 août
685 1695 135 50 1852,
775 1695 75 50 2
805 1695 90 50 p.
850 1695 105 50 1/2
910 1695 135 50 in-8,
1000 1695 120 50 tête
1059 1695 105 50 impr.

1077 1721 55 49 5
1088 1721 33 49 »

216 1738 234 79 Intéressante
407 1738 146 79 lettre
509 1738 73 79 :
538 1738 132 79 «Vous
626 1738 117 79 avez
699 1738 88 79 vu
743 1738 102 79 que
801 1738 117 79 nous
875 1738 132 79 avons
962 1738 88 79 eu
1006 1738 102 79 une
1050 1738 117 79 insur-

185 1782 155 67 rection
298 1782 127 67 assez
383 1782 170 67 sérieuse
510 1782 113 67 dans
581 1782 127 67 l’est
665 1782 85 67 de
708 1782 85 67 la
750 1782 170 67 province
877 1782 85 67 de
920 1782 226 67 Constantine:
1089 1782 85 67 tout

190 1839 93 54 est
243 1839 120 54 calmé
323 1839 67 54 à
350 1839 187 54 présent...
483 1839 40 54 »

188 1870 124 57 23320
271 1870 152 57 RASPAIL
382 1870 97 57 (F.
437 1870 111 57 V.),
506 1870 152 57 célèbre
616 1870 180 57 chimiste,
755 1870 152 57 médecin
865 1870 83 57 et
907 1870 83 57 et
948 1870 221 57 représentant
1114 1870 55 57 du

196 1906 142 54 peuple,
299 1906 77 54 né
338 1906 64 54 à
364 1906 180 54 Carpentras
505 1906 193 54 (Vaucluse).
660 1906 64 54 —
685 1906 77 54 1°
724 1906 116 54 L.
801 1906 77 54 a.
840 1906 142 54 s.
943 1906 116 54 1825,
1020 1906 64 54 1
1046 1906 77 54 p.
1072 1906 90 54 in

234 1945 62 60 —
258 1945 74 60 2º
295 1945 136 60 Ceux
394 1945 86 60 qui
443 1945 99 60 font
505 1945 86 60 les
554 1945 111 60 lois,
628 1945 99 60 ceux
690 1945 86 60 qui
739 1945 86 60 les
788 1945 160 60 subissent
911 1945 74 60 et
948 1945 111 60 celui
1022 1945 86 60 qui
1059 1945 111 60 les

192 1970 235 63 efface
388 1970 144 63 article
493 1970 196 63 autographe,
650 1970 105 63 avec
715 1970 144 63 ratures
820 1970 78 63 et
859 1970 209 63 corrections,
1029 1970 78 63 12
1068 1970 78 63 p.
1095 1970 78 63 in

194 2023 97 50 oblong.
265 2023 53 50 10
283 2023 27 50 »

227 2029 235 75 Très-curieux
418 2029 161 75 article
535 2029 191 75 politique
682 2029 103 75 qui
741 2029 88 75 se
785 2029 161 75 termine
902 2029 103 75 par
961 2029 132 75 cetté
1034 2029 132 75 maxime:

195 2080 130 55 «Le
286 2080 130 55 peuple
377 2080 130 55 devant
469 2080 91 55 qui
521 2080 104 55 tout
586 2080 117 55 n’est
664 2080 117 55 rien,
742 2080 78 55 et
781 2080 104 55 Dieu
846 2080 130 55 devant
938 2080 91 55 qui
990 2080 78 55 le
1016 2080 156 55 peuple

200 2122 113 59 est
279 2122 124 59 quelque
358 2122 135 59 chose»
