<?xml version='1.0' encoding='UTF8'?>
<alto xmlns:xsi="http://www.w3.org/2001/XMLSchema-instance" xmlns="http://www.loc.gov/standards/alto/ns-v2#" xmlns:page="http://schema.primaresearch.org/PAGE/gts/pagecontent/2013-07-15" xsi:schemaLocation="http://www.loc.gov/standards/alto/ns-v2# http://www.loc.gov/standards/alto/alto.xsd">
  <Description>
    <MeasurementUnit>pixel</MeasurementUnit>
    <sourceImageInformation>
         <fileName>1869_01_LAC_N157_0003.xml</fileName>
      </sourceImageInformation>
    <OCRProcessing ID="IdOcr">
      <ocrProcessingStep>
        <processingDateTime>2020-11-06T13:47:16.917+01:00</processingDateTime>
        <processingSoftware>
               <softwareCreator>CONTRIBUTORS</softwareCreator>
               <softwareName>pdfalto</softwareName>
               <softwareVersion>0.1</softwareVersion>
            </processingSoftware>
      </ocrProcessingStep>
    </OCRProcessing>
  </Description>
  <Styles>
     <TextStyle ID="FONT0" FONTSTYLE=""/>
     <TextStyle ID="FONT1" FONTSTYLE="bold"/>
     <TextStyle ID="FONT2" FONTSTYLE="italics"/>
</Styles>
  <Tags/>
  <Layout>
    <Page ID="Page1" PHYSICAL_IMG_NR="1" HEIGHT="2215" WIDTH="1180">
      <PrintSpace HEIGHT="2215" WIDTH="1180" VPOS="0" HPOS="0">
        <TextBlock ID="r1" HEIGHT="2137" WIDTH="1076" VPOS="32" HPOS="60">
          <TextLine ID="r1l1" BASELINE="70" HEIGHT="56" WIDTH="123" VPOS="14" HPOS="542">
            <String HEIGHT="56" WIDTH="123" VPOS="14" HPOS="517" CONTENT="—" ID="r1l1_1" STYLEREFS="FONT0"/>
            <SP HEIGHT="56" WIDTH="25" VPOS="14" HPOS="640"/>
            <String HEIGHT="56" WIDTH="123" VPOS="14" HPOS="567" CONTENT="3" ID="r1l1_2" STYLEREFS="FONT0"/>
            <SP HEIGHT="56" WIDTH="25" VPOS="14" HPOS="690"/>
            <String HEIGHT="56" WIDTH="74" VPOS="14" HPOS="591" CONTENT="—" ID="r1l1_3" STYLEREFS="FONT0"/>
          </TextLine>
          <TextLine ID="r1l3" BASELINE="130" HEIGHT="59" WIDTH="966" VPOS="71" HPOS="174">
            <String HEIGHT="59" WIDTH="128" VPOS="71" HPOS="160" CONTENT="23158" ID="r1l3_1" STYLEREFS="FONT0"/>
            <SP HEIGHT="59" WIDTH="14" VPOS="71" HPOS="288"/>
            <String HEIGHT="59" WIDTH="185" VPOS="71" HPOS="245" CONTENT="BENIOWSKI" ID="r1l3_2" STYLEREFS="FONT0"/>
            <SP HEIGHT="59" WIDTH="14" VPOS="71" HPOS="430"/>
            <String HEIGHT="59" WIDTH="284" VPOS="71" HPOS="387" CONTENT="(Maurice-Auguste" ID="r1l3_3" STYLEREFS="FONT0"/>
            <SP HEIGHT="59" WIDTH="14" VPOS="71" HPOS="671"/>
            <String HEIGHT="59" WIDTH="114" VPOS="71" HPOS="629" CONTENT="de)," ID="r1l3_4" STYLEREFS="FONT0"/>
            <SP HEIGHT="59" WIDTH="14" VPOS="71" HPOS="742"/>
            <String HEIGHT="59" WIDTH="142" VPOS="71" HPOS="700" CONTENT="fameux" ID="r1l3_5" STYLEREFS="FONT0"/>
            <SP HEIGHT="59" WIDTH="14" VPOS="71" HPOS="842"/>
            <String HEIGHT="59" WIDTH="199" VPOS="71" HPOS="799" CONTENT="aventurier" ID="r1l3_6" STYLEREFS="FONT0"/>
            <SP HEIGHT="59" WIDTH="14" VPOS="71" HPOS="998"/>
            <String HEIGHT="59" WIDTH="85" VPOS="71" HPOS="955" CONTENT="et" ID="r1l3_7" STYLEREFS="FONT0"/>
            <SP HEIGHT="59" WIDTH="14" VPOS="71" HPOS="1041"/>
            <String HEIGHT="59" WIDTH="156" VPOS="71" HPOS="984" CONTENT="voyageur," ID="r1l3_8" STYLEREFS="FONT0"/>
          </TextLine>
          <TextLine ID="r1l4" BASELINE="162" HEIGHT="47" WIDTH="965" VPOS="115" HPOS="167">
            <String HEIGHT="47" WIDTH="187" VPOS="115" HPOS="153" CONTENT="fondateur" ID="r1l4_1" STYLEREFS="FONT0"/>
            <SP HEIGHT="47" WIDTH="14" VPOS="115" HPOS="340"/>
            <String HEIGHT="47" WIDTH="86" VPOS="115" HPOS="297" CONTENT="de" ID="r1l4_2" STYLEREFS="FONT0"/>
            <SP HEIGHT="47" WIDTH="14" VPOS="115" HPOS="383"/>
            <String HEIGHT="47" WIDTH="86" VPOS="115" HPOS="340" CONTENT="la" ID="r1l4_3" STYLEREFS="FONT0"/>
            <SP HEIGHT="47" WIDTH="14" VPOS="115" HPOS="426"/>
            <String HEIGHT="47" WIDTH="158" VPOS="115" HPOS="383" CONTENT="colonie" ID="r1l4_4" STYLEREFS="FONT0"/>
            <SP HEIGHT="47" WIDTH="14" VPOS="115" HPOS="541"/>
            <String HEIGHT="47" WIDTH="187" VPOS="115" HPOS="498" CONTENT="française" ID="r1l4_5" STYLEREFS="FONT0"/>
            <SP HEIGHT="47" WIDTH="14" VPOS="115" HPOS="686"/>
            <String HEIGHT="47" WIDTH="86" VPOS="115" HPOS="642" CONTENT="de" ID="r1l4_6" STYLEREFS="FONT0"/>
            <SP HEIGHT="47" WIDTH="14" VPOS="115" HPOS="729"/>
            <String HEIGHT="47" WIDTH="187" VPOS="115" HPOS="686" CONTENT="Foulpoint" ID="r1l4_7" STYLEREFS="FONT0"/>
            <SP HEIGHT="47" WIDTH="14" VPOS="115" HPOS="873"/>
            <String HEIGHT="47" WIDTH="72" VPOS="115" HPOS="830" CONTENT="à" ID="r1l4_8" STYLEREFS="FONT0"/>
            <SP HEIGHT="47" WIDTH="14" VPOS="115" HPOS="902"/>
            <String HEIGHT="47" WIDTH="216" VPOS="115" HPOS="858" CONTENT="Madagascar," ID="r1l4_9" STYLEREFS="FONT0"/>
            <SP HEIGHT="47" WIDTH="14" VPOS="115" HPOS="1074"/>
            <String HEIGHT="47" WIDTH="115" VPOS="115" HPOS="1017" CONTENT="auteur" ID="r1l4_10" STYLEREFS="FONT0"/>
          </TextLine>
          <TextLine ID="r1l5" BASELINE="192" HEIGHT="40" WIDTH="974" VPOS="152" HPOS="163">
            <String HEIGHT="40" WIDTH="79" VPOS="152" HPOS="150" CONTENT="de" ID="r1l5_1" STYLEREFS="FONT0"/>
            <SP HEIGHT="40" WIDTH="13" VPOS="152" HPOS="229"/>
            <String HEIGHT="40" WIDTH="263" VPOS="152" HPOS="189" CONTENT="Mémoires" ID="r1l5_2" STYLEREFS="FONT2"/>
            <SP HEIGHT="40" WIDTH="13" VPOS="152" HPOS="453"/>
            <String HEIGHT="40" WIDTH="132" VPOS="152" HPOS="413" CONTENT="blessé" ID="r1l5_3" STYLEREFS="FONT0"/>
            <SP HEIGHT="40" WIDTH="13" VPOS="152" HPOS="545"/>
            <String HEIGHT="40" WIDTH="66" VPOS="152" HPOS="505" CONTENT="à" ID="r1l5_4" STYLEREFS="FONT0"/>
            <SP HEIGHT="40" WIDTH="13" VPOS="152" HPOS="571"/>
            <String HEIGHT="40" WIDTH="105" VPOS="152" HPOS="532" CONTENT="mort" ID="r1l5_5" STYLEREFS="FONT0"/>
            <SP HEIGHT="40" WIDTH="13" VPOS="152" HPOS="637"/>
            <String HEIGHT="40" WIDTH="79" VPOS="152" HPOS="597" CONTENT="en" ID="r1l5_6" STYLEREFS="FONT0"/>
            <SP HEIGHT="40" WIDTH="13" VPOS="152" HPOS="676"/>
            <String HEIGHT="40" WIDTH="105" VPOS="152" HPOS="637" CONTENT="1786" ID="r1l5_7" STYLEREFS="FONT0"/>
            <SP HEIGHT="40" WIDTH="13" VPOS="152" HPOS="742"/>
            <String HEIGHT="40" WIDTH="79" VPOS="152" HPOS="703" CONTENT="en" ID="r1l5_8" STYLEREFS="FONT0"/>
            <SP HEIGHT="40" WIDTH="13" VPOS="152" HPOS="782"/>
            <String HEIGHT="40" WIDTH="79" VPOS="152" HPOS="742" CONTENT="se" ID="r1l5_9" STYLEREFS="FONT0"/>
            <SP HEIGHT="40" WIDTH="13" VPOS="152" HPOS="821"/>
            <String HEIGHT="40" WIDTH="171" VPOS="152" HPOS="782" CONTENT="défendant" ID="r1l5_10" STYLEREFS="FONT0"/>
            <SP HEIGHT="40" WIDTH="13" VPOS="152" HPOS="953"/>
            <String HEIGHT="40" WIDTH="132" VPOS="152" HPOS="913" CONTENT="contre" ID="r1l5_11" STYLEREFS="FONT0"/>
            <SP HEIGHT="40" WIDTH="13" VPOS="152" HPOS="1045"/>
            <String HEIGHT="40" WIDTH="92" VPOS="152" HPOS="1005" CONTENT="les" ID="r1l5_12" STYLEREFS="FONT0"/>
            <SP HEIGHT="40" WIDTH="13" VPOS="152" HPOS="1098"/>
            <String HEIGHT="40" WIDTH="92" VPOS="152" HPOS="1045" CONTENT="Fran" SUBS_TYPE="HypPart1" SUBS_CONTENT="Français." ID="r1l5_13" STYLEREFS="FONT0"/>
            <HYP CONTENT="-"/>
          </TextLine>
          <TextLine ID="r1l6" BASELINE="221" HEIGHT="42" WIDTH="795" VPOS="179" HPOS="171">
            <String HEIGHT="42" WIDTH="104" VPOS="179" HPOS="159" CONTENT="çais." SUBS_TYPE="HypPart2" SUBS_CONTENT="Français." ID="r1l6_1" STYLEREFS="FONT0"/>
            <SP HEIGHT="42" WIDTH="12" VPOS="179" HPOS="263"/>
            <String HEIGHT="42" WIDTH="104" VPOS="179" HPOS="229" CONTENT="Ordre" ID="r1l6_2" STYLEREFS="FONT0"/>
            <SP HEIGHT="42" WIDTH="12" VPOS="179" HPOS="332"/>
            <String HEIGHT="42" WIDTH="92" VPOS="179" HPOS="298" CONTENT="aut." ID="r1l6_3" STYLEREFS="FONT0"/>
            <SP HEIGHT="42" WIDTH="12" VPOS="179" HPOS="390"/>
            <String HEIGHT="42" WIDTH="104" VPOS="179" HPOS="355" CONTENT="sig.;" ID="r1l6_4" STYLEREFS="FONT0"/>
            <SP HEIGHT="42" WIDTH="12" VPOS="179" HPOS="459"/>
            <String HEIGHT="42" WIDTH="104" VPOS="179" HPOS="424" CONTENT="1774," ID="r1l6_5" STYLEREFS="FONT0"/>
            <SP HEIGHT="42" WIDTH="12" VPOS="179" HPOS="528"/>
            <String HEIGHT="42" WIDTH="58" VPOS="179" HPOS="494" CONTENT="1" ID="r1l6_6" STYLEREFS="FONT0"/>
            <SP HEIGHT="42" WIDTH="12" VPOS="179" HPOS="551"/>
            <String HEIGHT="42" WIDTH="69" VPOS="179" HPOS="517" CONTENT="p." ID="r1l6_7" STYLEREFS="FONT0"/>
            <SP HEIGHT="42" WIDTH="12" VPOS="179" HPOS="586"/>
            <String HEIGHT="42" WIDTH="92" VPOS="179" HPOS="551" CONTENT="in-8" ID="r1l6_8" STYLEREFS="FONT0"/>
            <SP HEIGHT="42" WIDTH="12" VPOS="179" HPOS="643"/>
            <String HEIGHT="42" WIDTH="127" VPOS="179" HPOS="609" CONTENT="oblong." ID="r1l6_9" STYLEREFS="FONT0"/>
            <SP HEIGHT="42" WIDTH="12" VPOS="179" HPOS="736"/>
            <String HEIGHT="42" WIDTH="242" VPOS="179" HPOS="701" CONTENT="Très-rare" ID="r1l6_10" STYLEREFS="FONT2"/>
            <SP HEIGHT="42" WIDTH="12" VPOS="179" HPOS="943"/>
            <String HEIGHT="42" WIDTH="69" VPOS="179" HPOS="908" CONTENT="10" ID="r1l6_11" STYLEREFS="FONT0"/>
            <SP HEIGHT="42" WIDTH="12" VPOS="179" HPOS="978"/>
            <String HEIGHT="42" WIDTH="35" VPOS="179" HPOS="931" CONTENT="»" ID="r1l6_12" STYLEREFS="FONT0"/>
          </TextLine>
          <TextLine ID="r1l9" BASELINE="260" HEIGHT="48" WIDTH="962" VPOS="212" HPOS="174">
            <String HEIGHT="48" WIDTH="106" VPOS="212" HPOS="162" CONTENT="23159" ID="r1l9_1" STYLEREFS="FONT0"/>
            <SP HEIGHT="48" WIDTH="12" VPOS="212" HPOS="268"/>
            <String HEIGHT="48" WIDTH="141" VPOS="212" HPOS="233" CONTENT="BÉRANGER" ID="r1l9_2" STYLEREFS="FONT0"/>
            <SP HEIGHT="48" WIDTH="12" VPOS="212" HPOS="373"/>
            <String HEIGHT="48" WIDTH="82" VPOS="212" HPOS="338" CONTENT="(P." ID="r1l9_3" STYLEREFS="FONT0"/>
            <SP HEIGHT="48" WIDTH="12" VPOS="212" HPOS="420"/>
            <String HEIGHT="48" WIDTH="70" VPOS="212" HPOS="385" CONTENT="J." ID="r1l9_4" STYLEREFS="FONT0"/>
            <SP HEIGHT="48" WIDTH="12" VPOS="212" HPOS="456"/>
            <String HEIGHT="48" WIDTH="94" VPOS="212" HPOS="420" CONTENT="de)," ID="r1l9_5" STYLEREFS="FONT0"/>
            <SP HEIGHT="48" WIDTH="12" VPOS="212" HPOS="514"/>
            <String HEIGHT="48" WIDTH="70" VPOS="212" HPOS="479" CONTENT="le" ID="r1l9_6" STYLEREFS="FONT0"/>
            <SP HEIGHT="48" WIDTH="12" VPOS="212" HPOS="549"/>
            <String HEIGHT="48" WIDTH="129" VPOS="212" HPOS="514" CONTENT="célèbre" ID="r1l9_7" STYLEREFS="FONT0"/>
            <SP HEIGHT="48" WIDTH="12" VPOS="212" HPOS="643"/>
            <String HEIGHT="48" WIDTH="188" VPOS="212" HPOS="608" CONTENT="chansonnier." ID="r1l9_8" STYLEREFS="FONT0"/>
            <SP HEIGHT="48" WIDTH="12" VPOS="212" HPOS="796"/>
            <String HEIGHT="48" WIDTH="106" VPOS="212" HPOS="761" CONTENT="L." ID="r1l9_9" STYLEREFS="FONT2"/>
            <SP HEIGHT="48" WIDTH="12" VPOS="212" HPOS="866"/>
            <String HEIGHT="48" WIDTH="70" VPOS="212" HPOS="831" CONTENT="a." ID="r1l9_10" STYLEREFS="FONT2"/>
            <SP HEIGHT="48" WIDTH="12" VPOS="212" HPOS="901"/>
            <String HEIGHT="48" WIDTH="117" VPOS="212" HPOS="866" CONTENT="s." ID="r1l9_11" STYLEREFS="FONT2"/>
            <SP HEIGHT="48" WIDTH="12" VPOS="212" HPOS="983"/>
            <String HEIGHT="48" WIDTH="59" VPOS="212" HPOS="948" CONTENT="à" ID="r1l9_12" STYLEREFS="FONT0"/>
            <SP HEIGHT="48" WIDTH="12" VPOS="212" HPOS="1007"/>
            <String HEIGHT="48" WIDTH="82" VPOS="212" HPOS="972" CONTENT="Mme" ID="r1l9_13" STYLEREFS="FONT0"/>
            <SP HEIGHT="48" WIDTH="12" VPOS="212" HPOS="1054"/>
            <String HEIGHT="48" WIDTH="129" VPOS="212" HPOS="1007" CONTENT="Cauchois" SUBS_TYPE="HypPart1" SUBS_CONTENT="CauchoisLemaire;" ID="r1l9_14" STYLEREFS="FONT0"/>
            <HYP CONTENT="-"/>
          </TextLine>
          <TextLine ID="r1l10" BASELINE="289" HEIGHT="36" WIDTH="642" VPOS="253" HPOS="160">
            <String HEIGHT="36" WIDTH="161" VPOS="253" HPOS="147" CONTENT="Lemaire;" SUBS_TYPE="HypPart2" SUBS_CONTENT="CauchoisLemaire;" ID="r1l10_1" STYLEREFS="FONT0"/>
            <SP HEIGHT="36" WIDTH="13" VPOS="253" HPOS="307"/>
            <String HEIGHT="36" WIDTH="187" VPOS="253" HPOS="267" CONTENT="(Péronne)," ID="r1l10_2" STYLEREFS="FONT0"/>
            <SP HEIGHT="36" WIDTH="13" VPOS="253" HPOS="454"/>
            <String HEIGHT="36" WIDTH="80" VPOS="253" HPOS="414" CONTENT="18" ID="r1l10_3" STYLEREFS="FONT0"/>
            <SP HEIGHT="36" WIDTH="13" VPOS="253" HPOS="494"/>
            <String HEIGHT="36" WIDTH="94" VPOS="253" HPOS="454" CONTENT="mai" ID="r1l10_4" STYLEREFS="FONT0"/>
            <SP HEIGHT="36" WIDTH="13" VPOS="253" HPOS="548"/>
            <String HEIGHT="36" WIDTH="120" VPOS="253" HPOS="508" CONTENT="1828," ID="r1l10_5" STYLEREFS="FONT0"/>
            <SP HEIGHT="36" WIDTH="13" VPOS="253" HPOS="628"/>
            <String HEIGHT="36" WIDTH="67" VPOS="253" HPOS="588" CONTENT="3" ID="r1l10_6" STYLEREFS="FONT0"/>
            <SP HEIGHT="36" WIDTH="13" VPOS="253" HPOS="655"/>
            <String HEIGHT="36" WIDTH="80" VPOS="253" HPOS="615" CONTENT="p." ID="r1l10_7" STYLEREFS="FONT0"/>
            <SP HEIGHT="36" WIDTH="13" VPOS="253" HPOS="695"/>
            <String HEIGHT="36" WIDTH="120" VPOS="253" HPOS="655" CONTENT="in-8." ID="r1l10_8" STYLEREFS="FONT0"/>
            <SP HEIGHT="36" WIDTH="13" VPOS="253" HPOS="775"/>
            <String HEIGHT="36" WIDTH="80" VPOS="253" HPOS="735" CONTENT="10" ID="r1l10_9" STYLEREFS="FONT0"/>
            <SP HEIGHT="36" WIDTH="13" VPOS="253" HPOS="815"/>
            <String HEIGHT="36" WIDTH="40" VPOS="253" HPOS="762" CONTENT="»" ID="r1l10_10" STYLEREFS="FONT0"/>
          </TextLine>
          <TextLine ID="r1l12" BASELINE="340" HEIGHT="64" WIDTH="943" VPOS="276" HPOS="191">
            <String HEIGHT="64" WIDTH="186" VPOS="276" HPOS="177" CONTENT="Plaisante" ID="r1l12_1" STYLEREFS="FONT0"/>
            <SP HEIGHT="64" WIDTH="14" VPOS="276" HPOS="362"/>
            <String HEIGHT="64" WIDTH="143" VPOS="276" HPOS="320" CONTENT="épître" ID="r1l12_2" STYLEREFS="FONT0"/>
            <SP HEIGHT="64" WIDTH="14" VPOS="276" HPOS="462"/>
            <String HEIGHT="64" WIDTH="100" VPOS="276" HPOS="420" CONTENT="sur" ID="r1l12_3" STYLEREFS="FONT0"/>
            <SP HEIGHT="64" WIDTH="14" VPOS="276" HPOS="520"/>
            <String HEIGHT="64" WIDTH="100" VPOS="276" HPOS="477" CONTENT="son" ID="r1l12_4" STYLEREFS="FONT0"/>
            <SP HEIGHT="64" WIDTH="14" VPOS="276" HPOS="577"/>
            <String HEIGHT="64" WIDTH="143" VPOS="276" HPOS="534" CONTENT="séjour" ID="r1l12_5" STYLEREFS="FONT0"/>
            <SP HEIGHT="64" WIDTH="14" VPOS="276" HPOS="677"/>
            <String HEIGHT="64" WIDTH="71" VPOS="276" HPOS="634" CONTENT="à" ID="r1l12_6" STYLEREFS="FONT0"/>
            <SP HEIGHT="64" WIDTH="14" VPOS="276" HPOS="705"/>
            <String HEIGHT="64" WIDTH="171" VPOS="276" HPOS="663" CONTENT="Péronne." ID="r1l12_7" STYLEREFS="FONT0"/>
            <SP HEIGHT="64" WIDTH="14" VPOS="276" HPOS="834"/>
            <String HEIGHT="64" WIDTH="86" VPOS="276" HPOS="791" CONTENT="Il" ID="r1l12_8" STYLEREFS="FONT0"/>
            <SP HEIGHT="64" WIDTH="14" VPOS="276" HPOS="877"/>
            <String HEIGHT="64" WIDTH="157" VPOS="276" HPOS="834" CONTENT="déclare" ID="r1l12_9" STYLEREFS="FONT0"/>
            <SP HEIGHT="64" WIDTH="14" VPOS="276" HPOS="991"/>
            <String HEIGHT="64" WIDTH="186" VPOS="276" HPOS="948" CONTENT="s’ennuyer" ID="r1l12_10" STYLEREFS="FONT0"/>
            <SP HEIGHT="64" WIDTH="14" VPOS="276" HPOS="1134"/>
            <String HEIGHT="64" WIDTH="57" VPOS="276" HPOS="1077" CONTENT="le" ID="r1l12_11" STYLEREFS="FONT0"/>
          </TextLine>
          <TextLine ID="r1l13" BASELINE="373" HEIGHT="45" WIDTH="966" VPOS="328" HPOS="166">
            <String HEIGHT="45" WIDTH="132" VPOS="328" HPOS="151" CONTENT="mieux" ID="r1l13_1" STYLEREFS="FONT0"/>
            <SP HEIGHT="45" WIDTH="15" VPOS="328" HPOS="283"/>
            <String HEIGHT="45" WIDTH="88" VPOS="328" HPOS="239" CONTENT="du" ID="r1l13_2" STYLEREFS="FONT0"/>
            <SP HEIGHT="45" WIDTH="15" VPOS="328" HPOS="327"/>
            <String HEIGHT="45" WIDTH="132" VPOS="328" HPOS="283" CONTENT="monde" ID="r1l13_3" STYLEREFS="FONT0"/>
            <SP HEIGHT="45" WIDTH="15" VPOS="328" HPOS="415"/>
            <String HEIGHT="45" WIDTH="88" VPOS="328" HPOS="371" CONTENT="et" ID="r1l13_4" STYLEREFS="FONT0"/>
            <SP HEIGHT="45" WIDTH="15" VPOS="328" HPOS="459"/>
            <String HEIGHT="45" WIDTH="132" VPOS="328" HPOS="415" CONTENT="avoir" ID="r1l13_5" STYLEREFS="FONT0"/>
            <SP HEIGHT="45" WIDTH="15" VPOS="328" HPOS="547"/>
            <String HEIGHT="45" WIDTH="146" VPOS="328" HPOS="503" CONTENT="changé" ID="r1l13_6" STYLEREFS="FONT0"/>
            <SP HEIGHT="45" WIDTH="15" VPOS="328" HPOS="649"/>
            <String HEIGHT="45" WIDTH="102" VPOS="328" HPOS="605" CONTENT="son" ID="r1l13_7" STYLEREFS="FONT0"/>
            <SP HEIGHT="45" WIDTH="15" VPOS="328" HPOS="708"/>
            <String HEIGHT="45" WIDTH="161" VPOS="328" HPOS="664" CONTENT="régime." ID="r1l13_8" STYLEREFS="FONT0"/>
            <SP HEIGHT="45" WIDTH="15" VPOS="328" HPOS="825"/>
            <String HEIGHT="45" WIDTH="88" VPOS="328" HPOS="781" CONTENT="Il" ID="r1l13_9" STYLEREFS="FONT0"/>
            <SP HEIGHT="45" WIDTH="15" VPOS="328" HPOS="869"/>
            <String HEIGHT="45" WIDTH="146" VPOS="328" HPOS="825" CONTENT="craint" ID="r1l13_10" STYLEREFS="FONT0"/>
            <SP HEIGHT="45" WIDTH="15" VPOS="328" HPOS="971"/>
            <String HEIGHT="45" WIDTH="88" VPOS="328" HPOS="927" CONTENT="de" ID="r1l13_11" STYLEREFS="FONT0"/>
            <SP HEIGHT="45" WIDTH="15" VPOS="328" HPOS="1015"/>
            <String HEIGHT="45" WIDTH="161" VPOS="328" HPOS="971" CONTENT="prendre" ID="r1l13_12" STYLEREFS="FONT0"/>
            <SP HEIGHT="45" WIDTH="15" VPOS="328" HPOS="1132"/>
            <String HEIGHT="45" WIDTH="59" VPOS="328" HPOS="1073" CONTENT="le" ID="r1l13_13" STYLEREFS="FONT0"/>
          </TextLine>
          <TextLine ID="r1l14" BASELINE="409" HEIGHT="49" WIDTH="981" VPOS="360" HPOS="160">
            <String HEIGHT="49" WIDTH="152" VPOS="360" HPOS="146" CONTENT="travail" ID="r1l14_1" STYLEREFS="FONT0"/>
            <SP HEIGHT="49" WIDTH="14" VPOS="360" HPOS="298"/>
            <String HEIGHT="49" WIDTH="83" VPOS="360" HPOS="257" CONTENT="en" ID="r1l14_2" STYLEREFS="FONT0"/>
            <SP HEIGHT="49" WIDTH="14" VPOS="360" HPOS="340"/>
            <String HEIGHT="49" WIDTH="152" VPOS="360" HPOS="298" CONTENT="dégoût." ID="r1l14_3" STYLEREFS="FONT0"/>
            <SP HEIGHT="49" WIDTH="14" VPOS="360" HPOS="450"/>
            <String HEIGHT="49" WIDTH="166" VPOS="360" HPOS="409" CONTENT="«N’ai-je" ID="r1l14_4" STYLEREFS="FONT0"/>
            <SP HEIGHT="49" WIDTH="14" VPOS="360" HPOS="575"/>
            <String HEIGHT="49" WIDTH="97" VPOS="360" HPOS="533" CONTENT="pas" ID="r1l14_5" STYLEREFS="FONT0"/>
            <SP HEIGHT="49" WIDTH="14" VPOS="360" HPOS="630"/>
            <String HEIGHT="49" WIDTH="124" VPOS="360" HPOS="588" CONTENT="assez" ID="r1l14_6" STYLEREFS="FONT0"/>
            <SP HEIGHT="49" WIDTH="14" VPOS="360" HPOS="713"/>
            <String HEIGHT="49" WIDTH="124" VPOS="360" HPOS="671" CONTENT="fait?" ID="r1l14_7" STYLEREFS="FONT0"/>
            <SP HEIGHT="49" WIDTH="14" VPOS="360" HPOS="796"/>
            <String HEIGHT="49" WIDTH="83" VPOS="360" HPOS="754" CONTENT="et" ID="r1l14_8" STYLEREFS="FONT0"/>
            <SP HEIGHT="49" WIDTH="14" VPOS="360" HPOS="837"/>
            <String HEIGHT="49" WIDTH="111" VPOS="360" HPOS="796" CONTENT="puis" ID="r1l14_9" STYLEREFS="FONT0"/>
            <SP HEIGHT="49" WIDTH="14" VPOS="360" HPOS="906"/>
            <String HEIGHT="49" WIDTH="69" VPOS="360" HPOS="865" CONTENT="à" ID="r1l14_10" STYLEREFS="FONT0"/>
            <SP HEIGHT="49" WIDTH="14" VPOS="360" HPOS="934"/>
            <String HEIGHT="49" WIDTH="111" VPOS="360" HPOS="892" CONTENT="quoi" ID="r1l14_11" STYLEREFS="FONT0"/>
            <SP HEIGHT="49" WIDTH="14" VPOS="360" HPOS="1003"/>
            <String HEIGHT="49" WIDTH="111" VPOS="360" HPOS="961" CONTENT="cela" ID="r1l14_12" STYLEREFS="FONT0"/>
            <SP HEIGHT="49" WIDTH="14" VPOS="360" HPOS="1072"/>
            <String HEIGHT="49" WIDTH="124" VPOS="360" HPOS="1017" CONTENT="peut" ID="r1l14_13" STYLEREFS="FONT0"/>
          </TextLine>
          <TextLine ID="r1l15" BASELINE="439" HEIGHT="46" WIDTH="963" VPOS="393" HPOS="163">
            <String HEIGHT="46" WIDTH="163" VPOS="393" HPOS="148" CONTENT="servir?" ID="r1l15_1" STYLEREFS="FONT0"/>
            <SP HEIGHT="46" WIDTH="15" VPOS="393" HPOS="311"/>
            <String HEIGHT="46" WIDTH="89" VPOS="393" HPOS="267" CONTENT="Il" ID="r1l15_2" STYLEREFS="FONT0"/>
            <SP HEIGHT="46" WIDTH="15" VPOS="393" HPOS="356"/>
            <String HEIGHT="46" WIDTH="89" VPOS="393" HPOS="311" CONTENT="en" ID="r1l15_3" STYLEREFS="FONT0"/>
            <SP HEIGHT="46" WIDTH="15" VPOS="393" HPOS="400"/>
            <String HEIGHT="46" WIDTH="104" VPOS="393" HPOS="356" CONTENT="est" ID="r1l15_4" STYLEREFS="FONT0"/>
            <SP HEIGHT="46" WIDTH="15" VPOS="393" HPOS="459"/>
            <String HEIGHT="46" WIDTH="89" VPOS="393" HPOS="415" CONTENT="de" ID="r1l15_5" STYLEREFS="FONT0"/>
            <SP HEIGHT="46" WIDTH="15" VPOS="393" HPOS="504"/>
            <String HEIGHT="46" WIDTH="104" VPOS="393" HPOS="459" CONTENT="mes" ID="r1l15_6" STYLEREFS="FONT0"/>
            <SP HEIGHT="46" WIDTH="15" VPOS="393" HPOS="563"/>
            <String HEIGHT="46" WIDTH="178" VPOS="393" HPOS="519" CONTENT="chansons" ID="r1l15_7" STYLEREFS="FONT0"/>
            <SP HEIGHT="46" WIDTH="15" VPOS="393" HPOS="696"/>
            <String HEIGHT="46" WIDTH="133" VPOS="393" HPOS="652" CONTENT="comme" ID="r1l15_8" STYLEREFS="FONT0"/>
            <SP HEIGHT="46" WIDTH="15" VPOS="393" HPOS="785"/>
            <String HEIGHT="46" WIDTH="104" VPOS="393" HPOS="741" CONTENT="des" ID="r1l15_9" STYLEREFS="FONT0"/>
            <SP HEIGHT="46" WIDTH="15" VPOS="393" HPOS="845"/>
            <String HEIGHT="46" WIDTH="133" VPOS="393" HPOS="800" CONTENT="beaux" ID="r1l15_10" STYLEREFS="FONT0"/>
            <SP HEIGHT="46" WIDTH="15" VPOS="393" HPOS="933"/>
            <String HEIGHT="46" WIDTH="178" VPOS="393" HPOS="889" CONTENT="discours" ID="r1l15_11" STYLEREFS="FONT0"/>
            <SP HEIGHT="46" WIDTH="15" VPOS="393" HPOS="1067"/>
            <String HEIGHT="46" WIDTH="89" VPOS="393" HPOS="1022" CONTENT="de" ID="r1l15_12" STYLEREFS="FONT0"/>
            <SP HEIGHT="46" WIDTH="15" VPOS="393" HPOS="1111"/>
            <String HEIGHT="46" WIDTH="74" VPOS="393" HPOS="1052" CONTENT="nos" ID="r1l15_13" STYLEREFS="FONT0"/>
          </TextLine>
          <TextLine ID="r1l16" BASELINE="469" HEIGHT="45" WIDTH="466" VPOS="424" HPOS="163">
            <String HEIGHT="45" WIDTH="184" VPOS="424" HPOS="149" CONTENT="orateurs:" ID="r1l16_1" STYLEREFS="FONT0"/>
            <SP HEIGHT="45" WIDTH="14" VPOS="424" HPOS="332"/>
            <String HEIGHT="45" WIDTH="85" VPOS="424" HPOS="290" CONTENT="on" ID="r1l16_2" STYLEREFS="FONT0"/>
            <SP HEIGHT="45" WIDTH="14" VPOS="424" HPOS="375"/>
            <String HEIGHT="45" WIDTH="113" VPOS="424" HPOS="332" CONTENT="doit" ID="r1l16_3" STYLEREFS="FONT0"/>
            <SP HEIGHT="45" WIDTH="14" VPOS="424" HPOS="445"/>
            <String HEIGHT="45" WIDTH="85" VPOS="424" HPOS="403" CONTENT="en" ID="r1l16_4" STYLEREFS="FONT0"/>
            <SP HEIGHT="45" WIDTH="14" VPOS="424" HPOS="488"/>
            <String HEIGHT="45" WIDTH="113" VPOS="424" HPOS="445" CONTENT="être" ID="r1l16_5" STYLEREFS="FONT0"/>
            <SP HEIGHT="45" WIDTH="14" VPOS="424" HPOS="558"/>
            <String HEIGHT="45" WIDTH="127" VPOS="424" HPOS="502" CONTENT="las...»" ID="r1l16_6" STYLEREFS="FONT0"/>
          </TextLine>
          <TextLine ID="r1l18" BASELINE="523" HEIGHT="67" WIDTH="734" VPOS="456" HPOS="163">
            <String HEIGHT="67" WIDTH="92" VPOS="456" HPOS="153" CONTENT="23160" ID="r1l18_1" STYLEREFS="FONT0"/>
            <SP HEIGHT="67" WIDTH="10" VPOS="456" HPOS="245"/>
            <String HEIGHT="67" WIDTH="112" VPOS="456" HPOS="214" CONTENT="BERLIOZ" ID="r1l18_2" STYLEREFS="FONT0"/>
            <SP HEIGHT="67" WIDTH="10" VPOS="456" HPOS="326"/>
            <String HEIGHT="67" WIDTH="133" VPOS="456" HPOS="296" CONTENT="(Hector)," ID="r1l18_3" STYLEREFS="FONT0"/>
            <SP HEIGHT="67" WIDTH="10" VPOS="456" HPOS="428"/>
            <String HEIGHT="67" WIDTH="112" VPOS="456" HPOS="397" CONTENT="célèbre" ID="r1l18_4" STYLEREFS="FONT0"/>
            <SP HEIGHT="67" WIDTH="10" VPOS="456" HPOS="510"/>
            <String HEIGHT="67" WIDTH="153" VPOS="456" HPOS="479" CONTENT="compositeur" ID="r1l18_5" STYLEREFS="FONT0"/>
            <SP HEIGHT="67" WIDTH="10" VPOS="456" HPOS="632"/>
            <String HEIGHT="67" WIDTH="61" VPOS="456" HPOS="601" CONTENT="de" ID="r1l18_6" STYLEREFS="FONT0"/>
            <SP HEIGHT="67" WIDTH="10" VPOS="456" HPOS="663"/>
            <String HEIGHT="67" WIDTH="122" VPOS="456" HPOS="632" CONTENT="musique," ID="r1l18_7" STYLEREFS="FONT0"/>
            <SP HEIGHT="67" WIDTH="10" VPOS="456" HPOS="754"/>
            <String HEIGHT="67" WIDTH="102" VPOS="456" HPOS="724" CONTENT="membre" ID="r1l18_8" STYLEREFS="FONT0"/>
            <SP HEIGHT="67" WIDTH="10" VPOS="456" HPOS="826"/>
            <String HEIGHT="67" WIDTH="61" VPOS="456" HPOS="795" CONTENT="de" ID="r1l18_9" STYLEREFS="FONT0"/>
            <SP HEIGHT="67" WIDTH="10" VPOS="456" HPOS="856"/>
            <String HEIGHT="67" WIDTH="82" VPOS="456" HPOS="815" CONTENT="l'Ins" SUBS_TYPE="HypPart1" SUBS_CONTENT="l'Institut." ID="r1l18_10" STYLEREFS="FONT0"/>
            <HYP CONTENT="-"/>
          </TextLine>
          <TextLine ID="r1l20" BASELINE="538" HEIGHT="44" WIDTH="348" VPOS="494" HPOS="171">
            <String HEIGHT="44" WIDTH="89" VPOS="494" HPOS="162" CONTENT="titut." SUBS_TYPE="HypPart2" SUBS_CONTENT="l'Institut." ID="r1l20_1" STYLEREFS="FONT0"/>
            <SP HEIGHT="44" WIDTH="9" VPOS="494" HPOS="251"/>
            <String HEIGHT="44" WIDTH="80" VPOS="494" HPOS="225" CONTENT="L." ID="r1l20_2" STYLEREFS="FONT2"/>
            <SP HEIGHT="44" WIDTH="9" VPOS="494" HPOS="305"/>
            <String HEIGHT="44" WIDTH="54" VPOS="494" HPOS="278" CONTENT="a." ID="r1l20_3" STYLEREFS="FONT2"/>
            <SP HEIGHT="44" WIDTH="9" VPOS="494" HPOS="332"/>
            <String HEIGHT="44" WIDTH="98" VPOS="494" HPOS="305" CONTENT="s." ID="r1l20_4" STYLEREFS="FONT2"/>
            <SP HEIGHT="44" WIDTH="9" VPOS="494" HPOS="403"/>
            <String HEIGHT="44" WIDTH="45" VPOS="494" HPOS="376" CONTENT="1" ID="r1l20_5" STYLEREFS="FONT0"/>
            <SP HEIGHT="44" WIDTH="9" VPOS="494" HPOS="421"/>
            <String HEIGHT="44" WIDTH="54" VPOS="494" HPOS="394" CONTENT="p." ID="r1l20_6" STYLEREFS="FONT0"/>
            <SP HEIGHT="44" WIDTH="9" VPOS="494" HPOS="448"/>
            <String HEIGHT="44" WIDTH="80" VPOS="494" HPOS="421" CONTENT="in-8." ID="r1l20_7" STYLEREFS="FONT0"/>
            <SP HEIGHT="44" WIDTH="9" VPOS="494" HPOS="501"/>
            <String HEIGHT="44" WIDTH="45" VPOS="494" HPOS="474" CONTENT="1" ID="r1l20_8" STYLEREFS="FONT0"/>
            <SP HEIGHT="44" WIDTH="9" VPOS="494" HPOS="519"/>
            <String HEIGHT="44" WIDTH="36" VPOS="494" HPOS="483" CONTENT="50" ID="r1l20_9" STYLEREFS="FONT0"/>
          </TextLine>
          <TextLine ID="r1l23" BASELINE="585" HEIGHT="63" WIDTH="973" VPOS="522" HPOS="165">
            <String HEIGHT="63" WIDTH="123" VPOS="522" HPOS="151" CONTENT="23161" ID="r1l23_1" STYLEREFS="FONT0"/>
            <SP HEIGHT="63" WIDTH="14" VPOS="522" HPOS="275"/>
            <String HEIGHT="63" WIDTH="151" VPOS="522" HPOS="234" CONTENT="BERRYER" ID="r1l23_2" STYLEREFS="FONT0"/>
            <SP HEIGHT="63" WIDTH="14" VPOS="522" HPOS="384"/>
            <String HEIGHT="63" WIDTH="96" VPOS="522" HPOS="343" CONTENT="(P." ID="r1l23_3" STYLEREFS="FONT0"/>
            <SP HEIGHT="63" WIDTH="14" VPOS="522" HPOS="439"/>
            <String HEIGHT="63" WIDTH="137" VPOS="522" HPOS="398" CONTENT="Nic.)," ID="r1l23_4" STYLEREFS="FONT0"/>
            <SP HEIGHT="63" WIDTH="14" VPOS="522" HPOS="535"/>
            <String HEIGHT="63" WIDTH="233" VPOS="522" HPOS="494" CONTENT="jurisconsulte" ID="r1l23_5" STYLEREFS="FONT0"/>
            <SP HEIGHT="63" WIDTH="14" VPOS="522" HPOS="727"/>
            <String HEIGHT="63" WIDTH="192" VPOS="522" HPOS="686" CONTENT="distingué," ID="r1l23_6" STYLEREFS="FONT0"/>
            <SP HEIGHT="63" WIDTH="14" VPOS="522" HPOS="878"/>
            <String HEIGHT="63" WIDTH="178" VPOS="522" HPOS="837" CONTENT="défenseur" ID="r1l23_7" STYLEREFS="FONT0"/>
            <SP HEIGHT="63" WIDTH="14" VPOS="522" HPOS="1015"/>
            <String HEIGHT="63" WIDTH="82" VPOS="522" HPOS="974" CONTENT="du" ID="r1l23_8" STYLEREFS="FONT0"/>
            <SP HEIGHT="63" WIDTH="14" VPOS="522" HPOS="1056"/>
            <String HEIGHT="63" WIDTH="137" VPOS="522" HPOS="1001" CONTENT="maréchal" ID="r1l23_9" STYLEREFS="FONT0"/>
          </TextLine>
          <TextLine ID="r1l24" BASELINE="611" HEIGHT="48" WIDTH="403" VPOS="563" HPOS="165">
            <String HEIGHT="48" WIDTH="79" VPOS="563" HPOS="155" CONTENT="Ney." ID="r1l24_1" STYLEREFS="FONT0"/>
            <SP HEIGHT="48" WIDTH="10" VPOS="563" HPOS="234"/>
            <String HEIGHT="48" WIDTH="88" VPOS="563" HPOS="204" CONTENT="L." ID="r1l24_2" STYLEREFS="FONT2"/>
            <SP HEIGHT="48" WIDTH="10" VPOS="563" HPOS="293"/>
            <String HEIGHT="48" WIDTH="59" VPOS="563" HPOS="263" CONTENT="a." ID="r1l24_3" STYLEREFS="FONT2"/>
            <SP HEIGHT="48" WIDTH="10" VPOS="563" HPOS="322"/>
            <String HEIGHT="48" WIDTH="108" VPOS="563" HPOS="293" CONTENT="s." ID="r1l24_4" STYLEREFS="FONT2"/>
            <SP HEIGHT="48" WIDTH="10" VPOS="563" HPOS="401"/>
            <String HEIGHT="48" WIDTH="69" VPOS="563" HPOS="371" CONTENT="3/4" ID="r1l24_5" STYLEREFS="FONT0"/>
            <SP HEIGHT="48" WIDTH="10" VPOS="563" HPOS="440"/>
            <String HEIGHT="48" WIDTH="59" VPOS="563" HPOS="411" CONTENT="de" ID="r1l24_6" STYLEREFS="FONT0"/>
            <SP HEIGHT="48" WIDTH="10" VPOS="563" HPOS="470"/>
            <String HEIGHT="48" WIDTH="59" VPOS="563" HPOS="440" CONTENT="p." ID="r1l24_7" STYLEREFS="FONT0"/>
            <SP HEIGHT="48" WIDTH="10" VPOS="563" HPOS="499"/>
            <String HEIGHT="48" WIDTH="88" VPOS="563" HPOS="470" CONTENT="in-8." ID="r1l24_8" STYLEREFS="FONT0"/>
            <SP HEIGHT="48" WIDTH="10" VPOS="563" HPOS="558"/>
            <String HEIGHT="48" WIDTH="49" VPOS="563" HPOS="529" CONTENT="2" ID="r1l24_9" STYLEREFS="FONT0"/>
            <SP HEIGHT="48" WIDTH="10" VPOS="563" HPOS="578"/>
            <String HEIGHT="48" WIDTH="29" VPOS="563" HPOS="539" CONTENT="»" ID="r1l24_10" STYLEREFS="FONT0"/>
          </TextLine>
          <TextLine ID="r1l27" BASELINE="660" HEIGHT="65" WIDTH="735" VPOS="595" HPOS="170">
            <String HEIGHT="65" WIDTH="96" VPOS="595" HPOS="159" CONTENT="23162" ID="r1l27_1" STYLEREFS="FONT0"/>
            <SP HEIGHT="65" WIDTH="11" VPOS="595" HPOS="255"/>
            <String HEIGHT="65" WIDTH="117" VPOS="595" HPOS="223" CONTENT="BERRYER" ID="r1l27_2" STYLEREFS="FONT0"/>
            <SP HEIGHT="65" WIDTH="11" VPOS="595" HPOS="340"/>
            <String HEIGHT="65" WIDTH="75" VPOS="595" HPOS="308" CONTENT="(P." ID="r1l27_3" STYLEREFS="FONT0"/>
            <SP HEIGHT="65" WIDTH="11" VPOS="595" HPOS="383"/>
            <String HEIGHT="65" WIDTH="85" VPOS="595" HPOS="351" CONTENT="A.)," ID="r1l27_4" STYLEREFS="FONT0"/>
            <SP HEIGHT="65" WIDTH="11" VPOS="595" HPOS="436"/>
            <String HEIGHT="65" WIDTH="64" VPOS="595" HPOS="404" CONTENT="un" ID="r1l27_5" STYLEREFS="FONT0"/>
            <SP HEIGHT="65" WIDTH="11" VPOS="595" HPOS="468"/>
            <String HEIGHT="65" WIDTH="64" VPOS="595" HPOS="436" CONTENT="de" ID="r1l27_6" STYLEREFS="FONT0"/>
            <SP HEIGHT="65" WIDTH="11" VPOS="595" HPOS="500"/>
            <String HEIGHT="65" WIDTH="75" VPOS="595" HPOS="468" CONTENT="nos" ID="r1l27_7" STYLEREFS="FONT0"/>
            <SP HEIGHT="65" WIDTH="11" VPOS="595" HPOS="543"/>
            <String HEIGHT="65" WIDTH="85" VPOS="595" HPOS="511" CONTENT="plus" ID="r1l27_8" STYLEREFS="FONT0"/>
            <SP HEIGHT="65" WIDTH="11" VPOS="595" HPOS="596"/>
            <String HEIGHT="65" WIDTH="107" VPOS="595" HPOS="564" CONTENT="grands" ID="r1l27_9" STYLEREFS="FONT0"/>
            <SP HEIGHT="65" WIDTH="11" VPOS="595" HPOS="671"/>
            <String HEIGHT="65" WIDTH="128" VPOS="595" HPOS="639" CONTENT="orateurs" ID="r1l27_10" STYLEREFS="FONT0"/>
            <SP HEIGHT="65" WIDTH="11" VPOS="595" HPOS="767"/>
            <String HEIGHT="65" WIDTH="181" VPOS="595" HPOS="724" CONTENT="parlementaires," ID="r1l27_11" STYLEREFS="FONT0"/>
          </TextLine>
          <TextLine ID="r1l29" BASELINE="692" HEIGHT="51" WIDTH="971" VPOS="641" HPOS="168">
            <String HEIGHT="51" WIDTH="131" VPOS="641" HPOS="155" CONTENT="membre" ID="r1l29_1" STYLEREFS="FONT0"/>
            <SP HEIGHT="51" WIDTH="13" VPOS="641" HPOS="286"/>
            <String HEIGHT="51" WIDTH="79" VPOS="641" HPOS="247" CONTENT="de" ID="r1l29_2" STYLEREFS="FONT0"/>
            <SP HEIGHT="51" WIDTH="13" VPOS="641" HPOS="325"/>
            <String HEIGHT="51" WIDTH="144" VPOS="641" HPOS="286" CONTENT="l’Acad." ID="r1l29_3" STYLEREFS="FONT0"/>
            <SP HEIGHT="51" WIDTH="13" VPOS="641" HPOS="430"/>
            <String HEIGHT="51" WIDTH="92" VPOS="641" HPOS="391" CONTENT="fr." ID="r1l29_4" STYLEREFS="FONT0"/>
            <SP HEIGHT="51" WIDTH="13" VPOS="641" HPOS="483"/>
            <String HEIGHT="51" WIDTH="118" VPOS="641" HPOS="444" CONTENT="L." ID="r1l29_5" STYLEREFS="FONT2"/>
            <SP HEIGHT="51" WIDTH="13" VPOS="641" HPOS="562"/>
            <String HEIGHT="51" WIDTH="79" VPOS="641" HPOS="522" CONTENT="a." ID="r1l29_6" STYLEREFS="FONT2"/>
            <SP HEIGHT="51" WIDTH="13" VPOS="641" HPOS="601"/>
            <String HEIGHT="51" WIDTH="131" VPOS="641" HPOS="562" CONTENT="s." ID="r1l29_7" STYLEREFS="FONT2"/>
            <SP HEIGHT="51" WIDTH="13" VPOS="641" HPOS="693"/>
            <String HEIGHT="51" WIDTH="66" VPOS="641" HPOS="654" CONTENT="a" ID="r1l29_8" STYLEREFS="FONT0"/>
            <SP HEIGHT="51" WIDTH="13" VPOS="641" HPOS="719"/>
            <String HEIGHT="51" WIDTH="79" VPOS="641" HPOS="680" CONTENT="M." ID="r1l29_9" STYLEREFS="FONT0"/>
            <SP HEIGHT="51" WIDTH="13" VPOS="641" HPOS="758"/>
            <String HEIGHT="51" WIDTH="79" VPOS="641" HPOS="719" CONTENT="de" ID="r1l29_10" STYLEREFS="FONT0"/>
            <SP HEIGHT="51" WIDTH="13" VPOS="641" HPOS="798"/>
            <String HEIGHT="51" WIDTH="184" VPOS="641" HPOS="758" CONTENT="Puibusque;" ID="r1l29_11" STYLEREFS="FONT0"/>
            <SP HEIGHT="51" WIDTH="13" VPOS="641" HPOS="942"/>
            <String HEIGHT="51" WIDTH="79" VPOS="641" HPOS="903" CONTENT="15" ID="r1l29_12" STYLEREFS="FONT0"/>
            <SP HEIGHT="51" WIDTH="13" VPOS="641" HPOS="982"/>
            <String HEIGHT="51" WIDTH="131" VPOS="641" HPOS="942" CONTENT="juill." ID="r1l29_13" STYLEREFS="FONT0"/>
            <SP HEIGHT="51" WIDTH="13" VPOS="641" HPOS="1073"/>
            <String HEIGHT="51" WIDTH="118" VPOS="641" HPOS="1021" CONTENT="(1854)," ID="r1l29_14" STYLEREFS="FONT0"/>
          </TextLine>
          <TextLine ID="r1l30" BASELINE="719" HEIGHT="51" WIDTH="152" VPOS="668" HPOS="195">
            <String HEIGHT="51" WIDTH="42" VPOS="668" HPOS="187" CONTENT="1" ID="r1l30_1" STYLEREFS="FONT0"/>
            <SP HEIGHT="51" WIDTH="8" VPOS="668" HPOS="229"/>
            <String HEIGHT="51" WIDTH="51" VPOS="668" HPOS="203" CONTENT="p." ID="r1l30_2" STYLEREFS="FONT0"/>
            <SP HEIGHT="51" WIDTH="8" VPOS="668" HPOS="254"/>
            <String HEIGHT="51" WIDTH="59" VPOS="668" HPOS="229" CONTENT="pl." ID="r1l30_3" STYLEREFS="FONT0"/>
            <SP HEIGHT="51" WIDTH="8" VPOS="668" HPOS="288"/>
            <String HEIGHT="51" WIDTH="76" VPOS="668" HPOS="263" CONTENT="in-8." ID="r1l30_4" STYLEREFS="FONT0"/>
            <SP HEIGHT="51" WIDTH="8" VPOS="668" HPOS="339"/>
            <String HEIGHT="51" WIDTH="42" VPOS="668" HPOS="313" CONTENT="5" ID="r1l30_5" STYLEREFS="FONT0"/>
            <SP HEIGHT="51" WIDTH="8" VPOS="668" HPOS="355"/>
            <String HEIGHT="51" WIDTH="25" VPOS="668" HPOS="322" CONTENT="»" ID="r1l30_6" STYLEREFS="FONT0"/>
          </TextLine>
          <TextLine ID="r1l32" BASELINE="760" HEIGHT="50" WIDTH="943" VPOS="710" HPOS="192">
            <String HEIGHT="50" WIDTH="186" VPOS="710" HPOS="178" CONTENT="Charmante" ID="r1l32_1" STYLEREFS="FONT0"/>
            <SP HEIGHT="50" WIDTH="14" VPOS="710" HPOS="363"/>
            <String HEIGHT="50" WIDTH="157" VPOS="710" HPOS="321" CONTENT="épître," ID="r1l32_2" STYLEREFS="FONT0"/>
            <SP HEIGHT="50" WIDTH="14" VPOS="710" HPOS="478"/>
            <String HEIGHT="50" WIDTH="86" VPOS="710" HPOS="435" CONTENT="où" ID="r1l32_3" STYLEREFS="FONT0"/>
            <SP HEIGHT="50" WIDTH="14" VPOS="710" HPOS="521"/>
            <String HEIGHT="50" WIDTH="86" VPOS="710" HPOS="478" CONTENT="il" ID="r1l32_4" STYLEREFS="FONT0"/>
            <SP HEIGHT="50" WIDTH="14" VPOS="710" HPOS="563"/>
            <String HEIGHT="50" WIDTH="86" VPOS="710" HPOS="521" CONTENT="le" ID="r1l32_5" STYLEREFS="FONT0"/>
            <SP HEIGHT="50" WIDTH="14" VPOS="710" HPOS="606"/>
            <String HEIGHT="50" WIDTH="171" VPOS="710" HPOS="563" CONTENT="remercie" ID="r1l32_6" STYLEREFS="FONT0"/>
            <SP HEIGHT="50" WIDTH="14" VPOS="710" HPOS="735"/>
            <String HEIGHT="50" WIDTH="86" VPOS="710" HPOS="692" CONTENT="de" ID="r1l32_7" STYLEREFS="FONT0"/>
            <SP HEIGHT="50" WIDTH="14" VPOS="710" HPOS="778"/>
            <String HEIGHT="50" WIDTH="157" VPOS="710" HPOS="735" CONTENT="l’envoi" ID="r1l32_8" STYLEREFS="FONT0"/>
            <SP HEIGHT="50" WIDTH="14" VPOS="710" HPOS="892"/>
            <String HEIGHT="50" WIDTH="86" VPOS="710" HPOS="849" CONTENT="de" ID="r1l32_9" STYLEREFS="FONT0"/>
            <SP HEIGHT="50" WIDTH="14" VPOS="710" HPOS="935"/>
            <String HEIGHT="50" WIDTH="86" VPOS="710" HPOS="892" CONTENT="sa" ID="r1l32_10" STYLEREFS="FONT0"/>
            <SP HEIGHT="50" WIDTH="14" VPOS="710" HPOS="978"/>
            <String HEIGHT="50" WIDTH="200" VPOS="710" HPOS="935" CONTENT="traduction" ID="r1l32_11" STYLEREFS="FONT0"/>
            <SP HEIGHT="50" WIDTH="14" VPOS="710" HPOS="1135"/>
            <String HEIGHT="50" WIDTH="57" VPOS="710" HPOS="1078" CONTENT="du" ID="r1l32_12" STYLEREFS="FONT0"/>
          </TextLine>
          <TextLine ID="r1l33" BASELINE="794" HEIGHT="55" WIDTH="966" VPOS="739" HPOS="168">
            <String HEIGHT="55" WIDTH="161" VPOS="739" HPOS="155" CONTENT="Comte" ID="r1l33_1" STYLEREFS="FONT2"/>
            <SP HEIGHT="55" WIDTH="13" VPOS="739" HPOS="316"/>
            <String HEIGHT="55" WIDTH="215" VPOS="739" HPOS="275" CONTENT="Lucanor" ID="r1l33_2" STYLEREFS="FONT2"/>
            <SP HEIGHT="55" WIDTH="13" VPOS="739" HPOS="490"/>
            <String HEIGHT="55" WIDTH="121" VPOS="739" HPOS="450" CONTENT="«Vous" ID="r1l33_3" STYLEREFS="FONT0"/>
            <SP HEIGHT="55" WIDTH="13" VPOS="739" HPOS="571"/>
            <String HEIGHT="55" WIDTH="107" VPOS="739" HPOS="530" CONTENT="êtes" ID="r1l33_4" STYLEREFS="FONT0"/>
            <SP HEIGHT="55" WIDTH="13" VPOS="739" HPOS="638"/>
            <String HEIGHT="55" WIDTH="148" VPOS="739" HPOS="597" CONTENT="heureux" ID="r1l33_5" STYLEREFS="FONT0"/>
            <SP HEIGHT="55" WIDTH="13" VPOS="739" HPOS="745"/>
            <String HEIGHT="55" WIDTH="81" VPOS="739" HPOS="705" CONTENT="et" ID="r1l33_6" STYLEREFS="FONT0"/>
            <SP HEIGHT="55" WIDTH="13" VPOS="739" HPOS="785"/>
            <String HEIGHT="55" WIDTH="81" VPOS="739" HPOS="745" CONTENT="je" ID="r1l33_7" STYLEREFS="FONT0"/>
            <SP HEIGHT="55" WIDTH="13" VPOS="739" HPOS="825"/>
            <String HEIGHT="55" WIDTH="107" VPOS="739" HPOS="785" CONTENT="vous" ID="r1l33_8" STYLEREFS="FONT0"/>
            <SP HEIGHT="55" WIDTH="13" VPOS="739" HPOS="893"/>
            <String HEIGHT="55" WIDTH="161" VPOS="739" HPOS="852" CONTENT="félicite" ID="r1l33_9" STYLEREFS="FONT0"/>
            <SP HEIGHT="55" WIDTH="13" VPOS="739" HPOS="1013"/>
            <String HEIGHT="55" WIDTH="174" VPOS="739" HPOS="960" CONTENT="sincèrement" ID="r1l33_10" STYLEREFS="FONT0"/>
          </TextLine>
          <TextLine ID="r1l34" BASELINE="826" HEIGHT="49" WIDTH="974" VPOS="777" HPOS="160">
            <String HEIGHT="49" WIDTH="86" VPOS="777" HPOS="146" CONTENT="de" ID="r1l34_1" STYLEREFS="FONT0"/>
            <SP HEIGHT="49" WIDTH="14" VPOS="777" HPOS="232"/>
            <String HEIGHT="49" WIDTH="158" VPOS="777" HPOS="189" CONTENT="pouvoir" ID="r1l34_2" STYLEREFS="FONT0"/>
            <SP HEIGHT="49" WIDTH="14" VPOS="777" HPOS="346"/>
            <String HEIGHT="49" WIDTH="115" VPOS="777" HPOS="303" CONTENT="vous" ID="r1l34_3" STYLEREFS="FONT0"/>
            <SP HEIGHT="49" WIDTH="14" VPOS="777" HPOS="418"/>
            <String HEIGHT="49" WIDTH="158" VPOS="777" HPOS="375" CONTENT="séparer" ID="r1l34_4" STYLEREFS="FONT0"/>
            <SP HEIGHT="49" WIDTH="14" VPOS="777" HPOS="532"/>
            <String HEIGHT="49" WIDTH="100" VPOS="777" HPOS="489" CONTENT="des" ID="r1l34_5" STYLEREFS="FONT0"/>
            <SP HEIGHT="49" WIDTH="14" VPOS="777" HPOS="590"/>
            <String HEIGHT="49" WIDTH="115" VPOS="777" HPOS="547" CONTENT="gens" ID="r1l34_6" STYLEREFS="FONT0"/>
            <SP HEIGHT="49" WIDTH="14" VPOS="777" HPOS="661"/>
            <String HEIGHT="49" WIDTH="86" VPOS="777" HPOS="618" CONTENT="et" ID="r1l34_7" STYLEREFS="FONT0"/>
            <SP HEIGHT="49" WIDTH="14" VPOS="777" HPOS="704"/>
            <String HEIGHT="49" WIDTH="100" VPOS="777" HPOS="661" CONTENT="des" ID="r1l34_8" STYLEREFS="FONT0"/>
            <SP HEIGHT="49" WIDTH="14" VPOS="777" HPOS="762"/>
            <String HEIGHT="49" WIDTH="143" VPOS="777" HPOS="719" CONTENT="choses" ID="r1l34_9" STYLEREFS="FONT0"/>
            <SP HEIGHT="49" WIDTH="14" VPOS="777" HPOS="862"/>
            <String HEIGHT="49" WIDTH="86" VPOS="777" HPOS="819" CONTENT="de" ID="r1l34_10" STYLEREFS="FONT0"/>
            <SP HEIGHT="49" WIDTH="14" VPOS="777" HPOS="905"/>
            <String HEIGHT="49" WIDTH="86" VPOS="777" HPOS="862" CONTENT="ce" ID="r1l34_11" STYLEREFS="FONT0"/>
            <SP HEIGHT="49" WIDTH="14" VPOS="777" HPOS="948"/>
            <String HEIGHT="49" WIDTH="186" VPOS="777" HPOS="905" CONTENT="temps-ci," ID="r1l34_12" STYLEREFS="FONT0"/>
            <SP HEIGHT="49" WIDTH="14" VPOS="777" HPOS="1091"/>
            <String HEIGHT="49" WIDTH="86" VPOS="777" HPOS="1048" CONTENT="et" ID="r1l34_13" STYLEREFS="FONT0"/>
            <SP HEIGHT="49" WIDTH="14" VPOS="777" HPOS="1134"/>
            <String HEIGHT="49" WIDTH="57" VPOS="777" HPOS="1077" CONTENT="de" ID="r1l34_14" STYLEREFS="FONT0"/>
          </TextLine>
          <TextLine ID="r1l35" BASELINE="857" HEIGHT="47" WIDTH="967" VPOS="810" HPOS="166">
            <String HEIGHT="47" WIDTH="126" VPOS="810" HPOS="152" CONTENT="faire" ID="r1l35_1" STYLEREFS="FONT0"/>
            <SP HEIGHT="47" WIDTH="14" VPOS="810" HPOS="278"/>
            <String HEIGHT="47" WIDTH="126" VPOS="810" HPOS="236" CONTENT="vivre" ID="r1l35_2" STYLEREFS="FONT0"/>
            <SP HEIGHT="47" WIDTH="14" VPOS="810" HPOS="362"/>
            <String HEIGHT="47" WIDTH="126" VPOS="810" HPOS="320" CONTENT="votre" ID="r1l35_3" STYLEREFS="FONT0"/>
            <SP HEIGHT="47" WIDTH="14" VPOS="810" HPOS="446"/>
            <String HEIGHT="47" WIDTH="140" VPOS="810" HPOS="404" CONTENT="esprit" ID="r1l35_4" STYLEREFS="FONT0"/>
            <SP HEIGHT="47" WIDTH="14" VPOS="810" HPOS="544"/>
            <String HEIGHT="47" WIDTH="112" VPOS="810" HPOS="502" CONTENT="dans" ID="r1l35_5" STYLEREFS="FONT0"/>
            <SP HEIGHT="47" WIDTH="14" VPOS="810" HPOS="614"/>
            <String HEIGHT="47" WIDTH="84" VPOS="810" HPOS="572" CONTENT="la" ID="r1l35_6" STYLEREFS="FONT0"/>
            <SP HEIGHT="47" WIDTH="14" VPOS="810" HPOS="657"/>
            <String HEIGHT="47" WIDTH="154" VPOS="810" HPOS="614" CONTENT="société" ID="r1l35_7" STYLEREFS="FONT0"/>
            <SP HEIGHT="47" WIDTH="14" VPOS="810" HPOS="769"/>
            <String HEIGHT="47" WIDTH="98" VPOS="810" HPOS="727" CONTENT="des" ID="r1l35_8" STYLEREFS="FONT0"/>
            <SP HEIGHT="47" WIDTH="14" VPOS="810" HPOS="825"/>
            <String HEIGHT="47" WIDTH="140" VPOS="810" HPOS="783" CONTENT="hommes" ID="r1l35_9" STYLEREFS="FONT0"/>
            <SP HEIGHT="47" WIDTH="14" VPOS="810" HPOS="923"/>
            <String HEIGHT="47" WIDTH="84" VPOS="810" HPOS="881" CONTENT="et" ID="r1l35_10" STYLEREFS="FONT0"/>
            <SP HEIGHT="47" WIDTH="14" VPOS="810" HPOS="965"/>
            <String HEIGHT="47" WIDTH="98" VPOS="810" HPOS="923" CONTENT="des" ID="r1l35_11" STYLEREFS="FONT0"/>
            <SP HEIGHT="47" WIDTH="14" VPOS="810" HPOS="1021"/>
            <String HEIGHT="47" WIDTH="140" VPOS="810" HPOS="979" CONTENT="œuvres" ID="r1l35_12" STYLEREFS="FONT0"/>
            <SP HEIGHT="47" WIDTH="14" VPOS="810" HPOS="1119"/>
            <String HEIGHT="47" WIDTH="70" VPOS="810" HPOS="1063" CONTENT="des" ID="r1l35_13" STYLEREFS="FONT0"/>
          </TextLine>
          <TextLine ID="r1l36" BASELINE="885" HEIGHT="46" WIDTH="220" VPOS="839" HPOS="162">
            <String HEIGHT="46" WIDTH="117" VPOS="839" HPOS="147" CONTENT="âges" ID="r1l36_1" STYLEREFS="FONT0"/>
            <SP HEIGHT="46" WIDTH="15" VPOS="839" HPOS="265"/>
            <String HEIGHT="46" WIDTH="176" VPOS="839" HPOS="206" CONTENT="passés...»" ID="r1l36_2" STYLEREFS="FONT0"/>
          </TextLine>
          <TextLine ID="r1l40" BASELINE="929" HEIGHT="52" WIDTH="972" VPOS="877" HPOS="161">
            <String HEIGHT="52" WIDTH="135" VPOS="877" HPOS="146" CONTENT="23163" ID="r1l40_1" STYLEREFS="FONT0"/>
            <SP HEIGHT="52" WIDTH="15" VPOS="877" HPOS="281"/>
            <String HEIGHT="52" WIDTH="179" VPOS="877" HPOS="236" CONTENT="BERTRAND" ID="r1l40_2" STYLEREFS="FONT0"/>
            <SP HEIGHT="52" WIDTH="15" VPOS="877" HPOS="415"/>
            <String HEIGHT="52" WIDTH="90" VPOS="877" HPOS="370" CONTENT="DE" ID="r1l40_3" STYLEREFS="FONT0"/>
            <SP HEIGHT="52" WIDTH="15" VPOS="877" HPOS="460"/>
            <String HEIGHT="52" WIDTH="209" VPOS="877" HPOS="415" CONTENT="MOLLEVILLE" ID="r1l40_4" STYLEREFS="FONT0"/>
            <SP HEIGHT="52" WIDTH="15" VPOS="877" HPOS="625"/>
            <String HEIGHT="52" WIDTH="135" VPOS="877" HPOS="580" CONTENT="(Ant." ID="r1l40_5" STYLEREFS="FONT0"/>
            <SP HEIGHT="52" WIDTH="15" VPOS="877" HPOS="714"/>
            <String HEIGHT="52" WIDTH="120" VPOS="877" HPOS="669" CONTENT="Fr.," ID="r1l40_6" STYLEREFS="FONT0"/>
            <SP HEIGHT="52" WIDTH="15" VPOS="877" HPOS="789"/>
            <String HEIGHT="52" WIDTH="164" VPOS="877" HPOS="744" CONTENT="marquis" ID="r1l40_7" STYLEREFS="FONT0"/>
            <SP HEIGHT="52" WIDTH="15" VPOS="877" HPOS="909"/>
            <String HEIGHT="52" WIDTH="120" VPOS="877" HPOS="864" CONTENT="de)," ID="r1l40_8" STYLEREFS="FONT0"/>
            <SP HEIGHT="52" WIDTH="15" VPOS="877" HPOS="983"/>
            <String HEIGHT="52" WIDTH="194" VPOS="877" HPOS="939" CONTENT="intendant" ID="r1l40_9" STYLEREFS="FONT0"/>
            <SP HEIGHT="52" WIDTH="15" VPOS="877" HPOS="1133"/>
            <String HEIGHT="52" WIDTH="60" VPOS="877" HPOS="1073" CONTENT="de" ID="r1l40_10" STYLEREFS="FONT0"/>
          </TextLine>
          <TextLine ID="r1l41" BASELINE="967" HEIGHT="54" WIDTH="969" VPOS="913" HPOS="166">
            <String HEIGHT="54" WIDTH="168" VPOS="913" HPOS="153" CONTENT="Bretagne," ID="r1l41_1" STYLEREFS="FONT0"/>
            <SP HEIGHT="54" WIDTH="13" VPOS="913" HPOS="321"/>
            <String HEIGHT="54" WIDTH="155" VPOS="913" HPOS="282" CONTENT="ministre" ID="r1l41_2" STYLEREFS="FONT0"/>
            <SP HEIGHT="54" WIDTH="13" VPOS="913" HPOS="437"/>
            <String HEIGHT="54" WIDTH="78" VPOS="913" HPOS="399" CONTENT="de" ID="r1l41_3" STYLEREFS="FONT0"/>
            <SP HEIGHT="54" WIDTH="13" VPOS="913" HPOS="476"/>
            <String HEIGHT="54" WIDTH="116" VPOS="913" HPOS="437" CONTENT="Louis" ID="r1l41_4" STYLEREFS="FONT0"/>
            <SP HEIGHT="54" WIDTH="13" VPOS="913" HPOS="554"/>
            <String HEIGHT="54" WIDTH="103" VPOS="913" HPOS="515" CONTENT="XVI," ID="r1l41_5" STYLEREFS="FONT0"/>
            <SP HEIGHT="54" WIDTH="13" VPOS="913" HPOS="618"/>
            <String HEIGHT="54" WIDTH="129" VPOS="913" HPOS="579" CONTENT="auteur" ID="r1l41_6" STYLEREFS="FONT0"/>
            <SP HEIGHT="54" WIDTH="13" VPOS="913" HPOS="709"/>
            <String HEIGHT="54" WIDTH="78" VPOS="913" HPOS="670" CONTENT="de" ID="r1l41_7" STYLEREFS="FONT0"/>
            <SP HEIGHT="54" WIDTH="13" VPOS="913" HPOS="747"/>
            <String HEIGHT="54" WIDTH="271" VPOS="913" HPOS="709" CONTENT="Mémoires," ID="r1l41_8" STYLEREFS="FONT2"/>
            <SP HEIGHT="54" WIDTH="13" VPOS="913" HPOS="980"/>
            <String HEIGHT="54" WIDTH="78" VPOS="913" HPOS="941" CONTENT="né" ID="r1l41_9" STYLEREFS="FONT0"/>
            <SP HEIGHT="54" WIDTH="13" VPOS="913" HPOS="1019"/>
            <String HEIGHT="54" WIDTH="65" VPOS="913" HPOS="980" CONTENT="à" ID="r1l41_10" STYLEREFS="FONT0"/>
            <SP HEIGHT="54" WIDTH="13" VPOS="913" HPOS="1045"/>
            <String HEIGHT="54" WIDTH="142" VPOS="913" HPOS="993" CONTENT="Toulouse." ID="r1l41_11" STYLEREFS="FONT0"/>
          </TextLine>
          <TextLine ID="r1l42" BASELINE="988" HEIGHT="45" WIDTH="611" VPOS="943" HPOS="161">
            <String HEIGHT="45" WIDTH="96" VPOS="943" HPOS="150" CONTENT="L." ID="r1l42_1" STYLEREFS="FONT2"/>
            <SP HEIGHT="45" WIDTH="11" VPOS="943" HPOS="247"/>
            <String HEIGHT="45" WIDTH="64" VPOS="943" HPOS="215" CONTENT="a." ID="r1l42_2" STYLEREFS="FONT2"/>
            <SP HEIGHT="45" WIDTH="11" VPOS="943" HPOS="279"/>
            <String HEIGHT="45" WIDTH="118" VPOS="943" HPOS="247" CONTENT="s." ID="r1l42_3" STYLEREFS="FONT2"/>
            <SP HEIGHT="45" WIDTH="11" VPOS="943" HPOS="365"/>
            <String HEIGHT="45" WIDTH="107" VPOS="943" HPOS="333" CONTENT="Paris," ID="r1l42_4" STYLEREFS="FONT0"/>
            <SP HEIGHT="45" WIDTH="11" VPOS="943" HPOS="440"/>
            <String HEIGHT="45" WIDTH="64" VPOS="943" HPOS="408" CONTENT="21" ID="r1l42_5" STYLEREFS="FONT0"/>
            <SP HEIGHT="45" WIDTH="11" VPOS="943" HPOS="472"/>
            <String HEIGHT="45" WIDTH="96" VPOS="943" HPOS="440" CONTENT="avril" ID="r1l42_6" STYLEREFS="FONT0"/>
            <SP HEIGHT="45" WIDTH="11" VPOS="943" HPOS="536"/>
            <String HEIGHT="45" WIDTH="96" VPOS="943" HPOS="504" CONTENT="1789," ID="r1l42_7" STYLEREFS="FONT0"/>
            <SP HEIGHT="45" WIDTH="11" VPOS="943" HPOS="600"/>
            <String HEIGHT="45" WIDTH="54" VPOS="943" HPOS="568" CONTENT="2" ID="r1l42_8" STYLEREFS="FONT0"/>
            <SP HEIGHT="45" WIDTH="11" VPOS="943" HPOS="622"/>
            <String HEIGHT="45" WIDTH="64" VPOS="943" HPOS="590" CONTENT="p." ID="r1l42_9" STYLEREFS="FONT0"/>
            <SP HEIGHT="45" WIDTH="11" VPOS="943" HPOS="654"/>
            <String HEIGHT="45" WIDTH="75" VPOS="943" HPOS="622" CONTENT="pl." ID="r1l42_10" STYLEREFS="FONT0"/>
            <SP HEIGHT="45" WIDTH="11" VPOS="943" HPOS="697"/>
            <String HEIGHT="45" WIDTH="96" VPOS="943" HPOS="665" CONTENT="in-4." ID="r1l42_11" STYLEREFS="FONT0"/>
            <SP HEIGHT="45" WIDTH="11" VPOS="943" HPOS="761"/>
            <String HEIGHT="45" WIDTH="54" VPOS="943" HPOS="729" CONTENT="6" ID="r1l42_12" STYLEREFS="FONT0"/>
            <SP HEIGHT="45" WIDTH="11" VPOS="943" HPOS="783"/>
            <String HEIGHT="45" WIDTH="32" VPOS="943" HPOS="740" CONTENT="»" ID="r1l42_13" STYLEREFS="FONT0"/>
          </TextLine>
          <TextLine ID="r1l44" BASELINE="1020" HEIGHT="44" WIDTH="947" VPOS="976" HPOS="189">
            <String HEIGHT="44" WIDTH="125" VPOS="976" HPOS="175" CONTENT="Belle" ID="r1l44_1" STYLEREFS="FONT0"/>
            <SP HEIGHT="44" WIDTH="14" VPOS="976" HPOS="300"/>
            <String HEIGHT="44" WIDTH="139" VPOS="976" HPOS="259" CONTENT="lettre" ID="r1l44_2" STYLEREFS="FONT0"/>
            <SP HEIGHT="44" WIDTH="14" VPOS="976" HPOS="398"/>
            <String HEIGHT="44" WIDTH="153" VPOS="976" HPOS="356" CONTENT="d’envoi" ID="r1l44_3" STYLEREFS="FONT0"/>
            <SP HEIGHT="44" WIDTH="14" VPOS="976" HPOS="509"/>
            <String HEIGHT="44" WIDTH="125" VPOS="976" HPOS="468" CONTENT="d’une" ID="r1l44_4" STYLEREFS="FONT0"/>
            <SP HEIGHT="44" WIDTH="14" VPOS="976" HPOS="593"/>
            <String HEIGHT="44" WIDTH="153" VPOS="976" HPOS="551" CONTENT="requête" ID="r1l44_5" STYLEREFS="FONT0"/>
            <SP HEIGHT="44" WIDTH="14" VPOS="976" HPOS="704"/>
            <String HEIGHT="44" WIDTH="84" VPOS="976" HPOS="663" CONTENT="de" ID="r1l44_6" STYLEREFS="FONT0"/>
            <SP HEIGHT="44" WIDTH="14" VPOS="976" HPOS="746"/>
            <String HEIGHT="44" WIDTH="209" VPOS="976" HPOS="704" CONTENT="l’assemblée" ID="r1l44_7" STYLEREFS="FONT0"/>
            <SP HEIGHT="44" WIDTH="14" VPOS="976" HPOS="913"/>
            <String HEIGHT="44" WIDTH="167" VPOS="976" HPOS="871" CONTENT="générale" ID="r1l44_8" STYLEREFS="FONT0"/>
            <SP HEIGHT="44" WIDTH="14" VPOS="976" HPOS="1039"/>
            <String HEIGHT="44" WIDTH="84" VPOS="976" HPOS="997" CONTENT="de" ID="r1l44_9" STYLEREFS="FONT0"/>
            <SP HEIGHT="44" WIDTH="14" VPOS="976" HPOS="1080"/>
            <String HEIGHT="44" WIDTH="84" VPOS="976" HPOS="1039" CONTENT="la" ID="r1l44_10" STYLEREFS="FONT0"/>
            <SP HEIGHT="44" WIDTH="14" VPOS="976" HPOS="1122"/>
            <String HEIGHT="44" WIDTH="70" VPOS="976" HPOS="1066" CONTENT="sé" SUBS_TYPE="HypPart1" SUBS_CONTENT="sénéchaussée" ID="r1l44_11" STYLEREFS="FONT0"/>
            <HYP CONTENT="-"/>
          </TextLine>
          <TextLine ID="r1l45" BASELINE="1058" HEIGHT="39" WIDTH="982" VPOS="1019" HPOS="159">
            <String HEIGHT="39" WIDTH="208" VPOS="1019" HPOS="144" CONTENT="néchaussée" SUBS_TYPE="HypPart2" SUBS_CONTENT="sénéchaussée" ID="r1l45_1" STYLEREFS="FONT0"/>
            <SP HEIGHT="39" WIDTH="15" VPOS="1019" HPOS="352"/>
            <String HEIGHT="39" WIDTH="89" VPOS="1019" HPOS="308" CONTENT="de" ID="r1l45_2" STYLEREFS="FONT0"/>
            <SP HEIGHT="39" WIDTH="15" VPOS="1019" HPOS="397"/>
            <String HEIGHT="39" WIDTH="179" VPOS="1019" HPOS="352" CONTENT="Quimper." ID="r1l45_3" STYLEREFS="FONT0"/>
            <SP HEIGHT="39" WIDTH="15" VPOS="1019" HPOS="531"/>
            <String HEIGHT="39" WIDTH="164" VPOS="1019" HPOS="486" CONTENT="C’était" ID="r1l45_4" STYLEREFS="FONT0"/>
            <SP HEIGHT="39" WIDTH="15" VPOS="1019" HPOS="650"/>
            <String HEIGHT="39" WIDTH="104" VPOS="1019" HPOS="605" CONTENT="une" ID="r1l45_5" STYLEREFS="FONT0"/>
            <SP HEIGHT="39" WIDTH="15" VPOS="1019" HPOS="710"/>
            <String HEIGHT="39" WIDTH="238" VPOS="1019" HPOS="665" CONTENT="protestation" ID="r1l45_6" STYLEREFS="FONT0"/>
            <SP HEIGHT="39" WIDTH="15" VPOS="1019" HPOS="903"/>
            <String HEIGHT="39" WIDTH="149" VPOS="1019" HPOS="858" CONTENT="contre" ID="r1l45_7" STYLEREFS="FONT0"/>
            <SP HEIGHT="39" WIDTH="15" VPOS="1019" HPOS="1007"/>
            <String HEIGHT="39" WIDTH="89" VPOS="1019" HPOS="962" CONTENT="la" ID="r1l45_8" STYLEREFS="FONT0"/>
            <SP HEIGHT="39" WIDTH="15" VPOS="1019" HPOS="1052"/>
            <String HEIGHT="39" WIDTH="134" VPOS="1019" HPOS="1007" CONTENT="forme" ID="r1l45_9" STYLEREFS="FONT0"/>
            <SP HEIGHT="39" WIDTH="15" VPOS="1019" HPOS="1141"/>
            <String HEIGHT="39" WIDTH="60" VPOS="1019" HPOS="1081" CONTENT="de" ID="r1l45_10" STYLEREFS="FONT0"/>
          </TextLine>
          <TextLine ID="r1l46" BASELINE="1093" HEIGHT="44" WIDTH="972" VPOS="1049" HPOS="159">
            <String HEIGHT="44" WIDTH="88" VPOS="1049" HPOS="144" CONTENT="la" ID="r1l46_1" STYLEREFS="FONT0"/>
            <SP HEIGHT="44" WIDTH="15" VPOS="1049" HPOS="233"/>
            <String HEIGHT="44" WIDTH="221" VPOS="1049" HPOS="188" CONTENT="convocation" ID="r1l46_2" STYLEREFS="FONT0"/>
            <SP HEIGHT="44" WIDTH="15" VPOS="1049" HPOS="409"/>
            <String HEIGHT="44" WIDTH="88" VPOS="1049" HPOS="365" CONTENT="de" ID="r1l46_3" STYLEREFS="FONT0"/>
            <SP HEIGHT="44" WIDTH="15" VPOS="1049" HPOS="454"/>
            <String HEIGHT="44" WIDTH="88" VPOS="1049" HPOS="409" CONTENT="la" ID="r1l46_4" STYLEREFS="FONT0"/>
            <SP HEIGHT="44" WIDTH="15" VPOS="1049" HPOS="498"/>
            <String HEIGHT="44" WIDTH="177" VPOS="1049" HPOS="454" CONTENT="Bretagne" ID="r1l46_5" STYLEREFS="FONT0"/>
            <SP HEIGHT="44" WIDTH="15" VPOS="1049" HPOS="630"/>
            <String HEIGHT="44" WIDTH="103" VPOS="1049" HPOS="586" CONTENT="aux" ID="r1l46_6" STYLEREFS="FONT0"/>
            <SP HEIGHT="44" WIDTH="15" VPOS="1049" HPOS="689"/>
            <String HEIGHT="44" WIDTH="280" VPOS="1049" HPOS="645" CONTENT="Etats-Généraux." ID="r1l46_7" STYLEREFS="FONT0"/>
            <SP HEIGHT="44" WIDTH="15" VPOS="1049" HPOS="925"/>
            <String HEIGHT="44" WIDTH="103" VPOS="1049" HPOS="881" CONTENT="«Le" ID="r1l46_8" STYLEREFS="FONT0"/>
            <SP HEIGHT="44" WIDTH="15" VPOS="1049" HPOS="984"/>
            <String HEIGHT="44" WIDTH="133" VPOS="1049" HPOS="940" CONTENT="motif" ID="r1l46_9" STYLEREFS="FONT0"/>
            <SP HEIGHT="44" WIDTH="15" VPOS="1049" HPOS="1072"/>
            <String HEIGHT="44" WIDTH="88" VPOS="1049" HPOS="1028" CONTENT="et" ID="r1l46_10" STYLEREFS="FONT0"/>
            <SP HEIGHT="44" WIDTH="15" VPOS="1049" HPOS="1116"/>
            <String HEIGHT="44" WIDTH="74" VPOS="1049" HPOS="1057" CONTENT="les" ID="r1l46_11" STYLEREFS="FONT0"/>
          </TextLine>
          <TextLine ID="r1l47" BASELINE="1119" HEIGHT="42" WIDTH="609" VPOS="1077" HPOS="159">
            <String HEIGHT="42" WIDTH="235" VPOS="1077" HPOS="145" CONTENT="instigateurs," ID="r1l47_1" STYLEREFS="FONT0"/>
            <SP HEIGHT="42" WIDTH="14" VPOS="1077" HPOS="380"/>
            <String HEIGHT="42" WIDTH="152" VPOS="1077" HPOS="339" CONTENT="dit-il," ID="r1l47_2" STYLEREFS="FONT0"/>
            <SP HEIGHT="42" WIDTH="14" VPOS="1077" HPOS="491"/>
            <String HEIGHT="42" WIDTH="111" VPOS="1077" HPOS="450" CONTENT="sont" ID="r1l47_3" STYLEREFS="FONT0"/>
            <SP HEIGHT="42" WIDTH="14" VPOS="1077" HPOS="560"/>
            <String HEIGHT="42" WIDTH="125" VPOS="1077" HPOS="519" CONTENT="aisés" ID="r1l47_4" STYLEREFS="FONT0"/>
            <SP HEIGHT="42" WIDTH="14" VPOS="1077" HPOS="643"/>
            <String HEIGHT="42" WIDTH="69" VPOS="1077" HPOS="602" CONTENT="à" ID="r1l47_5" STYLEREFS="FONT0"/>
            <SP HEIGHT="42" WIDTH="14" VPOS="1077" HPOS="671"/>
            <String HEIGHT="42" WIDTH="152" VPOS="1077" HPOS="616" CONTENT="deviner.»" ID="r1l47_6" STYLEREFS="FONT0"/>
          </TextLine>
          <TextLine ID="r1l49" BASELINE="1166" HEIGHT="50" WIDTH="974" VPOS="1116" HPOS="159">
            <String HEIGHT="50" WIDTH="123" VPOS="1116" HPOS="145" CONTENT="23164" ID="r1l49_1" STYLEREFS="FONT0"/>
            <SP HEIGHT="50" WIDTH="14" VPOS="1116" HPOS="269"/>
            <String HEIGHT="50" WIDTH="178" VPOS="1116" HPOS="228" CONTENT="BERZELIUS" ID="r1l49_2" STYLEREFS="FONT0"/>
            <SP HEIGHT="50" WIDTH="14" VPOS="1116" HPOS="406"/>
            <String HEIGHT="50" WIDTH="178" VPOS="1116" HPOS="365" CONTENT="(Jacques," ID="r1l49_3" STYLEREFS="FONT0"/>
            <SP HEIGHT="50" WIDTH="14" VPOS="1116" HPOS="543"/>
            <String HEIGHT="50" WIDTH="151" VPOS="1116" HPOS="502" CONTENT="baron)," ID="r1l49_4" STYLEREFS="FONT0"/>
            <SP HEIGHT="50" WIDTH="14" VPOS="1116" HPOS="653"/>
            <String HEIGHT="50" WIDTH="165" VPOS="1116" HPOS="612" CONTENT="illustre" ID="r1l49_5" STYLEREFS="FONT0"/>
            <SP HEIGHT="50" WIDTH="14" VPOS="1116" HPOS="776"/>
            <String HEIGHT="50" WIDTH="165" VPOS="1116" HPOS="735" CONTENT="chimiste" ID="r1l49_6" STYLEREFS="FONT0"/>
            <SP HEIGHT="50" WIDTH="14" VPOS="1116" HPOS="900"/>
            <String HEIGHT="50" WIDTH="165" VPOS="1116" HPOS="859" CONTENT="suédois," ID="r1l49_7" STYLEREFS="FONT0"/>
            <SP HEIGHT="50" WIDTH="14" VPOS="1116" HPOS="1023"/>
            <String HEIGHT="50" WIDTH="151" VPOS="1116" HPOS="982" CONTENT="associé" ID="r1l49_8" STYLEREFS="FONT0"/>
            <SP HEIGHT="50" WIDTH="14" VPOS="1116" HPOS="1133"/>
            <String HEIGHT="50" WIDTH="55" VPOS="1116" HPOS="1078" CONTENT="de" ID="r1l49_9" STYLEREFS="FONT0"/>
          </TextLine>
          <TextLine ID="r1l50" BASELINE="1204" HEIGHT="48" WIDTH="971" VPOS="1156" HPOS="162">
            <String HEIGHT="48" WIDTH="146" VPOS="1156" HPOS="149" CONTENT="l’Acad." ID="r1l50_1" STYLEREFS="FONT0"/>
            <SP HEIGHT="48" WIDTH="13" VPOS="1156" HPOS="295"/>
            <String HEIGHT="48" WIDTH="93" VPOS="1156" HPOS="255" CONTENT="des" ID="r1l50_2" STYLEREFS="FONT0"/>
            <SP HEIGHT="48" WIDTH="13" VPOS="1156" HPOS="348"/>
            <String HEIGHT="48" WIDTH="173" VPOS="1156" HPOS="308" CONTENT="sciences." ID="r1l50_3" STYLEREFS="FONT0"/>
            <SP HEIGHT="48" WIDTH="13" VPOS="1156" HPOS="481"/>
            <String HEIGHT="48" WIDTH="120" VPOS="1156" HPOS="441" CONTENT="L." ID="r1l50_4" STYLEREFS="FONT2"/>
            <SP HEIGHT="48" WIDTH="13" VPOS="1156" HPOS="561"/>
            <String HEIGHT="48" WIDTH="80" VPOS="1156" HPOS="521" CONTENT="a." ID="r1l50_5" STYLEREFS="FONT2"/>
            <SP HEIGHT="48" WIDTH="13" VPOS="1156" HPOS="601"/>
            <String HEIGHT="48" WIDTH="146" VPOS="1156" HPOS="561" CONTENT="s." ID="r1l50_6" STYLEREFS="FONT2"/>
            <SP HEIGHT="48" WIDTH="13" VPOS="1156" HPOS="707"/>
            <String HEIGHT="48" WIDTH="186" VPOS="1156" HPOS="667" CONTENT="Stockholm," ID="r1l50_7" STYLEREFS="FONT0"/>
            <SP HEIGHT="48" WIDTH="13" VPOS="1156" HPOS="854"/>
            <String HEIGHT="48" WIDTH="80" VPOS="1156" HPOS="814" CONTENT="26" ID="r1l50_8" STYLEREFS="FONT0"/>
            <SP HEIGHT="48" WIDTH="13" VPOS="1156" HPOS="894"/>
            <String HEIGHT="48" WIDTH="106" VPOS="1156" HPOS="854" CONTENT="déc." ID="r1l50_9" STYLEREFS="FONT0"/>
            <SP HEIGHT="48" WIDTH="13" VPOS="1156" HPOS="960"/>
            <String HEIGHT="48" WIDTH="120" VPOS="1156" HPOS="920" CONTENT="1841," ID="r1l50_10" STYLEREFS="FONT0"/>
            <SP HEIGHT="48" WIDTH="13" VPOS="1156" HPOS="1040"/>
            <String HEIGHT="48" WIDTH="93" VPOS="1156" HPOS="1000" CONTENT="3/4" ID="r1l50_11" STYLEREFS="FONT0"/>
            <SP HEIGHT="48" WIDTH="13" VPOS="1156" HPOS="1093"/>
            <String HEIGHT="48" WIDTH="80" VPOS="1156" HPOS="1053" CONTENT="de" ID="r1l50_12" STYLEREFS="FONT0"/>
            <SP HEIGHT="48" WIDTH="13" VPOS="1156" HPOS="1133"/>
            <String HEIGHT="48" WIDTH="53" VPOS="1156" HPOS="1080" CONTENT="p." ID="r1l50_13" STYLEREFS="FONT0"/>
          </TextLine>
          <TextLine ID="r1l51" BASELINE="1227" HEIGHT="45" WIDTH="234" VPOS="1182" HPOS="157">
            <String HEIGHT="45" WIDTH="96" VPOS="1182" HPOS="146" CONTENT="in-8." ID="r1l51_1" STYLEREFS="FONT0"/>
            <SP HEIGHT="45" WIDTH="11" VPOS="1182" HPOS="242"/>
            <String HEIGHT="45" WIDTH="96" VPOS="1182" HPOS="210" CONTENT="Jolie" ID="r1l51_2" STYLEREFS="FONT0"/>
            <SP HEIGHT="45" WIDTH="11" VPOS="1182" HPOS="306"/>
            <String HEIGHT="45" WIDTH="106" VPOS="1182" HPOS="274" CONTENT="pièce." ID="r1l51_3" STYLEREFS="FONT0"/>
            <SP HEIGHT="45" WIDTH="11" VPOS="1182" HPOS="380"/>
            <String HEIGHT="45" WIDTH="53" VPOS="1182" HPOS="348" CONTENT="6" ID="r1l51_4" STYLEREFS="FONT0"/>
            <SP HEIGHT="45" WIDTH="11" VPOS="1182" HPOS="402"/>
            <String HEIGHT="45" WIDTH="32" VPOS="1182" HPOS="359" CONTENT="»" ID="r1l51_5" STYLEREFS="FONT0"/>
          </TextLine>
          <TextLine ID="r1l54" BASELINE="1265" HEIGHT="42" WIDTH="971" VPOS="1223" HPOS="161">
            <String HEIGHT="42" WIDTH="118" VPOS="1223" HPOS="148" CONTENT="23165" ID="r1l54_1" STYLEREFS="FONT0"/>
            <SP HEIGHT="42" WIDTH="13" VPOS="1223" HPOS="266"/>
            <String HEIGHT="42" WIDTH="171" VPOS="1223" HPOS="227" CONTENT="BESSIÈRES" ID="r1l54_2" STYLEREFS="FONT0"/>
            <SP HEIGHT="42" WIDTH="13" VPOS="1223" HPOS="397"/>
            <String HEIGHT="42" WIDTH="92" VPOS="1223" HPOS="358" CONTENT="(J." ID="r1l54_3" STYLEREFS="FONT0"/>
            <SP HEIGHT="42" WIDTH="13" VPOS="1223" HPOS="450"/>
            <String HEIGHT="42" WIDTH="105" VPOS="1223" HPOS="410" CONTENT="B.)," ID="r1l54_4" STYLEREFS="FONT0"/>
            <SP HEIGHT="42" WIDTH="13" VPOS="1223" HPOS="515"/>
            <String HEIGHT="42" WIDTH="92" VPOS="1223" HPOS="476" CONTENT="duc" ID="r1l54_5" STYLEREFS="FONT0"/>
            <SP HEIGHT="42" WIDTH="13" VPOS="1223" HPOS="568"/>
            <String HEIGHT="42" WIDTH="171" VPOS="1223" HPOS="528" CONTENT="d’Istrie," ID="r1l54_6" STYLEREFS="FONT0"/>
            <SP HEIGHT="42" WIDTH="13" VPOS="1223" HPOS="699"/>
            <String HEIGHT="42" WIDTH="157" VPOS="1223" HPOS="660" CONTENT="maréchal" ID="r1l54_7" STYLEREFS="FONT0"/>
            <SP HEIGHT="42" WIDTH="13" VPOS="1223" HPOS="817"/>
            <String HEIGHT="42" WIDTH="79" VPOS="1223" HPOS="778" CONTENT="de" ID="r1l54_8" STYLEREFS="FONT0"/>
            <SP HEIGHT="42" WIDTH="13" VPOS="1223" HPOS="856"/>
            <String HEIGHT="42" WIDTH="144" VPOS="1223" HPOS="817" CONTENT="France," ID="r1l54_9" STYLEREFS="FONT0"/>
            <SP HEIGHT="42" WIDTH="13" VPOS="1223" HPOS="961"/>
            <String HEIGHT="42" WIDTH="105" VPOS="1223" HPOS="922" CONTENT="mort" ID="r1l54_10" STYLEREFS="FONT0"/>
            <SP HEIGHT="42" WIDTH="13" VPOS="1223" HPOS="1027"/>
            <String HEIGHT="42" WIDTH="157" VPOS="1223" HPOS="975" CONTENT="glorieuse" SUBS_TYPE="HypPart1" SUBS_CONTENT="glorieusement" ID="r1l54_11" STYLEREFS="FONT0"/>
            <HYP CONTENT="-"/>
          </TextLine>
          <TextLine ID="r1l55" BASELINE="1307" HEIGHT="43" WIDTH="963" VPOS="1264" HPOS="164">
            <String HEIGHT="43" WIDTH="101" VPOS="1264" HPOS="151" CONTENT="ment" SUBS_TYPE="HypPart2" SUBS_CONTENT="glorieusement" ID="r1l55_1" STYLEREFS="FONT0"/>
            <SP HEIGHT="43" WIDTH="13" VPOS="1264" HPOS="253"/>
            <String HEIGHT="43" WIDTH="63" VPOS="1264" HPOS="215" CONTENT="à" ID="r1l55_2" STYLEREFS="FONT0"/>
            <SP HEIGHT="43" WIDTH="13" VPOS="1264" HPOS="278"/>
            <String HEIGHT="43" WIDTH="76" VPOS="1264" HPOS="240" CONTENT="la" ID="r1l55_3" STYLEREFS="FONT0"/>
            <SP HEIGHT="43" WIDTH="13" VPOS="1264" HPOS="316"/>
            <String HEIGHT="43" WIDTH="152" VPOS="1264" HPOS="278" CONTENT="bataille" ID="r1l55_4" STYLEREFS="FONT0"/>
            <SP HEIGHT="43" WIDTH="13" VPOS="1264" HPOS="430"/>
            <String HEIGHT="43" WIDTH="76" VPOS="1264" HPOS="392" CONTENT="de" ID="r1l55_5" STYLEREFS="FONT0"/>
            <SP HEIGHT="43" WIDTH="13" VPOS="1264" HPOS="468"/>
            <String HEIGHT="43" WIDTH="152" VPOS="1264" HPOS="430" CONTENT="Liitzen." ID="r1l55_6" STYLEREFS="FONT0"/>
            <SP HEIGHT="43" WIDTH="13" VPOS="1264" HPOS="582"/>
            <String HEIGHT="43" WIDTH="114" VPOS="1264" HPOS="544" CONTENT="L." ID="r1l55_7" STYLEREFS="FONT2"/>
            <SP HEIGHT="43" WIDTH="13" VPOS="1264" HPOS="658"/>
            <String HEIGHT="43" WIDTH="76" VPOS="1264" HPOS="620" CONTENT="a." ID="r1l55_8" STYLEREFS="FONT2"/>
            <SP HEIGHT="43" WIDTH="13" VPOS="1264" HPOS="696"/>
            <String HEIGHT="43" WIDTH="127" VPOS="1264" HPOS="658" CONTENT="s." ID="r1l55_9" STYLEREFS="FONT2"/>
            <SP HEIGHT="43" WIDTH="13" VPOS="1264" HPOS="785"/>
            <String HEIGHT="43" WIDTH="114" VPOS="1264" HPOS="747" CONTENT="comme" ID="r1l55_10" STYLEREFS="FONT0"/>
            <SP HEIGHT="43" WIDTH="13" VPOS="1264" HPOS="861"/>
            <String HEIGHT="43" WIDTH="101" VPOS="1264" HPOS="823" CONTENT="chef" ID="r1l55_11" STYLEREFS="FONT0"/>
            <SP HEIGHT="43" WIDTH="13" VPOS="1264" HPOS="924"/>
            <String HEIGHT="43" WIDTH="76" VPOS="1264" HPOS="886" CONTENT="de" ID="r1l55_12" STYLEREFS="FONT0"/>
            <SP HEIGHT="43" WIDTH="13" VPOS="1264" HPOS="962"/>
            <String HEIGHT="43" WIDTH="152" VPOS="1264" HPOS="924" CONTENT="brigade;" ID="r1l55_13" STYLEREFS="FONT0"/>
            <SP HEIGHT="43" WIDTH="13" VPOS="1264" HPOS="1076"/>
            <String HEIGHT="43" WIDTH="101" VPOS="1264" HPOS="1026" CONTENT="Paris," ID="r1l55_14" STYLEREFS="FONT0"/>
          </TextLine>
          <TextLine ID="r1l57" BASELINE="1332" HEIGHT="43" WIDTH="811" VPOS="1289" HPOS="162">
            <String HEIGHT="43" WIDTH="77" VPOS="1289" HPOS="149" CONTENT="28" ID="r1l57_1" STYLEREFS="FONT0"/>
            <SP HEIGHT="43" WIDTH="13" VPOS="1289" HPOS="226"/>
            <String HEIGHT="43" WIDTH="154" VPOS="1289" HPOS="188" CONTENT="germinal" ID="r1l57_2" STYLEREFS="FONT0"/>
            <SP HEIGHT="43" WIDTH="13" VPOS="1289" HPOS="342"/>
            <String HEIGHT="43" WIDTH="77" VPOS="1289" HPOS="304" CONTENT="an" ID="r1l57_3" STYLEREFS="FONT0"/>
            <SP HEIGHT="43" WIDTH="13" VPOS="1289" HPOS="381"/>
            <String HEIGHT="43" WIDTH="116" VPOS="1289" HPOS="342" CONTENT="VIII," ID="r1l57_4" STYLEREFS="FONT0"/>
            <SP HEIGHT="43" WIDTH="13" VPOS="1289" HPOS="458"/>
            <String HEIGHT="43" WIDTH="90" VPOS="1289" HPOS="419" CONTENT="3/4" ID="r1l57_5" STYLEREFS="FONT0"/>
            <SP HEIGHT="43" WIDTH="13" VPOS="1289" HPOS="510"/>
            <String HEIGHT="43" WIDTH="77" VPOS="1289" HPOS="471" CONTENT="de" ID="r1l57_6" STYLEREFS="FONT0"/>
            <SP HEIGHT="43" WIDTH="13" VPOS="1289" HPOS="548"/>
            <String HEIGHT="43" WIDTH="77" VPOS="1289" HPOS="510" CONTENT="p." ID="r1l57_7" STYLEREFS="FONT0"/>
            <SP HEIGHT="43" WIDTH="13" VPOS="1289" HPOS="587"/>
            <String HEIGHT="43" WIDTH="154" VPOS="1289" HPOS="548" CONTENT="in-fol.," ID="r1l57_8" STYLEREFS="FONT0"/>
            <SP HEIGHT="43" WIDTH="13" VPOS="1289" HPOS="703"/>
            <String HEIGHT="43" WIDTH="103" VPOS="1289" HPOS="664" CONTENT="tête" ID="r1l57_9" STYLEREFS="FONT0"/>
            <SP HEIGHT="43" WIDTH="13" VPOS="1289" HPOS="767"/>
            <String HEIGHT="43" WIDTH="116" VPOS="1289" HPOS="728" CONTENT="impr." ID="r1l57_10" STYLEREFS="FONT0"/>
            <SP HEIGHT="43" WIDTH="13" VPOS="1289" HPOS="844"/>
            <String HEIGHT="43" WIDTH="77" VPOS="1289" HPOS="806" CONTENT="et" ID="r1l57_11" STYLEREFS="FONT0"/>
            <SP HEIGHT="43" WIDTH="13" VPOS="1289" HPOS="883"/>
            <String HEIGHT="43" WIDTH="116" VPOS="1289" HPOS="844" CONTENT="vign." ID="r1l57_12" STYLEREFS="FONT0"/>
            <SP HEIGHT="43" WIDTH="13" VPOS="1289" HPOS="960"/>
            <String HEIGHT="43" WIDTH="64" VPOS="1289" HPOS="922" CONTENT="4" ID="r1l57_13" STYLEREFS="FONT0"/>
            <SP HEIGHT="43" WIDTH="13" VPOS="1289" HPOS="986"/>
            <String HEIGHT="43" WIDTH="39" VPOS="1289" HPOS="934" CONTENT="»" ID="r1l57_14" STYLEREFS="FONT0"/>
          </TextLine>
          <TextLine ID="r1l63" BASELINE="1372" HEIGHT="48" WIDTH="735" VPOS="1324" HPOS="403">
            <String HEIGHT="48" WIDTH="99" VPOS="1324" HPOS="392" CONTENT="23166" ID="r1l63_1" STYLEREFS="FONT0"/>
            <SP HEIGHT="48" WIDTH="11" VPOS="1324" HPOS="491"/>
            <String HEIGHT="48" WIDTH="176" VPOS="1324" HPOS="458" CONTENT="BEURNONVILLE" ID="r1l63_2" STYLEREFS="FONT0"/>
            <SP HEIGHT="48" WIDTH="11" VPOS="1324" HPOS="633"/>
            <String HEIGHT="48" WIDTH="121" VPOS="1324" HPOS="600" CONTENT="(Pierre" ID="r1l63_3" STYLEREFS="FONT0"/>
            <SP HEIGHT="48" WIDTH="11" VPOS="1324" HPOS="721"/>
            <String HEIGHT="48" WIDTH="66" VPOS="1324" HPOS="688" CONTENT="de" ID="r1l63_4" STYLEREFS="FONT0"/>
            <SP HEIGHT="48" WIDTH="11" VPOS="1324" HPOS="754"/>
            <String HEIGHT="48" WIDTH="99" VPOS="1324" HPOS="721" CONTENT="RIEL," ID="r1l63_5" STYLEREFS="FONT0"/>
            <SP HEIGHT="48" WIDTH="11" VPOS="1324" HPOS="820"/>
            <String HEIGHT="48" WIDTH="121" VPOS="1324" HPOS="787" CONTENT="marquis" ID="r1l63_6" STYLEREFS="FONT0"/>
            <SP HEIGHT="48" WIDTH="11" VPOS="1324" HPOS="908"/>
            <String HEIGHT="48" WIDTH="88" VPOS="1324" HPOS="875" CONTENT="de)," ID="r1l63_7" STYLEREFS="FONT0"/>
            <SP HEIGHT="48" WIDTH="11" VPOS="1324" HPOS="962"/>
            <String HEIGHT="48" WIDTH="132" VPOS="1324" HPOS="930" CONTENT="maréchal" ID="r1l63_8" STYLEREFS="FONT0"/>
            <SP HEIGHT="48" WIDTH="11" VPOS="1324" HPOS="1061"/>
            <String HEIGHT="48" WIDTH="66" VPOS="1324" HPOS="1028" CONTENT="de" ID="r1l63_9" STYLEREFS="FONT0"/>
            <SP HEIGHT="48" WIDTH="11" VPOS="1324" HPOS="1094"/>
            <String HEIGHT="48" WIDTH="88" VPOS="1324" HPOS="1050" CONTENT="France" ID="r1l63_10" STYLEREFS="FONT0"/>
          </TextLine>
          <TextLine ID="r1l65" BASELINE="1410" HEIGHT="41" WIDTH="726" VPOS="1369" HPOS="408">
            <String HEIGHT="41" WIDTH="58" VPOS="1369" HPOS="398" CONTENT="et" ID="r1l65_1" STYLEREFS="FONT0"/>
            <SP HEIGHT="41" WIDTH="10" VPOS="1369" HPOS="456"/>
            <String HEIGHT="41" WIDTH="116" VPOS="1369" HPOS="427" CONTENT="ministre" ID="r1l65_2" STYLEREFS="FONT0"/>
            <SP HEIGHT="41" WIDTH="10" VPOS="1369" HPOS="544"/>
            <String HEIGHT="41" WIDTH="58" VPOS="1369" HPOS="514" CONTENT="de" ID="r1l65_3" STYLEREFS="FONT0"/>
            <SP HEIGHT="41" WIDTH="10" VPOS="1369" HPOS="573"/>
            <String HEIGHT="41" WIDTH="58" VPOS="1369" HPOS="544" CONTENT="la" ID="r1l65_4" STYLEREFS="FONT0"/>
            <SP HEIGHT="41" WIDTH="10" VPOS="1369" HPOS="602"/>
            <String HEIGHT="41" WIDTH="106" VPOS="1369" HPOS="573" CONTENT="guerre," ID="r1l65_5" STYLEREFS="FONT0"/>
            <SP HEIGHT="41" WIDTH="10" VPOS="1369" HPOS="679"/>
            <String HEIGHT="41" WIDTH="58" VPOS="1369" HPOS="650" CONTENT="né" ID="r1l65_6" STYLEREFS="FONT0"/>
            <SP HEIGHT="41" WIDTH="10" VPOS="1369" HPOS="708"/>
            <String HEIGHT="41" WIDTH="48" VPOS="1369" HPOS="679" CONTENT="à" ID="r1l65_7" STYLEREFS="FONT0"/>
            <SP HEIGHT="41" WIDTH="10" VPOS="1369" HPOS="727"/>
            <String HEIGHT="41" WIDTH="155" VPOS="1369" HPOS="698" CONTENT="Champingolle" ID="r1l65_8" STYLEREFS="FONT0"/>
            <SP HEIGHT="41" WIDTH="10" VPOS="1369" HPOS="853"/>
            <String HEIGHT="41" WIDTH="106" VPOS="1369" HPOS="824" CONTENT="(Aube)." ID="r1l65_9" STYLEREFS="FONT0"/>
            <SP HEIGHT="41" WIDTH="10" VPOS="1369" HPOS="931"/>
            <String HEIGHT="41" WIDTH="87" VPOS="1369" HPOS="902" CONTENT="L." ID="r1l65_10" STYLEREFS="FONT2"/>
            <SP HEIGHT="41" WIDTH="10" VPOS="1369" HPOS="989"/>
            <String HEIGHT="41" WIDTH="58" VPOS="1369" HPOS="960" CONTENT="a." ID="r1l65_11" STYLEREFS="FONT2"/>
            <SP HEIGHT="41" WIDTH="10" VPOS="1369" HPOS="1018"/>
            <String HEIGHT="41" WIDTH="106" VPOS="1369" HPOS="989" CONTENT="s." ID="r1l65_12" STYLEREFS="FONT2"/>
            <SP HEIGHT="41" WIDTH="10" VPOS="1369" HPOS="1095"/>
            <String HEIGHT="41" WIDTH="77" VPOS="1369" HPOS="1057" CONTENT="Paris," ID="r1l65_13" STYLEREFS="FONT0"/>
          </TextLine>
          <TextLine ID="r1l66" BASELINE="1445" HEIGHT="52" WIDTH="982" VPOS="1393" HPOS="157">
            <String HEIGHT="52" WIDTH="123" VPOS="1393" HPOS="139" CONTENT="1er" ID="r1l66_1" STYLEREFS="FONT0"/>
            <SP HEIGHT="52" WIDTH="18" VPOS="1393" HPOS="262"/>
            <String HEIGHT="52" WIDTH="140" VPOS="1393" HPOS="210" CONTENT="oct." ID="r1l66_2" STYLEREFS="FONT0"/>
            <SP HEIGHT="52" WIDTH="18" VPOS="1393" HPOS="350"/>
            <String HEIGHT="52" WIDTH="158" VPOS="1393" HPOS="297" CONTENT="1815," ID="r1l66_3" STYLEREFS="FONT0"/>
            <SP HEIGHT="52" WIDTH="18" VPOS="1393" HPOS="455"/>
            <String HEIGHT="52" WIDTH="88" VPOS="1393" HPOS="403" CONTENT="3" ID="r1l66_4" STYLEREFS="FONT0"/>
            <SP HEIGHT="52" WIDTH="18" VPOS="1393" HPOS="490"/>
            <String HEIGHT="52" WIDTH="105" VPOS="1393" HPOS="438" CONTENT="p." ID="r1l66_5" STYLEREFS="FONT0"/>
            <SP HEIGHT="52" WIDTH="18" VPOS="1393" HPOS="543"/>
            <String HEIGHT="52" WIDTH="123" VPOS="1393" HPOS="490" CONTENT="1/2" ID="r1l66_6" STYLEREFS="FONT0"/>
            <SP HEIGHT="52" WIDTH="18" VPOS="1393" HPOS="613"/>
            <String HEIGHT="52" WIDTH="158" VPOS="1393" HPOS="560" CONTENT="in-4." ID="r1l66_7" STYLEREFS="FONT0"/>
            <SP HEIGHT="52" WIDTH="18" VPOS="1393" HPOS="718"/>
            <String HEIGHT="52" WIDTH="263" VPOS="1393" HPOS="666" CONTENT="Très-légere" ID="r1l66_8" STYLEREFS="FONT0"/>
            <SP HEIGHT="52" WIDTH="18" VPOS="1393" HPOS="929"/>
            <String HEIGHT="52" WIDTH="246" VPOS="1393" HPOS="876" CONTENT="déchirure." ID="r1l66_9" STYLEREFS="FONT0"/>
            <SP HEIGHT="52" WIDTH="18" VPOS="1393" HPOS="1121"/>
            <String HEIGHT="52" WIDTH="88" VPOS="1393" HPOS="1069" CONTENT="3" ID="r1l66_10" STYLEREFS="FONT0"/>
            <SP HEIGHT="52" WIDTH="18" VPOS="1393" HPOS="1157"/>
            <String HEIGHT="52" WIDTH="53" VPOS="1393" HPOS="1086" CONTENT="»" ID="r1l66_11" STYLEREFS="FONT0"/>
          </TextLine>
          <TextLine ID="r1l67" BASELINE="1479" HEIGHT="46" WIDTH="940" VPOS="1433" HPOS="191">
            <String HEIGHT="46" WIDTH="82" VPOS="1433" HPOS="177" CONTENT="Il" ID="r1l67_1" STYLEREFS="FONT0"/>
            <SP HEIGHT="46" WIDTH="14" VPOS="1433" HPOS="259"/>
            <String HEIGHT="46" WIDTH="82" VPOS="1433" HPOS="218" CONTENT="se" ID="r1l67_2" STYLEREFS="FONT0"/>
            <SP HEIGHT="46" WIDTH="14" VPOS="1433" HPOS="300"/>
            <String HEIGHT="46" WIDTH="136" VPOS="1433" HPOS="259" CONTENT="plaint" ID="r1l67_3" STYLEREFS="FONT0"/>
            <SP HEIGHT="46" WIDTH="14" VPOS="1433" HPOS="395"/>
            <String HEIGHT="46" WIDTH="82" VPOS="1433" HPOS="354" CONTENT="de" ID="r1l67_4" STYLEREFS="FONT0"/>
            <SP HEIGHT="46" WIDTH="14" VPOS="1433" HPOS="436"/>
            <String HEIGHT="46" WIDTH="82" VPOS="1433" HPOS="395" CONTENT="ce" ID="r1l67_5" STYLEREFS="FONT0"/>
            <SP HEIGHT="46" WIDTH="14" VPOS="1433" HPOS="477"/>
            <String HEIGHT="46" WIDTH="123" VPOS="1433" HPOS="436" CONTENT="qu’on" ID="r1l67_6" STYLEREFS="FONT0"/>
            <SP HEIGHT="46" WIDTH="14" VPOS="1433" HPOS="559"/>
            <String HEIGHT="46" WIDTH="109" VPOS="1433" HPOS="518" CONTENT="loge" ID="r1l67_7" STYLEREFS="FONT0"/>
            <SP HEIGHT="46" WIDTH="14" VPOS="1433" HPOS="627"/>
            <String HEIGHT="46" WIDTH="109" VPOS="1433" HPOS="586" CONTENT="chez" ID="r1l67_8" STYLEREFS="FONT0"/>
            <SP HEIGHT="46" WIDTH="14" VPOS="1433" HPOS="695"/>
            <String HEIGHT="46" WIDTH="95" VPOS="1433" HPOS="654" CONTENT="lui" ID="r1l67_9" STYLEREFS="FONT0"/>
            <SP HEIGHT="46" WIDTH="14" VPOS="1433" HPOS="750"/>
            <String HEIGHT="46" WIDTH="109" VPOS="1433" HPOS="709" CONTENT="trop" ID="r1l67_10" STYLEREFS="FONT0"/>
            <SP HEIGHT="46" WIDTH="14" VPOS="1433" HPOS="818"/>
            <String HEIGHT="46" WIDTH="82" VPOS="1433" HPOS="777" CONTENT="de" ID="r1l67_11" STYLEREFS="FONT0"/>
            <SP HEIGHT="46" WIDTH="14" VPOS="1433" HPOS="859"/>
            <String HEIGHT="46" WIDTH="150" VPOS="1433" HPOS="818" CONTENT="soldats" ID="r1l67_12" STYLEREFS="FONT0"/>
            <SP HEIGHT="46" WIDTH="14" VPOS="1433" HPOS="968"/>
            <String HEIGHT="46" WIDTH="191" VPOS="1433" HPOS="927" CONTENT="étrangers." ID="r1l67_13" STYLEREFS="FONT0"/>
            <SP HEIGHT="46" WIDTH="14" VPOS="1433" HPOS="1117"/>
            <String HEIGHT="46" WIDTH="68" VPOS="1433" HPOS="1063" CONTENT="Cu" SUBS_TYPE="HypPart1" SUBS_CONTENT="Curieux" ID="r1l67_14" STYLEREFS="FONT0"/>
            <HYP CONTENT="-"/>
          </TextLine>
          <TextLine ID="r1l68" BASELINE="1515" HEIGHT="52" WIDTH="189" VPOS="1463" HPOS="160">
            <String HEIGHT="52" WIDTH="122" VPOS="1463" HPOS="147" CONTENT="rieux" SUBS_TYPE="HypPart2" SUBS_CONTENT="Curieux" ID="r1l68_1" STYLEREFS="FONT0"/>
            <SP HEIGHT="52" WIDTH="14" VPOS="1463" HPOS="268"/>
            <String HEIGHT="52" WIDTH="135" VPOS="1463" HPOS="214" CONTENT="détails." ID="r1l68_2" STYLEREFS="FONT0"/>
          </TextLine>
          <TextLine ID="r1l71" BASELINE="1545" HEIGHT="39" WIDTH="974" VPOS="1506" HPOS="162">
            <String HEIGHT="39" WIDTH="127" VPOS="1506" HPOS="148" CONTENT="23167" ID="r1l71_1" STYLEREFS="FONT0"/>
            <SP HEIGHT="39" WIDTH="14" VPOS="1506" HPOS="275"/>
            <String HEIGHT="39" WIDTH="155" VPOS="1506" HPOS="233" CONTENT="BEYSSER" ID="r1l71_2" STYLEREFS="FONT0"/>
            <SP HEIGHT="39" WIDTH="14" VPOS="1506" HPOS="388"/>
            <String HEIGHT="39" WIDTH="99" VPOS="1506" HPOS="346" CONTENT="(J." ID="r1l71_3" STYLEREFS="FONT0"/>
            <SP HEIGHT="39" WIDTH="14" VPOS="1506" HPOS="444"/>
            <String HEIGHT="39" WIDTH="113" VPOS="1506" HPOS="402" CONTENT="M.)," ID="r1l71_4" STYLEREFS="FONT0"/>
            <SP HEIGHT="39" WIDTH="14" VPOS="1506" HPOS="515"/>
            <String HEIGHT="39" WIDTH="155" VPOS="1506" HPOS="473" CONTENT="général" ID="r1l71_5" STYLEREFS="FONT0"/>
            <SP HEIGHT="39" WIDTH="14" VPOS="1506" HPOS="628"/>
            <String HEIGHT="39" WIDTH="85" VPOS="1506" HPOS="585" CONTENT="en" ID="r1l71_6" STYLEREFS="FONT0"/>
            <SP HEIGHT="39" WIDTH="14" VPOS="1506" HPOS="670"/>
            <String HEIGHT="39" WIDTH="113" VPOS="1506" HPOS="628" CONTENT="chef" ID="r1l71_7" STYLEREFS="FONT0"/>
            <SP HEIGHT="39" WIDTH="14" VPOS="1506" HPOS="741"/>
            <String HEIGHT="39" WIDTH="85" VPOS="1506" HPOS="698" CONTENT="de" ID="r1l71_8" STYLEREFS="FONT0"/>
            <SP HEIGHT="39" WIDTH="14" VPOS="1506" HPOS="783"/>
            <String HEIGHT="39" WIDTH="155" VPOS="1506" HPOS="741" CONTENT="l’armée" ID="r1l71_9" STYLEREFS="FONT0"/>
            <SP HEIGHT="39" WIDTH="14" VPOS="1506" HPOS="896"/>
            <String HEIGHT="39" WIDTH="99" VPOS="1506" HPOS="854" CONTENT="des" ID="r1l71_10" STYLEREFS="FONT0"/>
            <SP HEIGHT="39" WIDTH="14" VPOS="1506" HPOS="952"/>
            <String HEIGHT="39" WIDTH="127" VPOS="1506" HPOS="910" CONTENT="côtes" ID="r1l71_11" STYLEREFS="FONT0"/>
            <SP HEIGHT="39" WIDTH="14" VPOS="1506" HPOS="1037"/>
            <String HEIGHT="39" WIDTH="85" VPOS="1506" HPOS="995" CONTENT="de" ID="r1l71_12" STYLEREFS="FONT0"/>
            <SP HEIGHT="39" WIDTH="14" VPOS="1506" HPOS="1080"/>
            <String HEIGHT="39" WIDTH="85" VPOS="1506" HPOS="1037" CONTENT="La" ID="r1l71_13" STYLEREFS="FONT0"/>
            <SP HEIGHT="39" WIDTH="14" VPOS="1506" HPOS="1122"/>
            <String HEIGHT="39" WIDTH="71" VPOS="1506" HPOS="1065" CONTENT="Ro" SUBS_TYPE="HypPart1" SUBS_CONTENT="Rochelle," ID="r1l71_14" STYLEREFS="FONT0"/>
            <HYP CONTENT="-"/>
          </TextLine>
          <TextLine ID="r1l72" BASELINE="1579" HEIGHT="36" WIDTH="966" VPOS="1543" HPOS="159">
            <String HEIGHT="36" WIDTH="148" VPOS="1543" HPOS="146" CONTENT="chelle," SUBS_TYPE="HypPart2" SUBS_CONTENT="Rochelle," ID="r1l72_1" STYLEREFS="FONT0"/>
            <SP HEIGHT="36" WIDTH="13" VPOS="1543" HPOS="293"/>
            <String HEIGHT="36" WIDTH="161" VPOS="1543" HPOS="253" CONTENT="décapité" ID="r1l72_2" STYLEREFS="FONT0"/>
            <SP HEIGHT="36" WIDTH="13" VPOS="1543" HPOS="414"/>
            <String HEIGHT="36" WIDTH="81" VPOS="1543" HPOS="374" CONTENT="en" ID="r1l72_3" STYLEREFS="FONT0"/>
            <SP HEIGHT="36" WIDTH="13" VPOS="1543" HPOS="454"/>
            <String HEIGHT="36" WIDTH="107" VPOS="1543" HPOS="414" CONTENT="l’an" ID="r1l72_4" STYLEREFS="FONT0"/>
            <SP HEIGHT="36" WIDTH="13" VPOS="1543" HPOS="521"/>
            <String HEIGHT="36" WIDTH="94" VPOS="1543" HPOS="481" CONTENT="II." ID="r1l72_5" STYLEREFS="FONT0"/>
            <SP HEIGHT="36" WIDTH="13" VPOS="1543" HPOS="575"/>
            <String HEIGHT="36" WIDTH="121" VPOS="1543" HPOS="535" CONTENT="Ordre" ID="r1l72_6" STYLEREFS="FONT0"/>
            <SP HEIGHT="36" WIDTH="13" VPOS="1543" HPOS="655"/>
            <String HEIGHT="36" WIDTH="107" VPOS="1543" HPOS="615" CONTENT="aut." ID="r1l72_7" STYLEREFS="FONT0"/>
            <SP HEIGHT="36" WIDTH="13" VPOS="1543" HPOS="723"/>
            <String HEIGHT="36" WIDTH="121" VPOS="1543" HPOS="682" CONTENT="sig.;" ID="r1l72_8" STYLEREFS="FONT0"/>
            <SP HEIGHT="36" WIDTH="13" VPOS="1543" HPOS="803"/>
            <String HEIGHT="36" WIDTH="107" VPOS="1543" HPOS="763" CONTENT="port" ID="r1l72_9" STYLEREFS="FONT0"/>
            <SP HEIGHT="36" WIDTH="13" VPOS="1543" HPOS="870"/>
            <String HEIGHT="36" WIDTH="81" VPOS="1543" HPOS="830" CONTENT="de" ID="r1l72_10" STYLEREFS="FONT0"/>
            <SP HEIGHT="36" WIDTH="13" VPOS="1543" HPOS="910"/>
            <String HEIGHT="36" WIDTH="81" VPOS="1543" HPOS="870" CONTENT="la" ID="r1l72_11" STYLEREFS="FONT0"/>
            <SP HEIGHT="36" WIDTH="13" VPOS="1543" HPOS="951"/>
            <String HEIGHT="36" WIDTH="148" VPOS="1543" HPOS="910" CONTENT="Liberté" ID="r1l72_12" STYLEREFS="FONT0"/>
            <SP HEIGHT="36" WIDTH="13" VPOS="1543" HPOS="1058"/>
            <String HEIGHT="36" WIDTH="121" VPOS="1543" HPOS="1004" CONTENT="(Saint" SUBS_TYPE="HypPart1" SUBS_CONTENT="(SaintMalo)," ID="r1l72_13" STYLEREFS="FONT0"/>
            <HYP CONTENT="-"/>
          </TextLine>
          <TextLine ID="r1l73" BASELINE="1616" HEIGHT="46" WIDTH="560" VPOS="1570" HPOS="155">
            <String HEIGHT="46" WIDTH="110" VPOS="1570" HPOS="144" CONTENT="Malo)," SUBS_TYPE="HypPart2" SUBS_CONTENT="(SaintMalo)," ID="r1l73_1" STYLEREFS="FONT0"/>
            <SP HEIGHT="46" WIDTH="11" VPOS="1570" HPOS="254"/>
            <String HEIGHT="46" WIDTH="77" VPOS="1570" HPOS="221" CONTENT="1er" ID="r1l73_2" STYLEREFS="FONT0"/>
            <SP HEIGHT="46" WIDTH="11" VPOS="1570" HPOS="298"/>
            <String HEIGHT="46" WIDTH="88" VPOS="1570" HPOS="265" CONTENT="juin" ID="r1l73_3" STYLEREFS="FONT0"/>
            <SP HEIGHT="46" WIDTH="11" VPOS="1570" HPOS="353"/>
            <String HEIGHT="46" WIDTH="99" VPOS="1570" HPOS="320" CONTENT="1793," ID="r1l73_4" STYLEREFS="FONT0"/>
            <SP HEIGHT="46" WIDTH="11" VPOS="1570" HPOS="419"/>
            <String HEIGHT="46" WIDTH="77" VPOS="1570" HPOS="386" CONTENT="1/2" ID="r1l73_5" STYLEREFS="FONT0"/>
            <SP HEIGHT="46" WIDTH="11" VPOS="1570" HPOS="462"/>
            <String HEIGHT="46" WIDTH="66" VPOS="1570" HPOS="430" CONTENT="p." ID="r1l73_6" STYLEREFS="FONT0"/>
            <SP HEIGHT="46" WIDTH="11" VPOS="1570" HPOS="495"/>
            <String HEIGHT="46" WIDTH="99" VPOS="1570" HPOS="462" CONTENT="in-4." ID="r1l73_7" STYLEREFS="FONT0"/>
            <SP HEIGHT="46" WIDTH="11" VPOS="1570" HPOS="561"/>
            <String HEIGHT="46" WIDTH="176" VPOS="1570" HPOS="528" CONTENT="Rare" ID="r1l73_8" STYLEREFS="FONT2"/>
            <SP HEIGHT="46" WIDTH="11" VPOS="1570" HPOS="704"/>
            <String HEIGHT="46" WIDTH="55" VPOS="1570" HPOS="671" CONTENT="6" ID="r1l73_9" STYLEREFS="FONT0"/>
            <SP HEIGHT="46" WIDTH="11" VPOS="1570" HPOS="726"/>
            <String HEIGHT="46" WIDTH="33" VPOS="1570" HPOS="682" CONTENT="»" ID="r1l73_10" STYLEREFS="FONT0"/>
          </TextLine>
          <TextLine ID="r1l76" BASELINE="1651" HEIGHT="49" WIDTH="968" VPOS="1602" HPOS="156">
            <String HEIGHT="49" WIDTH="121" VPOS="1602" HPOS="143" CONTENT="23168" ID="r1l76_1" STYLEREFS="FONT0"/>
            <SP HEIGHT="49" WIDTH="13" VPOS="1602" HPOS="264"/>
            <String HEIGHT="49" WIDTH="134" VPOS="1602" HPOS="223" CONTENT="BEZARD" ID="r1l76_2" STYLEREFS="FONT0"/>
            <SP HEIGHT="49" WIDTH="13" VPOS="1602" HPOS="358"/>
            <String HEIGHT="49" WIDTH="108" VPOS="1602" HPOS="317" CONTENT="(Fr." ID="r1l76_3" STYLEREFS="FONT0"/>
            <SP HEIGHT="49" WIDTH="13" VPOS="1602" HPOS="425"/>
            <String HEIGHT="49" WIDTH="148" VPOS="1602" HPOS="385" CONTENT="Simon)," ID="r1l76_4" STYLEREFS="FONT0"/>
            <SP HEIGHT="49" WIDTH="13" VPOS="1602" HPOS="532"/>
            <String HEIGHT="49" WIDTH="134" VPOS="1602" HPOS="492" CONTENT="député" ID="r1l76_5" STYLEREFS="FONT0"/>
            <SP HEIGHT="49" WIDTH="13" VPOS="1602" HPOS="627"/>
            <String HEIGHT="49" WIDTH="81" VPOS="1602" HPOS="586" CONTENT="de" ID="r1l76_6" STYLEREFS="FONT0"/>
            <SP HEIGHT="49" WIDTH="13" VPOS="1602" HPOS="667"/>
            <String HEIGHT="49" WIDTH="134" VPOS="1602" HPOS="627" CONTENT="l’Oise" ID="r1l76_7" STYLEREFS="FONT0"/>
            <SP HEIGHT="49" WIDTH="13" VPOS="1602" HPOS="761"/>
            <String HEIGHT="49" WIDTH="67" VPOS="1602" HPOS="721" CONTENT="à" ID="r1l76_8" STYLEREFS="FONT0"/>
            <SP HEIGHT="49" WIDTH="13" VPOS="1602" HPOS="788"/>
            <String HEIGHT="49" WIDTH="81" VPOS="1602" HPOS="748" CONTENT="la" ID="r1l76_9" STYLEREFS="FONT0"/>
            <SP HEIGHT="49" WIDTH="13" VPOS="1602" HPOS="828"/>
            <String HEIGHT="49" WIDTH="202" VPOS="1602" HPOS="788" CONTENT="Convention," ID="r1l76_10" STYLEREFS="FONT0"/>
            <SP HEIGHT="49" WIDTH="13" VPOS="1602" HPOS="990"/>
            <String HEIGHT="49" WIDTH="108" VPOS="1602" HPOS="949" CONTENT="puis" ID="r1l76_11" STYLEREFS="FONT0"/>
            <SP HEIGHT="49" WIDTH="13" VPOS="1602" HPOS="1057"/>
            <String HEIGHT="49" WIDTH="81" VPOS="1602" HPOS="1016" CONTENT="au" ID="r1l76_12" STYLEREFS="FONT0"/>
            <SP HEIGHT="49" WIDTH="13" VPOS="1602" HPOS="1097"/>
            <String HEIGHT="49" WIDTH="81" VPOS="1602" HPOS="1043" CONTENT="Con" SUBS_TYPE="HypPart1" SUBS_CONTENT="Conseil" ID="r1l76_13" STYLEREFS="FONT0"/>
            <HYP CONTENT="-"/>
          </TextLine>
          <TextLine ID="r1l78" BASELINE="1685" HEIGHT="38" WIDTH="966" VPOS="1647" HPOS="161">
            <String HEIGHT="38" WIDTH="100" VPOS="1647" HPOS="148" CONTENT="seil" SUBS_TYPE="HypPart2" SUBS_CONTENT="Conseil" ID="r1l78_1" STYLEREFS="FONT0"/>
            <SP HEIGHT="38" WIDTH="13" VPOS="1647" HPOS="249"/>
            <String HEIGHT="38" WIDTH="88" VPOS="1647" HPOS="211" CONTENT="des" ID="r1l78_2" STYLEREFS="FONT0"/>
            <SP HEIGHT="38" WIDTH="13" VPOS="1647" HPOS="299"/>
            <String HEIGHT="38" WIDTH="188" VPOS="1647" HPOS="261" CONTENT="Cinq-Cents." ID="r1l78_3" STYLEREFS="FONT0"/>
            <SP HEIGHT="38" WIDTH="13" VPOS="1647" HPOS="450"/>
            <String HEIGHT="38" WIDTH="113" VPOS="1647" HPOS="412" CONTENT="P." ID="r1l78_4" STYLEREFS="FONT2"/>
            <SP HEIGHT="38" WIDTH="13" VPOS="1647" HPOS="525"/>
            <String HEIGHT="38" WIDTH="75" VPOS="1647" HPOS="487" CONTENT="a." ID="r1l78_5" STYLEREFS="FONT2"/>
            <SP HEIGHT="38" WIDTH="13" VPOS="1647" HPOS="562"/>
            <String HEIGHT="38" WIDTH="138" VPOS="1647" HPOS="525" CONTENT="s." ID="r1l78_6" STYLEREFS="FONT2"/>
            <SP HEIGHT="38" WIDTH="13" VPOS="1647" HPOS="663"/>
            <String HEIGHT="38" WIDTH="176" VPOS="1647" HPOS="625" CONTENT="Chantilly," ID="r1l78_7" STYLEREFS="FONT0"/>
            <SP HEIGHT="38" WIDTH="13" VPOS="1647" HPOS="801"/>
            <String HEIGHT="38" WIDTH="63" VPOS="1647" HPOS="763" CONTENT="9" ID="r1l78_8" STYLEREFS="FONT0"/>
            <SP HEIGHT="38" WIDTH="13" VPOS="1647" HPOS="826"/>
            <String HEIGHT="38" WIDTH="88" VPOS="1647" HPOS="788" CONTENT="mai" ID="r1l78_9" STYLEREFS="FONT0"/>
            <SP HEIGHT="38" WIDTH="13" VPOS="1647" HPOS="876"/>
            <String HEIGHT="38" WIDTH="75" VPOS="1647" HPOS="838" CONTENT="an" ID="r1l78_10" STYLEREFS="FONT0"/>
            <SP HEIGHT="38" WIDTH="13" VPOS="1647" HPOS="914"/>
            <String HEIGHT="38" WIDTH="88" VPOS="1647" HPOS="876" CONTENT="II," ID="r1l78_11" STYLEREFS="FONT0"/>
            <SP HEIGHT="38" WIDTH="13" VPOS="1647" HPOS="964"/>
            <String HEIGHT="38" WIDTH="88" VPOS="1647" HPOS="926" CONTENT="3/4" ID="r1l78_12" STYLEREFS="FONT0"/>
            <SP HEIGHT="38" WIDTH="13" VPOS="1647" HPOS="1014"/>
            <String HEIGHT="38" WIDTH="75" VPOS="1647" HPOS="976" CONTENT="de" ID="r1l78_13" STYLEREFS="FONT0"/>
            <SP HEIGHT="38" WIDTH="13" VPOS="1647" HPOS="1052"/>
            <String HEIGHT="38" WIDTH="75" VPOS="1647" HPOS="1014" CONTENT="p." ID="r1l78_14" STYLEREFS="FONT0"/>
            <SP HEIGHT="38" WIDTH="13" VPOS="1647" HPOS="1089"/>
            <String HEIGHT="38" WIDTH="88" VPOS="1647" HPOS="1039" CONTENT="in" ID="r1l78_15" STYLEREFS="FONT0"/>
          </TextLine>
          <TextLine ID="r1l79" BASELINE="1715" HEIGHT="37" WIDTH="66" VPOS="1678" HPOS="1061">
            <String HEIGHT="37" WIDTH="110" VPOS="1678" HPOS="1039" CONTENT="4" ID="r1l79_1" STYLEREFS="FONT0"/>
            <SP HEIGHT="37" WIDTH="22" VPOS="1678" HPOS="1149"/>
            <String HEIGHT="37" WIDTH="66" VPOS="1678" HPOS="1061" CONTENT="»" ID="r1l79_2" STYLEREFS="FONT0"/>
          </TextLine>
          <TextLine ID="r1l83" BASELINE="1756" HEIGHT="50" WIDTH="959" VPOS="1706" HPOS="183">
            <String HEIGHT="50" WIDTH="236" VPOS="1706" HPOS="169" CONTENT="Procès-verbal" ID="r1l83_1" STYLEREFS="FONT0"/>
            <SP HEIGHT="50" WIDTH="14" VPOS="1706" HPOS="405"/>
            <String HEIGHT="50" WIDTH="83" VPOS="1706" HPOS="364" CONTENT="de" ID="r1l83_2" STYLEREFS="FONT0"/>
            <SP HEIGHT="50" WIDTH="14" VPOS="1706" HPOS="447"/>
            <String HEIGHT="50" WIDTH="83" VPOS="1706" HPOS="405" CONTENT="la" ID="r1l83_3" STYLEREFS="FONT0"/>
            <SP HEIGHT="50" WIDTH="14" VPOS="1706" HPOS="489"/>
            <String HEIGHT="50" WIDTH="139" VPOS="1706" HPOS="447" CONTENT="visite" ID="r1l83_4" STYLEREFS="FONT0"/>
            <SP HEIGHT="50" WIDTH="14" VPOS="1706" HPOS="586"/>
            <String HEIGHT="50" WIDTH="125" VPOS="1706" HPOS="544" CONTENT="faite" ID="r1l83_5" STYLEREFS="FONT0"/>
            <SP HEIGHT="50" WIDTH="14" VPOS="1706" HPOS="669"/>
            <String HEIGHT="50" WIDTH="83" VPOS="1706" HPOS="628" CONTENT="au" ID="r1l83_6" STYLEREFS="FONT0"/>
            <SP HEIGHT="50" WIDTH="14" VPOS="1706" HPOS="711"/>
            <String HEIGHT="50" WIDTH="167" VPOS="1706" HPOS="669" CONTENT="domicile" ID="r1l83_7" STYLEREFS="FONT0"/>
            <SP HEIGHT="50" WIDTH="14" VPOS="1706" HPOS="836"/>
            <String HEIGHT="50" WIDTH="83" VPOS="1706" HPOS="795" CONTENT="du" ID="r1l83_8" STYLEREFS="FONT0"/>
            <SP HEIGHT="50" WIDTH="14" VPOS="1706" HPOS="878"/>
            <String HEIGHT="50" WIDTH="181" VPOS="1706" HPOS="836" CONTENT="ci-devant" ID="r1l83_9" STYLEREFS="FONT0"/>
            <SP HEIGHT="50" WIDTH="14" VPOS="1706" HPOS="1017"/>
            <String HEIGHT="50" WIDTH="125" VPOS="1706" HPOS="975" CONTENT="comte" ID="r1l83_10" STYLEREFS="FONT0"/>
            <SP HEIGHT="50" WIDTH="14" VPOS="1706" HPOS="1100"/>
            <String HEIGHT="50" WIDTH="97" VPOS="1706" HPOS="1045" CONTENT="d’Au" SUBS_TYPE="HypPart1" SUBS_CONTENT="d’Auteuil," ID="r1l83_11" STYLEREFS="FONT0"/>
            <HYP CONTENT="-"/>
          </TextLine>
          <TextLine ID="r1l85" BASELINE="1792" HEIGHT="44" WIDTH="186" VPOS="1748" HPOS="167">
            <String HEIGHT="44" WIDTH="133" VPOS="1748" HPOS="154" CONTENT="teuil," SUBS_TYPE="HypPart2" SUBS_CONTENT="d’Auteuil," ID="r1l85_1" STYLEREFS="FONT0"/>
            <SP HEIGHT="44" WIDTH="13" VPOS="1748" HPOS="287"/>
            <String HEIGHT="44" WIDTH="120" VPOS="1748" HPOS="233" CONTENT="émigré." ID="r1l85_2" STYLEREFS="FONT0"/>
          </TextLine>
          <TextLine ID="r1l90" BASELINE="1824" HEIGHT="39" WIDTH="970" VPOS="1785" HPOS="158">
            <String HEIGHT="39" WIDTH="130" VPOS="1785" HPOS="144" CONTENT="23169" ID="r1l90_1" STYLEREFS="FONT0"/>
            <SP HEIGHT="39" WIDTH="14" VPOS="1785" HPOS="274"/>
            <String HEIGHT="39" WIDTH="275" VPOS="1785" HPOS="230" CONTENT="BILLAUD-VARENNE" ID="r1l90_2" STYLEREFS="FONT0"/>
            <SP HEIGHT="39" WIDTH="14" VPOS="1785" HPOS="505"/>
            <String HEIGHT="39" WIDTH="101" VPOS="1785" HPOS="462" CONTENT="(J." ID="r1l90_3" STYLEREFS="FONT0"/>
            <SP HEIGHT="39" WIDTH="14" VPOS="1785" HPOS="563"/>
            <String HEIGHT="39" WIDTH="145" VPOS="1785" HPOS="520" CONTENT="Nic.)," ID="r1l90_4" STYLEREFS="FONT0"/>
            <SP HEIGHT="39" WIDTH="14" VPOS="1785" HPOS="665"/>
            <String HEIGHT="39" WIDTH="159" VPOS="1785" HPOS="621" CONTENT="célèbre" ID="r1l90_5" STYLEREFS="FONT0"/>
            <SP HEIGHT="39" WIDTH="14" VPOS="1785" HPOS="781"/>
            <String HEIGHT="39" WIDTH="246" VPOS="1785" HPOS="737" CONTENT="conventionnel" ID="r1l90_6" STYLEREFS="FONT0"/>
            <SP HEIGHT="39" WIDTH="14" VPOS="1785" HPOS="983"/>
            <String HEIGHT="39" WIDTH="87" VPOS="1785" HPOS="940" CONTENT="et" ID="r1l90_7" STYLEREFS="FONT0"/>
            <SP HEIGHT="39" WIDTH="14" VPOS="1785" HPOS="1027"/>
            <String HEIGHT="39" WIDTH="145" VPOS="1785" HPOS="983" CONTENT="membre" ID="r1l90_8" STYLEREFS="FONT0"/>
            <SP HEIGHT="39" WIDTH="14" VPOS="1785" HPOS="1128"/>
            <String HEIGHT="39" WIDTH="58" VPOS="1785" HPOS="1070" CONTENT="du" ID="r1l90_9" STYLEREFS="FONT0"/>
          </TextLine>
          <TextLine ID="r1l91" BASELINE="1859" HEIGHT="41" WIDTH="975" VPOS="1818" HPOS="158">
            <String HEIGHT="41" WIDTH="116" VPOS="1818" HPOS="146" CONTENT="Comité" ID="r1l91_1" STYLEREFS="FONT0"/>
            <SP HEIGHT="41" WIDTH="12" VPOS="1818" HPOS="262"/>
            <String HEIGHT="41" WIDTH="70" VPOS="1818" HPOS="228" CONTENT="de" ID="r1l91_2" STYLEREFS="FONT0"/>
            <SP HEIGHT="41" WIDTH="12" VPOS="1818" HPOS="297"/>
            <String HEIGHT="41" WIDTH="104" VPOS="1818" HPOS="262" CONTENT="Salut" ID="r1l91_3" STYLEREFS="FONT0"/>
            <SP HEIGHT="41" WIDTH="12" VPOS="1818" HPOS="367"/>
            <String HEIGHT="41" WIDTH="128" VPOS="1818" HPOS="332" CONTENT="public," ID="r1l91_4" STYLEREFS="FONT0"/>
            <SP HEIGHT="41" WIDTH="12" VPOS="1818" HPOS="460"/>
            <String HEIGHT="41" WIDTH="70" VPOS="1818" HPOS="425" CONTENT="né" ID="r1l91_5" STYLEREFS="FONT0"/>
            <SP HEIGHT="41" WIDTH="12" VPOS="1818" HPOS="495"/>
            <String HEIGHT="41" WIDTH="58" VPOS="1818" HPOS="460" CONTENT="à" ID="r1l91_6" STYLEREFS="FONT0"/>
            <SP HEIGHT="41" WIDTH="12" VPOS="1818" HPOS="518"/>
            <String HEIGHT="41" WIDTH="70" VPOS="1818" HPOS="483" CONTENT="La" ID="r1l91_7" STYLEREFS="FONT0"/>
            <SP HEIGHT="41" WIDTH="12" VPOS="1818" HPOS="553"/>
            <String HEIGHT="41" WIDTH="151" VPOS="1818" HPOS="518" CONTENT="Rochelle." ID="r1l91_8" STYLEREFS="FONT0"/>
            <SP HEIGHT="41" WIDTH="12" VPOS="1818" HPOS="669"/>
            <String HEIGHT="41" WIDTH="104" VPOS="1818" HPOS="634" CONTENT="L." ID="r1l91_9" STYLEREFS="FONT2"/>
            <SP HEIGHT="41" WIDTH="12" VPOS="1818" HPOS="738"/>
            <String HEIGHT="41" WIDTH="128" VPOS="1818" HPOS="704" CONTENT="s." ID="r1l91_10" STYLEREFS="FONT2"/>
            <SP HEIGHT="41" WIDTH="12" VPOS="1818" HPOS="831"/>
            <String HEIGHT="41" WIDTH="93" VPOS="1818" HPOS="796" CONTENT="sig." ID="r1l91_11" STYLEREFS="FONT0"/>
            <SP HEIGHT="41" WIDTH="12" VPOS="1818" HPOS="889"/>
            <String HEIGHT="41" WIDTH="104" VPOS="1818" HPOS="854" CONTENT="aussi" ID="r1l91_12" STYLEREFS="FONT0"/>
            <SP HEIGHT="41" WIDTH="12" VPOS="1818" HPOS="959"/>
            <String HEIGHT="41" WIDTH="81" VPOS="1818" HPOS="924" CONTENT="par" ID="r1l91_13" STYLEREFS="FONT0"/>
            <SP HEIGHT="41" WIDTH="12" VPOS="1818" HPOS="1005"/>
            <String HEIGHT="41" WIDTH="174" VPOS="1818" HPOS="959" CONTENT="Collot" ID="r1l91_14" STYLEREFS="FONT2"/>
          </TextLine>
          <TextLine ID="r1l92" BASELINE="1894" HEIGHT="47" WIDTH="969" VPOS="1847" HPOS="154">
            <String HEIGHT="47" WIDTH="268" VPOS="1847" HPOS="141" CONTENT="d’Herbois;" ID="r1l92_1" STYLEREFS="FONT2"/>
            <SP HEIGHT="47" WIDTH="13" VPOS="1847" HPOS="409"/>
            <String HEIGHT="47" WIDTH="128" VPOS="1847" HPOS="371" CONTENT="Paris," ID="r1l92_2" STYLEREFS="FONT0"/>
            <SP HEIGHT="47" WIDTH="13" VPOS="1847" HPOS="498"/>
            <String HEIGHT="47" WIDTH="77" VPOS="1847" HPOS="460" CONTENT="24" ID="r1l92_3" STYLEREFS="FONT0"/>
            <SP HEIGHT="47" WIDTH="13" VPOS="1847" HPOS="537"/>
            <String HEIGHT="47" WIDTH="153" VPOS="1847" HPOS="498" CONTENT="messidor" ID="r1l92_4" STYLEREFS="FONT0"/>
            <SP HEIGHT="47" WIDTH="13" VPOS="1847" HPOS="651"/>
            <String HEIGHT="47" WIDTH="77" VPOS="1847" HPOS="613" CONTENT="an" ID="r1l92_5" STYLEREFS="FONT0"/>
            <SP HEIGHT="47" WIDTH="13" VPOS="1847" HPOS="690"/>
            <String HEIGHT="47" WIDTH="89" VPOS="1847" HPOS="651" CONTENT="II," ID="r1l92_6" STYLEREFS="FONT0"/>
            <SP HEIGHT="47" WIDTH="13" VPOS="1847" HPOS="741"/>
            <String HEIGHT="47" WIDTH="64" VPOS="1847" HPOS="702" CONTENT="1" ID="r1l92_7" STYLEREFS="FONT0"/>
            <SP HEIGHT="47" WIDTH="13" VPOS="1847" HPOS="766"/>
            <String HEIGHT="47" WIDTH="77" VPOS="1847" HPOS="728" CONTENT="p." ID="r1l92_8" STYLEREFS="FONT0"/>
            <SP HEIGHT="47" WIDTH="13" VPOS="1847" HPOS="804"/>
            <String HEIGHT="47" WIDTH="153" VPOS="1847" HPOS="766" CONTENT="in-fol.," ID="r1l92_9" STYLEREFS="FONT0"/>
            <SP HEIGHT="47" WIDTH="13" VPOS="1847" HPOS="919"/>
            <String HEIGHT="47" WIDTH="102" VPOS="1847" HPOS="881" CONTENT="vig." ID="r1l92_10" STYLEREFS="FONT0"/>
            <SP HEIGHT="47" WIDTH="13" VPOS="1847" HPOS="983"/>
            <String HEIGHT="47" WIDTH="77" VPOS="1847" HPOS="945" CONTENT="et" ID="r1l92_11" STYLEREFS="FONT0"/>
            <SP HEIGHT="47" WIDTH="13" VPOS="1847" HPOS="1021"/>
            <String HEIGHT="47" WIDTH="102" VPOS="1847" HPOS="983" CONTENT="tête" ID="r1l92_12" STYLEREFS="FONT0"/>
            <SP HEIGHT="47" WIDTH="13" VPOS="1847" HPOS="1085"/>
            <String HEIGHT="47" WIDTH="89" VPOS="1847" HPOS="1034" CONTENT="impr." ID="r1l92_13" STYLEREFS="FONT0"/>
          </TextLine>
          <TextLine ID="line_1601298703384_171" BASELINE="1917" HEIGHT="33" WIDTH="88" VPOS="1884" HPOS="1041">
            <String HEIGHT="33" WIDTH="147" VPOS="1884" HPOS="1012" CONTENT="3" ID="line_1601298703384_171_1" STYLEREFS="FONT0"/>
            <SP HEIGHT="33" WIDTH="29" VPOS="1884" HPOS="1158"/>
            <String HEIGHT="33" WIDTH="88" VPOS="1884" HPOS="1041" CONTENT="»" ID="line_1601298703384_171_2" STYLEREFS="FONT0"/>
          </TextLine>
          <TextLine ID="r1l96" BASELINE="1962" HEIGHT="64" WIDTH="968" VPOS="1898" HPOS="161">
            <String HEIGHT="64" WIDTH="119" VPOS="1898" HPOS="148" CONTENT="23170" ID="r1l96_1" STYLEREFS="FONT0"/>
            <SP HEIGHT="64" WIDTH="13" VPOS="1898" HPOS="267"/>
            <String HEIGHT="64" WIDTH="146" VPOS="1898" HPOS="227" CONTENT="BITAUBÉ" ID="r1l96_2" STYLEREFS="FONT0"/>
            <SP HEIGHT="64" WIDTH="13" VPOS="1898" HPOS="373"/>
            <String HEIGHT="64" WIDTH="93" VPOS="1898" HPOS="333" CONTENT="(P." ID="r1l96_3" STYLEREFS="FONT0"/>
            <SP HEIGHT="64" WIDTH="13" VPOS="1898" HPOS="426"/>
            <String HEIGHT="64" WIDTH="106" VPOS="1898" HPOS="386" CONTENT="J.)," ID="r1l96_4" STYLEREFS="FONT0"/>
            <SP HEIGHT="64" WIDTH="13" VPOS="1898" HPOS="493"/>
            <String HEIGHT="64" WIDTH="199" VPOS="1898" HPOS="453" CONTENT="littérateur" ID="r1l96_5" STYLEREFS="FONT0"/>
            <SP HEIGHT="64" WIDTH="13" VPOS="1898" HPOS="652"/>
            <String HEIGHT="64" WIDTH="186" VPOS="1898" HPOS="612" CONTENT="distingué," ID="r1l96_6" STYLEREFS="FONT0"/>
            <SP HEIGHT="64" WIDTH="13" VPOS="1898" HPOS="797"/>
            <String HEIGHT="64" WIDTH="186" VPOS="1898" HPOS="758" CONTENT="traducteur" ID="r1l96_7" STYLEREFS="FONT0"/>
            <SP HEIGHT="64" WIDTH="13" VPOS="1898" HPOS="943"/>
            <String HEIGHT="64" WIDTH="172" VPOS="1898" HPOS="904" CONTENT="d’Homère," ID="r1l96_8" STYLEREFS="FONT0"/>
            <SP HEIGHT="64" WIDTH="13" VPOS="1898" HPOS="1076"/>
            <String HEIGHT="64" WIDTH="106" VPOS="1898" HPOS="1023" CONTENT="membre" ID="r1l96_9" STYLEREFS="FONT0"/>
          </TextLine>
          <TextLine ID="r1l97" BASELINE="2008" HEIGHT="51" WIDTH="967" VPOS="1957" HPOS="156">
            <String HEIGHT="51" WIDTH="72" VPOS="1957" HPOS="144" CONTENT="de" ID="r1l97_1" STYLEREFS="FONT0"/>
            <SP HEIGHT="51" WIDTH="12" VPOS="1957" HPOS="216"/>
            <String HEIGHT="51" WIDTH="179" VPOS="1957" HPOS="180" CONTENT="l’Institut." ID="r1l97_2" STYLEREFS="FONT0"/>
            <SP HEIGHT="51" WIDTH="12" VPOS="1957" HPOS="359"/>
            <String HEIGHT="51" WIDTH="107" VPOS="1957" HPOS="323" CONTENT="L." ID="r1l97_3" STYLEREFS="FONT2"/>
            <SP HEIGHT="51" WIDTH="12" VPOS="1957" HPOS="431"/>
            <String HEIGHT="51" WIDTH="72" VPOS="1957" HPOS="395" CONTENT="a." ID="r1l97_4" STYLEREFS="FONT2"/>
            <SP HEIGHT="51" WIDTH="12" VPOS="1957" HPOS="466"/>
            <String HEIGHT="51" WIDTH="119" VPOS="1957" HPOS="431" CONTENT="s." ID="r1l97_5" STYLEREFS="FONT2"/>
            <SP HEIGHT="51" WIDTH="12" VPOS="1957" HPOS="550"/>
            <String HEIGHT="51" WIDTH="60" VPOS="1957" HPOS="514" CONTENT="à" ID="r1l97_6" STYLEREFS="FONT0"/>
            <SP HEIGHT="51" WIDTH="12" VPOS="1957" HPOS="574"/>
            <String HEIGHT="51" WIDTH="72" VPOS="1957" HPOS="538" CONTENT="M." ID="r1l97_7" STYLEREFS="FONT0"/>
            <SP HEIGHT="51" WIDTH="12" VPOS="1957" HPOS="610"/>
            <String HEIGHT="51" WIDTH="131" VPOS="1957" HPOS="574" CONTENT="Rochas," ID="r1l97_8" STYLEREFS="FONT0"/>
            <SP HEIGHT="51" WIDTH="12" VPOS="1957" HPOS="705"/>
            <String HEIGHT="51" WIDTH="179" VPOS="1957" HPOS="669" CONTENT="professeur," ID="r1l97_9" STYLEREFS="FONT0"/>
            <SP HEIGHT="51" WIDTH="12" VPOS="1957" HPOS="848"/>
            <String HEIGHT="51" WIDTH="60" VPOS="1957" HPOS="813" CONTENT="à" ID="r1l97_10" STYLEREFS="FONT0"/>
            <SP HEIGHT="51" WIDTH="12" VPOS="1957" HPOS="872"/>
            <String HEIGHT="51" WIDTH="131" VPOS="1957" HPOS="836" CONTENT="Juilly;" ID="r1l97_11" STYLEREFS="FONT0"/>
            <SP HEIGHT="51" WIDTH="12" VPOS="1957" HPOS="968"/>
            <String HEIGHT="51" WIDTH="119" VPOS="1957" HPOS="932" CONTENT="Paris," ID="r1l97_12" STYLEREFS="FONT0"/>
            <SP HEIGHT="51" WIDTH="12" VPOS="1957" HPOS="1051"/>
            <String HEIGHT="51" WIDTH="72" VPOS="1957" HPOS="1016" CONTENT="25" ID="r1l97_13" STYLEREFS="FONT0"/>
            <SP HEIGHT="51" WIDTH="12" VPOS="1957" HPOS="1087"/>
            <String HEIGHT="51" WIDTH="84" VPOS="1957" HPOS="1039" CONTENT="prai" SUBS_TYPE="HypPart1" SUBS_CONTENT="prairial" ID="r1l97_14" STYLEREFS="FONT0"/>
            <HYP CONTENT="-"/>
          </TextLine>
          <TextLine ID="r1l98" BASELINE="2031" HEIGHT="49" WIDTH="356" VPOS="1982" HPOS="159">
            <String HEIGHT="49" WIDTH="92" VPOS="1982" HPOS="148" CONTENT="rial" SUBS_TYPE="HypPart2" SUBS_CONTENT="prairial" ID="r1l98_1" STYLEREFS="FONT0"/>
            <SP HEIGHT="49" WIDTH="11" VPOS="1982" HPOS="239"/>
            <String HEIGHT="49" WIDTH="69" VPOS="1982" HPOS="205" CONTENT="an" ID="r1l98_2" STYLEREFS="FONT0"/>
            <SP HEIGHT="49" WIDTH="11" VPOS="1982" HPOS="274"/>
            <String HEIGHT="49" WIDTH="80" VPOS="1982" HPOS="239" CONTENT="XI," ID="r1l98_3" STYLEREFS="FONT0"/>
            <SP HEIGHT="49" WIDTH="11" VPOS="1982" HPOS="320"/>
            <String HEIGHT="49" WIDTH="57" VPOS="1982" HPOS="285" CONTENT="1" ID="r1l98_4" STYLEREFS="FONT0"/>
            <SP HEIGHT="49" WIDTH="11" VPOS="1982" HPOS="343"/>
            <String HEIGHT="49" WIDTH="69" VPOS="1982" HPOS="308" CONTENT="p." ID="r1l98_5" STYLEREFS="FONT0"/>
            <SP HEIGHT="49" WIDTH="11" VPOS="1982" HPOS="377"/>
            <String HEIGHT="49" WIDTH="80" VPOS="1982" HPOS="343" CONTENT="pl." ID="r1l98_6" STYLEREFS="FONT0"/>
            <SP HEIGHT="49" WIDTH="11" VPOS="1982" HPOS="423"/>
            <String HEIGHT="49" WIDTH="103" VPOS="1982" HPOS="389" CONTENT="in-4." ID="r1l98_7" STYLEREFS="FONT0"/>
            <SP HEIGHT="49" WIDTH="11" VPOS="1982" HPOS="492"/>
            <String HEIGHT="49" WIDTH="57" VPOS="1982" HPOS="458" CONTENT="4" ID="r1l98_8" STYLEREFS="FONT0"/>
            <SP HEIGHT="49" WIDTH="11" VPOS="1982" HPOS="515"/>
            <String HEIGHT="49" WIDTH="46" VPOS="1982" HPOS="469" CONTENT="50" ID="r1l98_9" STYLEREFS="FONT0"/>
          </TextLine>
          <TextLine ID="r1l100" BASELINE="2059" HEIGHT="59" WIDTH="935" VPOS="2000" HPOS="193">
            <String HEIGHT="59" WIDTH="230" VPOS="2000" HPOS="179" CONTENT="Intéressante" ID="r1l100_1" STYLEREFS="FONT0"/>
            <SP HEIGHT="59" WIDTH="14" VPOS="2000" HPOS="409"/>
            <String HEIGHT="59" WIDTH="144" VPOS="2000" HPOS="366" CONTENT="lettre" ID="r1l100_2" STYLEREFS="FONT0"/>
            <SP HEIGHT="59" WIDTH="14" VPOS="2000" HPOS="509"/>
            <String HEIGHT="59" WIDTH="101" VPOS="2000" HPOS="466" CONTENT="sur" ID="r1l100_3" STYLEREFS="FONT0"/>
            <SP HEIGHT="59" WIDTH="14" VPOS="2000" HPOS="567"/>
            <String HEIGHT="59" WIDTH="86" VPOS="2000" HPOS="524" CONTENT="sa" ID="r1l100_4" STYLEREFS="FONT0"/>
            <SP HEIGHT="59" WIDTH="14" VPOS="2000" HPOS="610"/>
            <String HEIGHT="59" WIDTH="201" VPOS="2000" HPOS="567" CONTENT="traduction" ID="r1l100_5" STYLEREFS="FONT0"/>
            <SP HEIGHT="59" WIDTH="14" VPOS="2000" HPOS="768"/>
            <String HEIGHT="59" WIDTH="187" VPOS="2000" HPOS="725" CONTENT="d’Homère." ID="r1l100_6" STYLEREFS="FONT0"/>
            <SP HEIGHT="59" WIDTH="14" VPOS="2000" HPOS="912"/>
            <String HEIGHT="59" WIDTH="86" VPOS="2000" HPOS="869" CONTENT="Il" ID="r1l100_7" STYLEREFS="FONT0"/>
            <SP HEIGHT="59" WIDTH="14" VPOS="2000" HPOS="955"/>
            <String HEIGHT="59" WIDTH="86" VPOS="2000" HPOS="912" CONTENT="le" ID="r1l100_8" STYLEREFS="FONT0"/>
            <SP HEIGHT="59" WIDTH="14" VPOS="2000" HPOS="999"/>
            <String HEIGHT="59" WIDTH="173" VPOS="2000" HPOS="955" CONTENT="remercie" ID="r1l100_9" STYLEREFS="FONT0"/>
            <SP HEIGHT="59" WIDTH="14" VPOS="2000" HPOS="1128"/>
            <String HEIGHT="59" WIDTH="58" VPOS="2000" HPOS="1070" CONTENT="de" ID="r1l100_10" STYLEREFS="FONT0"/>
          </TextLine>
          <TextLine ID="r1l101" BASELINE="2111" HEIGHT="61" WIDTH="976" VPOS="2050" HPOS="154">
            <String HEIGHT="61" WIDTH="92" VPOS="2050" HPOS="141" CONTENT="ses" ID="r1l101_1" STYLEREFS="FONT0"/>
            <SP HEIGHT="61" WIDTH="13" VPOS="2050" HPOS="233"/>
            <String HEIGHT="61" WIDTH="224" VPOS="2050" HPOS="194" CONTENT="observations." ID="r1l101_2" STYLEREFS="FONT0"/>
            <SP HEIGHT="61" WIDTH="13" VPOS="2050" HPOS="418"/>
            <String HEIGHT="61" WIDTH="92" VPOS="2050" HPOS="378" CONTENT="«On" ID="r1l101_3" STYLEREFS="FONT0"/>
            <SP HEIGHT="61" WIDTH="13" VPOS="2050" HPOS="471"/>
            <String HEIGHT="61" WIDTH="66" VPOS="2050" HPOS="431" CONTENT="a" ID="r1l101_4" STYLEREFS="FONT0"/>
            <SP HEIGHT="61" WIDTH="13" VPOS="2050" HPOS="497"/>
            <String HEIGHT="61" WIDTH="145" VPOS="2050" HPOS="457" CONTENT="imprimé" ID="r1l101_5" STYLEREFS="FONT0"/>
            <SP HEIGHT="61" WIDTH="13" VPOS="2050" HPOS="602"/>
            <String HEIGHT="61" WIDTH="66" VPOS="2050" HPOS="563" CONTENT="à" ID="r1l101_6" STYLEREFS="FONT0"/>
            <SP HEIGHT="61" WIDTH="13" VPOS="2050" HPOS="629"/>
            <String HEIGHT="61" WIDTH="92" VPOS="2050" HPOS="589" CONTENT="peu" ID="r1l101_7" STYLEREFS="FONT0"/>
            <SP HEIGHT="61" WIDTH="13" VPOS="2050" HPOS="682"/>
            <String HEIGHT="61" WIDTH="106" VPOS="2050" HPOS="642" CONTENT="près" ID="r1l101_8" STYLEREFS="FONT0"/>
            <SP HEIGHT="61" WIDTH="13" VPOS="2050" HPOS="748"/>
            <String HEIGHT="61" WIDTH="79" VPOS="2050" HPOS="708" CONTENT="la" ID="r1l101_9" STYLEREFS="FONT0"/>
            <SP HEIGHT="61" WIDTH="13" VPOS="2050" HPOS="787"/>
            <String HEIGHT="61" WIDTH="132" VPOS="2050" HPOS="748" CONTENT="moitié" ID="r1l101_10" STYLEREFS="FONT0"/>
            <SP HEIGHT="61" WIDTH="13" VPOS="2050" HPOS="879"/>
            <String HEIGHT="61" WIDTH="79" VPOS="2050" HPOS="840" CONTENT="de" ID="r1l101_11" STYLEREFS="FONT0"/>
            <SP HEIGHT="61" WIDTH="13" VPOS="2050" HPOS="919"/>
            <String HEIGHT="61" WIDTH="251" VPOS="2050" HPOS="879" CONTENT="l'Iliade" ID="r1l101_12" STYLEREFS="FONT2"/>
            <SP HEIGHT="61" WIDTH="13" VPOS="2050" HPOS="1130"/>
            <String HEIGHT="61" WIDTH="53" VPOS="2050" HPOS="1077" CONTENT="et" ID="r1l101_13" STYLEREFS="FONT0"/>
          </TextLine>
          <TextLine ID="r1l103" BASELINE="2123" HEIGHT="34" WIDTH="851" VPOS="2089" HPOS="156">
            <String HEIGHT="34" WIDTH="231" VPOS="2089" HPOS="142" CONTENT="l’impression" ID="r1l103_1" STYLEREFS="FONT0"/>
            <SP HEIGHT="34" WIDTH="14" VPOS="2089" HPOS="372"/>
            <String HEIGHT="34" WIDTH="87" VPOS="2089" HPOS="329" CONTENT="va" ID="r1l103_2" STYLEREFS="FONT0"/>
            <SP HEIGHT="34" WIDTH="14" VPOS="2089" HPOS="416"/>
            <String HEIGHT="34" WIDTH="130" VPOS="2089" HPOS="372" CONTENT="grand" ID="r1l103_3" STYLEREFS="FONT0"/>
            <SP HEIGHT="34" WIDTH="14" VPOS="2089" HPOS="502"/>
            <String HEIGHT="34" WIDTH="144" VPOS="2089" HPOS="459" CONTENT="train:" ID="r1l103_4" STYLEREFS="FONT0"/>
            <SP HEIGHT="34" WIDTH="14" VPOS="2089" HPOS="603"/>
            <String HEIGHT="34" WIDTH="87" VPOS="2089" HPOS="560" CONTENT="on" ID="r1l103_5" STYLEREFS="FONT0"/>
            <SP HEIGHT="34" WIDTH="14" VPOS="2089" HPOS="646"/>
            <String HEIGHT="34" WIDTH="72" VPOS="2089" HPOS="603" CONTENT="y" ID="r1l103_6" STYLEREFS="FONT0"/>
            <SP HEIGHT="34" WIDTH="14" VPOS="2089" HPOS="675"/>
            <String HEIGHT="34" WIDTH="173" VPOS="2089" HPOS="632" CONTENT="consacre" ID="r1l103_7" STYLEREFS="FONT0"/>
            <SP HEIGHT="34" WIDTH="14" VPOS="2089" HPOS="805"/>
            <String HEIGHT="34" WIDTH="115" VPOS="2089" HPOS="762" CONTENT="deux" ID="r1l103_8" STYLEREFS="FONT0"/>
            <SP HEIGHT="34" WIDTH="14" VPOS="2089" HPOS="877"/>
            <String HEIGHT="34" WIDTH="188" VPOS="2089" HPOS="819" CONTENT="presses...»" ID="r1l103_9" STYLEREFS="FONT0"/>
          </TextLine>
          <TextLine ID="r1l104" BASELINE="2186" HEIGHT="69" WIDTH="1070" VPOS="2117" HPOS="55">
            <String HEIGHT="69" WIDTH="136" VPOS="2117" HPOS="40" CONTENT="23171" ID="r1l104_1" STYLEREFS="FONT0"/>
            <SP HEIGHT="69" WIDTH="15" VPOS="2117" HPOS="176"/>
            <String HEIGHT="69" WIDTH="136" VPOS="2117" HPOS="130" CONTENT="BLANC" ID="r1l104_2" STYLEREFS="FONT0"/>
            <SP HEIGHT="69" WIDTH="15" VPOS="2117" HPOS="266"/>
            <String HEIGHT="69" WIDTH="181" VPOS="2117" HPOS="221" CONTENT="(Louis)," ID="r1l104_3" STYLEREFS="FONT0"/>
            <SP HEIGHT="69" WIDTH="15" VPOS="2117" HPOS="402"/>
            <String HEIGHT="69" WIDTH="166" VPOS="2117" HPOS="356" CONTENT="célèbre" ID="r1l104_4" STYLEREFS="FONT0"/>
            <SP HEIGHT="69" WIDTH="15" VPOS="2117" HPOS="522"/>
            <String HEIGHT="69" WIDTH="196" VPOS="2117" HPOS="477" CONTENT="historien" ID="r1l104_5" STYLEREFS="FONT0"/>
            <SP HEIGHT="69" WIDTH="15" VPOS="2117" HPOS="673"/>
            <String HEIGHT="69" WIDTH="90" VPOS="2117" HPOS="628" CONTENT="et" ID="r1l104_6" STYLEREFS="FONT0"/>
            <SP HEIGHT="69" WIDTH="15" VPOS="2117" HPOS="718"/>
            <String HEIGHT="69" WIDTH="151" VPOS="2117" HPOS="673" CONTENT="membre" ID="r1l104_7" STYLEREFS="FONT0"/>
            <SP HEIGHT="69" WIDTH="15" VPOS="2117" HPOS="824"/>
            <String HEIGHT="69" WIDTH="90" VPOS="2117" HPOS="778" CONTENT="du" ID="r1l104_8" STYLEREFS="FONT0"/>
            <SP HEIGHT="69" WIDTH="15" VPOS="2117" HPOS="869"/>
            <String HEIGHT="69" WIDTH="241" VPOS="2117" HPOS="824" CONTENT="gouvernement" ID="r1l104_9" STYLEREFS="FONT0"/>
            <SP HEIGHT="69" WIDTH="15" VPOS="2117" HPOS="1065"/>
            <String HEIGHT="69" WIDTH="121" VPOS="2117" HPOS="1004" CONTENT="provi" ID="r1l104_10" STYLEREFS="FONT0"/>
          </TextLine>
        </TextBlock>
      </PrintSpace>
    </Page>
  </Layout>
</alto>
