1159 2219
503 -1 84 59 —
537 -1 84 59 8
554 -1 50 59 —

132 62 107 50 23241
204 62 119 50 GÉRARD
287 62 72 50 DE
323 62 119 50 NERVAL
407 62 131 50 (Gérard
502 62 155 50 LABRUNIE,
622 62 107 50 dit),
693 62 143 50 écrivain
801 62 155 50 original.
920 62 107 50 L.
992 62 72 50 a.
1015 62 96 50 s.

129 106 71 43 à
157 106 85 43 M.
200 106 85 43 de
242 106 255 43 Saint-Georges;
455 106 156 43 Vienne,
568 106 85 43 25
610 106 127 43 févr.
695 106 156 43 (1840),
809 106 71 43 1
837 106 85 43 p.
879 106 99 43 1/2
936 106 127 43 in-8,
1007 106 99 43 d’une

128 141 138 51 écriture
232 141 150 51 très-fine
348 141 69 51 et
382 141 185 51 très-serrée.
532 141 69 51 25
555 141 35 51 »

165 176 123 51 Cette
248 176 151 51 lettre,
357 176 96 51 une
412 176 96 51 des
467 176 110 51 plus
536 176 178 51 curieuses
673 176 96 51 que
728 176 110 51 l’on
796 176 178 51 connaisse
934 176 82 51 de
975 176 137 51 Gérard
1057 176 55 51 de

131 212 160 43 Nerval,
248 212 174 43 contient
378 212 189 43 l’analyse
524 212 116 43 d’un
596 212 131 43 sujet
683 212 87 43 de
727 212 174 43 comédie.
858 212 87 43 Ce
901 212 116 43 sont
974 212 131 43 trois
1046 212 73 43 ou-

135 246 149 41 vriers
239 246 89 41 de
284 246 208 41 Nuremberg,
448 246 119 41 sans
522 246 149 41 argent
626 246 89 41 et
671 246 119 41 sans
745 246 179 41 ouvrage,
879 246 119 41 qui,
938 246 179 41 recueillis

129 283 116 41 pour
201 283 130 41 ainsi
287 283 116 41 dire
360 283 116 41 dans
432 283 87 41 un
475 283 173 41 cabaret,
605 283 144 41 rêvent
706 283 144 41 chacun
808 283 87 41 un
851 283 159 41 numéro:
967 283 130 41 2447.
1039 283 72 41 Ils

135 310 151 45 mettent
245 310 124 45 alors
328 310 69 45 à
355 310 83 45 la
397 310 151 45 loterie
507 310 83 45 et
548 310 151 45 gagnent
658 310 83 45 le
699 310 110 45 gros
768 310 96 45 lot
823 310 83 45 de
864 310 151 45 100,000
974 310 124 45 écus.
1043 310 69 45 Ces

125 346 173 43 ouvriers
254 346 216 43 parviennent
428 346 87 43 au
471 346 144 43 comble
572 346 87 43 de
615 346 130 43 leurs
702 346 130 43 vœux:
788 346 130 43 l’un,
875 346 188 43 ébéniste,
1005 346 115 43 épouse

129 377 83 43 la
171 377 124 43 fille
254 377 83 43 de
295 377 97 43 son
350 377 152 43 maître;
461 377 152 43 l’autre
572 377 83 43 se
613 377 111 43 fait
682 377 83 43 un
724 377 111 43 chez
793 377 111 43 lui;
862 377 138 43 enfin,
959 377 83 43 au
987 377 124 43 dernier

126 413 134 48 acte,
216 413 119 48 deux
290 413 164 48 d’entre
410 413 104 48 eux
469 413 104 48 ont
529 413 134 48 mangé
619 413 119 48 leur
693 413 164 48 argent;
813 413 119 48 mais
887 413 179 48 Jacques,
1007 413 104 48 celui

140 448 98 39 jui
196 448 70 39 a
224 448 140 39 épousé
322 448 84 39 la
364 448 126 39 fille
447 448 84 39 de
489 448 98 39 son
545 448 140 39 patron
643 448 84 39 et
685 448 98 39 qui
741 448 70 39 a
769 448 112 39 fait
839 448 84 39 de
880 448 140 39 bonnes
964 448 154 39 affaires,

129 475 128 38 offre
214 475 100 38 une
271 475 171 38 position
399 475 71 38 à
428 475 100 38 ses
485 475 214 38 compagnons.
655 475 71 38 —
684 475 85 38 Il
727 475 71 38 y
755 475 71 38 a
784 475 114 38 dans
855 475 128 38 cette
940 475 157 38 comédie
1040 475 71 38 des

129 510 152 34 scènes
235 510 122 34 fort
311 510 213 34 amusantes.
478 510 76 34 —
509 510 152 34 Gérard
615 510 91 34 de
660 510 152 34 Nerval
767 510 167 34 demande
888 510 76 34 à
919 510 91 34 M.
964 510 91 34 de
995 510 122 34 Saint-

130 537 154 49 Georges
242 537 84 49 ce
284 537 126 49 qu’il
368 537 126 49 pense
452 537 84 49 de
494 537 84 49 ce
536 537 140 49 sujet.
635 537 98 49 «La
691 537 210 49 perspective
859 537 182 49 lointaine
999 537 84 49 me
1027 537 84 49 tue,

127 573 154 42 dit-il,
239 573 154 42 n’ayant
351 573 84 42 ni
393 573 126 42 votre
477 573 196 42 prévoyance
631 573 84 42 ni
673 573 126 42 votre
757 573 182 42 certitude
897 573 182 42 d’arriver
1023 573 84 42 tou-

141 609 160 38 ours...»
261 609 133 38 (Voy.,
354 609 107 38 pour
421 609 120 38 cette
501 609 160 38 curieuse
621 609 133 38 pièce,
715 609 80 38 le
755 609 80 38 n°
795 609 93 38 102
848 609 80 38 de
875 609 240 38 l'Amateur

122 637 240 48 d’autographes)

139 674 103 51 23242
207 674 138 51 GIRARDIN
311 674 149 51 (Delphine
426 674 92 51 GAY,
483 674 80 51 Mme
529 674 92 51 de),
586 674 126 51 célèbre
678 674 195 51 femme-auteur.
839 674 103 51 L.
908 674 69 51 a.
931 674 103 51 s.

135 710 82 49 3/4
182 710 70 49 de
217 710 70 49 p.
252 710 105 49 in-8.
322 710 105 49 Jolie
392 710 117 49 pièce.
473 710 58 49 3
485 710 35 49 »

140 752 109 52 23243
212 752 121 52 GOETHE
297 752 85 52 (J.
345 752 97 52 W.),
406 752 73 52 un
442 752 85 52 des
490 752 97 52 plus
551 752 121 52 grands
636 752 121 52 génies
720 752 73 52 de
756 752 193 52 l’Allemagne.
914 752 109 52 L.
986 752 73 52 a.
1010 752 109 52 s.

127 782 114 54 léna,
203 782 76 54 10
241 782 114 54 janv.
318 782 114 54 1818,
394 782 63 54 1
419 782 76 54 p.
457 782 114 54 in-4.
533 782 101 54 Très
597 782 114 54 jolie
673 782 127 54 pièce.
762 782 76 54 45
787 782 38 54 »

137 815 103 54 23244
205 815 160 54 GRANDVILLE
331 815 80 54 (J.
377 815 92 54 J.),
434 815 69 54 le
469 815 149 54 spirituel
583 815 183 54 dessinateur.
732 815 103 54 L.
801 815 69 54 a.
836 815 115 54 s.
916 815 69 54 à.
950 815 80 54 Old
996 815 103 54 Nick,
1065 815 57 54 1
1076 815 46 54 p.

137 854 59 48 pl.
170 854 75 48 in-8.
220 854 134 48 Rare
321 854 33 48 12

166 893 162 52 Plaisante
290 893 137 52 épître,
390 893 75 52 où
427 893 75 52 il
464 893 75 52 le
502 893 100 52 prie
564 893 174 52 d’ajourner
701 893 100 52 leur
763 893 336 52 trigueletonerie
1050 893 62 52 par

129 930 128 40 suite
214 930 128 40 d’une
299 930 213 40 invitation.
469 930 241 40 «Excusez-moi,
668 930 114 40 cher
739 930 128 40 vieux
824 930 156 40 diable,
938 930 184 40 Oldnicks,
1065 930 57 40 et

132 962 125 41 voyez
216 962 84 41 en
257 962 98 41 moi
313 962 84 41 le
355 962 125 41 digne
439 962 153 41 pendant
550 962 84 41 de
592 962 125 41 votre
675 962 195 41 Faustus...
829 962 153 41 Bonjour
940 962 181 41 fraternel
1065 962 56 41 et

135 996 145 39 amical
236 996 72 39 à
265 996 130 39 notre
352 996 130 39 futur
439 996 232 39 co-crocodile
627 996 188 39 Gavarni.»
772 996 72 39 —
800 996 174 39 Old-Nick
931 996 72 39 a
960 996 159 39 répondu
1061 996 58 39 en

134 1028 145 49 marge:
236 1028 116 49 «Sur
309 1028 102 49 ce,
367 1028 87 49 je
410 1028 160 49 propose
526 1028 160 49 samedi.
642 1028 87 49 ça
686 1028 87 49 te
729 1028 174 49 va-t-il,
860 1028 247 49 co-crocodile?
1048 1028 73 49 Ton

112 1059 139 40 NICK.»

141 1085 124 56 23245
224 1085 165 56 GRÉGOIRE
348 1085 165 56 (Henri),
471 1085 248 56 conventionnel,
678 1085 138 56 évêque
774 1085 83 56 de
815 1085 138 56 Blois,
912 1085 151 56 érudit,
1008 1085 110 56 membre

131 1129 75 47 de
168 1129 187 47 l’Institut.
318 1129 112 47 L.
393 1129 75 47 a.
430 1129 125 47 s.
518 1129 62 47 à
543 1129 150 47 Pougens;
655 1129 125 47 Paris,
742 1129 87 47 1er
792 1129 100 47 août
855 1129 112 47 1812,
930 1129 62 47 2
955 1129 75 47 p.
992 1129 112 47 in-4.
1055 1129 62 47 Re-

137 1164 117 45 lative
219 1164 59 45 à
243 1164 70 45 la
278 1164 164 45 traduction
407 1164 152 45 allemande
524 1164 70 45 de
559 1164 70 45 sa
594 1164 211 45 Littérature
770 1164 82 45 des
817 1164 176 45 nègres
957 1164 59 45 3
969 1164 35 45 »

134 1197 121 45 23246
214 1197 121 45 GRIMM
295 1197 94 45 (le
348 1197 121 45 baron
429 1197 107 45 de),
496 1197 148 45 célèbre
603 1197 161 45 écrivain
724 1197 81 45 et
765 1197 188 45 philosophe
912 1197 81 45 du
939 1197 188 45 dix

140 1234 138 42 siècle.
241 1234 113 42 Pièce
316 1234 100 42 aut.
379 1234 113 42 sig.;
454 1234 126 42 Paris,
542 1234 63 42 3
567 1234 100 42 août
630 1234 113 42 1786,
706 1234 88 42 1/2
756 1234 75 42 p.
793 1234 113 42 in-4.
869 1234 63 42 4
881 1234 38 42 »

141 1269 122 51 23247
222 1269 149 51 GUFFROY
330 1269 95 51 (A.
384 1269 81 51 B.
424 1269 122 51 Jos),
505 1269 149 51 célèbre
613 1269 230 51 conventionnel
802 1269 81 51 et
843 1269 203 51 publiciste,
1005 1269 81 51 né
1045 1269 68 51 à
1059 1269 68 51 Ar-

138 1312 99 40 ras.
200 1312 112 40 L.
274 1312 75 40 a.
312 1312 124 40 s.
399 1312 62 40 à
424 1312 75 40 M.
461 1312 149 40 Dumesnil
573 1312 75 40 de
610 1312 162 40 Merville;
734 1312 75 40 10
772 1312 112 40 avril
846 1312 112 40 1790,
921 1312 87 40 3/4
971 1312 75 40 de
1008 1312 75 40 p.
1033 1312 87 40 in

1026 1345 93 44 3
1044 1345 74 44 50

142 1367 105 52 23248
212 1367 105 52 GUISE
282 1367 152 52 (François
399 1367 70 52 de
434 1367 152 52 LORRAINE,
551 1367 82 52 duc
598 1367 93 52 de),
656 1367 82 52 dit
703 1367 105 52 le
773 1367 187 52 Balafré
913 1367 210 52 lieutenant-

135 1417 103 35 ral
194 1417 88 35 du
238 1417 177 35 royaume,
371 1417 88 35 un
415 1417 103 35 des
474 1417 118 35 plus
547 1417 147 35 grands
650 1417 206 35 capitaines
812 1417 88 35 de
856 1417 103 35 son
915 1417 147 35 temps,
1003 1417 118 35 assas-

131 1453 103 38 siné
195 1453 77 38 en
234 1453 103 38 1563
298 1453 90 38 par
349 1453 154 38 Poltrot.
465 1453 115 38 L.
542 1453 141 38 s.
644 1453 103 38 avec
708 1453 77 38 la
747 1453 180 38 souscript.
888 1453 115 38 aut.,
965 1453 77 38 au
991 1453 128 38 sénéchal

137 1479 194 51 d’Agenois;
290 1479 194 51 Joinville,
443 1479 83 51 12
484 1479 139 51 juill.
581 1479 125 51 1551,
665 1479 97 51 1/2
720 1479 83 51 p.
762 1479 167 51 in-fol.,
887 1479 125 51 trace
970 1479 83 51 de
998 1479 125 51 cachet.

1061 1521 71 40 27
1085 1521 35 40 »

162 1529 190 74 Très-belle
312 1529 150 74 lettre,
421 1529 82 74 où
461 1529 82 74 il
502 1529 163 74 proteste
625 1529 82 74 de
665 1529 95 74 son
720 1529 136 74 amitié
815 1529 109 74 pour
883 1529 95 74 lui
937 1529 82 74 et
978 1529 95 74 les
1019 1529 95 74 siens

137 1584 106 48 23249
208 1584 118 48 GUIZOT
291 1584 83 48 (F.
338 1584 71 48 P.
374 1584 95 48 G.),
433 1584 154 48 historien
551 1584 71 48 et
587 1584 106 48 homme
658 1584 130 48 d’État,
752 1584 71 48 de
788 1584 130 48 l’Acad.
882 1584 83 48 fr.
930 1584 106 48 L.
1001 1584 71 48 a.
1024 1584 95 48 s.

130 1622 65 46 à
156 1622 91 46 Mme
208 1622 78 46 de
247 1622 248 46 Sainte-Aulaire;
456 1622 78 46 20
495 1622 156 46 octobre,
612 1622 91 46 3/4
664 1622 78 46 de
704 1622 78 46 p.
743 1622 117 46 in-8.
821 1622 65 46 2
834 1622 52 46 25

165 1659 132 51 Jolie
253 1659 147 51 lettre
356 1659 103 51 sur
415 1659 205 51 l’élection
576 1659 88 51 de
620 1659 88 51 M.
664 1659 88 51 de
708 1659 264 51 Sainte-Aulaire
928 1659 73 51 à
943 1659 176 51 l’Académie

120 1697 169 44 française.

141 1727 119 50 23250
220 1727 159 50 HACHETTE
339 1727 93 50 (J.
392 1727 106 50 Nic.
459 1727 106 50 P.),
525 1727 146 50 célèbre
631 1727 172 50 géomètre,
763 1727 132 50 membre
856 1727 79 50 de
896 1727 199 50 l’Institut,
1055 1727 79 50 né
1081 1727 40 50 à

140 1770 137 48 Mézières
243 1770 172 48 (Ardennes).
380 1770 103 48 L.
448 1770 69 48 a.
483 1770 114 48 s.
563 1770 57 48 à
586 1770 126 48 Lacuée;
677 1770 57 48 6
700 1770 103 48 févr.
769 1770 103 48 1812,
837 1770 57 48 3
860 1770 69 48 p.
895 1770 103 48 in-4.
952 1770 80 48 Très-

133 1805 98 35 belle
199 1805 109 35 lettre
275 1805 186 35 scientifique.
428 1805 55 35 3
439 1805 44 35 50

134 1837 113 52 23251
210 1837 163 52 HAHNEMANN
336 1837 163 52 (Samuel),
461 1837 138 52 célèbre
562 1837 138 52 médecin
662 1837 163 52 allemand,
788 1837 163 52 fondateur
914 1837 75 52 de
939 1837 176 52 l'ho

137 1875 181 37 méopathie.
287 1875 64 37 L.
319 1875 64 37 a.
350 1875 117 37 s.
436 1875 64 37 30
468 1875 85 37 nov.
521 1875 96 37 1828,
585 1875 53 37 1
606 1875 64 37 p.
638 1875 107 37 in-12.
713 1875 171 37 Rare
851 1875 53 37 6
862 1875 32 37 »

134 1913 110 48 23252
207 1913 110 48 HENRI
280 1913 85 48 II,
329 1913 85 48 roi
378 1913 73 48 de
414 1913 134 48 Francé.
512 1913 110 48 L.
585 1913 122 48 s.
671 1913 85 48 aux
719 1913 110 48 doyen
793 1913 73 48 et
829 1913 146 48 chapitre
939 1913 73 48 de
976 1913 146 48 l’église
1073 1913 49 48 de

138 1946 153 49 Langres;
253 1946 127 49 Mâcon,
342 1946 76 49 23
380 1946 127 49 juill.
469 1946 115 49 1548,
546 1946 64 49 1
571 1946 76 49 p.
609 1946 140 49 in-fol.
711 1946 76 49 11
737 1946 38 49 »

165 1980 86 45 Il
208 1980 100 45 les
265 1980 114 45 prie
336 1980 86 45 de
379 1980 171 45 pourvoir
507 1980 128 45 d’une
593 1980 100 45 des
650 1980 186 45 prébendes
793 1980 86 45 de
836 1980 171 45 l’église
964 1980 86 45 de
993 1980 128 45 Langres

129 2018 87 51 le
173 2018 131 51 sieur
260 2018 160 51 Bénigne
362 2018 116 51 Serre.

136 2054 102 62 23253
204 2054 102 62 HENRI
272 2054 91 62 III,
329 2054 80 62 roi
374 2054 68 62 de
409 2054 125 62 France.
500 2054 102 62 L.
568 2054 125 62 s.
659 2054 136 62 contres.
761 2054 239 62 Neufville
966 2054 68 62 au
1000 2054 125 62 marquis
1080 2054 45 62 de

128 2096 159 48 Pizany,
243 2096 101 48 son
301 2096 217 48 ambassadeur
474 2096 72 48 à
503 2096 130 48 Rome;
590 2096 144 48 Paris,
691 2096 72 48 3
720 2096 130 48 avril
806 2096 130 48 1587,
893 2096 101 48 1/2
951 2096 87 48 p.
980 2096 144 48 in

133 2128 131 52 cachet.
228 2128 167 52 Très-belle
359 2128 119 52 pièce.
442 2128 59 52 4
454 2128 36 52 »
