1161 2191
526 16 38 52 —
542 16 46 52 10
557 16 23 52 —

105 67 172 56 Emmanuel
234 67 115 56 II);
305 67 258 56 Fontainebleau,
520 67 86 56 10
563 67 129 56 sept.
649 67 129 56 1688,
734 67 72 56 1
763 67 86 56 p.
806 67 100 56 1/2
863 67 143 56 in--4;
949 67 129 56 cachets

117 115 44 44 et
139 115 73 44 soies.
190 115 117 44 Rare
285 115 44 44 35
300 115 22 44 »

138 132 132 57 Lettre
230 132 132 57 écrite
323 132 66 57 à
349 132 119 57 l’âge
429 132 79 57 de
468 132 159 57 quatorze
587 132 106 57 ans;
654 132 79 57 Il
693 132 159 57 l’assure
812 132 93 57 que
865 132 106 57 rien
931 132 79 57 ne
971 132 93 57 lui
1011 132 79 57 (est

115 181 95 49 lus
170 181 163 49 précieux
292 181 95 49 que
346 181 81 49 la
386 181 122 49 santé
468 181 81 49 du
508 181 108 49 Roi,
576 181 244 49 Monseigneur
779 181 81 49 et
820 181 176 49 frère
942 181 135 49 (Victor-

115 211 146 44 Amédée
218 211 102 44 II,
276 211 102 44 roi
334 211 88 44 de
378 211 204 44 Sardaigne,
539 211 117 44 sont
612 211 219 44 beau-frère)
787 211 88 44 et
831 211 88 44 la
875 211 146 44 gloire
977 211 88 44 de
1006 211 73 44 son

110 248 125 47 Etat,
193 248 111 47 mais
263 248 153 47 ensuite
374 248 111 47 rien
443 248 83 47 ne
485 248 166 47 ssaurait
609 248 83 47 le
651 248 153 47 toucher
762 248 111 47 plus
831 248 97 47 que
887 248 97 47 les
942 248 139 47 succès
1026 248 55 47 de

114 280 98 50 son
170 280 140 50 cousin
268 280 84 50 le
310 280 98 50 duc
366 280 84 50 de
408 280 154 50 Savoie;
520 280 126 50 aussi
604 280 84 50 la
645 280 126 50 prise
729 280 84 50 de
771 280 112 50 Trin
841 280 70 50 a
869 280 98 50 été
925 280 112 50 pour
995 280 98 50 lui
1037 280 56 50 un

119 303 114 60 ujet
190 303 86 60 de
233 303 114 60 joie
304 303 186 60 «d’autant
447 303 114 60 plus
519 303 143 60 grand,
619 303 157 60 dit-il,
733 303 143 60 quelle
833 303 100 60 est
890 303 143 60 leffet
990 303 86 60 de
1019 303 71 60 vos

117 354 116 49 ages
174 354 188 49 projets...»

116 394 127 50 19899
200 394 84 50 LE
243 394 127 50 MÊME.
327 394 127 50 Pièce
412 394 113 50 sig.
482 394 99 50 sur
538 394 141 50 vélin;
637 394 127 50 1703,
721 394 155 50 in-fol.
834 394 155 50 oblong.
947 394 70 50 4
961 394 42 50 »

123 425 106 52 19900
194 425 129 52 ORLÉANS
288 425 82 52 (L.
335 425 71 52 Ph
370 425 71 52 Jh
405 425 94 52 d’),
464 425 82 52 dit
511 425 223 52 Egalité
699 425 212 52 conventionnel,
875 425 141 52 décapité
981 425 71 52 en
1005 425 82 52 1794.

110 459 127 51 Pièce
195 459 127 51 a.
279 459 141 51 s.
378 459 85 51 de
420 459 85 51 28
462 459 141 51 lignes
561 459 71 51 à
589 459 169 51 mi-marge
716 459 85 51 en
759 459 141 51 regard
857 459 127 51 d’une
942 459 141 51 lettre
1027 459 56 51 de

118 497 70 62 M.
153 497 117 62 Limon;
235 497 117 62 Paris,
317 497 70 62 30
352 497 93 62 mars
410 497 105 62 1787,
480 497 58 62 1
504 497 70 62 p.
539 497 128 62 in-fol.
632 497 187 62 Rare
784 497 70 62 15
807 497 35 62 »

63 527 175 59 Réponse
190 527 80 59 à
222 527 95 59 la
270 527 175 59 demande
397 527 143 59 d’une
493 527 207 59 provision
652 527 95 59 de
699 527 111 59 400
763 527 143 59 mille
858 527 159 59 livres
970 527 111 59 que
1017 527 80 59 de-

110 564 133 51 mande
199 564 103 51 Mme
258 564 89 51 la
302 564 177 51 duchesse
435 564 89 51 de
480 564 177 51 Bourbon,
613 564 89 51 sa
657 564 133 51 sœur.
746 564 89 51 Il
790 564 177 51 s’oppose
923 564 74 51 à
953 564 89 51 ce
983 564 103 51 qu’il

111 596 114 52 soit
182 596 128 52 signé
267 596 142 52 aucune
366 596 213 52 ordonnance,
537 596 85 52 vu
580 596 128 52 qu’il
665 596 71 52 a
693 596 99 52 des
750 596 213 52 répétitions
906 596 185 52 importantes

117 639 67 53 à
143 639 120 53 faire
224 639 107 53 dans
290 639 80 53 la
317 639 174 53 succession.

124 681 120 48 19901
204 681 147 48 ORLÉANS
311 681 134 48 (Ferd.
404 681 107 48 Ph.,
471 681 147 48 ducd’),
578 681 107 48 fils
645 681 107 48 aîné
712 681 80 48 de
752 681 254 48 Louis-Philippey
966 681 107 48 mort
1019 681 67 48 par

113 713 162 45 accident
235 713 81 45 en
276 713 122 45 1842.
357 713 122 45 L.
438 713 81 45 a.
479 713 135 45 s.
573 713 81 45 (à
614 713 81 45 M.
654 713 149 45 Cottin,
762 713 68 45 à
790 713 189 45 Tarascon);
925 713 162 45 Tuileries,

119 751 63 52 8
145 751 89 52 mai
195 751 114 52 1832,
271 751 63 52 1
296 751 76 52 p.
334 751 114 52 in-4.
410 751 177 52 Très-belle
549 751 164 52 lettre.15
663 751 38 52 »

53 773 87 63 Il
97 773 87 63 le
140 773 174 63 remercie
271 773 87 63 de
315 773 87 63 la
358 773 145 63 lettre
460 773 131 63 qu’il
547 773 102 63 lui
605 773 73 63 a
634 773 145 63 écrite
736 773 87 63 de
780 773 189 63 Tarascon;
925 773 87 63 et
969 773 87 63 il
998 773 87 63 par-

116 822 113 40 tage
187 822 269 40 les-ssentiments
413 822 226 40 patriotiques
597 822 99 40 qui
653 822 71 40 y
682 822 113 40 sont
752 822 184 40 exprimés.
894 822 170 40 «J’étais
1007 822 85 40 per-

123 845 132 48 suadé
211 845 176 48 d’avance
343 845 102 48 que
401 845 88 48 si
445 845 102 48 les
504 845 161 48 ennemis
621 845 88 48 de
665 845 132 48 notre
752 845 205 48 révolution
913 845 161 48 eussent
1016 845 73 48 osé

129 885 110 47 enter
202 885 61 47 à
227 885 147 47 Tarascon
337 885 74 47 de
374 885 135 47 relever
472 885 98 47 leur
533 885 147 47 drapeau,
643 885 86 47 qui
692 885 74 47 ne
729 885 98 47 sera
790 885 123 47 jamais
864 885 61 47 aux

128 918 109 44 jeux
197 918 82 44 de
238 918 82 44 la
279 918 137 44 France
374 918 96 44 que
429 918 82 44 la
470 918 164 44 bannière
593 918 82 44 de
633 918 232 44 l’absolutisme
825 918 82 44 et
866 918 82 44 du
907 918 123 44 droit
975 918 109 44 divin.

121 948 115 47 vous
192 948 101 47 les
250 948 158 47 eussiez
365 948 158 47 traités
480 948 129 47 comme
566 948 101 47 ils
624 948 172 47 méritent
753 948 86 47 de
796 948 158 47 l’être.
911 948 115 47 Mais
983 948 86 47 je
1012 948 86 47 suis

121 974 159 53 heureux
236 974 87 53 de
280 974 116 53 voir
352 974 101 53 que
410 974 159 53 l’êchec
526 974 145 53 qu’ils
627 974 101 53 ont
685 974 145 53 essuyé
787 974 72 53 à
816 974 188 53 Marseille
961 974 116 53 vous
1019 974 72 53 ait

124 1010 150 62 épargné
233 1010 82 62 la
274 1010 123 62 peine
356 1010 82 62 de
397 1010 95 62 les
437 1010 191 62 recevoir...»

131 1035 112 71 19902
205 1035 74 71 LE
242 1035 112 71 MÊME.
317 1035 112 71 L.
391 1035 136 71 s.
490 1035 87 71 les
540 1035 174 71 Tuileries,
676 1035 87 71 1er
726 1035 99 71 mars
788 1035 112 71 1832,
862 1035 87 71 1/2
912 1035 74 71 p.
949 1035 112 71 in-4.
1011 1035 87 71 Jolie

111 1103 279 36 lettre.
314 1103 127 36 3
339 1103 76 36 »

132 1116 113 59 19903
208 1116 113 59 PACCA
283 1116 88 59 (le
333 1116 150 59 cardinal
445 1116 200 59 Barthélemy),
608 1116 138 59 célèbre
708 1116 150 59 ministre
821 1116 75 59 de
858 1116 88 59 Pie
908 1116 100 59 VII,
971 1116 125 59 auteur
1046 1116 50 59 de

127 1153 126 50 curieux
218 1153 218 50 Mémoires
402 1153 80 50 sur
448 1153 69 50 ce
483 1153 138 50 pontife.
586 1153 103 50 L.
655 1153 69 50 a.
689 1153 115 50 s.
770 1153 69 50 au
804 1153 115 50 prince
885 1153 92 50 ...;
942 1153 115 50 palais
1011 1153 92 50 Pitti,

126 1191 72 53 28
162 1191 96 53 mars
222 1191 108 53 1815,
293 1191 60 53 1
317 1191 72 53 p.
353 1191 132 53 in-fol.
449 1191 108 53 Belle
521 1191 132 53 lettre.
616 1191 60 53 3
628 1191 48 53 50

126 1211 125 78 19964
209 1211 167 78 PALISSOT
335 1211 83 78 DE
376 1211 167 78 MONTENOY
501 1211 195 78 (Charles),
654 1211 125 78 poëte
738 1211 83 78 et
779 1211 208 78 littérateur
946 1211 139 78 fameux
1030 1211 69 78 par

133 1268 85 49 ses
181 1268 146 49 attaques
291 1268 122 49 contre
376 1268 85 49 les
425 1268 182 49 philosophes
571 1268 73 49 et
607 1268 85 49 par
656 1268 73 49 sa
692 1268 134 49 vanité,
789 1268 73 49 né
826 1268 61 49 à
850 1268 122 49 Nancy.
923 1268 134 49 L.

132 1291 106 57 a.
203 1291 117 57 s.
285 1291 59 57 à
308 1291 82 57 Dom
355 1291 129 57 Calmet;
449 1291 117 57 Paris,
531 1291 70 57 24
567 1291 94 57 nov.
625 1291 106 57 1748,
696 1291 59 57 4
719 1291 70 57 p.
755 1291 106 57 in-4.
825 1291 59 57 5
837 1291 35 57 »

154 1319 137 68 Lettre
250 1319 110 68 fort
319 1319 165 68 curieuse
443 1319 137 68 écrite
539 1319 69 68 à
566 1319 124 68 l’âge
649 1319 82 68 de
690 1319 165 68 dix-huit
814 1319 110 68 ans,
882 1319 124 68 comme
965 1319 82 68 il
1006 1319 82 68 le
1033 1319 69 68 dit

121 1369 190 50 lui-même.
267 1369 88 50 Il
311 1369 161 50 régarde
428 1369 131 50 comme
516 1369 102 50 son
574 1369 117 50 plus
647 1369 131 50 grand
735 1369 131 50 éloge
822 1369 161 50 d’avoir
939 1369 102 50 été
983 1369 117 50 remar-

134 1406 105 52 jué
194 1406 105 52 par
254 1406 90 52 un
300 1406 136 52 homme
390 1406 136 52 comme
480 1406 105 52 Dom
541 1406 166 52 Calmet,
661 1406 90 52 et
706 1406 90 52 le
752 1406 181 52 prévient
887 1406 136 52 qu’il
977 1406 105 52 lui
1023 1406 75 52 en-

133 1440 125 48 verra
216 1440 83 48 un
258 1440 194 48 exemplaire
411 1440 125 48 d’une
494 1440 166 48 tragédie
619 1440 83 48 de
660 1440 97 48 lui
716 1440 97 48 qui
771 1440 111 48 doit
840 1440 111 48 être
910 1440 125 48 jouée
993 1440 97 48 cet
1035 1440 69 48 hi-

133 1471 95 47 ver
188 1471 82 47 au
229 1471 285 47 Théâtre-Français.
473 1471 217 47 Intéressants
636 1471 136 47 détails.

126 1501 108 51 19905
198 1501 156 51 PAPAVOINE
317 1501 120 51 (Ate),
401 1501 144 51 criminel
509 1501 132 51 fameux.
605 1501 108 51 Pièce
676 1501 108 51 a.
748 1501 132 51 s.
844 1501 120 51 Brest,
928 1501 84 51 1er
975 1501 96 51 juin
1023 1501 84 51 1815,

132 1548 74 48 3/4
174 1548 63 48 de
205 1548 63 48 p.
237 1548 116 48 in-fol.
321 1548 53 48 2
331 1548 42 48 50

130 1565 110 66 19906
203 1565 98 66 PAUL
264 1565 85 66 II,
313 1565 110 66 pape.
386 1565 110 66 L.
459 1565 73 66 a.
496 1565 134 66 s.
593 1565 110 66 comme
666 1565 122 66 évêque
751 1565 73 66 de
788 1565 146 66 Vicence,
898 1565 73 66 au
934 1565 85 66 duc
983 1565 73 66 de
1007 1565 98 66 Milan;

136 1618 166 43 Vicence,
260 1618 83 43 25
302 1618 124 43 avril
385 1618 124 43 1458,
467 1618 69 43 1
495 1618 83 43 p.
536 1618 110 43 in-4
605 1618 152 43 oblong,
716 1618 138 43 cachet
812 1618 110 43 bien
881 1618 179 43 conservé.
1005 1618 97 43 Très-

139 1661 78 42 belle
191 1661 86 42 pièce.
252 1661 52 42 12
269 1661 26 42 »

135 1679 96 61 19907
199 1679 118 61 PEIGNOT
285 1679 150 61 (Gabriel),
403 1679 64 61 un
435 1679 75 61 des
478 1679 86 61 plus
531 1679 118 61 féconds
617 1679 182 61 bibliographes
766 1679 64 61 de
798 1679 64 61 ce
820 1679 96 61 siècle.

136 1735 101 36 L.
203 1735 68 36 a.
237 1735 124 36 s.
327 1735 113 36 Dijon;
406 1735 56 36 3
428 1735 90 36 mars
485 1735 101 36 1850,
552 1735 56 36 2
575 1735 68 36 p.
608 1735 79 36 1/2
653 1735 101 36 in-4.
721 1735 56 36 4
732 1735 45 36 50

165 1739 182 65 Très-jolie
308 1739 130 65 lettre
399 1739 117 65 toute
478 1739 156 65 relative
595 1739 65 65 à
621 1739 78 65 sa
660 1739 143 65 famille
764 1739 78 65 et
803 1739 143 65 remplie
908 1739 78 65 de
947 1739 143 65 détails
1038 1739 65 65 in-

134 1786 140 53 times.
232 1786 84 53 Sa
274 1786 224 53 bibliothèque
456 1786 98 53 est
512 1786 112 53 trop
582 1786 70 53 à
610 1786 182 53 l’étroit.
750 1786 112 53 «Mes
820 1786 140 53 livres
918 1786 112 53 sont
974 1786 140 53 entassés

139 1822 99 51 dans
200 1822 87 51 les
250 1822 124 51 rayons
336 1822 74 51 et
373 1822 124 51 serrés
460 1822 111 51 comme
534 1822 87 51 des
584 1822 136 51 harengs
682 1822 74 51 en
720 1822 124 51 caque,
806 1822 74 51 ce
843 1822 87 51 qui
880 1822 62 51 est

137 1864 224 42 très-pénible
319 1864 112 42 pour
389 1864 98 42 les
431 1864 224 42 recherches...»

149 1882 102 71 19908
216 1882 147 71 ENTHIÈVRÉ
329 1882 79 71 (L.
374 1882 68 71 J.
408 1882 68 71 M.
442 1882 68 71 de
476 1882 135 71 BOURBON,
578 1882 79 71 duc
623 1882 90 71 de),
679 1882 181 71 grand-amiral
826 1882 68 71 de
848 1882 102 71 France,

145 1943 78 44 qui
189 1943 134 44 repoussa
290 1943 78 44 les
335 1943 123 44 Anglais
424 1943 78 44 des
469 1943 100 44 côtes
536 1943 67 44 de
569 1943 134 44 Bretagne
670 1943 100 44 après
737 1943 67 44 la
770 1943 134 44 bataille
859 1943 45 44 de

150 1973 144 37 Fontenoy.
261 1973 100 37 L.
327 1973 67 37 a.
361 1973 133 37 s.;
461 1973 111 37 Paris,
538 1973 55 37 4
560 1973 89 37 oct.
616 1973 100 37 1784,
683 1973 55 37 1
705 1973 67 37 p.
738 1973 100 37 in-4.
805 1973 55 37 3
816 1973 33 37 »

145 1995 95 71 19909
209 1995 116 71 PFEFFEL
293 1995 201 71 (Chrétien-Fréd.
462 1995 63 71 de
494 1995 190 71 KRIEGELSTEIN),
652 1995 137 71 historien
758 1995 63 71 et
779 1995 137 71 publiciste,

147 2043 67 56 né
180 2043 55 56 à
202 2043 122 56 Colmar.
291 2043 100 56 L.
358 2043 67 56 a.
391 2043 122 56 s.
480 2043 55 56 1
502 2043 67 56 p.
535 2043 100 56 in-8,
602 2043 122 56 cachet.
691 2043 144 56 Curieuse.
802 2043 55 56 3
813 2043 44 56 50

46 2073 120 73 19910
125 2073 159 73 PHILIPPE
245 2073 93 73 II,
298 2073 93 73 roi
351 2073 186 73 d’Espagne.
497 2073 120 73 L.
577 2073 146 73 s.
684 2073 159 73 Segovie,
803 2073 80 73 16
843 2073 120 73 sept.
923 2073 120 73 1562,
1002 2073 66 73 4
1029 2073 80 73 p.
1056 2073 66 73 in

89 2137 117 55 fol.,
167 2137 117 55 trace
245 2137 78 55 de
283 2137 143 55 cachet.
387 2137 65 55 5
400 2137 39 55 »
