1136 2235
540 26 58 59 —
563 26 69 59 13
586 26 35 59 —

129 63 124 74 19939
212 63 138 74 TARGET
309 63 111 74 (Guy
378 63 83 74 J.
420 63 111 74 B.),
489 63 138 74 avocat
586 63 83 74 et
627 63 207 74 constituant
793 63 166 74 célèbre,
917 63 97 74 qui
973 63 138 74 refusa
1056 63 55 74 de

140 119 165 63 défendre
264 119 123 63 Louis
346 119 110 63 XVI.
414 119 123 63 Pièce
497 119 110 63 aut.
565 119 123 63 sig.;
648 119 137 63 Comité
744 119 82 63 de
785 119 233 63 constitution,
977 119 82 63 16
1004 119 96 63 juil-

141 152 72 49 et
177 152 108 49 1790,
249 152 60 49 4
273 152 72 49 p.
309 152 84 49 pl.
356 152 108 49 in-4.
428 152 60 49 6
440 152 36 49 »

165 190 155 55 Rapport
278 190 113 55 fort
348 190 155 55 curieux
461 190 99 55 sur
518 190 99 55 les
574 190 212 55 difficultés
743 190 99 55 qui
800 190 85 55 se
842 190 113 55 sont
913 190 155 55 élevées
1011 190 99 55 entre

130 221 206 57 l’assemblée
295 221 247 57 administrative
501 221 82 57 du
542 221 206 57 département
707 221 82 57 de
748 221 82 57 la
789 221 275 57 Loire-Inférieure
1023 221 82 57 et
1050 221 55 57 la

132 260 232 45 municipalité
320 260 87 45 de
363 260 145 45 Nantes
464 260 232 45 relativement
652 260 87 45 au
696 260 130 45 droit
783 260 87 45 de
826 260 188 45 présence.
956 260 145 45 Intéres-

136 290 142 57 santes
235 290 255 57 considérations
448 290 99 57 sur
504 290 85 57 le
547 290 156 57 respect
660 290 99 57 que
717 290 99 57 les
774 290 269 57 administrateurs
986 290 128 57 doivent

140 324 97 43 aux
196 324 111 43 lois
265 324 83 43 de
307 324 125 43 leurs
377 324 97 43 pays.

136 349 107 71 19940
208 349 119 71 THIERS
291 349 107 71 (A.),
362 349 131 71 célèbre
457 349 155 71 historien
576 349 71 71 et
612 349 107 71 homme
684 349 131 71 d’État.
779 349 107 71 L.
850 349 71 71 a.
886 349 119 71 s.
969 349 60 71 à
993 349 71 71 M.
1017 349 95 71 Véron,

119 388 187 50 3/4
226 388 160 50 de
306 388 160 50 p.
386 388 240 50 in-8.
546 388 240 50 Jolie
706 388 293 50 lettre.
919 388 133 50 3
946 388 80 50 »

144 429 106 60 19941
215 429 165 60 THOUVENEL,
345 429 141 60 ministre
451 429 83 60 des
498 429 141 60 affaires
604 429 177 60 étrangères.
746 429 106 60 L.
816 429 71 60 a.
852 429 118 60 s.
934 429 71 60 au
958 429 153 60 docteur...;

138 463 134 51 Paris
227 463 134 51 1861,
317 463 74 51 1
346 463 89 51 p.
391 463 134 51 in-8,
480 463 119 51 têté
554 463 134 51 impr.
644 463 74 51 2
658 463 45 51 »

142 499 115 62 19942
219 499 140 62 TILENUS
320 499 165 62 (Daniel),
448 499 127 62 savant
537 499 153 62 ministre
651 499 191 62 calviniste,
804 499 115 62 connu
881 499 89 62 par
932 499 89 62 ses
970 499 127 62 disputes

131 540 113 59 avec
202 540 113 59 Davy
273 540 184 59 Duperron,
414 540 198 59 précepteur
570 540 85 59 de
613 540 170 59 Turenne.
740 540 128 59 L.
825 540 85 59 a.
868 540 142 59 s.
967 540 85 59 au
1010 540 99 59 duc
1052 540 57 59 de

134 570 185 51 Bouillon,
276 570 171 51 maréchal
405 570 86 51 de
447 570 157 51 France;
561 570 185 51 Reideltz,
704 570 86 51 31
747 570 114 51 mars
818 570 128 51 1606,
903 570 71 51 3
932 570 86 51 p.
975 570 100 51 pl.
1017 570 86 51 in-

126 604 109 51 fol.,
198 604 133 51 cachets
295 604 97 51 bien
355 604 169 51 conservés.
488 604 109 51 Belle
560 604 121 51 pièce.
645 604 72 51 14
669 604 36 51 »

160 641 140 65 Lettre
258 641 112 65 fort
328 641 223 65 intéressante
509 641 98 65 sur
565 641 98 65 les
621 641 195 65 événements
774 641 84 65 du
816 641 126 65 temps
900 641 84 65 et
942 641 84 65 en
969 641 140 65 particu-

132 675 111 63 lier
201 675 97 63 sur
257 675 83 63 la
298 675 124 63 ville
381 675 83 63 de
423 675 138 63 Sedan,
519 675 124 63 qu’on
602 675 97 63 dit
658 675 166 63 investie
782 675 83 63 de
823 675 111 63 tous
893 675 138 63 côtés.
976 675 124 63 Détails

133 708 224 56 très-curieux
315 708 98 56 sur
371 708 98 56 les
427 708 154 56 démêlés
538 708 84 56 du
580 708 168 56 maréchal
706 708 112 56 avec
776 708 126 56 Henri
846 708 70 56 IV.

134 742 103 51 19943
202 742 92 51 TOTT
260 742 115 51 (Fois,
340 742 103 51 baron
409 742 92 51 de),
466 742 172 51 négociateur
604 742 69 51 et
639 742 241 51 maréchal-de-camp,
845 742 115 51 auteur
914 742 46 51 de

132 779 236 54 Mémoires
330 779 87 54 sur
380 779 87 54 les
430 779 112 54 Turcs
504 779 75 54 et
542 779 87 54 les
591 779 162 54 Tartares,
716 779 75 54 né
753 779 99 54 près
815 779 75 54 La
840 779 261 54 Ferté

123 814 113 65 L.
199 814 75 65 a.
236 814 138 65 s.
337 814 226 65 Saint-Germain,
525 814 75 65 22
562 814 88 65 mai
612 814 113 65 1784,
687 814 63 65 1
712 814 75 65 p.
750 814 113 65 in-4.
825 814 113 65 Jolie
900 814 125 65 lettre
976 814 125 65 relative

130 843 78 47 au
169 843 104 47 Tuic
234 843 117 47 Isaac
313 843 104 47 Bey,
378 843 91 47 ami
430 843 78 47 du
469 843 130 47 sultan
560 843 130 47 Sélim.
652 843 65 47 4
665 843 52 47 50

134 881 117 56 19944
212 881 170 56 VALINCOUR
343 881 91 56 (J.
395 881 78 56 B.
434 881 157 56 TROUSSET
552 881 104 56 de),
617 881 235 56 historiographe
813 881 78 56 du
852 881 104 56 roi,
917 881 91 56 ami
969 881 78 56 de
996 881 104 56 Racine

130 918 83 53 et
172 918 97 53 son
227 918 194 53 successeur
380 918 111 53 dans
449 918 194 53 l’Académie
601 918 194 53 française,
754 918 83 53 et
795 918 69 53 à
823 918 97 53 qui
878 918 152 53 Boileau
975 918 125 53 adressa

135 952 55 53 sa
162 952 64 53 XIe
199 952 101 53 satire.
273 952 83 53 L.
328 952 55 53 a.
356 952 92 53 s.
420 952 46 53 à
439 952 101 53 Mme...;
512 952 46 53 5
531 952 111 53 janvier,
614 952 46 53 2
632 952 55 53 p.
660 952 64 53 pl.
697 952 83 53 in-4.
743 952 64 53 Jolie

86 977 549 40 lettre.
485 977 250 40 6
535 977 150 40 »

133 1015 113 70 19945
209 1015 138 70 VALMORE
309 1015 100 70 (Mme
372 1015 188 70 Desbordes),
523 1015 113 70 poëte
598 1015 151 70 aimable.
711 1015 113 70 L.
786 1015 75 70 a.
824 1015 126 70 s.
912 1015 63 70 à
937 1015 75 70 M.
974 1015 113 70 Émile
1037 1015 63 70 Ma-

137 1053 147 43 niaude,
244 1053 67 43 à
270 1053 134 43 Brest;
364 1053 80 43 30
404 1053 107 43 mars
471 1053 120 43 1840,
551 1053 67 43 1
578 1053 80 43 p.
618 1053 94 43 pl.
672 1053 120 43 in-4.
752 1053 174 43 Curieuse.
886 1053 67 43 2
899 1053 40 43 »

506 1088 73 72 19946
555 1088 81 72 VANLOO
612 1088 98 72 (Carle),
685 1088 89 72 célèbre
750 1088 89 72 peintre
815 1088 49 72 du
839 1088 130 72 dix-huitième
945 1088 89 72 siècle,
1010 1088 49 72 né
1034 1088 41 72 à
1042 1088 57 72 Nice.

129 1128 99 49 L.
195 1128 121 49 s.
283 1128 110 49 Paris,
360 1128 55 49 7
382 1128 77 49 mai
425 1128 99 49 1761,
491 1128 55 49 2
513 1128 66 49 p.
546 1128 77 49 3/4
590 1128 99 49 in-4.
656 1128 55 49 8
667 1128 33 49 »

164 1158 113 61 Jolie
239 1158 125 61 lettre
326 1158 100 61 dans
376 1158 125 61 laquelle

487 1154 78 76 il
526 1154 143 76 annonce
630 1154 117 76 qu’il
709 1154 91 76 est
761 1154 130 76 flatté
852 1154 78 76 de
891 1154 170 76 l’accueil
1009 1154 91 76 qu’on

127 1192 70 63 a
155 1192 112 63 fait
225 1192 84 63 en
266 1192 153 63 Pologne
378 1192 70 63 à
406 1192 98 63 ses
448 1192 153 63 ouvrages.

502 1220 70 63 19947
549 1220 93 63 VAPEREAU
618 1220 70 63 (G.),
664 1220 93 63 l’auteur
734 1220 46 63 du
757 1220 147 63 Dictionnaire
881 1220 54 63 des
912 1220 170 63 contemporains
1058 1220 46 63 né
1074 1220 23 63 à

140 1274 130 46 rléans.
235 1274 107 46 L.
306 1274 71 46 a.
342 1274 130 46 s.
437 1274 119 46 Paris,
520 1274 71 46 26
555 1274 95 46 avr.
615 1274 107 46 1865,
686 1274 59 46 1
710 1274 71 46 p.
745 1274 83 46 1/4
793 1274 107 46 in-8.
864 1274 214 46 Très-curieuse.
1042 1274 59 46 2
1054 1274 47 46 50

129 1310 123 49 19948
211 1310 136 49 VAUBAN
307 1310 191 49 (Sébastièn
456 1310 177 49 LEPRESTRE
593 1310 109 49 de);
661 1310 164 49 maréchal
784 1310 82 49 de
824 1310 150 49 France,
933 1310 109 49 l’un
1002 1310 82 49 de
1029 1310 68 49 nos

474 1353 75 45 plus
520 1353 93 45 grands
586 1353 140 45 ingénieurs.
698 1353 84 45 Ordre
754 1353 84 45 sig.;
810 1353 93 45 Brest,
876 1353 56 45 22
904 1353 75 45 août
950 1353 84 45 1695,
1007 1353 65 45 1/4
1044 1353 56 45 de
1063 1353 37 45 p.

109 1377 307 51 in-fol.
332 1377 140 51 4
360 1377 84 51 »

132 1420 108 46 19949
204 1420 120 46 VERNET
288 1420 108 46 (Jh),
361 1420 132 46 célèbre
457 1420 132 46 peintre
553 1420 72 46 de
589 1420 144 46 marines.
698 1420 108 46 L.
770 1420 72 46 a.
806 1420 120 46 s.
890 1420 60 46 à
914 1420 108 46 M.:.;
987 1420 120 46 Paris,
1059 1420 48 46 18

117 1450 87 47 mai
166 1450 112 47 1783,
241 1450 62 47 1
266 1450 75 47 p.
303 1450 112 47 in-4.
378 1450 75 47 15
403 1450 37 47 »

157 1481 166 54 Relative
282 1481 69 54 à
310 1481 83 54 la
351 1481 194 54 collection
504 1481 97 54 des
559 1481 166 54 gravures
684 1481 153 54 d’après
795 1481 111 54 lui.
864 1481 83 54 Il
906 1481 139 54 envoie
1003 1481 83 54 la
1031 1481 69 54 vue

124 1519 187 52 d’Avignon
268 1519 101 52 qui
325 1519 115 52 fait
397 1519 130 52 suite
484 1519 101 52 «et
541 1519 130 52 qu’on
628 1519 115 52 peut
700 1519 144 52 mettre
801 1519 72 52 à
829 1519 86 52 la
873 1519 115 52 tête
945 1519 86 52 de
973 1519 130 52 l’œuvre

120 1557 145 33 comme
217 1557 161 33 patrie
329 1557 97 33 de
378 1557 242 33 l’auteur...
571 1557 81 33 »

133 1593 122 52 19950
215 1593 231 52 VICTOR-AMÉDÉE
405 1593 95 52 II,
460 1593 95 52 roi
514 1593 82 52 de
555 1593 190 52 Sardaigne,
705 1593 231 52 généralissime
895 1593 95 52 des
949 1593 150 52 troupes
1045 1593 54 52 de

127 1632 118 50 Louis
206 1632 92 50 XIV
258 1632 79 50 en
298 1632 145 50 Italie.
403 1632 118 50 L.
482 1632 79 50 a.
521 1632 132 50 s.
613 1632 66 50 a
640 1632 79 50 sa
679 1632 118 50 tante
758 1632 79 50 la
798 1632 171 50 princesse
929 1632 79 50 de
955 1632 145 50 Carignan;

123 1663 173 61 Chambéri,
256 1663 80 61 11
296 1663 120 61 sept.
376 1663 120 61 1715,
456 1663 67 61 1
482 1663 80 61 p.
522 1663 107 61 in-4
589 1663 173 61 enveloppe
722 1663 80 61 et
762 1663 146 61 cachet.
868 1663 67 61 6
882 1663 53 61 50

128 1697 109 62 19951
200 1697 133 62 VIDOCQ,
297 1697 133 62 célèbre
394 1697 97 62 chef
454 1697 73 62 de
491 1697 73 62 la
527 1697 121 62 police
611 1697 73 62 de
648 1697 133 62 sûreté,
744 1697 121 62 auteur
829 1697 73 62 de
865 1697 133 62 curieux
950 1697 145 62 Mé

129 1735 172 51 moires.
264 1735 74 51 L.
301 1735 74 51 a.
338 1735 123 51 s.
423 1735 61 51 à
448 1735 74 51 M.
485 1735 74 51 le
522 1735 221 51 conseiller...;
706 1735 74 51 18
743 1735 135 51 juillet
841 1735 111 51 1843,
915 1735 61 51 1
939 1735 74 51 p.
976 1735 111 51 in-4.
1050 1735 61 51 3
1062 1735 37 51 »

152 1775 169 55 Curieuse
279 1775 141 55 lettre
377 1775 70 55 à
405 1775 84 55 un
448 1775 84 55 de
490 1775 113 55 ceux
560 1775 99 55 qui
616 1775 169 55 devaient
743 1775 84 55 le
785 1775 141 55 juger.
884 1775 84 55 Il
926 1775 169 55 proteste
1039 1775 56 55 de

125 1814 96 41 son
180 1814 178 41 innocence
317 1814 82 41 et
358 1814 137 41 envoie
454 1814 82 41 un
495 1814 151 41 mémoire
591 1814 206 41 justificatif.

124 1840 105 54 19952
195 1840 141 54 VISCONTI
300 1840 82 54 (E.
347 1840 94 54 Q.),
406 1840 70 54 le
441 1840 129 54 célèbre
534 1840 164 54 antiquaire
663 1840 141 54 italien.
769 1840 129 54 Note
863 1840 82 54 sur
909 1840 82 54 les
945 1840 152 54 seillp

119 1873 154 51 tures
234 1873 154 51 grecques
350 1873 192 51 découvertes
503 1873 64 51 à
529 1873 115 51 Egire
606 1873 77 51 et
644 1873 154 51 déposées
759 1873 102 51 dans
823 1873 115 51 l’ile
900 1873 77 51 de
926 1873 166 51 Zante,

130 1909 110 39 pièce
203 1909 98 39 a
265 1909 147 39 .s.
375 1909 123 39 Paris,
461 1909 74 39 13
497 1909 98 39 fév.
559 1909 110 39 1812,
632 1909 61 39 3
657 1909 74 39 p.
694 1909 86 39 1/4
743 1909 86 39 gr.
792 1909 135 39 in-fol.
890 1909 110 39 Belle
963 1909 123 39 pièce.
1049 1909 61 39 6
1061 1909 37 39 »

127 1950 107 54 19953
199 1950 119 54 VOLNEY
282 1950 83 54 (le
329 1950 83 54 cte
377 1950 95 54 de),
437 1950 131 54 célèbre
532 1950 179 54 philosophe,
675 1950 119 54 auteur
758 1950 83 54 des
805 1950 167 54 Ruines.
936 1950 71 54 L.
972 1950 71 54 a.
996 1950 95 54 s.

126 1985 80 56 au
166 1985 107 56 cit.
233 1985 161 56 Sallior;
354 1985 121 56 Paris
434 1985 80 56 an
474 1985 94 56 II,
528 1985 67 56 2
555 1985 80 56 p.
595 1985 94 56 pl.
649 1985 80 56 in
689 1985 80 56 4.
729 1985 161 56 Relative
850 1985 67 56 à
876 1985 215 56 l’impression
1037 1985 54 56 de

118 2015 75 51 son
161 2015 129 51 ouvrage:
258 2015 97 51 La
322 2015 75 51 Loi
365 2015 193 51 naturelle
526 2015 54 51 5
537 2015 32 51 »

130 2052 110 59 19954
203 2052 208 59 VOLTA(Alex.),
375 2052 172 59 l’illustre
510 2052 172 59 physicien.
645 2052 110 59 Pièce
718 2052 110 59 sig.;
792 2052 110 59 1784,
865 2052 86 59 1/2
914 2052 74 59 p.
951 2052 135 59 in-fol.
1049 2052 61 59 3
1061 2052 37 59 »

132 2092 110 57 19955
205 2092 147 57 VOLTAIRE
316 2092 98 57 (Fr,
377 2092 74 57 M.
414 2092 123 57 AROUET
500 2092 98 57 de),
561 2092 74 57 le
598 2092 110 57 grand
671 2092 172 57 écrivain.à
806 2092 110 57 L.
880 2092 74 57 s.
904 2092 184 57 Voltaire

121 2137 237 46 gentilhomme
318 2137 105 46 ord.
384 2137 79 46 du
423 2137 145 46 Roy
529 2137 79 46 (à
568 2137 79 46 un
607 2137 132 46 auteur
699 2137 210 46 dramatique);
870 2137 145 46 château
976 2137 92 46 (de
1015 2137 79 46 Fer
