1272 2116
555 29 118 70 —
603 29 118 70 3
626 29 71 70 —

164 89 253 63 Marguerite
363 89 271 63 d’Autaiche,
580 89 217 63 duchesse
742 89 108 63 de
796 89 199 63 Savoié;
941 89 199 63 Corbie,
1086 89 108 63 30
1122 89 90 63 oc-

170 157 133 46 tobre
259 157 163 46 (1513),
377 157 104 46 1/2
436 157 89 46 p.
481 157 133 46 in-4,
570 157 133 46 trace
658 157 89 46 de
703 157 163 46 cachet.
821 157 89 46 45
851 157 44 46 »

198 184 81 59 Il
238 184 67 59 a
265 184 108 59 reçu
332 184 81 59 sa
373 184 135 59 lettre
467 184 108 59 avec
534 184 94 59 son
588 184 121 59 sacre
669 184 148 59 qu’elle
776 184 94 59 lui
830 184 67 59 a
857 184 162 59 renvoyé.
978 184 188 59 Témoignage
1113 184 94 59 d’af

148 222 134 46 fection.

347 245 127 65 27284.
436 245 152 65 FRANÇOIS
550 245 101 65 Ier.
613 245 89 65 —P.
664 245 89 65 s.,
715 245 89 65 sur
765 245 127 65 vélin;
854 245 114 65 1518,
930 245 89 65 1p.
980 245 139 65 in-fol.
1082 245 152 65 oblong.6
1183 245 38 65 »

404 296 106 48 27285.
479 296 96 48 HENRI
543 296 74 48 II.
585 296 53 48 —
607 296 64 48 P.
638 296 74 48 s.,
681 296 74 48 sur
724 296 106 48 vélin;
798 296 96 48 1549,
862 296 53 48 1
883 296 64 48 p.
915 296 85 48 in-4
968 296 117 48 oblong.
1053 296 53 48 5
1064 296 32 48 »

427 337 106 52 27286.
502 337 96 52 HENRI
566 337 85 52 III.
619 337 53 52 —
651 337 64 52 L.
682 337 64 52 s.
714 337 64 52 au
746 337 117 52 marquis
831 337 64 52 de
863 337 117 52 Pizani;
948 337 64 52 13
980 337 85 52 juin
1023 337 74 52 1586,

442 377 51 61 1/2
471 377 44 61 p.
493 377 88 61 in-fol.,
559 377 66 61 trace
602 377 44 61 de
624 377 80 61 cachet.
683 377 37 61 5
690 377 22 61 »

421 402 124 65 27287.
508 402 112 65 HENRI
582 402 87 65 IV.
632 402 62 65 —
657 402 75 65 P.
694 402 87 65 s.,
744 402 87 65 sur
793 402 124 65 vélin,
880 402 99 65 avec
943 402 87 65 une
992 402 112 65 ligne
1054 402 162 65 autographe;

413 456 131 68 Paris,
505 456 79 68 14
544 456 105 68 fév.
610 456 118 68 1614,
688 456 92 68 1/2
741 456 79 68 p.
780 456 144 68 in-fol.
885 456 144 68 Légères
990 456 131 68 tachés
1082 456 79 68 et
1108 456 105 68 déchi-

159 510 105 45 rures.
233 510 63 45 25
254 510 32 45 »

196 514 213 80 Très-curieux
369 514 173 80 document.
503 514 120 80 C’est
583 514 80 80 un
623 514 173 80 permis
756 514 80 80 de
796 514 187 80 chasse
943 514 147 80 accordé
1050 514 93 80 par
1103 514 120 80 Henri
1170 514 53 80 IV

290 572 63 54 au
322 572 95 54 sieur
385 572 63 54 de
417 572 63 54 La
438 572 189 54 Fontaine

304 592 141 66 27288.
402 592 127 66 HENRI
487 592 98 66 IV.
543 592 84 66 L.
585 592 84 66 s.
627 592 98 66 aux
684 592 323 66 trésoriers-généraux
965 592 84 66 de
1007 592 141 66 Francé
1106 592 70 66 à
1120 592 98 66 Lyon;

423 648 109 56 Paris,
499 648 65 56 10
532 648 87 56 nov.
586 648 98 56 1598.
651 648 76 56 1/2
695 648 65 56 p.
727 648 130 56 in-fol.,
825 648 98 56 trace
890 648 65 56 de
923 648 119 56 cachet.
1010 648 65 56 12
1031 648 33 56 »

414 677 132 70 27289.
506 677 119 70 LOUIS
586 677 79 70 XI
625 677 66 70 —
652 677 79 70 L.
691 677 79 70 a.
731 677 93 70 s.,
784 677 119 70 comme
863 677 159 70 Dauphin,
982 677 66 70 à
1009 677 145 70 Etienné
1101 677 119 70 Achart;

435 727 137 61 Grenoble,
541 727 63 61 19
572 727 116 61 janvier
656 727 105 61 1456),
730 727 53 61 1
751 727 63 61 p.
782 727 84 61 in-4
835 727 116 61 oblong.
919 727 74 61 550
950 727 32 61 »

424 750 148 69 Précieuse
537 750 102 69 pièce
605 750 79 69 sur
651 750 79 69 des
696 750 125 69 vitraux
787 750 57 69 :
809 750 148 69 «Estyene,
923 750 68 69 je
957 750 91 69 vous
1014 750 102 69 prye,
1082 750 125 69 envoyés
1161 750 57 69 moy

165 807 97 36 ung
220 807 97 36 bon
276 807 152 36 ouvryés
386 807 83 36 de
428 807 124 36 fayre
511 807 180 36 voyrynes,
649 807 97 36 car
704 807 111 36 j’an
774 807 111 36 veux
843 807 124 36 fayre
912 807 152 36 fayre...»

434 824 108 60 27290.
510 824 97 60 LOUIS
575 824 86 60 XII.
629 824 54 60 —
650 824 65 60 L.
683 824 65 60 s.
715 824 76 60 aux
758 824 151 60 chancelier
877 824 65 60 et
909 824 86 60 gens
963 824 108 60 tenant
1039 824 76 60 son
1071 824 65 60 con-

428 874 86 58 seil
482 874 65 58 et
514 874 97 58 sénat
579 874 54 58 à
601 874 108 58 Milan;
676 874 108 58 Blois,
752 874 65 58 19
784 874 97 58 nov.,
849 874 86 58 1/2,
903 874 65 58 p.
935 874 119 58 in-fol.
1021 874 65 58 16
1043 874 32 58 »

205 914 71 49 Il
241 914 131 49 demande
336 914 83 49 que
384 914 83 49 les
431 914 167 49 priviléges
562 914 71 49 de
598 914 71 49 la
634 914 143 49 religion
741 914 71 49 de
776 914 119 49 Rhodes
860 914 119 49 soient
931 914 143 49 fidèlement

174 955 168 39 respectés
303 955 64 39 à
316 955 103 39 Milan.

449 976 88 58 27291.
511 976 79 58 LOUIS
564 976 79 58 XIII.
617 976 44 58 —
634 976 53 58 L.
661 976 62 58 s.;
696 976 79 58 1610,
749 976 62 58 1/2
784 976 53 58 p.
811 976 97 58 in-fol.
873 976 35 58 5»

399 1016 103 71 27292.
471 1016 93 71 LOUIS
533 1016 93 71 XIII.
595 1016 62 71 P.
626 1016 72 71 s.,
668 1016 72 71 sur
709 1016 103 71 vélin;
781 1016 93 71 1618,
843 1016 52 71 1
864 1016 62 71 p.
895 1016 114 71 in-fol.
978 1016 114 71 oblong.
1061 1016 52 71 3
1071 1016 31 71 »

481 1060 102 56 27293.
552 1060 92 56 LOUIS
614 1060 82 56 XIV.
665 1060 51 56 —
686 1060 61 56 L.
716 1060 61 56 s.
747 1060 61 56 au
778 1060 113 56 marquis
860 1060 61 56 de
890 1060 154 56 Belléfonds;
1003 1060 82 56 Paris,

165 1113 139 44 8nov.
257 1113 139 44 1663,
350 1113 77 44 1
380 1113 93 44 p.
427 1113 139 44 in-4,
519 1113 170 44 cachets
643 1113 93 44 et
689 1113 154 44 soies.
797 1113 93 44 22
828 1113 46 44 »

206 1138 74 58 Il
243 1138 86 58 est
292 1138 135 58 content
390 1138 74 58 du
427 1138 123 58 compte
513 1138 111 58 qu’il
587 1138 86 58 lui
636 1138 62 58 a
661 1138 111 58 rendu
735 1138 86 58 des
784 1138 209 58 conversations
956 1138 74 58 de
993 1138 111 58 Turin
1055 1138 49 58 et

167 1182 82 42 de
208 1182 137 42 l’état
304 1182 82 42 de
345 1182 82 42 la
386 1182 123 42 cour.
468 1182 191 42 «Continuez
618 1182 68 42 à
646 1182 178 42 m’escrire
783 1182 109 42 avec
851 1182 82 42 le
892 1182 109 42 même
960 1182 109 42 soin
1029 1182 82 42 le
1070 1182 137 42 détail
1152 1182 68 42 des

171 1213 139 51 choses
268 1213 111 51 dans
338 1213 97 51 les
393 1213 139 51 autres
491 1213 125 51 lieux
574 1213 83 51 où
616 1213 111 51 vous
685 1213 125 51 irez,
769 1213 97 51 car
824 1213 83 51 je
866 1213 111 51 suis
935 1213 111 51 bien
1005 1213 111 51 aise
1074 1213 83 51 de
1102 1213 125 51 sçavoir

159 1250 115 48 tout.»

477 1262 77 75 27294.
531 1262 69 75 LOUIS
577 1262 54 75 XV.
608 1262 39 75 —
624 1262 46 75 P.
647 1262 54 75 s.;
678 1262 69 75 1773,
724 1262 54 75 1/2
755 1262 46 75 p.
778 1262 85 75 in-fol.
839 1262 39 75 3
847 1262 31 75 50

477 1301 127 79 27295.
566 1301 127 79 LOUIS,
656 1301 140 79 dauphin
758 1301 76 79 de
796 1301 140 79 France,
898 1301 102 79 fils
961 1301 76 79 de
1000 1301 115 79 Louis
1076 1301 89 79 XV,
1127 1301 102 79 père
1178 1301 51 79 de

474 1360 129 50 Louis
560 1360 115 50 XVI.
632 1360 72 50 —
660 1360 86 50 L.
703 1360 86 50 a.
746 1360 86 50 s.
789 1360 100 50 (au
847 1360 86 50 P.
890 1360 187 50 Griffet);
1033 1360 158 50 (1747),
1148 1360 72 50 1
1163 1360 57 50 p.

167 1406 82 54 in-4.
222 1406 55 54 15
240 1406 27 54 »

200 1439 84 48 Il
242 1439 84 48 le
284 1439 168 48 remercie
410 1439 84 48 de
452 1439 98 48 son
509 1439 126 48 livré
593 1439 98 48 sur
649 1439 84 48 la
691 1439 196 48 communion.
845 1439 84 48 Il
887 1439 154 48 connait
1000 1439 84 48 la
1042 1439 140 48 pureté
1140 1439 84 48 de
1168 1439 56 48 la

171 1476 160 51 doctrine
291 1476 94 51 des
331 1476 147 51 jésuites.

448 1502 89 57 27296.
511 1502 80 57 LOUIS
564 1502 71 57 XVI.
609 1502 45 57 —
627 1502 54 57 P.
653 1502 62 57 s.;
689 1502 80 57 1791,
742 1502 62 57 1/2
778 1502 54 57 p.
805 1502 98 57 in-fol.
876 1502 45 57 4
885 1502 27 57 »

505 1531 105 69 27297.
578 1531 94 69 LOUIS
641 1531 105 69 XVIII.
714 1531 52 69 —
745 1531 63 69 L.
777 1531 63 69 a.
808 1531 73 69 s.;
850 1531 136 69 Gosfield,
954 1531 63 69 24
986 1531 84 69 fév.
1038 1531 94 69 1809,
1101 1531 73 69 1/2
1132 1531 42 69 p.

175 1600 84 46 in-4.
231 1600 56 46 20
249 1600 28 46 »

479 1607 66 71 Il
512 1607 88 71 s’en
567 1607 131 71 rapporte
665 1607 55 71 à
687 1607 66 71 nx
720 1607 98 71 qu’il
785 1607 55 71 a
807 1607 109 71 nommés
884 1607 98 71 «pour
949 1607 131 71 l’examen
1048 1607 77 71 des
1092 1607 120 71 preuves
1168 1607 55 71 que

181 1666 51 53 M.
206 1666 51 53 de
231 1666 93 53 Puisaye
299 1666 93 53 prétend
366 1666 51 53 me
383 1666 110 53 soumettre».

171 1682 140 71 27298.
269 1682 126 71 LOUIS
353 1682 140 71 XVIII.
451 1682 84 71 P.
493 1682 98 71 s.,
549 1682 98 71 sur
605 1682 140 71 vélin,
703 1682 112 71 sig.
773 1682 126 71 aussi
857 1682 98 71 par
913 1682 84 71 le
955 1682 168 71 comte
1067 1682 154 71 d’Ar

452 1736 151 57 tois;
574 1736 122 57 Coblentz,
668 1736 57 57 10
696 1736 75 57 déc.
744 1736 85 57 1791,
800 1736 47 57 1
819 1736 57 57 p.
847 1736 104 57 in-fol.
923 1736 104 57 oblong.
998 1736 57 57 10
1017 1736 28 57 »

475 1767 111 60 Curieux
556 1767 132 60 document.
657 1767 91 60 C’est
718 1767 61 60 le
748 1767 101 60 brevet
819 1767 61 60 de
849 1767 243 60 colonel-propriétaire
1062 1767 61 60 de
1092 1767 61 60 la
1123 1767 101 60 légion
1184 1767 40 60 de

175 1807 170 51 Mirabeau
303 1807 156 51 délivré
416 1807 85 51 au
459 1807 156 51 vicomte
573 1807 85 51 de
615 1807 170 51 MIRABEAU
743 1807 114 51 (dit
814 1807 170 51 Mirabéau
928 1807 156 51 Tonneau).

604 1823 102 83 27299.
675 1823 184 83 LOUIS-PHILIPPE
829 1823 82 83 Ier.
880 1823 51 83 —
901 1823 61 83 L.
931 1823 61 83 a.
962 1823 72 83 s.,
1003 1823 92 83 comme
1064 1823 72 83 duc
1095 1823 123 83 d’Orléans;

169 1877 174 72 Neuilly,
299 1877 72 72 9
328 1877 174 72 octobre,
458 1877 72 72 1
487 1877 87 72 p.
530 1877 101 72 pl.
588 1877 130 72 in-8.
675 1877 87 72 10
704 1877 43 72 »

170 1915 139 66 27300.
267 1915 250 66 LOUIS-PHILIPPE
476 1915 111 66 Ier.
545 1915 83 66 L.
587 1915 97 66 s.;
642 1915 125 66 1841,
726 1915 97 66 1/2
781 1915 83 66 p.
823 1915 125 66 in-4.
906 1915 69 66 3
920 1915 42 66 »

167 1966 170 54 27301.
286 1966 153 54 MAINE
388 1966 170 54 (L.-A.
507 1966 102 54 de
558 1966 204 54 BOURBON,
712 1966 119 54 duc
780 1966 136 54 du),
865 1966 136 54 fils
950 1966 204 54 légitimé
1086 1966 68 54 de

167 1995 168 64 Louis
280 1995 131 64 XIV
354 1995 112 64 et
411 1995 112 64 de
467 1995 131 64 Mme
541 1995 112 64 de
598 1995 262 64 Montespan.
803 1995 94 64 —
841 1995 112 64 L.
897 1995 112 64 a.
953 1995 112 64 s.
1009 1995 94 64 à
1047 1995 112 64 la
1084 1995 131 64 prin
