1261 2053
559 6 83 50 —
593 6 100 50 16
626 6 50 50 —

169 72 174 53 Très-belle
306 72 137 53 lettre,
405 72 75 53 où
443 72 75 53 il
480 72 162 53 sollicite
605 72 87 53 une
654 72 174 53 préfecture
791 72 100 53 pour
854 72 87 53 son
903 72 100 53 fils
966 72 75 53 et
1003 72 75 53 où
1041 72 75 53 il
1065 72 125 53 rappelle

142 107 94 50 les
195 107 161 50 services
316 107 121 50 qu’il
396 107 67 50 a
423 107 134 50 rendus
517 107 67 50 à
544 107 94 50 son
598 107 107 50 pays
665 107 80 50 en
705 107 121 50 1817,
786 107 80 50 en
826 107 161 50 trouvant
947 107 80 50 le
987 107 121 50 moyen
1067 107 80 50 de
1094 107 94 50 payer

133 139 208 41 l’indemnité
299 139 152 41 promise
410 139 97 41 aux
465 139 194 41 puissances
604 139 180 41 étrangères.

143 175 138 46 27527.
240 175 152 46 PERRAUD
350 175 97 46 (le
405 175 83 46 P.
447 175 124 46 Ad.),
529 175 152 46 célèbre
640 175 152 46 orateur
750 175 83 46 de
792 175 83 46 la
833 175 152 46 chaire.
943 175 69 46 —
957 175 69 46 Ex-

140 210 107 46 dono
207 210 80 46 a.
247 210 80 46 s.
287 210 94 46 sur
341 210 94 46 son
394 210 201 46 Discours
555 210 80 46 de
595 210 188 46 l’Histoire
743 210 80 46 de
783 210 228 46 l’Eglise
957 210 94 46 1866,

138 258 92 49 in-8.
199 258 51 49 3
209 258 31 49 »

146 280 133 66 27528.
239 280 120 66 SULLY
319 280 93 66 (le
372 280 93 66 duc
426 280 107 66 de),
492 280 80 66 le
532 280 120 66 grand
613 280 160 66 ministre
733 280 80 66 de
773 280 120 66 Henri
853 280 93 66 IV.
906 280 67 66 —
933 280 80 66 P.
959 280 67 66 s.;

142 329 135 53 1617,
232 329 75 53 2
262 329 90 53 p.
307 329 105 53 1/4
368 329 165 53 in-fol.
488 329 150 53 Légère
593 329 135 53 tache
683 329 150 53 d’eau.
789 329 75 53 7
804 329 60 53 50

149 366 145 67 27529.
250 366 145 67 THOMAS
351 366 203 67 (Clément),
510 366 159 67 général
626 366 87 67 de
670 366 87 67 la
713 366 130 67 garde
800 366 188 67 nationale
945 366 87 67 en
974 366 101 67 1870,

138 412 106 52 une
199 412 106 52 des
259 412 197 52 premières
411 412 182 52 victimes
548 412 91 52 de
594 412 91 52 la
639 412 167 52 Commune
761 412 91 52 de
806 412 137 52 1871.
897 412 76 52 —
928 412 91 52 P.
958 412 76 52 s.;

143 459 124 54 1848,
226 459 97 54 1/2
281 459 83 54 p.
323 459 124 54 in-8.
406 459 69 54 3
420 459 41 54 »

145 480 146 78 27530.
248 480 161 78 TURENNE
365 480 102 78 (le
423 480 161 78 vicomte
540 480 117 78 de),
613 480 175 78 illustre
745 480 175 78 maréchal
876 480 88 78 de
905 480 132 78 France.

197 528 76 57 —
227 528 91 57 L.
272 528 91 57 a.
318 528 91 57 s.
363 528 91 57 au
409 528 181 57 cardinal
545 528 91 57 de
590 528 197 57 Bouillon;
741 528 91 57 ce
787 528 151 57 lundi,
892 528 106 57 1/2
953 528 91 57 p.
983 528 106 57 in

146 577 138 57 cachet
243 577 138 57 brisé.
339 577 124 57 Jolie
422 577 138 57 pièce.
518 577 83 57 25
546 577 41 57 »

153 619 156 55 27531.
262 619 156 55 UHRICH
371 619 109 55 (le
434 619 202 55 général),
589 619 202 55 défenseur
745 619 93 55 de
792 619 218 55 Strasbourg
963 619 93 55 en
1009 619 140 55 1870.
1087 619 47 55 —

145 657 84 58 L.
187 657 84 58 a.
229 657 98 58 s.,
285 657 70 58 1
313 657 84 58 p.
355 657 98 58 1/2
410 657 126 58 in-8.
494 657 70 58 3
508 657 42 58 »

144 685 171 74 27532.
264 685 205 74 ANASTASI
418 685 188 74 (Aug.),
555 685 188 74 peintre
692 685 103 74 de
743 685 223 74 paysages,
914 685 171 74 devenu
1017 685 171 74 aveugle.

201 736 86 63 —
235 736 104 63 L.
287 736 104 63 a.
339 736 104 63 s.
391 736 104 63 au
443 736 225 63 président
616 736 104 63 de
667 736 104 63 la
719 736 190 63 Société
858 736 121 63 des
927 736 138 63 amis
1013 736 121 63 des
1065 736 121 63 arts;

143 783 88 57 30
187 783 132 57 janv.
275 783 132 57 1856,
363 783 73 57 1
393 783 88 57 p.
437 783 103 57 1/2
496 783 132 57 in-8.
584 783 73 57 3
598 783 59 57 50

183 819 115 48 Envoi
260 819 103 48 d’un
324 819 141 48 tableau
427 819 205 48 représentant
593 819 115 48 Un
670 819 154 48 Souvenir
786 819 90 48 des
837 819 115 48 bords
914 819 77 48 de
952 819 141 48 l’Elbe,
1042 819 154 48 soleil

149 854 224 42 couchant
338 854 94 42 dont
396 854 71 42 il
432 854 129 42 demande
526 854 82 42 350
561 854 59 42 fr.

149 884 150 52 27533.
254 884 210 52 BESSIÈRES,
419 884 105 52 duc
478 884 195 52 d’Istrie,
628 884 180 52 maréchal
763 884 90 52 de
808 884 165 52 France,
928 884 105 52 tué
987 884 75 52 à
1017 884 90 52 la
1047 884 150 52 bataille

338 919 87 61 de
381 919 159 61 Lutzen.
497 919 72 61 —
526 919 87 61 L.
569 919 101 61 s.;
627 919 87 61 an
670 919 130 61 VIII,
757 919 72 61 1
786 919 87 61 p.
829 919 174 61 in-fol.,
960 919 116 61 tête
1032 919 130 61 impr.
1119 919 72 61 2
1133 919 58 61 50

356 954 140 62 27534.
454 954 182 62 BONAPARTE
595 954 196 62 (Pauline),
749 954 182 62 princesse
889 954 182 62 Borghèse,
1030 954 112 62 sœur
1100 954 84 62 de
1128 954 70 62 Na-

363 1003 128 51 poléon
453 1003 89 51 Ier
504 1003 64 51 —
529 1003 128 51 Billet
618 1003 77 51 de
657 1003 64 51 4
682 1003 128 51 lignes
771 1003 102 51 aut.
835 1003 115 51 sig.,
912 1003 89 51 1/2
963 1003 77 51 p.
1001 1003 128 51 in-18.
1090 1003 64 51 4
1103 1003 38 51 »

339 1046 125 60 27535.
427 1046 150 60 GATTEAUX
540 1046 113 60 (E.),
615 1046 138 60 célèbre
715 1046 150 60 graveur,
828 1046 125 60 membre
915 1046 75 60 de
953 1046 188 60 l’Institut.
1090 1046 38 60 —

334 1088 42 56 L.
355 1088 42 56 a.
376 1088 49 56 s.,
404 1088 49 56 1/2
432 1088 42 56 p.
452 1088 63 56 in-8.
494 1088 35 56 2
501 1088 21 56 »

330 1112 127 64 27536.
419 1112 140 64 LAHARPE
521 1112 140 64 (J.-Fr.
622 1112 102 64 de),
686 1112 140 64 célèbre
787 1112 165 64 critique,
914 1112 76 64 de
952 1112 140 64 l’Acad.
1054 1112 89 64 fr.
1092 1112 38 64 —

145 1177 125 46 Reçu
224 1177 94 46 de
270 1177 78 46 3
302 1177 156 46 lignes
411 1177 94 46 a.
458 1177 109 46 s.;
521 1177 141 46 1797,
615 1177 109 46 1/2
677 1177 94 46 p.
724 1177 125 46 in-8
802 1177 172 46 oblong.
927 1177 78 46 3
943 1177 47 46 »

158 1205 113 57 27537.
237 1205 158 57 MAXIMILIEN
360 1205 79 57 II,
406 1205 135 57 empereur
507 1205 180 57 d’Allemagne.
653 1205 56 57 —
676 1205 68 57 L.
710 1205 79 57 s.,
755 1205 68 57 en
777 1205 79 57 fran-

151 1257 149 45 çais,
250 1257 132 45 avec
332 1257 99 45 la
382 1257 231 45 souscript.
563 1257 149 45 aut.,
662 1257 83 45 à
695 1257 215 45 Catherine
860 1257 99 45 de
910 1257 198 45 Médicis;
1042 1257 149 45 Vienne,

153 1285 96 54 17
201 1285 129 54 oct.
282 1285 145 54 1568,
378 1285 113 54 3/4
442 1285 96 54 de
491 1285 96 54 p.
539 1285 193 54 in-fol.,
684 1285 145 54 trace
780 1285 96 54 de
828 1285 177 54 cachet.
957 1285 145 54 Belle
1053 1285 96 54 et
1085 1285 113 54 inté-

152 1330 155 51 ressante
268 1330 142 51 lettre.
371 1330 65 51 6
384 1330 39 51 »

161 1345 153 76 27538.
268 1345 107 76 PYE
329 1345 168 76 (John),
451 1345 168 76 célèbre
573 1345 168 76 graveur
695 1345 183 76 anglais.
832 1345 76 76 —
862 1345 92 76 L.
908 1345 92 76 a.
954 1345 92 76 s.
1000 1345 76 76 à
1030 1345 92 76 M.
1061 1345 137 76 Fincke;

155 1404 91 55 15
200 1404 121 55 déc.
276 1404 136 55 1846,
367 1404 106 55 3/4
427 1404 91 55 de
473 1404 91 55 p.
518 1404 136 55 in-4.
609 1404 136 55 Belle
700 1404 151 55 pièce.
805 1404 76 55 4
821 1404 45 55 »

152 1442 164 58 27539.
266 1442 180 58 RÉMUSAT
397 1442 131 58 (Ch.
479 1442 131 58 de),
561 1442 229 58 philosophe
741 1442 98 58 et
790 1442 147 58 homme
889 1442 180 58 d’État,
1020 1442 98 58 de
1053 1442 147 58 l’Acad.

149 1494 104 61 fr.
208 1494 74 61 —
238 1494 89 61 L.
283 1494 89 61 a.
327 1494 104 61 s.,
386 1494 74 61 1
416 1494 89 61 p.
460 1494 104 61 1/2
520 1494 133 61 in-8.
609 1494 74 61 2
624 1494 44 61 »

155 1513 171 65 27540.
275 1513 188 65 VILLARS
411 1513 188 65 (L.-H.,
548 1513 120 65 duc
617 1513 137 65 de),
702 1513 205 65 maréchal
856 1513 103 65 de
907 1513 188 65 France,
1044 1513 103 65 le
1078 1513 120 65 vain-

455 1579 117 37 queur
533 1579 78 37 de
572 1579 143 37 Denain.
675 1579 65 37 —
701 1579 78 37 P.
740 1579 91 37 s.;
792 1579 117 37 1692,
870 1579 65 37 1
896 1579 78 37 p.
935 1579 156 37 in-fol.,
1051 1579 143 37 cachet.
1155 1579 65 37 3
1168 1579 39 37 »

163 1608 177 56 27541.
287 1608 160 56 WURTZ
394 1608 177 56 (Ad.),
518 1608 213 56 chimiste
678 1608 195 56 habile,
820 1608 177 56 membre
944 1608 106 56 de
997 1608 195 56 l’Acad.
1121 1608 89 56 des

158 1655 190 67 Sciences.
305 1655 73 67 —
334 1655 88 67 L.
378 1655 88 67 a.
422 1655 103 67 s.,
481 1655 73 67 1
510 1655 88 67 p.
554 1655 132 67 in-8.
642 1655 73 67 2
656 1655 59 67 50

271 1717 269 72 Lauthenticite
499 1717 94 72 des
553 1717 202 72 autographes
715 1717 94 72 ett
755 1717 202 72 garantie

410 1801 150 58 EN
460 1801 349 58 PRÉPARATION:

80 1845 184 54 Quatre
221 1845 198 54 Catalogues
377 1845 85 54 de
419 1845 156 54 Lettres
532 1845 226 54 autographes,
716 1845 113 54 dont
787 1845 99 54 les
844 1845 141 54 ventes
943 1845 141 54 auront
1028 1845 141 54 lieu

30 1880 123 63 de
112 1880 151 63 février
222 1880 68 63 à
249 1880 151 63 ma
359 1880 123 63 1876.
441 1880 164 63 Parmi
564 1880 96 63 eux
619 1880 82 63 se
660 1880 137 63 trouve
756 1880 123 63 celui
838 1880 82 63 de
879 1880 82 63 la
920 1880 123 63 belle
989 1880 219 63 collection

445 1925 116 52 de
523 1925 142 52 feu
626 1925 78 52 M.
652 1925 129 52 RATHERY.

330 1966 213 73 Typographie
501 1966 185 73 Motteroz,
643 1966 100 73 37,
700 1966 100 73 rue
757 1966 85 73 du
785 1966 114 73 Dragon
