1241 2104
577 35 38 51 —
593 35 46 51 14
608 35 23 51 —

174 78 110 64 Elle
243 78 165 64 s’excuse
366 78 82 64 de
408 78 82 64 ne
449 78 96 64 pas
504 78 110 64 être
572 78 124 64 allée
655 78 82 64 le
696 78 124 64 voir,
778 78 110 64 mais
847 78 110 64 elle
915 78 96 64 est
970 78 110 64 fort
1039 78 151 64 occupée
1135 78 55 64 de

142 119 148 56 l’étude
249 119 108 56 d’un
316 119 108 56 rôle
384 119 148 56 nouveau
491 119 94 56 qui
545 119 188 56 l’absorbe.
693 119 94 56 «Il
746 119 81 56 me
787 119 161 56 vieillit
908 119 81 56 et
948 119 81 56 me
988 119 161 56 rajeunit
1096 119 94 56 selon

136 167 97 36 les
192 167 139 36 effets
289 167 97 36 que
345 167 97 36 j’y
401 167 139 36 trouve
498 167 111 36 dans
568 167 84 36 ma
609 167 153 36 journée
721 167 84 36 ou
762 167 111 36 dans
832 167 84 36 ma
860 167 139 36 soirée.»

142 189 172 63 27501.
262 189 189 63 RACHEL.
399 189 103 63 L.
451 189 103 63 a.
502 189 103 63 s.
554 189 103 63 au
605 189 155 63 même,
708 189 86 63 1
743 189 103 63 p.
794 189 120 63 pl.
863 189 155 63 in-8,
966 189 172 63 papier
1086 189 86 63 à
1103 189 86 63 son

146 244 114 60 chiffre.
232 244 57 60 10
251 244 29 60 »

176 281 82 49 Au
217 281 137 49 moment
314 281 82 49 de
355 281 137 49 partir
451 281 110 49 pour
520 281 82 49 la
561 281 151 49 Russie,
671 281 110 49 elle
740 281 165 49 l’invite
863 281 69 49 à
891 281 137 49 diner.
987 281 151 49 «Songez
1097 281 96 49 que
1138 281 55 49 je

144 317 125 37 serai
228 317 153 37 absente
339 317 98 37 six
395 317 111 37 mois
464 317 84 37 de
506 317 98 37 mon
562 317 111 37 cher
618 317 125 37 Paris.»

152 350 123 46 27502.
238 350 110 46 ROSSI
311 350 172 46 (Ernesto),
446 350 74 46 le
483 350 110 46 grand
557 350 160 46 tragédien
679 350 147 46 italien.
790 350 61 46 —
814 350 74 46 L.
851 350 74 46 a.
876 350 61 46 s.;

140 394 203 42 Florence,
296 394 94 42 29
343 394 125 42 mars
421 394 140 42 1873,
515 394 78 42 3
546 394 94 42 p.
593 394 109 42 1/2
655 394 156 42 in-12.
764 394 140 42 Jolie
858 394 172 42 lettre.
983 394 78 42 5
998 394 47 42 »

304 432 95 57 27503.
370 432 104 57 SAMSON.
445 432 47 57 —
464 432 57 57 L.
493 432 57 57 a.
521 432 66 57 s.,
559 432 66 57 1/2
597 432 57 57 p.
625 432 85 57 in-8.
682 432 47 57 1
691 432 38 57 75

143 473 161 49 27504.
256 473 193 49 TAGLIONI
401 473 193 49 (Marie).
546 473 81 49 —
578 473 97 49 L.
626 473 97 49 a.
675 473 113 49 s.,
739 473 81 49 à
771 473 290 49 Saint-Georges,
1013 473 81 49 1
1045 473 97 49 p.
1077 473 113 49 in

145 517 122 50 cachet.
234 517 55 50 3
245 517 33 50 »

149 549 143 66 27505.
249 549 128 66 TALMA
334 549 143 66 (Fr.).
434 549 114 66 Reçu
506 549 86 66 a.
548 549 100 66 s.;
605 549 128 66 1824,
691 549 71 66 1
720 549 86 66 p.
762 549 114 66 in-8
834 549 157 66 oblong.
948 549 71 66 4
962 549 43 66 »

489 642 192 63 DIVERS

264 683 217 66 (GUERRIERS,
437 683 217 66 DIPLOMATES,
610 683 289 66 ECCLÉSIASTIQUES,
841 683 101 66 ETC.)

139 732 163 76 27506.
253 732 147 76 ANCRE
351 732 196 76 (Concino
498 732 196 76 Concini,
645 732 180 76 marquis
776 732 131 76 d’),
857 732 196 76 maréchal
1004 732 98 76 de
1037 732 147 76 France,

133 795 186 49 favori
263 795 111 49 de
319 795 167 49 Louis
430 795 167 49 XIII,
542 795 130 49 qui
616 795 111 49 le
672 795 130 49 fit
746 795 260 49 assassiner
950 795 111 49 en
1005 795 148 49 1617
1098 795 93 49 —
1117 795 74 49 L.

135 838 103 56 a.
186 838 103 56 s.
238 838 86 56 à
272 838 241 56 Nérestang;
461 838 103 56 13
513 838 172 56 (sept.
633 838 172 56 1615),
753 838 86 56 1
788 838 103 56 p.
839 838 120 56 pl.
908 838 189 56 in-fol.
1028 838 155 56 Coupure

141 883 119 47 dans
215 883 89 47 la
260 883 134 47 marge
349 883 238 47 n’atteignant
542 883 104 47 pas
601 883 89 47 le
646 883 148 47 texte.
750 883 89 47 35
779 883 45 47 »

171 921 120 48 Pièce
251 921 201 48 historique.
412 921 80 48 Il
452 921 134 48 trouve
545 921 94 48 bon
599 921 94 48 que
653 921 80 48 M.
693 921 80 48 de
733 921 174 48 Nérestang
867 921 120 48 aille
947 921 67 48 à
974 921 187 48 Montdidier
1108 921 80 48 avec

141 957 82 43 M.
182 957 82 43 de
223 957 123 43 Mony.
305 957 82 43 Il
346 957 150 43 exprime
455 957 82 43 sa
495 957 150 43 crainte
604 957 123 43 d’une
686 957 191 43 entreprise
836 957 95 43 sur
877 957 136 43 Péronne.

144 973 172 69 27507.
264 973 223 69 ASSEMBLÉE
436 973 223 69 NATIONALE
607 973 103 69 DE
659 973 155 69 1849.
762 973 86 69 —
796 973 258 69 Déclaration
1002 973 172 69 signée
1105 973 86 69 par

144 1033 83 46 17
186 1033 167 46 membres,
311 1033 125 46 parmi
394 1033 167 46 lesquels
519 1033 250 46 Greppo
727 1033 250 46 Cholat
921 1033 264 46 Bertholon

140 1077 134 47 P.
230 1077 209 47 Joigneaux,
393 1077 149 47 Faure,
498 1077 89 47 A.
542 1077 209 47 Baudin
706 1077 119 47 (tué
781 1077 89 47 en
826 1077 179 47 décembre
945 1077 119 47 1851),

152 1116 246 55 Gindriez
361 1116 221 55 Bancel
545 1116 111 55 etc.;
618 1116 74 55 21
655 1116 98 55 nov.
717 1116 111 55 1851,
790 1116 61 55 1
815 1116 74 55 p.
852 1116 86 55 1/4
901 1116 111 55 in-8.
975 1116 74 55 12
999 1116 37 55 »

146 1156 148 45 27508.
250 1156 178 45 BOUILLON
383 1156 148 45 (Henri
487 1156 89 45 de
531 1156 89 45 LA
575 1156 118 45 TOUR
649 1156 222 45 D’AUVERGNE,
827 1156 104 45 duc
886 1156 118 45 de),
945 1156 104 45 maré-

135 1201 133 45 chal
219 1201 100 45 de
268 1201 183 45 France,
402 1201 100 45 un
452 1201 116 45 des
518 1201 150 45 chefs
618 1201 116 45 des
685 1201 266 45 Protestants,
901 1201 133 45 père
967 1201 67 45 de

302 1237 162 60 Turenne.
423 1237 67 60 —
450 1237 81 60 L.
490 1237 81 60 a.
531 1237 81 60 s.
571 1237 67 60 à
598 1237 189 60 Du-Plessis
747 1237 148 60 Mornay;
855 1237 67 60 8
882 1237 121 60 août,
963 1237 94 60 1/2
1003 1237 54 60 p.

145 1278 155 53 in-fol.
258 1278 141 53 Légère
357 1278 198 53 déchirure.
512 1278 85 53 20
541 1278 42 53 »

145 1318 145 45 27509.
246 1318 160 45 BRISSOT
362 1318 87 45 DE
406 1318 174 45 WARVILLE
536 1318 174 45 (J.-P.),
667 1318 160 45 célèbre
783 1318 261 45 conventionnel,
986 1318 102 45 déca-

136 1363 127 50 pité
216 1363 95 50 en
263 1363 143 50 1793.
359 1363 79 50 —
390 1363 95 50 L.
438 1363 95 50 a.
486 1363 79 50 à
518 1363 127 50 l’un
597 1363 95 50 de
645 1363 111 50 ses
708 1363 270 50 compatriotes;
931 1363 95 50 19
963 1363 79 50 mai

152 1402 134 54 1793),
245 1402 67 54 2
272 1402 80 54 p.
312 1402 120 54 in-4.
392 1402 80 54 20
419 1402 40 54 »

171 1440 125 43 Pièce
254 1440 208 43 historique.
421 1440 97 43 Ils
476 1440 111 43 sont
545 1440 111 43 dans
615 1440 97 43 une
670 1440 166 43 horrible
795 1440 194 43 tourmente.
947 1440 83 43 La
989 1440 139 43 moitié
1086 1440 97 43 des
1128 1440 69 43 dé-

145 1479 115 42 putés
222 1479 77 42 ne
260 1479 154 42 couchent
376 1479 90 42 pas
427 1479 102 42 dans
491 1479 115 42 leurs
568 1479 115 42 logis
644 1479 179 42 habituels.
785 1479 77 42 Il
824 1479 64 42 a
849 1479 141 42 entendu
952 1479 102 42 dire
1016 1479 64 42 :
1041 1479 115 42 On
1105 1479 90 42 a

137 1514 217 40 guillotiné
316 1514 115 40 assez
393 1514 77 40 de
431 1514 115 40 têtes
508 1514 77 40 de
546 1514 192 40 cuisiniers,
699 1514 77 40 de
737 1514 140 40 cochers
839 1514 77 40 de
878 1514 153 40 fiacres:
993 1514 77 40 ce
1031 1514 102 40 sont
1082 1514 115 40 des

142 1544 150 41 têtes
255 1544 75 41 de
293 1544 226 41 conventionnels
481 1544 113 41 qu’il
556 1544 100 41 faut
619 1544 251 41 guillotiner
832 1544 75 41 Il
869 1544 150 41 proteste
982 1544 125 41 qu’ils
1057 1544 138 41 resteront

141 1571 62 37 à
165 1571 99 37 leur
227 1571 124 37 poste.
314 1571 86 37 «M.
363 1571 161 37 Dargnier,
487 1571 111 37 notre
561 1571 124 37 ancien
647 1571 259 37 procureur-syndic,
870 1571 86 37 que
919 1571 99 37 j’ai
969 1571 86 37 placé

145 1605 108 39 hier
213 1605 68 39 à
240 1605 81 39 la
281 1605 149 39 séance,
389 1605 68 39 a
417 1605 95 39 été
471 1605 108 39 bien
538 1605 163 39 vivement
660 1605 149 39 affecté
769 1605 95 39 des
823 1605 217 39 mugissements
999 1605 95 39 des
1040 1605 149 39 tribunes,

139 1634 70 61 à
167 1634 84 61 la
209 1634 112 61 voix
279 1634 84 61 de
321 1634 126 61 Marat
405 1634 112 61 nous
475 1634 168 61 menaçant
601 1634 84 61 de
643 1634 112 61 nous
712 1634 126 61 faire
796 1634 154 61 égorger
908 1634 98 61 par
964 1634 98 61 son
1020 1634 140 61 peuple
1104 1634 84 61 sou-

149 1672 147 41 verain.
242 1672 40 41 »

146 1681 129 89 27510.
236 1681 129 89 CANOVA
326 1681 142 89 (Ant.),
429 1681 77 89 le
468 1681 116 89 grand
545 1681 167 89 sculpteur
674 1681 154 89 italien.
790 1681 64 89 —
815 1681 129 89 Billet
893 1681 51 89 de

142 1741 75 61 5
172 1741 149 61 lignes
276 1741 89 61 a.
321 1741 104 61 s.;
381 1741 164 61 (1811),
500 1741 104 61 1/2
560 1741 89 61 p.
604 1741 119 61 in-8
679 1741 164 61 oblong.
798 1741 75 61 8
813 1741 45 61 »

139 1788 178 65 27511.
264 1788 250 65 CANROBERT,
460 1788 214 65 maréchal
621 1788 107 65 de
674 1788 196 65 France.
817 1788 89 65 —
852 1788 107 65 L.
906 1788 107 65 a.
959 1788 125 65 s.,
1031 1788 89 65 1
1066 1788 107 65 p.
1102 1788 89 65 1/4

145 1827 80 49 in-8.
199 1827 45 49 2
207 1827 36 49 50

152 1866 125 69 27512.
240 1866 176 69 CANROBERT.
378 1866 75 69 L.
416 1866 88 69 s.,
466 1866 63 69 1
491 1866 75 69 p.
529 1866 113 69 in-8.
604 1866 63 69 1
616 1866 38 69 »

150 1888 155 87 27513.
259 1888 155 87 CARREL
368 1888 140 87 (A.),
461 1888 171 87 célèbre
586 1888 233 87 publiciste,
772 1888 109 87 tué
835 1888 93 87 en
881 1888 124 87 duel
959 1888 93 87 en
1006 1888 140 87 1836.
1083 1888 47 87 —

139 1952 90 54 P.
184 1952 105 54 s.;
244 1952 150 54 Paris,
350 1952 90 54 17
395 1952 120 54 mars
470 1952 135 54 1836,
560 1952 75 54 4
590 1952 90 54 p.
635 1952 165 54 in-fol.
756 1952 75 54 7
771 1952 60 54 50

182 1986 71 55 Bail
226 1986 80 55 d’une
280 1986 89 55 maison
342 1986 71 55 sise
386 1986 62 55 rue
421 1986 53 55 Le
448 1986 115 55 Pelétier,
537 1986 53 55 n°
563 1986 53 55 3,
590 1986 71 55 pour
634 1986 115 55 installer
723 1986 62 55 les
749 1986 80 55 bureaux

140 2029 63 56 du
162 2029 190 56 National
