1208 2123
579 23 82 52 —
611 23 82 52 2
628 23 49 52 —

136 88 169 63 1820.
249 88 94 63 —
286 88 113 63 L.
343 88 113 63 s.
399 88 113 63 au
456 88 169 63 baron
568 88 113 63 de
625 88 225 63 Lamotte;
794 88 188 63 Paris,
925 88 94 63 9
963 88 169 63 janv.
1057 88 131 63 1816,

144 124 61 63 1
168 124 73 63 p.
205 124 98 63 8/4,
266 124 110 63 in-4.
339 124 61 63 6
351 124 37 63 »

171 169 84 68 Il
213 169 139 68 refuse
311 169 84 68 de
352 169 139 68 croire
450 169 84 68 au
492 169 167 68 repentir
617 169 84 68 du
659 169 153 68 colonel
771 169 84 68 de
813 169 167 68 Galbois,
938 169 98 68 qui
994 169 70 68 a
1022 169 139 68 montré
1105 169 84 68 trop

133 194 230 57 d’ingratitude
323 194 135 57 envers
417 194 95 57 son
471 194 95 57 Roi
525 194 108 57 lors
593 194 81 57 du
634 194 135 57 retour
728 194 81 57 de
755 194 203 57 l’usurpateur.

140 243 149 62 27271.
245 243 194 62 BONAPARTE
394 243 194 62 (Joseph),
543 243 105 62 roi
603 243 209 62 d’Espagne,
768 243 134 62 frère
857 243 90 62 de
902 243 179 62 Napoléon
1036 243 120 62 Ier.
1096 243 45 62 —

136 291 79 58 L.
175 291 92 58 s.,
228 291 92 58 1/2
281 291 79 58 p.
320 291 119 58 in-4.
399 291 66 58 1
412 291 53 58 50

133 334 137 72 27272
224 334 198 72 BONAPARTE
376 334 183 72 (Louis),
513 334 107 72 roi
574 334 91 72 de
620 334 198 72 Hollande,
772 334 122 72 père
848 334 91 72 de
894 334 183 72 Napoléon
1030 334 122 72 III.
1091 334 46 72 —

138 378 80 56 L.
178 378 80 56 a.
217 378 93 56 s.,
270 378 93 56 1/2
323 378 80 56 p.
363 378 119 56 in-4.
443 378 66 56 4
456 378 53 56 »»

137 422 164 59 27273.
251 422 213 59 CATHERINE
415 422 98 59 DE
464 422 197 59 BOURBON,
612 422 197 59 duchesse
759 422 98 59 de
808 422 131 59 Bar,
890 422 131 59 sœur
972 422 98 59 de
1021 422 147 59 Henri
1103 422 82 59 IV,

137 468 170 45 célèbre
260 468 108 45 par
322 468 108 45 son
384 468 232 45 attachement
570 468 93 45 au
616 468 294 45 protestantisme.
864 468 77 45 —
895 468 93 45 P.
926 468 77 45 s.;

139 504 137 54 1585,
230 504 107 54 1/2
291 504 92 54 p.
337 504 107 54 gr.
398 504 168 54 in-fol.
520 504 183 54 Fatiguée
658 504 122 54 dans
734 504 107 54 les
795 504 137 54 plis.
887 504 76 54 5
902 504 46 54 »

409 548 116 56 27274.
490 548 127 56 CHARLES
583 548 81 56 VI.
629 548 58 56 —
652 548 69 56 L.
687 548 81 56 s.,
733 548 81 56 sur
779 548 116 56 vélin,
860 548 81 56 aux
906 548 173 56 conseillers
1045 548 69 56 et
1068 548 127 56 habitants

125 589 114 56 de
182 589 171 56 Lyon;
296 589 189 56 Paris,
428 589 114 56 19
485 589 152 56 mai,
580 589 133 56 1/2
656 589 114 56 p.
712 589 208 56 in-fol.
864 589 208 56 oblong,
1015 589 171 56 trace
1110 589 76 56 de

143 627 96 62 cachet.
213 627 140 62 Rare
327 627 61 62 100
353 627 26 62 »

162 659 139 63 Lettre
259 659 83 63 de
301 659 153 63 créance
412 659 111 63 pour
481 659 97 63 ses
537 659 208 63 conseillers
703 659 180 63 Guillaume
842 659 83 63 de
884 659 167 63 Menillon
1009 659 83 63 et
1036 659 153 63 Guillaume

137 708 91 47 de
167 708 182 47 Champeaux.

446 738 120 66 27275.
530 738 133 66 CHARLES
627 738 96 66 VII.
687 738 60 66 —
711 738 72 66 L.
747 738 84 66 s.,
795 738 84 66 sur
844 738 120 66 vélin,
928 738 60 66 à
952 738 84 66 son
1000 738 108 66 neveu
1073 738 72 66 le
1109 738 84 66 duc
1145 738 48 66 de

134 786 208 59 Calabre;
289 786 104 59 15
341 786 208 59 juillet,
497 786 121 59 1/2
566 786 104 59 p.
618 786 190 59 in-fol.
757 786 190 59 oblong.
895 786 190 59 Coupure
1016 786 173 59 n’attei-

131 826 121 53 gnant
211 826 94 53 pas
265 826 81 53 le
305 826 134 53 texte.
399 826 81 53 25
426 826 40 53 »

164 875 125 50 Ordre
248 875 84 50 de
289 875 125 50 payer
373 875 125 50 9,000
456 875 153 50 florins
568 875 84 50 au
609 875 139 50 bâtard
707 875 84 50 de
735 875 111 50 Vergy.

134 905 168 62 27276.
252 905 185 62 CHARLES
386 905 118 62 IX.
453 905 84 62 —
487 905 101 62 L.
537 905 101 62 a.
588 905 101 62 s.
638 905 84 62 à
672 905 218 62 Catherine
839 905 101 62 de
890 905 201 62 Médicis,
1041 905 101 62 sa
1074 905 118 62 mère,

138 946 84 61 1/4
186 946 72 61 de
222 946 72 61 p.
258 946 132 61 in-fol.
355 946 84 61 210
391 946 36 61 »

163 982 169 61 Précieuse
293 982 143 61 lettre.
397 982 78 61 Il
435 982 91 61 lui
487 982 130 61 envoie
578 982 78 61 le
617 982 117 61 sieur
695 982 78 61 de
734 982 156 61 Rostain.
851 982 91 61 «Je
903 982 78 61 ne
941 982 104 61 l’ay
1006 982 117 61 voulu
1071 982 117 61 laisser

126 1029 117 48 aller
204 1029 104 48 sans
269 1029 104 48 vous
334 1029 104 48 dire
399 1029 91 48 que
451 1029 78 48 le
490 1029 143 48 plaisir
594 1029 78 48 et
633 1029 208 48 contentement
803 1029 91 48 que
855 1029 78 48 je
894 1029 117 48 recoy
972 1029 78 48 de
1011 1029 91 48 vos
1050 1029 130 48 lettres,

126 1061 82 46 ne
167 1061 109 46 vous
236 1061 151 46 pouvant
345 1061 137 46 veoir,
441 1061 123 46 m’est
523 1061 82 46 si
564 1061 123 46 grand
646 1061 123 46 qu’il
728 1061 109 46 m’en
797 1061 109 46 fait
865 1061 151 46 désirer
975 1061 109 46 bien
1029 1061 151 46 souvent.»

131 1094 161 76 27277.
244 1094 177 76 CHARLES
373 1094 113 76 IX.
437 1094 97 76 L.
485 1094 97 76 s.
534 1094 81 76 à
566 1094 97 76 M.
614 1094 97 76 de
663 1094 193 76 Chesnay;
791 1094 387 76 Saint

127 1137 92 52 19
173 1137 137 52 sept.
264 1137 137 52 1568,
356 1137 76 52 1
386 1137 92 52 p.
432 1137 168 52 in-fol.
554 1137 168 52 Légères
676 1137 229 52 déchirures.
860 1137 92 52 10
890 1137 46 52 »

155 1185 89 59 Il
200 1185 89 59 le
244 1185 177 59 remercie
377 1185 89 59 de
421 1185 103 59 ses
480 1185 177 59 services
613 1185 148 59 contre
716 1185 118 59 ceux
790 1185 103 59 qui
849 1185 162 59 avaient
967 1185 118 59 pris
1040 1185 103 59 les
1085 1185 103 59 armes

127 1216 130 49 contre
205 1216 78 49 lui.

520 1253 111 72 27278.
598 1253 122 72 CHARLES
687 1253 67 72 X.
720 1253 56 72 —
742 1253 67 72 L.
776 1253 67 72 a.
809 1253 67 72 s.
842 1253 67 72 au
876 1253 100 72 comte
942 1253 67 72 de
976 1253 67 72 La
1009 1253 145 72 Chapelle;
1109 1253 78 72 Edim-

125 1287 153 66 bourg,
232 1287 92 66 23
278 1287 122 66 mars
354 1287 138 66 1799,
446 1287 76 66 2
476 1287 92 66 p.
522 1287 138 66 in-4.
614 1287 92 66 30
644 1287 46 66 »

158 1335 82 48 La
199 1335 151 48 reprise
309 1335 96 48 des
364 1335 192 48 hostilités
515 1335 178 48 l’empêche
653 1335 82 48 de
694 1335 82 48 se
735 1335 137 48 rendre
831 1335 69 48 à
858 1335 137 48 Mittau
955 1335 110 48 pour
1023 1335 165 48 assister
1133 1335 55 48 au

127 1371 147 49 mariage
234 1371 80 49 de
274 1371 94 49 son
327 1371 107 49 fils
394 1371 94 49 (le
448 1371 94 49 duc
501 1371 201 49 d’Angoulême
662 1371 107 49 avec
729 1371 80 49 la
769 1371 120 49 fille
849 1371 80 49 de
890 1371 120 49 Louis
970 1371 120 49 XVI).
1050 1371 94 49 «Ce
1090 1371 94 49 n’est

123 1404 97 57 pas
178 1404 83 57 le
220 1404 152 57 premier
331 1404 180 57 sacrifice
469 1404 97 57 que
524 1404 83 57 je
566 1404 111 57 fais
635 1404 69 57 à
663 1404 97 57 mon
718 1404 138 57 devoir
815 1404 83 57 et
856 1404 221 57 probablement
1036 1404 83 57 ce
1077 1404 83 57 ne
1105 1404 83 57 sera

136 1435 93 46 pas
189 1435 80 46 le
215 1435 146 46 dernier.»

128 1450 138 89 27279.
225 1450 152 89 CHARLES
335 1450 83 89 X.
376 1450 83 89 P.
418 1450 97 89 s.;
473 1450 97 89 (10
528 1450 110 89 déc.
597 1450 138 89 1825),
693 1450 69 89 2
721 1450 83 89 p.
762 1450 124 89 in-4.
845 1450 83 89 15
873 1450 41 89 »

162 1518 124 45 Pièce
245 1518 207 45 historique.
411 1518 138 45 Placet
507 1518 83 45 au
549 1518 97 45 Roi
604 1518 110 45 pour
673 1518 83 45 la
715 1518 221 45 souscription
894 1518 166 45 destinée
1018 1518 69 45 à
1046 1518 138 45 ériger
1129 1518 55 45 un

131 1550 182 54 monument
267 1550 91 54 en
313 1550 197 54 l’honneur
465 1550 91 54 du
510 1550 197 54 CHEVALIER
662 1550 182 54 d’ASsAs.
799 1550 91 54 Le
844 1550 106 54 Roi
905 1550 76 54 a
935 1550 106 54 mis
996 1550 91 54 de
1041 1550 91 54 sa
1072 1550 106 54 main:

128 1580 154 57 Accordé
257 1580 77 57 1,000
300 1580 103 57 fr

132 1599 159 85 27280.
243 1599 190 85 CHARLES,
386 1599 111 85 duc
449 1599 254 85 d’Angoulème,
656 1599 127 85 puis
735 1599 222 85 d’Orléans,
909 1599 95 85 3e
957 1599 127 85 fils
1036 1599 95 85 de
1068 1599 111 85 Fran-

128 1668 135 68 çois
212 1668 135 68 Ier,
297 1668 101 68 m.
347 1668 152 68 1545.
448 1668 84 68 —
482 1668 101 68 P.
532 1668 118 68 s.,
600 1668 118 68 sur
667 1668 168 68 vélin;
785 1668 303 68 Fontainebleau,
1037 1668 101 68 17
1071 1668 101 68 nov.

130 1709 117 55 1540,
208 1709 91 55 1/2
260 1709 78 55 p.
299 1709 143 55 in-fol.
402 1709 143 55 oblong.
506 1709 272 55 Très-rare
739 1709 78 55 12
765 1709 39 55 »

125 1743 169 63 27281.
244 1743 152 63 CONDÉ
345 1743 169 63 (Henri
463 1743 118 63 Ier
531 1743 102 63 de
582 1743 203 63 BOURBON,
734 1743 169 63 prince
853 1743 135 63 de),
920 1743 254 63 généralissime

129 1792 108 56 des
190 1792 246 56 protestants.
390 1792 77 56 —
421 1792 92 56 L.
467 1792 92 56 s.
513 1792 77 56 à
544 1792 108 56 son
606 1792 215 56 conseiller
775 1792 215 56 Desfossez;
929 1792 123 56 Paris,

133 1834 65 64 5
159 1834 104 64 déc.
224 1834 118 64 1572,
303 1834 91 64 1/2
355 1834 78 64 p.
394 1834 157 64 in-fol.,
512 1834 144 64 cachet.
616 1834 131 64 Légère
708 1834 131 64 tache.
799 1834 209 64 Rare
969 1834 78 64 25
995 1834 39 64 »

137 1875 144 49 27282.
237 1875 129 49 CONDÉ
324 1875 144 49 (Henri
424 1875 86 49 II
467 1875 115 49 de),
539 1875 115 49 chef
611 1875 101 49 des
669 1875 230 49 protestants,
856 1875 115 49 père
928 1875 86 49 du
956 1875 101 49 grand

130 1920 162 58 Condé.
243 1920 81 58 —
276 1920 97 58 L.
324 1920 97 58 a.
373 1920 97 58 s.
421 1920 81 58 à
454 1920 97 58 M.
502 1920 97 58 de
551 1920 211 58 Chavigni;
713 1920 194 58 Pésenas,
858 1920 81 58 8
891 1920 130 58 août
956 1920 113 58 1639,

133 1953 103 74 1/2
192 1953 88 74 p.
236 1953 133 74 in-4,
325 1953 162 74 cachets
443 1953 162 74 brisés.
561 1953 133 74 Jolie
649 1953 147 74 pièce.
752 1953 88 74 20
782 1953 44 74 »

-7 1996 173 69 27283.
114 1996 208 69 FRANÇOIS
270 1996 139 69 Ier.
357 1996 87 69 —
391 1996 104 69 L.
443 1996 121 69 s.,
513 1996 139 69 avec
599 1996 104 69 la
651 1996 243 69 souscript.
842 1996 156 69 aut.,
946 1996 87 69 à
980 1996 104 69 sa
1015 1996 156 69 cousine
