1288 2111
586 40 42 46 —
602 40 42 46 8
611 40 25 46 —

470 79 74 78 27315.
522 79 74 78 SCRIBE
574 79 82 78 (Eug.).
633 79 37 78 —
648 79 45 78 L.
671 79 45 78 a.
693 79 52 78 s.,
723 79 37 78 4
737 79 45 78 p.
760 79 52 78 pl.
790 79 67 78 in-8.
834 79 37 78 5
842 79 22 78 »

188 147 126 40 Examen
277 147 152 40 critique
391 147 114 40 d’une
467 147 114 40 pièce
542 147 164 40 intitulée
669 147 177 40 Edouard
808 147 89 40 III
859 147 76 40 et
897 147 76 40 sa
922 147 139 40 cour

155 179 116 50 27376.
237 179 128 50 SCRIBE.
330 179 70 50 L.
365 179 70 50 a.
400 179 81 50 s.,
446 179 58 50 1
469 179 70 50 p.
504 179 105 50 in-8.
574 179 58 50 1
586 179 47 50 50

164 223 60 52 27377.
206 223 60 52 SÉJOUR
248 223 78 52 (Victor).
307 223 30 52 —
319 223 36 52 L.
337 223 36 52 a.
355 223 42 52 s.;
379 223 54 52 1864,
415 223 30 52 1
426 223 36 52 p.
444 223 54 52 in-8.
480 223 30 52 3
486 223 18 52 »

188 251 79 53 Il
227 251 79 53 se
267 251 132 53 défend
360 251 79 53 de
400 251 212 53 l’accusation
572 251 132 53 portée
664 251 132 53 contre
757 251 93 53 lui
810 251 79 53 de
850 251 172 53 travestir
982 251 79 53 et
1022 251 79 53 de
1048 251 159 53 calomnier,

154 295 109 39 dans
222 295 95 39 ses
277 295 150 39 drames,
386 295 82 39 la
427 295 191 39 Révolution
563 295 163 39 française.

167 319 142 58 27378.
266 319 170 58 VIENNET,
393 319 142 58 poëte,
493 319 85 58 de
535 319 156 58 l’Acad.
649 319 99 58 fr.
705 319 71 58 —
734 319 128 58 La
818 319 113 58 voix
889 319 85 58 du
932 319 227 58 Tombeau
1102 319 99 58 pièce

148 371 112 54 de
204 371 149 54 vers
298 371 149 54 aut.
391 371 168 54 sig.,
503 371 149 54 avec
596 371 205 54 ratures
745 371 112 54 et
801 371 298 54 corrections,
1043 371 93 54 2
1081 371 112 54 p.
1118 371 93 54 1/2

159 412 91 52 in-8.
220 412 51 52 6
230 412 30 52 »

190 451 129 46 Pièce
276 451 115 46 dans
347 451 172 46 laquelle
476 451 86 46 il
519 451 157 46 réclame
633 451 115 46 pour
705 451 100 46 les
762 451 143 46 restes
862 451 86 46 de
905 451 172 46 Napoléon
1034 451 100 46 une
1091 451 129 46 place
1163 451 43 46 à

148 484 190 46 Saint

420 509 81 62 27379.
477 509 73 62 VIGNY
526 509 57 62 (A.
558 509 65 62 de).
599 509 41 62 —
615 509 49 62 L.
640 509 49 62 a.
664 509 57 62 s.,
697 509 41 62 1
713 509 49 62 p.
738 509 73 62 in-8.
786 509 41 62 3
795 509 24 62 »

169 559 131 60 27380.
261 559 183 60 VILLEMAIN.
405 559 65 60 —
431 559 79 60 L.
470 559 79 60 a.
509 559 92 60 s.,
562 559 65 60 1
588 559 79 60 p.
627 559 118 60 in-8.
706 559 65 60 2
719 559 39 60 »

175 596 77 55 27381.
229 596 93 55 VOLTAIRE
299 596 77 55 (F.-M.
353 596 77 55 AROUET
408 596 62 55 de).
446 596 39 55 —
462 596 46 55 L.
485 596 70 55 aut.,
531 596 62 55 sig.
570 596 108 55 V.
655 596 54 55 (au
679 596 46 55 mar-

157 632 124 66 quis
235 632 249 66 d’Argenson);
437 632 93 66 (9
484 632 109 66 mai
546 632 156 66 1745),
655 632 78 66 1
686 632 93 66 p.
733 632 124 66 pet.
811 632 140 66 in-4.
904 632 93 66 30
935 632 47 66 »

185 687 126 37 Jolie
269 687 140 37 lettre
367 687 98 37 qui
423 687 168 37 commence
550 687 126 37 ainsi
634 687 70 37 :
662 687 112 37 «Que
732 687 112 37 Dieu
802 687 196 37 récompense
957 687 84 37 la
999 687 126 37 reine
1083 687 84 37 ou
1111 687 98 37 l’im-

160 715 176 47 pératrice
296 715 81 47 de
336 715 135 47 toutes
431 715 95 47 les
485 715 162 47 Russies,
607 715 81 47 et
648 715 122 47 vous,
729 715 108 47 ange
797 715 81 47 de
838 715 81 47 la
865 715 135 47 paix...»

496 789 216 62 SAVANTS

164 845 133 65 27382.
257 845 199 65 BLOSSEVILLE
416 845 133 65 (Jules
508 845 106 65 de),
575 845 146 65 célèbre
681 845 199 65 navigateur,
840 845 80 65 m.
879 845 106 65 1833
932 845 80 65 dans

163 899 96 63 les
218 899 110 63 mers
287 899 179 63 polaires.
425 899 69 63 —
452 899 83 63 L.
493 899 83 63 a.
535 899 96 63 s.;
590 899 138 63 Paris,
686 899 83 63 28
727 899 110 63 nov.
796 899 124 63 1832,
879 899 69 63 2
906 899 83 63 p.
934 899 96 63 in

171 949 94 57 Rare
248 949 35 57 10
259 949 18 57 »

192 954 83 85 Il
234 954 153 85 demande
345 954 97 85 une
401 954 222 85 autorisation
581 954 111 85 pour
651 954 153 85 étudier
762 954 222 85 pratiquement
943 954 97 85 les
998 954 167 85 procédés
1124 954 83 85 de
1151 954 56 85 la

159 1018 189 48 navigation
307 1018 81 48 au
347 1018 135 48 milieu
441 1018 94 48 des
482 1018 121 48 glaces.

163 1048 148 58 27383.
267 1048 207 58 JACQUEMONT
429 1048 192 58 (Victor),
577 1048 163 58 célèbre
695 1048 192 58 botaniste
843 1048 89 58 et
887 1048 192 58 voyageur.
1035 1048 74 58 —
1050 1048 59 58 L.

156 1091 104 58 a.
208 1091 104 58 s.
260 1091 87 58 à
294 1091 191 58 Prosper
433 1091 208 58 Mérimée;
589 1091 173 58 Dehli,
710 1091 104 58 22
762 1091 139 58 déc.
849 1091 156 58 1831,
953 1091 87 58 1
988 1091 104 58 p.
1040 1091 121 58 1/2
1092 1091 121 58 in

172 1137 108 51 cachet.
251 1137 59 51 15
271 1137 30 51 »

197 1173 118 42 Belle
276 1173 131 42 lettre
367 1173 79 42 où
407 1173 79 42 il
446 1173 92 42 lui
498 1173 197 42 recommmande
656 1173 79 42 un
695 1173 157 42 officier
813 1173 157 42 anglais,
931 1173 79 42 le
970 1173 144 42 colonel
1075 1173 131 42 Fagan,
1153 1173 66 42 qui

164 1211 93 39 lui
217 1211 67 39 a
244 1211 120 39 rendu
323 1211 93 39 les
377 1211 107 39 plus
443 1211 133 39 grands
537 1211 160 39 services
656 1211 80 39 et
696 1211 93 39 qui
750 1211 160 39 retourne
870 1211 80 39 en
896 1211 120 39 Europe.

163 1242 131 50 27384.
255 1242 157 50 LAGRANGE
372 1242 144 50 (Jos.),
477 1242 79 50 le
517 1242 118 50 grand
595 1242 236 50 mathématicien.
792 1242 65 50 —
818 1242 79 50 P.
857 1242 92 50 s.;
896 1242 92 50 1812,

174 1287 86 61 1/2
223 1287 74 61 p.
260 1287 136 61 in-fol.
359 1287 62 61 3
371 1287 37 61 »

198 1327 184 45 Certificat
342 1327 79 45 de
382 1327 92 45 vie
434 1327 144 45 délivré
539 1327 66 45 à
553 1327 144 45 Lagrange.

165 1336 159 77 27385.
276 1336 206 77 LAVOISIER
435 1336 190 77 (A.-L.),
578 1336 95 77 le
625 1336 190 77 créateur
768 1336 95 77 de
815 1336 95 77 la
863 1336 159 77 chimie
974 1336 190 77 moderne,
1101 1336 111 77 déca-

454 1401 88 48 pité
509 1401 66 48 en
542 1401 99 48 1794.
608 1401 55 48 —
630 1401 66 48 P.
663 1401 77 48 s.,
707 1401 88 48 sig.
762 1401 99 48 aussi
828 1401 77 48 par
871 1401 165 48 d’Arcet,
1003 1401 121 48 Portal,
1080 1401 132 48 Borda

179 1436 309 53 Desfontaines
447 1436 81 53 et
488 1436 215 53 Bory;
662 1436 134 53 Paris,
756 1436 67 53 9
783 1436 148 53 juillet
891 1436 121 53 1793,
971 1436 67 53 2
998 1436 81 53 p.
1038 1436 148 53 in-fol.
1146 1436 81 53 12
1173 1436 40 53 »

195 1473 162 49 Curieux
313 1473 191 49 document.
460 1473 132 49 C’est
548 1473 147 49 l’état
651 1473 103 49 des
710 1473 162 49 membres
827 1473 88 49 de
871 1473 206 49 l’Académie
1033 1473 103 49 des
1077 1473 147 49 Sciences

167 1510 96 52 qui
222 1510 96 52 ont
277 1510 123 52 droit
359 1510 96 52 aux
414 1510 206 52 traitements
579 1510 165 52 accordés
702 1510 96 52 par
757 1510 96 52 les
812 1510 151 52 décrets
921 1510 82 52 de
963 1510 206 52 l’Assemblée
1113 1510 110 52 natio-

172 1548 111 49 nale
242 1548 111 49 pour
311 1548 97 49 les
366 1548 97 49 six
422 1548 167 49 premiers
547 1548 111 49 mois
616 1548 83 49 de
644 1548 97 49 1793.

175 1586 149 45 27386.
279 1586 179 45 LELIÈVRE
413 1586 194 45 (Cl.-H.),
562 1586 194 45 chimiste,
711 1586 149 45 membre
816 1586 89 45 de
860 1586 223 45 l’Institut.
1039 1586 74 45 —
1069 1586 89 45 L.
1114 1586 89 45 a.
1144 1586 74 45 s.;

171 1624 124 57 1824,
254 1624 97 57 3/4
309 1624 83 57 de
351 1624 83 57 p.
392 1624 124 57 in-4.
475 1624 69 57 2
489 1624 55 57 50

174 1652 158 67 27387.
285 1652 221 67 LEVERRIER,
459 1652 174 67 célèbre
585 1652 221 67 astronome,
759 1652 206 67 directeur
918 1652 95 67 de
949 1652 269 67 l’Observatoire.

226 1696 84 53 —
260 1696 101 53 L.
310 1696 101 53 s.
361 1696 101 53 (à
411 1696 252 53 l’aéronaute
613 1696 202 53 Duruof);
764 1696 168 53 Paris,
882 1696 101 53 11
932 1696 151 53 sept.
1033 1696 151 53 1874,
1134 1696 84 53 4
1151 1696 67 53 p.

181 1750 75 46 in-8.
231 1750 50 46 10
247 1750 25 46 »

207 1786 167 48 Curieuse
332 1786 139 48 lettre
430 1786 97 48 sur
485 1786 84 48 la
527 1786 153 48 célèbre
639 1786 181 48 ascension
778 1786 84 48 de
819 1786 139 48 Duruof
917 1786 111 48 avec
986 1786 84 48 sa
1028 1786 139 48 femme,
1126 1786 97 48 qui
1167 1786 56 48 se

174 1821 153 51 termina
286 1821 98 51 par
341 1821 111 51 leur
411 1821 125 51 chute
495 1821 84 51 en
522 1821 84 51 mer.

491 1826 123 76 27388.
577 1826 185 76 MAUPERTUIS.
725 1826 62 76 —
750 1826 74 76 L.
787 1826 74 76 s.
824 1826 62 76 à
849 1826 148 76 Baculard
960 1826 160 76 d’Arnaud;
1083 1826 111 76 1752,
1157 1826 62 76 1
1170 1826 49 76 p.

186 1902 80 52 1/4
231 1902 102 52 in-4.
299 1902 57 52 3
311 1902 34 52 »

187 1923 121 64 27389.
272 1923 121 64 ORIANI
356 1923 169 64 (Barnabé),
489 1923 133 64 célèbre
586 1923 157 64 astronome
707 1923 145 64 italien.
816 1923 60 64 —
840 1923 73 64 L.
876 1923 73 64 a.
913 1923 73 64 s.
937 1923 36 64 à

181 1966 195 70 Pancaldi;
331 1966 150 70 Milan,
435 1966 90 70 21
480 1966 165 70 floréal
600 1966 90 70 an
645 1966 105 70 IX,
705 1966 75 70 2
735 1966 90 70 p.
780 1966 180 70 in-fol.,
914 1966 120 70 vig.
989 1966 90 70 16
1019 1966 45 70 »

211 2005 153 59 Rapport
322 2005 278 59 très-intéressant
559 2005 97 59 sur
614 2005 97 59 les
670 2005 195 59 manuscrits
823 2005 83 59 du
865 2005 236 59 mathématicien
1045 2005 181 59 Mascheroni.
