1567 2924
113 62 198 76 entre
245 62 242 76 Boileau
421 62 286 76 Despréaux
641 62 132 76 et
707 62 286 76 Brossette
927 62 308 76 (contenant
1147 62 374 76 soixante

109 130 250 64 lettres
291 130 341 64 autographes
564 130 250 64 signées
745 130 136 64 de
814 130 250 64 Boileau
995 130 341 64 Despréaux).
1268 130 114 64 —
1314 130 204 64 Arrêt
1427 130 91 64 de

112 202 264 53 neblesse
310 202 132 53 de
376 202 132 53 la
442 202 242 53 famille
617 202 132 53 de
683 202 242 53 Boileau
859 202 308 53 Despréaux.
1101 202 110 53 —
1145 202 264 53 Sentence
1342 202 154 53 des
1408 202 110 53 re

17 167 126 83 4

80 238 221 81 quètes
235 238 133 81 du
301 238 221 81 Palais
456 238 155 81 sur
544 238 133 81 le
611 238 221 81 procès
765 238 133 81 du
832 238 243 81 Lutrin.
1008 238 111 81 —
1053 238 243 81 Lettres
1230 238 133 81 et
1296 238 221 81 pièces
1429 238 88 81 de

113 294 252 81 divers.
296 294 114 81 —
342 294 297 81 Testament
571 294 137 81 de
639 294 252 81 Boileau
799 294 275 81 Despréaux.

1066 293 150 78 aob.
1160 293 94 78 é
1178 293 169 78 ixiatfi

70 348 252 82 DEUXIÈME
259 348 231 82 PARTIE,
427 348 126 82 ou
490 348 441 82 <i>Supplément</i>
867 348 273 82 (deuxième
1077 348 210 82 volume
1224 348 126 82 du
1266 348 252 82 manuscrit)

110 423 312 56 comprenant
355 423 156 56 ies
444 423 245 56 papiers
623 423 134 56 de
690 423 245 56 Boileau
868 423 290 56 Despréaux
1091 423 245 56 laissés
1270 423 112 56 à
1314 423 134 56 sa
1359 423 156 56 mort,

116 465 130 68 et
181 465 216 68 donnés
332 465 108 68 à
376 465 281 68 Brossette
592 465 151 68 par
678 465 216 68 l’abbé
830 465 259 68 Boileau,
1024 465 151 68 son
1110 465 216 68 frère.
1262 465 108 68 —
1305 465 151 68 Les
1370 465 151 68 Héros

104 516 146 75 du
177 516 243 75 Roman,
347 516 316 75 dialogue.
590 516 121 75 —
638 516 194 75 Deux
760 516 316 75 Epitaphes
1003 516 146 75 de
1076 516 267 75 Racine.
1270 516 121 75 —
1294 516 219 75 Réponse

106 553 118 75 à
154 553 141 75 un
224 553 259 75 mémoire
412 553 141 75 de
483 553 235 75 Claude
647 553 306 75 Perrault.
882 553 118 75 —
929 553 282 75 Lettres:
1141 553 141 75 au
1211 553 212 75 comte
1352 553 141 75 de
1399 553 118 75 Vis

119 637 227 56 vonne;
278 637 114 56 à
324 637 295 56 Maucroix;
551 637 114 56 à
596 637 227 56 Racine
755 637 182 56 (dix
868 637 295 56 lettres);
1095 637 114 56 à
1141 637 227 56 madame
1277 637 227 56 Manchon,

113 690 131 57 sa
179 690 197 57 sœur;
310 690 110 57 à
354 690 219 57 madame
507 690 131 57 la
573 690 263 57 marquise
770 690 131 57 de
836 690 285 57 Villette;
1055 690 110 57 à
1099 690 131 57 M.
1165 690 131 57 de
1230 690 131 57 La
1274 690 241 57 Chapelle)

109 745 164 50 son
202 745 211 50 neveu
343 745 188 50 (dix
461 745 305 50 lettres);
695 745 117 50 à
742 745 141 50 M.
813 745 141 50 le
883 745 211 50 comte
1024 745 141 50 de
1094 745 305 50 Maurepas;
1329 745 117 50 à
1376 745 141 50 M.
1423 745 94 50 de

116 784 387 82 Pontchartrain;
439 784 108 82 à
482 784 129 82 M.
547 784 215 82 l’abbé
697 784 237 82 Bignon;
870 784 108 82 à
913 784 129 82 M.
977 784 129 82 le
1042 784 194 82 comte
1171 784 129 82 de
1235 784 194 82 Revel
1364 784 151 82 sur
1429 784 86 82 le

115 835 240 65 combat
283 835 144 65 de
355 835 288 65 Crémone;
571 835 120 65 à
619 835 144 65 M.
691 835 144 65 Le
763 835 288 65 Verrier;
979 835 120 65 à
1027 835 360 65 Destouches;
1315 835 144 65 au
1363 835 144 65 père

122 895 273 82 Thoulier
327 895 228 82 (trois
487 895 296 82 lettres),
714 895 205 82 etc.,
851 895 250 82 etc...;
1033 895 273 82 Maucroix
1238 895 114 82 à
1261 895 250 82 Despréaux

120 962 188 61 cinq
238 962 306 61 lettres);
473 962 235 61 Racine
638 962 118 61 à
685 962 329 61 Despréaux;
944 962 141 61 le
1014 962 188 61 père
1132 962 282 61 Bouhours
1343 962 118 61 à
1367 962 141 61 Des-

111 1000 258 73 préaux,
298 1000 211 73 etc.,
439 1000 188 73 etc.
557 1000 117 73 —
603 1000 235 73 Pièces
768 1000 141 73 de
838 1000 188 73 vers
956 1000 117 73 :
1003 1000 352 73 Épigrammes;
1284 1000 258 73 Chanson
1449 1000 70 73 à

120 1063 237 57 boire;
286 1063 261 57 Enigme;
476 1063 261 57 Parodie
665 1063 332 57 burlesque;
926 1063 284 57 Réponses
1139 1063 166 57 aux
1234 1063 284 57 jésuites
1423 1063 95 57 de

119 1108 259 67 Trévoux;
313 1108 302 67 Quatrains,
550 1108 194 67 etc.,
680 1108 172 67 etc.
787 1108 259 67 Fragment
981 1108 172 67 d’un
1089 1108 259 67 prologue
1261 1108 259 67 d’opéra..5

111 1161 238 73 Préface
284 1161 173 73 pour
392 1161 130 73 la
457 1161 216 73 Satire
608 1161 173 73 XII;
716 1161 194 73 Notes
846 1161 173 73 pour
954 1161 389 73 l’intelligence
1277 1161 151 73 des
1342 1161 173 73 œuvres

114 1229 250 60 diverses
302 1229 125 60 de
364 1229 229 60 Boileau
531 1229 292 60 Despréaux,
760 1229 146 60 sur
844 1229 125 60 la
906 1229 229 60 préface
1073 1229 125 60 de
1136 1229 271 60 l’édition
1344 1229 167 60 in-4
1428 1229 83 60 de

72 1276 195 80 1701.

74 1352 257 75 TROISIÊME
272 1352 218 75 PARTIE,
430 1352 119 75 ou
490 1352 415 75 <i>Appendice</i>.
846 1352 99 75 —
885 1352 237 75 Mémoires
1063 1352 119 75 de
1122 1352 277 75 Brossette,
1340 1352 138 75 sur
1399 1352 119 75 Boi-

114 1423 178 55 leau
225 1423 312 55 Despréaux,
470 1423 245 55 d’après
648 1423 156 55 les
737 1423 290 55 fragments
960 1423 290 55 originaux
1183 1423 290 55 conservés
1406 1423 111 55 à
1428 1423 89 55 la

115 1466 364 70 Bibliothièque
414 1466 300 70 Impériale.
650 1466 107 70 —
693 1466 236 70 Lettres
864 1466 129 70 de
929 1466 129 70 M.
993 1466 129 70 A.
1057 1466 278 70 Péricaud,
1271 1466 129 70 et
1314 1466 193 70 dissers

123 1525 240 63 tation,
298 1525 131 63 au
363 1525 196 63 sujet
494 1525 131 63 de
560 1525 306 63 Brossette.
800 1525 109 63 —
843 1525 196 63 Table
974 1525 306 63 analytique
1214 1525 153 63 des
1302 1525 196 63 noms,
1411 1525 109 63 des

110 1568 213 70 lieux,
259 1568 192 70 etc.,
387 1568 192 70 cités
515 1568 170 70 dans
621 1568 128 70 la
685 1568 384 70 correspondance
1005 1568 192 70 entre
1132 1568 234 70 Boileau
1282 1568 234 70 Despréaux

117 1632 129 82 et
159 1632 258 82 Brossette.

1219 1689 134 91 10
1263 1689 112 91 fr.

255 1714 197 79 Prix,
387 1714 219 79 papier
540 1714 197 79 carré
650 1714 548 79 vélin..................

1214 1757 138 71 15
1260 1757 115 71 fr.

286 1768 117 71 —
332 1768 234 71 papier
496 1768 211 71 grand
637 1768 234 71 raisin
777 1768 421 71 vélin...........

1210 1817 143 78 15
1258 1817 119 78 fr.

282 1816 118 75 —
330 1816 236 75 papier
495 1816 212 75 grand
636 1816 236 75 raisin
778 1816 424 75 vergé...........

223 1897 132 79 Il
289 1897 110 79 a
333 1897 154 79 été
421 1897 176 79 tiré
531 1897 308 79 vingt-cinq
773 1897 330 79 exemplaires
1037 1897 154 79 sur
1103 1897 110 79 pa-

216 1975 170 57 pier
322 1975 191 57 grand
450 1975 213 57 raisin
598 1975 191 57 fort,
726 1975 213 57 vergé,
875 1975 298 57 numérotés,
1087 1975 128 57 avec

205 2019 200 82 titre
338 2019 245 82 imprimé
517 2019 178 82 noir
628 2019 134 82 et
695 2019 223 82 rouge,
851 2019 134 82 et
917 2019 223 82 collés
1051 2019 156 82 après

184 2085 910 48 l’impression...
950 2085 239 48 .
1046 2085 287 48 30
1142 2085 239 48 fr.

1081 2119 155 70 IGRT

794 2121 128 73 144
848 2121 128 73 >fi</

447 2129 134 70 23

74 2168 267 66 L’épitaphe
284 2168 114 66 de
341 2168 191 66 Racine
474 2168 133 66 par
550 2168 210 66 Boileau
703 2168 267 66 Despréaux,
912 2168 248 66 conservée
1103 2168 152 66 dans
1198 2168 229 66 l’Eglise
1351 2168 171 66 Saint

110 2222 392 70 Etienne-du-Mont,
443 2222 117 70 et
502 2222 274 70 reproduite
717 2222 157 70 dans
815 2222 117 70 ce
874 2222 215 70 volume,
1031 2222 98 70 a
1070 2222 137 70 été
1148 2222 176 70 tirée
1265 2222 98 70 à
1305 2222 176 70 part,
1403 2222 117 70 pour

110 2278 132 84 les
186 2278 170 84 trois
299 2278 207 84 papiers
450 2278 170 84 grand
563 2278 207 84 raisin,
695 2278 226 84 seulement.

75 2517 156 67 <i>N.
179 2517 156 67 B</i>
282 2517 104 67 M.
334 2517 208 67 Laverdet
490 2517 121 67 est
559 2517 138 67 chez
646 2517 121 67 lui
715 2517 104 67 de
767 2517 87 67 1
802 2517 156 67 heure
905 2517 87 67 à
940 2517 104 67 4,
992 2517 121 67 les
1061 2517 225 67 dimanches
1234 2517 104 67 et
1286 2517 156 67 fêtes
1373 2517 138 67 excep-

109 2565 154 85 tés;
205 2565 115 85 et
262 2565 115 85 du
320 2565 115 85 15
378 2565 173 85 avril
493 2565 115 85 au
550 2565 115 85 15
608 2565 230 85 octobre,
781 2565 134 85 les
858 2565 250 85 mercredis
1050 2565 115 85 et
1107 2565 211 85 samedis
1242 2565 230 85 seulement.

376 2738 197 103 Paris.
514 2738 98 103 —
553 2738 157 103 Typ.
652 2738 236 103 Gaittet,
829 2738 138 103 rue
907 2738 315 103 Git-le-Cœur,
1143 2738 79 103 7.

1208 2727 108 95 ièè
