1566 2889
26 209 235 103 DE
143 209 430 103 LÈTTRES
456 209 625 103 AUTOGRAPHES,
925 209 508 103 MANUSCRITS,

407 321 305 93 DOCUMENTS
655 321 305 93 HISTORIQUES,
883 321 191 93 ETC.

227 464 411 116 DE
501 464 274 116 A.
593 464 639 116 APERPET,

324 575 162 107 A
417 575 232 107 Paris,
579 575 162 107 rue
671 575 394 107 Saint-Lazare,
973 575 185 107 24

524 767 206 78 Vente
679 767 86 78 à
696 767 275 78 l’amiable,

303 807 212 73 soit
457 807 135 73 par
534 807 289 73 l’insertion
766 807 154 73 dans
862 807 116 73 le
901 807 289 73 bulletin,

124 880 220 80 soit
284 880 140 80 aux
364 880 240 80 enchères
544 880 280 80 publiques,
764 880 120 80 de
824 880 300 80 Collections
1064 880 120 80 ou
1104 880 260 80 parties

303 927 174 54 de
419 927 290 54 Collections
650 927 116 54 de
708 927 212 54 Lettres
843 927 348 54 autographes,

456 965 312 68 Documents
689 965 351 68 historiques,

498 1015 317 69 Manuscrits,
762 1015 158 69 etc.,
850 1015 141 69 ete.

62 1045 281 79 Achats.
283 1045 100 79 —
323 1045 261 79 Échanges.
523 1045 100 79 —
563 1045 301 79 Expertises.
804 1045 100 79 —
844 1045 261 79 Rédaction
1045 1045 120 79 de
1085 1045 341 79 Catalogues.

358 1194 244 112 N°
521 1194 136 112 4
575 1194 136 112 —
629 1194 325 112 NOVEMBRE
846 1194 271 112 1856

17 1389 166 65 378.
121 1389 374 65 Alibert
433 1389 250 65 médecin,
620 1389 333 65 littérateur.
891 1389 125 65 L.
953 1389 166 65 aut.
1057 1389 187 65 sig.,
1182 1389 125 65 au
1244 1389 229 65 docteur
1390 1389 83 65 de

67 1438 214 48 Carro.
216 1438 214 48 Paris,
366 1438 192 48 sept.
494 1438 192 48 1826.
623 1438 107 48 2
665 1438 128 48 p.
730 1438 150 48 pl.
815 1438 192 48 in-4,
943 1438 171 48 avec
1050 1438 150 48 son
1136 1438 214 48 cachet
1286 1438 128 48 de
1328 1438 150 48 méde-

54 1489 243 60 cin
193 1489 451 60 ordinaire
540 1489 208 60 du
644 1489 277 60 roi.
817 1489 589 60 Intéressante.
1303 1489 173 60 2
1337 1489 139 60 25

19 1537 157 61 379.
118 1537 334 61 Amélie
393 1537 138 61 (la
471 1537 295 61 princesse),
707 1537 216 61 Infante
864 1537 295 61 d’Autriche,
1100 1537 236 61 duchesse
1277 1537 118 61 de
1316 1537 157 61 Parme,

68 1585 171 54 sœur
174 1585 128 54 de
238 1585 448 54 Marie-Antoinette.
622 1585 128 54 L.
686 1585 149 54 aut
771 1585 192 54 sig.,
899 1585 128 54 au
963 1585 256 54 cardinal
1155 1585 128 54 de
1219 1585 235 54 Bernis.
1368 1585 107 54 1er

59 1633 392 55 décembre.
360 1633 392 55 Demi-page
662 1633 271 55 in-4,
843 1633 302 55 papier
1054 1633 181 55 de
1144 1633 302 55 deuil.
1355 1633 151 55 6
1386 1633 90 55 »

20 1663 166 70 380.
124 1663 415 70 Angoulême
477 1663 208 70 (Henri
623 1663 145 70 duc
706 1663 166 70 d’),
809 1663 332 70 grand-prieur
1079 1663 125 70 de
1142 1663 228 70 France,
1287 1663 187 70 amiral.

67 1724 130 54 L.
132 1724 195 54 sig.,
262 1724 108 54 à
306 1724 152 54 MM.
392 1724 130 54 du
457 1724 260 54 chapitre
652 1724 130 54 du
717 1724 390 54 Saint-Sépulcre
1043 1724 217 54 d’Aix.
1194 1724 130 54 20
1259 1724 152 54 mai
1324 1724 152 54 1525.

22 1769 858 56 Demi-page
682 1769 726 56 in-fol.
1210 1769 330 56 3
1276 1769 198 56 »

23 1813 147 57 381.
114 1813 220 57 Ansse
280 1813 110 57 de
335 1813 331 57 Villoison,
611 1813 184 57 savant
739 1813 276 57 helléniste.
960 1813 110 57 Né
1015 1813 92 57 à
1051 1813 331 57 Corbeil
1309 1813 165 57 (Seine

67 1864 287 90 et-Oise).
288 1864 132 90 L.
354 1864 177 90 aut.
464 1864 199 90 sig.,
596 1864 110 90 à
641 1864 265 90 Mgr.....
839 1864 221 90 Paris,
994 1864 110 90 5
1038 1864 177 90 mars
1148 1864 199 90 1784,
1280 1864 110 90 2
1325 1864 132 90 p.
1369 1864 110 90 in-

-82 1909 1382 59 fol.
782 1909 864 59 6
955 1909 518 59 »

118 1955 120 62 Au
178 1955 179 62 sujet
298 1955 179 62 d’une
417 1955 219 62 mission
577 1955 160 62 dont
676 1955 219 62 l’avait
836 1955 199 62 chargé
975 1955 120 62 le
1035 1955 140 62 roi
1115 1955 120 62 il
1175 1955 100 62 y
1215 1955 100 62 a
1255 1955 160 62 neuf
1334 1955 140 62 mois,

71 2009 227 60 d’aller
236 2009 124 60 en
298 2009 206 60 Grèce,
443 2009 124 60 et
505 2009 227 60 surtout
670 2009 124 60 au
732 2009 165 60 mont
835 2009 206 60 Athos,
980 2009 124 60 où
1042 2009 124 60 il
1103 2009 103 60 y
1145 2009 103 60 a
1186 2009 289 60 infiniment
1392 2009 83 60 de

70 2059 315 65 découvertes
322 2059 105 65 à
364 2059 189 65 faire
490 2059 126 65 et
553 2059 126 65 de
616 2059 294 65 manuscrits
846 2059 189 65 grecs
972 2059 357 65 très-précieux
1245 2059 231 65 d’auteurs

67 2105 221 66 perdus
221 2105 110 66 à
243 2105 243 66 acquérir.

24 2137 153 77 382.
120 2137 325 77 Apchon
387 2137 344 77 (Cl.-Marc-Ant.
674 2137 153 77 d’),
770 2137 268 77 militaire,
981 2137 153 77 puis
1076 2137 364 77 ecclésiastique,
1363 2137 115 77 évé

77 2205 117 61 que
144 2205 100 61 de
194 2205 283 61 Dijon
427 2205 133 61 puis
511 2205 233 61 archevêque
694 2205 300 61 d'Auch
944 2205 100 61 Né
994 2205 83 61 à
1027 2205 367 61 Montbrison
1344 2205 100 61 L.
1377 2205 100 61 aut.

67 2246 239 57 sig.,
227 2246 133 57 à
280 2246 239 57 M....
439 2246 266 57 Dijon,
625 2246 159 57 11
705 2246 292 57 janvier
917 2246 239 57 1763.
1077 2246 133 57 2
1130 2246 159 57 p.
1209 2246 239 57 in-4.
1369 2246 133 57 5
1395 2246 80 57 »

121 2303 164 52 ....
224 2303 123 52 La
286 2303 267 52 situation
491 2303 123 52 de
553 2303 144 52 ses
635 2303 267 52 affaires,
840 2303 144 52 que
922 2303 123 52 la
984 2303 205 52 misère
1128 2303 205 52 énorme
1272 2303 144 52 qui
1333 2303 144 52 règne

73 2340 163 57 dans
174 2340 122 57 la
235 2340 183 57 ville
358 2340 163 57 rend
459 2340 163 57 plus
561 2340 244 57 fâcheuse
744 2340 224 57 encore,
907 2340 122 57 le
968 2340 142 57 met
1050 2340 163 57 dans
1131 2340 346 57 l’impossibilité

72 2388 142 74 d’y
153 2388 203 74 rester
295 2388 162 74 plus
376 2388 305 74 longtemps....

26 2431 159 70 383.
126 2431 358 70 Arnauld
424 2431 239 70 (Henry),
603 2431 199 70 évêque
742 2431 259 70 d’Angers.
941 2431 259 70 Quittance
1140 2431 159 70 sig.
1239 2431 119 70 de
1299 2431 119 70 la
1339 2431 139 70 somme

73 2483 128 88 de
137 2483 170 88 cinq
243 2483 191 88 mille
371 2483 213 88 livres
520 2483 191 88 reçue
647 2483 128 88 de
711 2483 149 88 Mme
796 2483 128 88 la
860 2483 255 88 duchesse
1051 2483 128 88 de
1115 2483 277 88 Bouillon.
1307 2483 170 88 Paris,

52 2537 238 51 27
171 2537 317 51 août
369 2537 357 51 1632,
607 2537 198 51 1
686 2537 277 51 gr.
845 2537 238 51 p.
964 2537 436 51 in-fol.
1281 2537 198 51 2
1320 2537 159 51 50

29 2564 140 78 384.
116 2564 297 78 Artois
360 2564 210 78 (Charles
518 2564 140 78 d’),
605 2564 157 78 comte
710 2564 279 78 d'Eu,
937 2564 157 78 frère
1041 2564 105 78 de
1094 2564 157 78 Louis
1199 2564 122 78 XI.
1268 2564 175 78 Quitt.
1373 2564 105 78 sig.

70 2633 176 55 (sur
180 2633 308 55 parchemin)
422 2633 132 55 de
488 2633 132 55 la
554 2633 198 55 somme
686 2633 132 55 de
752 2633 220 55 quatre
907 2633 198 55 mille
1039 2633 220 55 livres
1193 2633 286 55 tournois,
1391 2633 88 55 de

73 2683 238 77 maistre
247 2683 325 77 Lebourlier,
507 2683 238 77 notaire
680 2683 130 77 du
745 2683 173 77 roi.
854 2683 108 77 4
897 2683 173 77 juin
1005 2683 195 77 1454.
1135 2683 195 77 Bonne
1244 2683 238 77 conserva-

-42 2718 1248 84 tion.
791 2718 694 84 7
929 2718 555 84 50
