1563 2819
701 35 233 99 34
779 35 116 99 —

37 137 143 73 385.
127 137 304 73 Astros
377 137 412 73 (Paul-Thérèse-David
735 137 143 73 d’),
825 137 179 73 évêque
950 137 107 73 de
1004 137 340 73 Bayonne
1290 137 143 73 puis
1362 137 125 73 arch.

89 198 91 53 de
134 198 304 53 Toulouse
393 198 198 53 rédacteur
545 198 91 53 du
590 198 274 53 Cathéchisme
818 198 91 53 de
864 198 258 53 l’Empire
1077 198 91 53 Né
1122 198 76 53 à
1153 198 274 53 Tourves
1365 198 122 53 (Var).

81 241 130 63 L.
146 241 130 63 a.
211 241 152 63 s.,
298 241 108 63 à
341 241 130 63 M.
406 241 130 63 le
471 241 303 63 comte.....
710 241 217 63 Paris,
862 241 108 63 5
905 241 173 63 août
1013 241 195 63 1814.
1143 241 108 63 1
1187 241 130 63 p.
1252 241 195 63 in-4.
1382 241 108 63 2
1403 241 87 63 75

35 286 141 60 386
115 286 343 60 Aumale
398 286 181 60 (Mlle
519 286 161 60 d’),
619 286 161 60 amie
720 286 121 60 et
781 286 282 60 secrétaire
1002 286 121 60 de
1063 286 202 60 Madame
1204 286 121 60 de
1244 286 242 60 Maintenon.

83 337 117 56 L.
142 337 156 56 aut.
240 337 176 56 sig.,
357 337 98 56 à
396 337 117 56 M.
455 337 117 56 le
513 337 176 56 comte
630 337 234 56 d’Ailly,
806 337 98 56 à
845 337 195 56 Paris.
982 337 117 56 20
1041 337 176 56 avril
1158 337 176 56 1719.
1275 337 98 56 1
1314 337 117 56 p.
1353 337 137 56 petit

52 385 461 54 in-4.
359 385 513 54 Cachet
718 385 308 54 de
872 385 513 54 deuil.
1231 385 256 54 1
1282 385 205 54 50

36 427 145 58 387.
127 427 308 58 Azaïs,
381 427 272 58 philosophe,
598 427 181 58 auteur
725 427 109 58 du
780 427 254 58 Système
979 427 127 58 des
1052 427 399 58 compensations
1378 427 109 58 etc.

83 481 101 59 Né
134 481 85 59 à
168 481 287 59 Sorèze
404 481 186 59 (Tarn).
539 481 101 59 L.
590 481 135 59 aut.
675 481 152 59 sig.,
776 481 101 59 au
827 481 220 59 rédacteur
996 481 101 59 du
1047 481 254 59 Courrier
1232 481 254 59 français

76 530 239 59 Paris,
243 530 143 59 15
315 530 263 59 février
507 530 215 59 1820.
650 530 120 59 2
698 530 143 59 p.
770 530 143 59 et
841 530 215 59 demie
985 530 191 59 in-4
1104 530 143 59 en
1176 530 287 59 travers.
1391 530 120 59 6
1415 530 72 59 »

126 573 136 66 Au
194 573 204 66 sujet
331 573 136 66 de
399 573 136 66 la
467 573 341 66 proposition
740 573 136 66 de
808 573 136 66 M.
876 573 250 66 Clausel
1057 573 136 66 de
1126 573 318 66 Coussergue
1375 573 114 66 à
1398 573 91 66 la

78 614 246 89 Chambre
257 614 157 89 des
346 614 246 89 députés
525 614 112 89 à
570 614 313 89 l’occasion
816 614 134 89 de
884 614 134 89 la
951 614 179 89 mort
1063 614 269 89 tragique
1264 614 134 89 du
1331 614 157 89 duc
1398 614 90 89 de

52 673 195 57 Berry.

35 707 168 62 388.
140 707 315 62 Bank
392 707 273 62 (Joseph),
603 707 273 62 voyageur,
813 707 273 62 compagnon
1023 707 126 62 de
1086 707 189 62 Cook.
1213 707 126 62 L.
1276 707 168 62 aut.
1360 707 126 62 sig.

68 763 231 62 (en
200 763 429 62 anglais).
530 763 198 62 16
629 763 231 62 mai
761 763 297 62 1786.
960 763 165 62 3
1026 763 198 62 p.
1125 763 297 62 in-4.
1323 763 165 62 4
1356 763 132 62 50

34 809 166 62 389.
138 809 414 62 Barbaroux
490 809 248 62 (C.-O.),
676 809 228 62 avocat,
841 809 166 62 fils
945 809 124 62 du
1007 809 373 62 Conventionnel.
1317 809 124 62 L.
1359 809 124 62 aut.

81 860 190 57 sig.,
207 860 105 57 à
249 860 126 57 M.
313 860 190 57 Bosq.
439 860 211 57 Nîmes,
586 860 126 57 17
650 860 190 57 avril
776 860 190 57 1819.
902 860 105 57 3
944 860 147 57 gr.
1029 860 126 57 p.
1092 860 147 57 pl.
1176 860 190 57 in-4.
1281 860 211 57 Intéres-

-24 909 1260 55 sante.
858 909 630 55 4
984 909 504 55 50

36 948 147 69 390.
128 948 350 69 Barbazan
422 948 258 69 (Étienne),
625 948 92 69 a
662 948 203 69 publié:
809 948 276 69 Tableaux
1030 948 110 69 et
1085 948 184 69 contes
1214 948 129 69 des
1269 948 221 69 poètes

83 1001 278 59 français
306 1001 111 59 du
361 1001 148 59 XIMe
454 1001 111 59 au
510 1001 130 59 XVe
584 1001 278 59 siècle
806 1001 111 59 Né
862 1001 93 59 à
899 1001 371 59 Saint-Fargeau
1195 1001 297 59 en

80 1050 241 62 (Yonne).
261 1050 121 62 1°
321 1050 121 62 L.
382 1050 181 62 aut.,
502 1050 101 62 à
543 1050 201 62 M.....
683 1050 101 62 3
724 1050 181 62 mars.
844 1050 101 62 1
885 1050 121 62 p.
945 1050 181 62 in-4.
1066 1050 101 62 —
1106 1050 121 62 2°
1166 1050 121 62 L.
1226 1050 161 62 aut.
1327 1050 161 62 sig.
1408 1050 80 62 (à

80 1102 128 50 la
144 1102 128 50 3e
208 1102 299 50 personne),
443 1102 107 50 à
486 1102 278 50 Bernardin
700 1102 128 50 de
764 1102 364 50 Saint-Pierre.
1063 1102 128 50 24
1127 1102 192 50 mars.
1256 1102 107 50 1
1299 1102 128 50 p.
1341 1102 150 50 petit

-23 1145 1264 51 in-48.
861 1145 632 51 2
988 1145 505 51 50

38 1189 144 60 394.
128 1189 305 60 Bardou
379 1189 233 60 (l’abbé),
559 1189 180 60 auteur
684 1189 108 60 de
738 1189 305 60 l'Histoire
989 1189 108 60 de
1043 1189 413 60 Laurent-Marcel
1384 1189 108 60 etc.

83 1240 119 76 Né
143 1240 99 76 à
182 1240 298 76 Pont
420 1240 278 76 (Ardèche).
639 1240 119 76 L.
698 1240 159 76 aut.
798 1240 179 76 sig.,
917 1240 99 76 à
956 1240 198 76 M.....
1095 1240 397 76 Reilly-aux-Oyes,
1413 1240 79 76 14

46 1290 481 53 juin,
366 1290 481 53 1799.
687 1290 267 53 1
794 1290 321 53 p.
954 1290 481 53 in-4.
1275 1290 267 53 3
1329 1290 160 53 »

33 1327 153 63 392.
129 1327 325 63 Barral
397 1327 268 63 (L.-Matth.
607 1327 153 63 de),
703 1327 211 63 d’abord
856 1327 191 63 évêque
990 1327 115 63 de
1048 1327 345 63 Troyes
1335 1327 153 63 puis
1411 1327 77 63 de

84 1384 272 54 Meaux
308 1384 176 54 ensuite
436 1384 224 54 archevêque
611 1384 96 54 de
659 1384 272 54 Tours
883 1384 96 54 Né
931 1384 80 54 à
963 1384 304 54 Grenoble
1218 1384 192 54 (lsère).
1362 1384 96 54 L.
1394 1384 96 54 aut.

80 1431 209 49 sig.,
219 1431 116 49 à
265 1431 232 49 M.....
427 1431 232 49 Tours,
589 1431 139 49 18
659 1431 301 49 septembre
891 1431 209 49 1808.
1030 1431 116 49 1
1076 1431 139 49 p.
1146 1431 162 49 pl.
1238 1431 209 49 in-4.
1377 1431 116 49 2
1400 1431 93 49 50

38 1461 159 67 393.
138 1461 338 67 Barre,
416 1461 199 67 auteur
555 1461 298 67 dramatique,
793 1461 159 67 l’un
893 1461 139 67 des
972 1461 278 67 fondateurs
1191 1461 119 67 du
1231 1461 258 67 Vaudeville.

72 1523 155 68 L.
150 1523 207 68 aut.
279 1523 232 68 sig.,
434 1523 155 68 au
511 1523 284 68 citoyen
718 1523 336 68 Coupigny.
976 1523 129 68 1
1027 1523 155 68 p.
1105 1523 181 68 pl.
1208 1523 232 68 in-8.
1363 1523 129 68 2
1389 1523 103 68 50

34 1564 171 67 394.
141 1564 364 67 Bautru
441 1564 300 67 (Guillaume
677 1564 171 67 de),
784 1564 193 67 comte
912 1564 129 67 de
977 1564 214 67 Séran,
1127 1564 214 67 membre
1277 1564 129 67 de
1320 1564 171 67 l’Aca

83 1614 169 56 démie
196 1614 263 56 française.
402 1614 113 56 Né
458 1614 94 56 à
496 1614 319 56 Angers
758 1614 394 56 (Maine-et-Loire).
1096 1614 113 56 L.
1152 1614 150 56 aut.
1246 1614 169 56 sig.,
1359 1614 113 56 au
1396 1614 94 56 ma-

81 1659 204 73 réchal
224 1659 123 73 de
285 1659 204 73 Brèzé.
428 1659 204 73 Paris,
571 1659 123 73 20
632 1659 245 73 janvier.
816 1659 102 73 2
857 1659 143 73 gr.
939 1659 123 73 p.
1000 1659 143 73 pl.
1082 1659 143 73 gr.
1164 1659 225 73 in-fol.
1307 1659 184 73 Cachets

59 1714 225 63 et
172 1714 375 63 soies.
435 1714 526 63 Très-belle
848 1714 413 63 lettre.
1223 1714 188 63 s
1298 1714 225 63 20
1373 1714 113 63 »

31 1738 157 90 395.
130 1738 334 90 Bautru
405 1738 275 90 (Nicolas),
621 1738 177 90 comte
739 1738 118 90 de
799 1738 197 90 Nogent
936 1738 197 90 (frère
1074 1738 118 90 de
1133 1738 256 90 Guillaume
1310 1738 177 90 Bautru,

75 1808 198 77 comte
207 1808 132 77 de
273 1808 242 77 Séran),
450 1808 220 77 fameux
604 1808 154 77 par
692 1808 154 77 ses
780 1808 375 77 plaisanteries
1088 1808 132 77 et
1155 1808 154 77 ses
1243 1808 176 77 bons
1331 1808 154 77 mots.

73 1849 137 57 L.
142 1849 183 57 aut.
256 1849 205 57 sig.,
393 1849 137 57 au
461 1849 160 57 duc
552 1849 137 57 de
621 1849 297 57 Lorraine,
849 1849 183 57 sans
963 1849 205 57 date.
1100 1849 114 57 1
1146 1849 160 57 gr.
1237 1849 137 57 p.
1305 1849 160 57 pl.
1374 1849 114 57 in-

8 1881 738 78 fol.
561 1881 461 78 1
745 1881 461 78 5
1022 1881 553 78 15
1206 1881 277 78 »

29 1937 153 65 396.
124 1937 229 65 Bazin
297 1937 115 65 de
354 1937 268 65 Bezons
564 1937 249 65 (Armand),
755 1937 191 65 évêque
889 1937 115 65 de
947 1937 440 65 Carcassonne
1329 1937 115 65 L.
1367 1937 115 65 aut.

71 1997 212 59 sig.,
213 1997 118 59 à
260 1997 259 59 Mgr....
448 1997 376 59 Carcassonne,
754 1997 141 59 30
824 1997 212 59 avril
965 1997 212 59 1771.
1107 1997 118 59 2
1154 1997 141 59 p.
1224 1997 212 59 in-4.
1365 1997 118 59 2
1389 1997 94 59 50

26 2040 169 63 397.
132 2040 465 63 Beauharnais
533 2040 296 63 (François,
766 2040 233 63 marquis
935 2040 169 63 de),
1041 2040 338 63 ambassadeur,
1316 2040 169 63 pair
1400 2040 85 63 de

75 2089 206 62 France.
225 2089 113 62 Né
282 2089 94 62 à
319 2089 169 62 La
432 2089 319 62 Rochelle
694 2089 113 62 L.
750 2089 150 62 aut.
844 2089 150 62 sig.
938 2089 206 62 Février
1088 2089 169 62 1807.
1201 2089 94 62 1
1238 2089 113 62 p.
1294 2089 169 62 in-8.
1407 2089 94 62 2
1426 2089 56 62 »

27 2138 168 69 398.
132 2138 484 69 Beaumarchais
553 2138 211 69 (Caron
701 2138 168 69 de),
806 2138 337 69 littérateur,
1080 2138 211 69 auteur
1206 2138 274 69 dramatique.

73 2183 121 50 1°
133 2183 121 50 L.
194 2183 181 50 sig.,
315 2183 121 50 au
375 2183 242 50 maréchal
556 2183 121 50 de
617 2183 201 50 Duras.
758 2183 201 50 Paris,
899 2183 101 50 4
939 2183 222 50 juillet
1100 2183 181 50 1780.
1221 2183 101 50 2
1261 2183 121 50 p.
1322 2183 141 50 pl.
1382 2183 101 50 in-

70 2233 129 57 4.
134 2233 129 57 Au
198 2233 193 57 sujet
327 2233 129 57 de
391 2233 129 57 la
456 2233 343 57 contestation
734 2233 193 57 entre
863 2233 150 57 les
949 2233 236 57 auteurs
1120 2233 129 57 et
1185 2233 150 57 les
1249 2233 236 57 comédiens

72 2284 132 66 au
138 2284 198 66 sujet
270 2284 154 66 des
358 2284 220 66 droits
513 2284 154 66 des
601 2284 264 66 auteurs.
799 2284 110 66 —
843 2284 132 66 2°
909 2284 132 66 L.
975 2284 176 66 sig.
1085 2284 132 66 du
1152 2284 330 66 commissaire
1394 2284 88 66 du

70 2329 304 67 Directoire
309 2329 261 67 exécutif
505 2329 130 67 au
570 2329 261 67 ministre
766 2329 152 67 des
853 2329 283 67 finances,
1070 2329 130 67 au
1135 2329 196 67 sujet
1266 2329 152 67 des
1331 2329 152 67 pour-

70 2382 217 52 suites
222 2382 195 52 qu’il
353 2382 152 52 est
440 2382 217 52 chargé
592 2382 130 52 de
657 2382 239 52 diriger
830 2382 217 52 contre
982 2382 130 52 le
1048 2382 239 52 citoyen
1221 2382 195 52 Caron
1330 2382 152 52 Beau-

72 2425 264 64 marchais,
275 2425 162 64 pour
376 2425 183 64 faire
498 2425 223 64 rentrer
660 2425 101 64 à
701 2425 122 64 la
762 2425 284 64 République
985 2425 142 64 une
1066 2425 183 64 somme
1188 2425 122 64 de
1228 2425 264 64 cing

73 2470 209 62 cent
225 2470 247 62 mille
415 2470 209 62 francs,
567 2470 171 62 qu’il
681 2470 95 62 a
719 2470 171 62 reçue
834 2470 95 62 à
872 2470 190 62 compte
1005 2470 171 62 d’une
1119 2470 266 62 fourniture
1309 2470 171 62 d’armes

72 2522 181 63 qu’il
192 2522 201 63 devait
333 2522 201 63 faire.
473 2522 201 63 Paris,
614 2522 120 63 28
674 2522 221 63 floréal
835 2522 120 63 an
895 2522 141 63 VI.
975 2522 100 63 2
1015 2522 120 63 g.
1076 2522 120 63 p.
1136 2522 181 63 in-4.
1256 2522 100 63 —
1296 2522 120 63 3°
1336 2522 141 63 Copie

71 2569 122 53 de
132 2569 122 53 la
193 2569 204 53 lettre
336 2569 122 53 du
397 2569 143 53 roi
478 2569 163 53 pour
580 2569 122 53 la
641 2569 224 53 défense
804 2569 122 53 de
866 2569 122 53 la
927 2569 367 53 représentation
1232 2569 122 53 de
1294 2569 122 53 la
1334 2569 143 53 pièce

70 2611 174 55 Le
185 2611 212 55 mariage
340 2611 116 55 de
397 2611 289 55 Figaro
629 2611 289 55 Versailles,
860 2611 116 55 13
918 2611 154 55 juin
1014 2611 174 55 1783.
1130 2611 96 55 1
1169 2611 116 55 p.
1226 2611 212 55 in-fol.
1381 2611 96 55 7
1400 2611 77 55 50

19 2654 182 69 399.
133 2654 501 69 Beauvillier
566 2654 228 69 (Marie
726 2654 182 69 de),
840 2654 251 69 abbesse
1022 2654 137 69 de
1091 2654 342 69 Montmartre,
1341 2654 137 69 amie

71 2709 234 76 d’Henri
241 2709 149 76 IV.
326 2709 170 76 Elle
433 2709 256 76 certifie
624 2709 192 76 avoir
752 2709 192 76 donné
880 2709 106 76 à
922 2709 128 76 la
986 2709 277 76 révérende
1199 2709 170 76 mère
1306 2709 170 76 Anne
1391 2709 85 76 de
