1229 2040
550 -2 82 70 —
582 -2 98 70 13
615 -2 49 70 —

124 68 223 64 l’encre);
295 68 171 64 Paris,
415 68 103 64 18
467 68 154 64 janv.
570 68 154 64 1646,
673 68 86 64 2
707 68 103 64 p.
758 68 154 64 in-4,
861 68 189 64 cachet.
998 68 171 64 Légère
1101 68 86 64 dé-

132 121 115 59 chirure.
219 121 154 59 Rare
344 121 58 59 25
363 121 29 59 »

134 166 120 60 28163.
218 166 84 60 NEY
266 166 157 60 (Michel),
387 166 169 60 l’iliustre
519 166 157 60 guerrier,
640 166 132 60 fusillé
736 166 72 60 en
772 166 108 60 1815.
844 166 60 60 —
869 166 72 60 L.
905 166 72 60 a.
929 166 60 60 s.,

124 220 154 55 écrite
232 220 93 55 au
278 220 170 55 crayon,
401 220 108 55 1/2
463 220 93 55 p.
509 220 139 55 in-8.
602 220 139 55 Ordre
695 220 216 55 militaire.
864 220 77 55 3
880 220 46 55 »

133 260 165 59 28164.
248 260 181 59 ORLÉANS
380 260 330 59 (Marie-Françoise
660 260 99 59 de
710 260 198 59 BOURBON,
858 260 198 59 duchesse
1007 260 132 59 d’),
1073 260 115 59 fille

122 315 196 46 légitimé
269 315 98 46 de
318 315 147 46 Louis
416 315 131 46 XIV,
498 315 147 46 femme
596 315 98 46 du
645 315 180 46 Régent.
776 315 82 46 —
809 315 98 46 L.
858 315 98 46 a.
907 315 98 46 s.
956 315 98 46 au
989 315 82 46 roi

128 352 204 60 d’Espagne,
289 352 73 60 1
318 352 87 60 p.
362 352 102 60 1/2
420 352 131 60 in-4.
507 352 87 60 10
536 352 44 60 »

159 388 212 67 Compliments
328 388 99 67 sur
385 388 254 67 l’accouchement
596 388 85 67 de
639 388 85 67 la
681 388 127 67 reine
766 388 198 67 d’Espagne,
921 388 85 67 sa
949 388 113 67 nièce.

126 448 136 55 28165.
221 448 122 55 PETIT
303 448 190 55 (Antoine),
452 448 149 55 célèbre
561 448 204 55 chirurgien,
723 448 81 55 né
764 448 68 55 à
791 448 163 55 Orléans.
913 448 68 55 —
941 448 81 55 L.
968 448 54 55 a.

129 487 103 65 s.;
188 487 148 65 Paris,
292 487 74 65 4
321 487 133 65 janv.
410 487 133 65 1772,
499 487 74 65 4
528 487 89 65 p.
572 487 103 65 pl.
632 487 133 65 in-4.
720 487 89 65 20
750 487 44 65 »

165 525 133 57 Lettre
258 525 93 57 des
311 525 107 57 plus
378 525 173 57 curieuses
511 525 93 57 sur
565 525 80 57 la
605 525 160 57 disgrâce
724 525 80 57 de
764 525 80 57 M.
804 525 80 57 de
844 525 173 57 Choiseul,
978 525 93 57 qui
1031 525 80 57 ne
1058 525 133 57 rentrera

133 564 132 49 jamais
225 564 93 49 aux
278 564 172 49 affaires,
411 564 93 49 car
464 564 79 49 le
503 564 93 49 roi
556 564 119 49 Louis
636 564 79 49 XV
676 564 93 49 n’a
729 564 132 49 jamais
821 564 172 49 pardonné.
954 564 79 49 Il
993 564 159 49 soutient
1099 564 93 49 qu’il

133 604 83 44 en
175 604 97 44 est
230 604 111 44 d’un
299 604 166 44 ministre
424 604 124 44 comme
506 604 111 44 d’un
576 604 166 44 médecin;
700 604 83 44 il
742 604 83 44 ne
783 604 124 44 faut,
866 604 111 44 pour
935 604 166 44 exceller
1060 604 83 44 en
1087 604 97 44 méde-

132 626 119 48 cine,
211 626 119 48 qu’un
290 626 93 48 bon
343 626 145 48 esprit,
449 626 79 48 du
489 626 145 48 travail
594 626 79 48 et
634 626 79 48 de
674 626 79 48 la
713 626 159 48 probité.
832 626 79 48 Il
872 626 106 48 n'en
938 626 106 48 faut
1004 626 93 48 pas
1044 626 145 48 davantage

131 664 106 48 pour
197 664 120 48 faire
277 664 80 48 un
317 664 93 48 bon
370 664 106 48 roi,
436 664 80 48 un
476 664 93 48 bon
529 664 173 48 ministre.
662 664 106 48 S’il
729 664 93 48 n’y
782 664 120 48 avait
862 664 93 48 que
915 664 93 48 les
968 664 133 48 grands
1048 664 146 48 seigneurs

130 693 98 45 qui
186 693 154 45 fussent
298 693 168 45 malades,
425 693 84 45 il
467 693 98 45 n’y
523 693 140 45 aurait
621 693 98 45 pas
677 693 84 45 de
719 693 98 45 mal
775 693 98 45 que
831 693 112 45 tous
901 693 98 45 les
958 693 168 45 médecins
1070 693 126 45 fussent

128 726 205 48 chevaliers,
292 726 150 48 comtes,
401 726 123 48 etc.,
483 726 109 48 mais
551 726 96 48 les
606 726 150 48 pauvres
715 726 82 48 le
756 726 109 48 sont
824 726 82 48 et
865 726 109 48 leur
934 726 123 48 sante
1016 726 150 48 importe
1111 726 82 48 bien

130 766 111 52 plus
199 766 97 52 que
255 766 125 52 celle
338 766 97 52 des
379 766 125 52 riches.

137 795 159 57 28166.
248 795 159 57 PRIOLA
360 795 270 57 (Marguerite),
583 795 207 57 chanteuse
742 795 175 57 légère,
869 795 143 57 morte
948 795 239 57 prématurément

131 847 82 62 à
163 847 231 62 Marseille.
345 847 82 62 —
378 847 99 62 L.
427 847 99 62 a.
477 847 115 62 s.;
542 847 148 62 1874,
641 847 82 62 1
674 847 99 62 p.
724 847 165 62 in-12,
839 847 165 62 papier
954 847 82 62 à
987 847 115 62 son
1037 847 148 62 chiffre

1070 879 152 49 3
1100 879 91 49 »

139 906 162 74 28167.
252 906 162 74 RACHEL
366 906 178 74 (Mlle),
495 906 97 74 la
544 906 162 74 grande
657 906 259 74 tragédienne.
868 906 81 74 —
900 906 97 74 L.
949 906 97 74 a.
998 906 97 74 s.
1046 906 81 74 à
1062 906 130 74 Buloz,

139 975 81 59 1/2
186 975 70 59 p.
221 975 104 59 in-8.
290 975 70 59 10
313 975 35 59 »

173 988 142 92 Demande
276 988 116 92 d’une
354 988 103 92 loge
419 988 103 92 pour
483 988 103 92 voir
548 988 90 92 une
600 988 142 92 seconde
703 988 103 92 fois
768 988 129 92 les
845 988 207 92 Burgraves

136 1053 189 62 RICHARD
273 1053 223 62 (Ch.-L.),
445 1053 258 62 dominicain,
651 1053 223 62 historien
823 1053 120 62 des
892 1053 223 62 conciles,
1047 1053 137 62 adver-

133 1105 165 46 saire
243 1105 129 46 des
316 1105 294 46 philosophes,
555 1105 110 46 né
610 1105 110 46 en
665 1105 239 46 Lorraine,
849 1105 202 46 fusillé
996 1105 92 46 à
1033 1105 165 46 Mons,
1125 1105 73 46 en

141 1139 147 60 1794,
239 1139 115 60 par
304 1139 115 60 les
370 1139 328 60 révolutionnaires
648 1139 131 60 pour
730 1139 147 60 avoir
829 1139 164 60 publié
943 1139 98 60 le
992 1139 147 60 livre
1074 1139 115 60 inti-

135 1182 141 58 vulé:
229 1182 250 58 Parallèle
433 1182 109 58 des
495 1182 141 58 Juifs
589 1182 109 58 qui
652 1182 109 58 ont
714 1182 188 58 crucifié
855 1182 250 58 Jésus-Christ
1043 1182 156 58 avec

141 1231 153 44 les
248 1231 184 44 Français
385 1231 107 44 qui
447 1231 107 44 ont
508 1231 168 44 exécuté
630 1231 122 44 leur
707 1231 184 44 ro.
844 1231 76 44 —
875 1231 92 44 L.
921 1231 92 44 a.
967 1231 92 44 s.
1012 1231 92 44 au
1043 1231 153 44 libraire

1094 1259 106 62 7
1115 1259 85 62 50

138 1263 197 60 Méquignon;
292 1263 84 60 28
334 1263 126 60 avril
419 1263 126 60 1773,
503 1263 70 60 1
531 1263 84 60 p.
573 1263 126 60 in-8.
657 1263 225 60 Rare
840 1263 70 60 7
854 1263 56 60 50

168 1312 147 57 Relative
278 1312 61 57 à
303 1312 86 57 son
352 1312 172 57 Analyse
487 1312 86 57 des
524 1312 184 57 conciles

143 1344 172 72 28169.
263 1344 172 72 ROLAND
383 1344 292 72 (Manon-Jeanne
623 1344 223 72 PHLIPON),
795 1344 120 72 une
864 1344 120 72 des
932 1344 172 72 femmes
1053 1344 120 72 les
1104 1344 103 72 plus

140 1393 206 57 célèbres
294 1393 103 57 de
346 1393 103 57 la
397 1393 240 57 Révolution
586 1393 240 57 française,
774 1393 223 57 décapitée
945 1393 103 57 en
997 1393 154 57 1793.
1083 1393 51 57 —

134 1441 109 54 L.
188 1441 163 54 aut.,
297 1441 145 54 sig.
387 1441 127 54 par
460 1441 127 54 son
532 1441 163 54 mari,
641 1441 109 54 au
695 1441 181 54 Comité
822 1441 127 54 des
894 1441 235 54 finances;
1057 1441 145 54 Paris,

145 1487 83 60 23
187 1487 139 60 juill.
284 1487 125 60 1791,
367 1487 69 60 2
395 1487 83 60 p.
436 1487 97 60 1/2
492 1487 125 60 in-4.
575 1487 83 60 40
602 1487 42 60 »

170 1529 188 50 Curieuse
311 1529 157 50 lettre
421 1529 94 50 où
468 1529 94 50 il
515 1529 141 50 mande
609 1529 141 50 qu’il
703 1529 78 50 a
734 1529 110 50 été
797 1529 157 50 décidé
906 1529 110 50 que
969 1529 157 50 chaque
1063 1529 141 50 commune

140 1564 164 53 payerait
264 1564 96 53 ses
318 1564 151 53 dettes.
428 1564 82 53 Le
469 1564 151 53 travail
579 1564 68 53 à
606 1564 123 53 faire
688 1564 110 53 sera
757 1564 123 53 long.
839 1564 123 53 «Mais
921 1564 96 53 que
976 1564 205 53 deviendront
1127 1564 68 53 les

148 1596 149 43 choses,
257 1596 108 43 dans
324 1596 81 43 la
365 1596 162 43 terrible
487 1596 217 43 fermentation
663 1596 81 43 où
703 1596 108 43 nous
771 1596 108 43 nous
839 1596 176 43 trouvons?
974 1596 81 43 Il
1015 1596 95 43 n’y
1069 1596 68 43 a
1096 1596 108 43 plus
1150 1596 54 43 de

142 1625 123 48 bases
224 1625 109 48 pour
293 1625 150 48 asseoir
402 1625 109 48 même
470 1625 96 48 ses
525 1625 205 48 espérances.
689 1625 109 48 L’on
758 1625 137 48 craint
853 1625 96 48 une
908 1625 191 48 subversion
1045 1625 150 48 générale,

149 1661 183 52 peut-être
289 1661 98 52 une
346 1661 140 52 guerre
444 1661 154 52 civile,
556 1661 183 52 peut-être
697 1661 98 52 pis
753 1661 98 52 que
809 1661 98 52 les
865 1661 168 52 horreurs
991 1661 98 52 qui
1048 1661 84 52 en
1090 1661 112 52 sont
1146 1661 56 52 le

152 1699 124 51 suite.
226 1699 37 51 »

148 1736 109 50 28170.
224 1736 98 50 ROSEN
289 1736 119 50 (Conrad
376 1736 87 50 de),
431 1736 130 50 maréchal
528 1736 65 50 de
561 1736 119 50 France.
648 1736 54 50 —
669 1736 65 50 P.
702 1736 76 50 s.,
746 1736 76 50 sur
778 1736 87 50 vélin;

149 1778 133 65 1698,
238 1778 74 65 1
267 1778 88 65 p.
311 1778 118 65 in-8
385 1778 162 65 oblong.
503 1778 74 65 3
518 1778 44 65 »

153 1821 105 58 28171.
227 1821 116 58 ROSSINI
311 1821 95 58 (G.),
375 1821 126 58 l’auteur
469 1821 63 58 de
501 1821 168 58 Guillaume
638 1821 137 58 Tell
743 1821 53 58 —
764 1821 63 58 L.
796 1821 63 58 a.
827 1821 74 58 s.,
859 1821 42 58 en

140 1862 222 77 français,
311 1862 85 77 à
345 1862 171 77 Auber;
464 1862 171 77 Passy,
584 1862 102 77 20
635 1862 137 77 août
721 1862 154 77 1862,
823 1862 85 77 1
857 1862 102 77 p.
909 1862 154 77 in-4,
994 1862 205 77 enveloppe.

1069 1905 165 49 25
1124 1905 83 49 »

177 1946 166 72 Superbe
297 1946 151 72 lettre
403 1946 90 72 de
448 1946 271 72 recommandation
674 1946 90 72 en
719 1946 151 72 faveur
825 1946 90 72 de
870 1946 90 72 M.
915 1946 181 72 Mathias,
1050 1946 105 72 qui
1096 1946 105 72 vient
