1267 2067
581 31 96 53 —
619 31 96 53 2
638 31 58 53 —

139 95 119 53 L.
199 95 119 53 s.
258 95 119 53 au
317 95 257 53 procureur
515 95 218 53 général
674 95 119 53 de
733 95 317 53 Bourbonnais;
970 95 238 53 Montluçon,

149 140 72 54 9
177 140 172 54 octobre,
307 140 72 54 1
335 140 86 54 p.
378 140 115 54 in-4
450 140 158 54 oblong.
565 140 100 54 15.
608 140 43 54 »

185 183 112 42 Elle
255 183 98 42 lui
311 183 140 42 envoie
410 183 84 42 le
452 183 154 42 contrat
564 183 84 42 de
606 183 154 42 mariage
719 183 84 42 de
761 183 154 42 Gilbert
873 183 84 42 de
915 183 154 42 Bourbon
1027 183 84 42 et
1070 183 84 42 de
1098 183 112 42 Claire

149 217 87 45 de
192 217 188 45 Gonzague,
337 217 116 45 père
409 217 87 45 et
452 217 116 45 mère
525 217 87 45 de
568 217 159 45 Charles
684 217 87 45 de
727 217 174 45 Bourbon,
858 217 101 45 son
916 217 159 45 gendre,
1031 217 87 45 et
1060 217 145 45 diverses

151 251 141 50 autres
235 251 127 50 pièces.

159 278 106 64 28041.
234 278 85 64 ANNE
287 278 159 64 D’AUTRICHE,
414 278 95 64 reine
477 278 64 64 de
509 278 117 64 France.
594 278 53 64 —
615 278 64 64 L.
647 278 64 64 a.
679 278 64 64 s.
711 278 64 64 au
743 278 95 64 comte
796 278 42 64 de

146 326 217 63 Servien;
308 326 181 63 Paris,
435 326 90 63 9
471 326 162 63 sept.
579 326 162 63 1644,
688 326 90 63 2
724 326 108 63 p.
778 326 126 63 1/4
850 326 217 63 in-fol.,
1012 326 199 63 cachets
1139 326 72 63 et

150 374 121 56 soies
230 374 80 56 de
270 374 107 56 cire
337 374 134 56 noire.
431 374 80 56 75
458 374 40 56 »

186 416 171 46 Précieuse
317 416 118 46 pièce
396 416 79 46 où
435 416 105 46 elle
501 416 79 46 le
540 416 158 46 remercie
659 416 79 46 de
698 416 92 46 ses
750 416 223 46 félicitations
934 416 92 46 sur
987 416 79 46 la
1026 416 118 46 prise
1105 416 79 46 de
1131 416 79 46 Gra-

147 450 179 46 velines.
281 450 119 46 Elle
356 450 104 46 les
415 450 194 46 considère
564 450 134 46 comme
653 450 89 46 la
698 450 149 46 marque
802 450 89 46 de
847 450 89 46 la
891 450 119 46 même
966 450 164 46 passion
1085 450 119 46 pour
1144 450 60 46 le

147 480 142 42 service
250 480 78 42 du
289 480 90 42 roi
341 480 116 42 qu’il
419 480 116 42 avait
496 480 103 42 pour
561 480 116 42 celui
638 480 78 42 du
677 480 90 42 feu
729 480 103 42 roi.
793 480 103 42 Elle
858 480 168 42 s’attache
987 480 65 42 à
1013 480 116 42 faire
1078 480 129 42 exécuter

156 520 97 37 les
212 520 139 37 justes
309 520 167 37 desseins
434 520 83 37 de
476 520 83 37 ce
517 520 153 37 dernier
628 520 153 37 prince.
740 520 111 37 «Les
809 520 139 37 vertus
906 520 125 37 qu’il
990 520 69 37 a
1017 520 167 37 pratiqué
1129 520 83 37 jus-

153 552 108 41 ques
220 552 67 41 à
247 552 81 41 sa
287 552 94 41 fin
341 552 121 41 toute
422 552 189 41 crestienne
570 552 81 41 et
610 552 189 41 approchant
759 552 81 41 de
799 552 121 41 celle
880 552 94 41 des
934 552 162 41 saincts,
1055 552 81 41 et
1082 552 121 41 l’inno-

148 575 128 44 cence
233 575 85 44 de
275 575 142 44 l’aage
375 575 85 44 du
417 575 99 44 Roy
474 575 99 44 mon
531 575 113 44 dict
601 575 128 44 sieur
687 575 85 44 et
729 575 113 44 fils
800 575 170 44 attirant
927 575 85 44 la
970 575 227 44 continuation
1140 575 71 44 des

150 609 214 45 bénédictions
324 609 94 45 que
377 609 80 45 le
417 609 107 45 Ciel
484 609 120 45 verse
565 609 67 45 à
591 609 80 45 la
631 609 107 45 vete
698 609 80 45 de
739 609 120 45 toute
819 609 161 45 l’Europe
939 609 94 45 sur
993 609 94 45 cet
1046 609 134 45 estat,
1127 609 80 45 pour

156 645 202 46 approbation
317 645 81 46 de
358 645 81 46 la
398 645 148 46 justice
506 645 81 46 de
547 645 135 46 nostre
641 645 135 46 cause,
736 645 121 46 c’est
817 645 67 46 à
844 645 121 46 Dieu,
925 645 108 46 seul
992 645 148 46 autheur
1100 645 81 46 de
1127 645 81 46 tout

152 674 119 52 bien,
231 674 119 52 qu’il
310 674 79 52 en
350 674 106 52 faut
416 674 132 52 rendre
508 674 92 52 les
561 674 158 52 louanges
680 674 79 52 et
720 674 145 52 actions
825 674 79 52 de
852 674 158 52 graces...»

147 710 155 63 28042.
256 710 248 63 CAPODISTRIAS
458 710 155 63 (Jean,
567 710 140 63 comte
660 710 124 63 de),
737 710 202 63 président
893 710 93 63 de
939 710 93 63 la
986 710 155 63 Grèce,
1079 710 124 63 assas-

146 755 139 56 siné
233 755 104 56 en
285 755 157 56 1831.
389 755 87 56 —
424 755 104 56 L.
476 755 104 56 a.
528 755 122 56 s.,
598 755 104 56 en
650 755 226 56 français,
824 755 104 56 au
876 755 244 56 professeur
1050 755 157 56 Pictet;

152 812 185 51 (Genève,
290 812 216 51 vendredi),
460 812 108 51 3/4
522 812 93 51 de
568 812 93 51 p.
615 812 139 51 in-8.
707 812 77 51 6
723 812 46 51 »

178 844 80 50 Il
218 844 160 50 s’excuse
338 844 80 50 de
378 844 80 50 ne
418 844 93 50 pas
471 844 147 50 l’aller
578 844 120 50 voir,
658 844 93 50 car
711 844 80 50 on
751 844 120 50 vient
831 844 80 50 de
871 844 93 50 lui
925 844 133 50 mander
1018 844 80 50 la
1058 844 107 50 mort
1112 844 93 50 d’une

152 886 82 52 de
193 886 96 52 ses
248 886 137 52 nièces
343 886 123 52 qu’il
425 886 137 52 aimait
521 886 82 52 du
562 886 109 52 fond
630 886 82 52 du
657 886 96 52 cœur.

155 930 122 49 28043.
240 930 159 49 CATHERINE
362 930 73 49 DE
399 930 146 49 MÉDICIS,
509 930 110 49 reine
582 930 73 49 de
618 930 134 49 France.
716 930 61 49 —
740 930 73 49 L.
777 930 73 49 a.
814 930 85 49 s.,
850 930 49 49 en

844 967 35 26 S°
867 967 35 26 O

152 968 142 50 italien,
258 968 59 50 à
282 968 142 50 François
388 968 94 50 Ier;
447 968 106 50 Nice,
518 968 71 50 23
553 968 106 50 sept.
624 968 106 50 1533,
695 968 83 50 3/4
742 968 71 50 de
777 968 71 50 p.
801 968 106 50 in

149 1007 181 67 Très-rare,
298 1007 64 67 de
330 1007 96 67 cette
394 1007 138 67 date
500 1007 74 67 100
532 1007 32 67 »

181 1041 122 56 Pièce
263 1041 189 56 historique
411 1041 81 56 où
452 1041 108 56 elle
519 1041 162 56 remercie
641 1041 257 56 très-humblement
857 1041 81 56 le
897 1041 95 56 roi
951 1041 81 56 de
992 1041 81 56 la
1032 1041 135 56 lettre
1113 1041 95 56 qu’il

143 1086 94 44 lui
196 1086 67 44 a
223 1086 134 44 écrite
317 1086 94 44 par
371 1086 161 44 l’évêque
492 1086 175 44 d’Auxerre
626 1086 107 44 pour
693 1086 188 44 l’informer
841 1086 121 44 qu’il
921 1086 148 44 l’avait
1029 1086 148 44 choisie
1122 1086 81 44 pour

148 1122 124 40 femme
231 1122 83 40 de
272 1122 96 40 son
327 1122 138 40 second
424 1122 110 40 fils
492 1122 83 40 le
534 1122 96 40 duc
589 1122 179 40 d’Orléans
726 1122 151 40 (depuis
837 1122 124 40 Henri
905 1122 83 40 II).

594 1137 99 71 28044.
663 1137 128 71 CATHERINE
762 1137 59 71 DE
791 1137 118 71 MÉDICIS.
880 1137 59 71 L.
909 1137 59 71 a.
939 1137 59 71 s.
968 1137 49 71 à
988 1137 108 71 Charles
1067 1137 69 71 IX;
1097 1137 99 71 Limoges,

161 1212 55 54 12
188 1212 74 54 juin
234 1212 83 54 1569,
289 1212 46 54 4
308 1212 55 54 p.
335 1212 101 54 in-fol.
409 1212 55 54 Un
437 1212 64 54 peu
473 1212 101 54 jaunie.
547 1212 64 54 250
574 1212 28 54 »

183 1232 156 65 Superbe
296 1232 142 65 lettre
396 1232 85 65 où
438 1232 113 65 elle
509 1232 128 65 donne
594 1232 99 65 des
651 1232 184 65 nouvelles
793 1232 85 65 de
835 1232 85 65 la
878 1232 156 65 guerre.
991 1232 156 65 «Depuis
1105 1232 99 65 que
1147 1232 57 65 je

146 1274 67 59 y
172 1274 121 59 suis,
253 1274 81 59 jé
294 1274 121 59 fayst
374 1274 148 59 marcher
482 1274 135 59 vostre
576 1274 135 59 armaye
671 1274 81 59 en
711 1274 108 59 tele
778 1274 188 59 diligense,
926 1274 94 59 que
980 1274 94 59 cet
1034 1274 94 59 les
1074 1274 135 59 reystres

148 1306 141 55 eusent
247 1306 127 55 voleu
331 1306 155 55 marcher
444 1306 141 55 jeudi,
543 1306 85 55 le
585 1306 113 55 jour
655 1306 85 55 de
698 1306 85 55 la
740 1306 127 55 feste
824 1306 127 55 Dyeu,
909 1306 85 55 je
951 1306 85 55 me
994 1306 141 55 pouvès
1092 1306 113 55 dyre
1149 1306 56 55 la

147 1339 115 52 plus
219 1339 173 52 heureuse
349 1339 130 52 femme
435 1339 87 52 du
478 1339 144 52 monde,
579 1339 87 52 et
623 1339 144 52 vostre
724 1339 130 52 frère
810 1339 87 52 le
854 1339 115 52 plus
926 1339 188 52 glorieux,
1070 1339 101 52 car
1113 1339 87 52 vous

154 1370 138 55 eusiés
251 1370 97 55 heu
306 1370 83 55 la
348 1370 97 55 fin
403 1370 83 55 de
445 1370 124 55 cette
527 1370 138 55 guere,
624 1370 152 55 aystent
735 1370 138 55 réduis
832 1370 83 55 le
873 1370 97 55 duc
928 1370 83 55 de
970 1370 97 55 Dus
1025 1370 111 55 Pons
1094 1370 83 55 en
1122 1370 83 55 lyeu

155 1406 95 49 qui
210 1406 150 49 lestoit
319 1406 68 49 à
346 1406 122 49 nous,
427 1406 95 49 mès
482 1406 109 49 Dieu
550 1406 82 49 ne
590 1406 82 49 la
631 1406 95 49 pas
686 1406 204 49 voleu.....»
849 1406 122 49 Après
930 1406 122 49 avoir
1012 1406 122 49 tracé
1093 1406 109 49 tout
1148 1406 54 49 un

150 1433 109 55 plan
218 1433 81 55 de
259 1433 177 55 campagne,
395 1433 109 55 elle
463 1433 163 55 continue
585 1433 122 55 ainsi
666 1433 68 55 :
694 1433 95 55 «En
748 1433 95 55 cez
802 1433 163 55 faysant,
924 1433 109 55 l’on
992 1433 122 55 joura
1074 1433 95 55 jeu
1115 1433 81 55 seur

147 1466 84 50 et
189 1466 168 50 conestra
315 1466 98 50 ton
371 1466 98 50 que
428 1466 70 50 y
456 1466 112 50 alés
526 1466 154 50 aveques
638 1466 112 50 sans
708 1466 84 50 et
750 1466 168 50 raysons,
876 1466 84 50 et
918 1466 126 50 ceulx
1003 1466 98 50 que
1059 1466 112 50 pour
1115 1466 84 50 vous

149 1492 183 56 complaire
290 1492 113 56 vous
361 1492 85 56 en
403 1492 127 56 diron
487 1492 198 56 autrement,
643 1492 113 56 vous
713 1492 169 56 conestré
840 1492 85 56 un
883 1492 113 56 jour
953 1492 113 56 tout
1024 1492 85 56 le
1066 1492 141 56 monde,
1151 1492 56 56 et

154 1527 145 51 voyrés
255 1527 101 51 que
313 1527 87 51 je
356 1527 116 51 vous
429 1527 116 51 suis
501 1527 116 51 mère
573 1527 87 51 et
617 1527 101 51 non
675 1527 174 51 maratre.
805 1527 87 51 Je
849 1527 87 51 ne
892 1527 87 51 le
935 1527 116 51 vous
1008 1527 101 51 dis
1066 1527 101 51 pas
1109 1527 87 51 poui

148 1563 136 43 douter
244 1563 96 43 que
298 1563 82 43 ne
339 1563 82 43 me
380 1563 177 43 conoyscés
517 1563 150 43 tieule,
626 1563 96 43 car
681 1563 82 43 je
721 1563 177 43 manassure
858 1563 82 43 de
899 1563 150 43 l’amour
1008 1563 82 43 et
1035 1563 164 43 aubéisance

640 1594 107 40 cet
701 1594 122 40 pour
777 1594 122 40 vous
853 1594 198 40 refrèchir
1005 1594 91 40 la
1036 1594 167 40 maymouyre

155 1601 101 46 que
212 1601 145 46 m’avés
314 1601 173 46 tousjour
444 1601 173 46 portaye,
559 1601 87 46 mais

626 1620 96 47 cêt
681 1620 110 47 pour
750 1620 138 47 vostre
847 1620 220 47 conservataon
1026 1620 83 47 et
1067 1620 83 47 de
1095 1620 110 47 vostre

152 1637 94 37 que
205 1637 94 37 cet
259 1637 94 37 que
312 1637 80 37 je
353 1637 107 37 vous
420 1637 134 37 consel
513 1637 80 37 et
540 1637 94 37 foys,

149 1658 167 49 royaume,
274 1658 97 49 que
330 1658 97 49 est
385 1658 139 49 vostre
482 1658 167 49 honneur,
607 1658 111 49 come
677 1658 83 49 le
718 1658 194 49 conoystrés
871 1658 69 49 à
899 1658 83 49 la
940 1658 97 49 fin
996 1658 83 49 de
1037 1658 111 49 tout
1093 1658 111 49 cesi.»

188 1688 71 48 —
216 1688 71 48 A
244 1688 85 48 la
287 1688 99 48 fin
343 1688 85 48 de
385 1688 85 48 la
428 1688 141 48 lettre
527 1688 99 48 est
583 1688 85 48 un
625 1688 240 48 post-scriptum
823 1688 127 48 ainsi
908 1688 127 48 conçu
992 1688 71 48 :
1021 1688 99 48 «Si
1077 1688 127 48 volés
1148 1688 56 48 me

144 1714 134 57 faire
234 1714 149 57 chause
338 1714 179 57 agréable
473 1714 90 57 et
517 1714 179 57 beaucoup
652 1714 119 57 pour
726 1714 90 57 me
771 1714 209 57 contenter,
935 1714 90 57 ne
980 1714 90 57 me
1025 1714 149 57 mestés
1114 1714 90 57 plus

147 1750 193 52 ceruiteur.
299 1750 83 52 Je
341 1750 83 52 le
382 1750 111 52 vous
451 1750 83 52 ay
493 1750 124 52 déjea
576 1750 138 52 mandé;
672 1750 83 52 je
714 1750 111 52 vous
783 1750 111 52 prie
852 1750 83 52 le
880 1750 124 52 fayre.»

655 1784 83 69 28045.
713 1784 92 69 CHARLES
780 1784 58 69 IX,
813 1784 58 69 roi
846 1784 50 69 de
871 1784 92 69 France.
938 1784 42 69 —
954 1784 50 69 L.
979 1784 50 69 a.
1004 1784 50 69 s.
1029 1784 42 69 à
1046 1784 50 69 la
1071 1784 75 69 Reine
1121 1784 50 69 sa
1138 1784 58 69 mère.

157 1847 79 61 1/4
202 1847 68 61 de
236 1847 68 61 p.
270 1847 124 61 in-fol.
360 1847 238 61 Très-rare
564 1847 79 61 200
598 1847 34 61 »

179 1866 86 64 Il
222 1866 100 64 lui
279 1866 157 64 annonce
393 1866 86 64 la
436 1866 143 64 visite
535 1866 86 64 du
578 1866 128 64 sieur
664 1866 86 64 de
707 1866 171 64 Rostain.
835 1866 100 64 «Je
892 1866 86 64 ne
935 1866 114 64 l’ay
1006 1866 128 64 voulu
1078 1866 128 64 laisser

148 1909 131 53 aller
236 1909 117 53 sans
309 1909 117 53 vous
382 1909 117 53 dire
455 1909 102 53 que
513 1909 87 53 le
557 1909 160 53 plaisir
673 1909 87 53 et
717 1909 233 53 contentement
906 1909 102 53 que
965 1909 87 53 je
1008 1909 131 53 reçoy
1096 1909 87 53 de
1125 1909 73 53 vos

154 1949 166 49 lettres,
278 1949 83 49 ne
320 1949 110 49 vous
389 1949 152 49 pouvant
499 1949 138 49 veoir,
596 1949 124 49 m’est
679 1949 83 49 si
720 1949 124 49 grand
803 1949 124 49 qu’il
886 1949 110 49 m’en
955 1949 110 49 fait
1024 1949 152 49 désirer
1120 1949 83 49 bien

133 1992 186 53 souvent.»
