1600 2810
520 50 534 120 CATALOGUE

90 199 234 91 DE
207 199 430 91 LETTRES
520 199 625 91 AUTOGRAPHES,
988 199 508 91 MANUSCRITS,

466 297 298 102 DOCUMENTS
709 297 298 102 HISTORIQUES,
932 297 205 102 ETC.,

283 434 431 115 OE
523 434 766 115 A.AUEHEET,

376 541 163 112 A
469 541 233 112 Paris,
632 541 163 112 rue
725 541 396 112 Saint-Lazare,
1028 541 187 112 24

572 728 207 95 Vente
727 728 86 95 à
744 728 276 95 l’amiable,

347 773 198 87 soit
486 773 139 87 par
565 773 297 87 l'insertion
803 773 158 87 dans
901 773 119 87 le
941 773 297 87 bulletin,

172 852 220 71 soit
332 852 140 71 aux
412 852 240 71 enchères
592 852 280 71 publiques,
811 852 120 71 de
871 852 300 71 Collections
1111 852 120 71 ou
1151 852 260 71 parties

346 901 174 65 de
462 901 291 65 Collections
694 901 116 65 de
753 901 213 65 Lettres
888 901 349 65 autographes,

497 958 314 63 Documents
733 958 354 63 historiques,

543 999 300 63 Manuscrits,
790 999 159 63 etc.,
878 999 159 63 etc>

105 1011 281 105 Achats.
326 1011 100 105 —
366 1011 261 105 Échanges.
567 1011 100 105 —
607 1011 301 105 Expertises.
848 1011 100 105 —
888 1011 261 105 Rédaction
1089 1011 120 105 de
1129 1011 341 105 Catalogues.

438 1197 160 88 N°
518 1197 160 88 2.
599 1197 134 88 —
652 1197 294 88 JUILLET
839 1197 294 88 1856.

60 1341 137 91 49.
139 1341 392 91 Aiguillon
472 1341 137 91 (le
551 1341 137 91 duc
629 1341 157 91 d'),
727 1341 275 91 gouverneur
943 1341 118 91 de
1002 1341 118 91 la
1061 1341 255 91 Bretagne,
1257 1341 235 91 ministre
1414 1341 98 91 des

100 1411 264 89 affaires
298 1411 330 89 étrangères.
562 1411 132 89 L.
628 1411 176 89 aut.
738 1411 198 89 sig.,
869 1411 132 89 au
935 1411 154 89 duc
1023 1411 132 89 de
1089 1411 220 89 Parme.
1221 1411 286 89 Versailles,

90 1462 213 60 16
197 1462 284 60 mars
375 1462 320 60 1755.
588 1462 178 60 4
659 1462 213 60 p.
766 1462 320 60 in-4.
979 1462 462 60 Curieuse.
1334 1462 178 60 5
1370 1462 142 60 50

54 1492 132 92 50.
130 1492 340 92 Alençon
413 1492 264 92 (François,
621 1492 132 92 duc
696 1492 151 92 d’),
791 1492 170 92 frère
904 1492 113 92 de
960 1492 170 92 Henri
1074 1492 151 92 III.
1168 1492 113 92 L.
1225 1492 151 92 avec
1319 1492 132 92 une
1376 1492 132 92 ligne

94 1562 209 57 aut.
225 1562 209 57 sig.
356 1562 262 57 Blois,
539 1562 157 57 28
617 1562 288 57 février
827 1562 236 57 1577.
984 1562 288 57 Demi-p.
1193 1562 288 57 in-fol.
1402 1562 131 57 6
1428 1562 79 57 »

54 1595 131 90 51.
129 1595 355 90 Alibert,
428 1595 224 90 médecin,
596 1595 299 90 littérateur.
838 1595 112 90 L.
894 1595 149 90 aut.
987 1595 168 90 sig.,
1099 1595 93 90 à
1137 1595 243 90 Bernardin
1323 1595 112 90 de
1361 1595 149 90 Saint-

100 1663 224 55 Pierre.
263 1663 204 55 Paris.
406 1663 102 55 1
446 1663 122 55 p.
508 1663 143 55 pl.
589 1663 184 55 in-4.
712 1663 224 55 Cachet.
875 1663 122 55 Il
936 1663 143 55 lui
1017 1663 163 55 fait
1119 1663 224 55 l’éloge
1283 1663 122 55 de
1344 1663 122 55 M.
1385 1663 122 55 Cam-

98 1712 195 70 penon
228 1712 151 70 qui
315 1712 130 70 se
380 1712 260 70 présente
574 1712 173 70 pour
683 1712 130 70 la
748 1712 195 70 place
877 1712 238 70 vacante
1051 1712 108 70 à
1094 1712 238 70 l’Acad.
1267 1712 216 70 franç.
1418 1712 108 70 3
1440 1712 65 70 »

52 1755 121 67 52.
121 1755 312 67 Allart,
381 1755 191 67 général
520 1755 208 67 français
676 1755 104 67 au
728 1755 191 67 service
867 1755 104 67 du
919 1755 121 67 roi
988 1755 104 67 de
1040 1755 191 67 Lahore.
1179 1755 104 67 Né
1231 1755 87 67 à
1248 1755 260 67 Saint

101 1813 336 64 Tropez
378 1813 197 64 (Var).
516 1813 118 64 L.
575 1813 158 64 aut.
674 1813 158 64 sig.
773 1813 197 64 Paris,
911 1813 178 64 1836.
1029 1813 99 64 1
1069 1813 118 64 p.
1128 1813 118 64 et
1187 1813 178 64 demie
1306 1813 178 64 in-8.
1424 1813 99 64 2
1444 1813 59 64 »

48 1853 142 65 53.
129 1853 223 65 Anne
291 1853 385 65 d’Autriche,
614 1853 182 65 reine
736 1853 121 65 de
797 1853 223 65 France.
959 1853 121 65 L.
1019 1853 162 65 aut.
1120 1853 182 65 sig.,
1242 1853 162 65 à
1323 1853 182 65 mon

96 1898 407 71 cousin..
442 1898 529 71 Saint-Germain-en-Laye,
910 1898 122 71 13
971 1898 163 71 août
1073 1898 183 71 1629.
1195 1898 102 71 1
1235 1898 122 71 p.
1296 1898 142 71 pl.
1358 1898 142 71 in

38 1950 693 57 Belle
500 1950 847 57 lettre.
1116 1950 462 57 28
1270 1950 231 57 »

49 1981 126 77 54.
121 1981 305 77 Arnaud
372 1981 323 77 (Fr.-Th.-Marie
641 1981 341 77 Baculard
928 1981 144 77 d'),
1018 1981 287 77 littérateur,
1251 1981 179 77 auteur
1359 1981 144 77 drama-

88 2050 266 64 tique.
275 2050 160 64 L.
355 2050 213 64 aut.
488 2050 240 64 sig.,
647 2050 240 64 mardi
807 2050 266 64 matin.
993 2050 133 64 1
1047 2050 160 64 p.
1126 2050 186 64 pl.
1233 2050 240 64 in-8.
1393 2050 133 64 3
1419 2050 80 64 »

139 2097 219 61 Détails
298 2097 318 61 intéressants
556 2097 139 61 sur
636 2097 119 61 sa
695 2097 199 61 triste
815 2097 238 61 situation.

45 2136 125 81 55.
117 2136 305 81 Audran
368 2136 233 81 (Gérard),
547 2136 215 81 graveur.
708 2136 107 81 Né
762 2136 90 81 à
797 2136 287 81 Lyon
1030 2136 233 81 Quittance
1209 2136 143 81 sig.
1299 2136 125 81 sur
1353 2136 143 81 vélin.

78 2199 297 58 In-8,
276 2199 198 58 en
375 2199 396 58 travers.
672 2199 330 58 Paris,
902 2199 198 58 10
1001 2199 264 58 mars
1166 2199 297 58 1699.
1364 2199 165 58 4
1397 2199 99 58 »

42 2240 141 60 56.
123 2240 242 60 Audry
304 2240 121 60 de
365 2240 363 60 Puiraveau,
667 2240 202 60 député
808 2240 121 60 de
869 2240 121 60 la
909 2240 585 60 Charente

85 2293 151 57 L.
160 2293 202 57 aut.
287 2293 227 57 sig.,
438 2293 126 57 à
488 2293 151 57 M.
564 2293 277 57 Cassin.
766 2293 252 57 Paris,
942 2293 227 57 1831.
1094 2293 126 57 1
1144 2293 151 57 p.
1220 2293 227 57 in-8.
1371 2293 126 57 2
1396 2293 101 57 25

43 2334 125 60 57.
115 2334 375 60 Ballanche,
436 2334 286 60 littérateur,
669 2334 161 60 memb.
776 2334 107 60 de
830 2334 197 60 l’Acad.
973 2334 250 60 française.
1169 2334 107 60 Né
1223 2334 89 60 à
1241 2334 250 60 Lyon

84 2389 138 67 L.
153 2389 185 67 aut.
268 2389 208 67 sig.,
407 2389 115 67 à
453 2389 138 67 M.
522 2389 138 67 le
591 2389 208 67 comte
730 2389 138 67 de
799 2389 231 67 Bondy,
960 2389 231 67 préfet
1122 2389 138 67 du
1191 2389 231 67 Rhône.
1330 2389 161 67 Lyon,

75 2435 193 61 20
171 2435 419 61 septembre
494 2435 290 61 1811.
687 2435 161 61 2
752 2435 226 61 gr.
881 2435 193 61 p.
977 2435 226 61 pl.
1106 2435 355 61 in-fol.
1364 2435 161 61 6
1396 2435 97 61 »

128 2482 132 62 Au
194 2482 198 62 sujet
326 2482 154 62 des
414 2482 242 62 secours
590 2482 110 62 à
634 2482 264 62 accorder
833 2482 132 62 au
899 2482 198 62 sieur
1031 2482 198 62 Rivey
1163 2482 176 62 pour
1251 2482 242 62 l'achève-

83 2531 176 56 ment
193 2531 154 56 des
281 2531 308 56 mécaniques
522 2531 132 56 de
588 2531 154 56 son
676 2531 308 56 invention.
918 2531 132 56 Ce
984 2531 286 56 vieillard
1203 2531 110 56 a
1247 2531 176 56 déjà
1335 2531 154 56 rendu

81 2581 153 65 des
168 2581 262 65 services
365 2581 196 65 réels
495 2581 153 65 aux
583 2581 349 65 manufactures
866 2581 131 65 de
909 2581 153 65 Lyon.

36 2620 141 67 58.
117 2620 444 67 Beauharnais
500 2620 222 67 (Eugène
662 2620 121 67 et
723 2620 283 67 Hortense).
945 2620 182 67 Pièce
1066 2620 162 67 sig.
1147 2620 343 67 Hortense

82 2673 446 90 Beauharnois
461 2673 134 90 et
528 2673 245 90 Eugène
706 2673 446 90 Beauharnois
1085 2673 112 90 2
1130 2673 134 90 p.
1197 2673 245 90 in-fol.
1375 2673 134 90 20
1420 2673 67 90 »
