1296 2105
620 23 38 63 —
636 23 38 63 4
643 23 23 63 —

178 85 153 52 27223.
285 85 138 52 GRISI
377 85 199 52 (Giulia),
530 85 92 52 la
576 85 169 52 célèbre
699 85 230 52 cantatrice.
883 85 77 52 —
914 85 92 52 L.
960 85 92 52 a.
1006 85 107 52 s.;
1067 85 138 52 1852,
1159 85 77 52 2
1175 85 61 52 p.

183 133 87 54 in-8.
241 133 48 54 5
251 133 29 54 »

207 174 158 66 Demande
321 174 86 66 de
365 174 172 66 costumes
494 174 115 66 pour
565 174 86 66 la
609 174 158 66 tournée
723 174 158 66 qu’elle
838 174 86 66 va
881 174 129 66 faire
967 174 86 66 en
1010 174 201 66 Angleterre
1154 174 86 66 avec

158 207 121 51 Mario.

180 249 166 70 27224.
297 249 216 70 GUILLAUME
463 249 133 70 III,
546 249 116 70 roi
612 249 282 70 d’Angleterre,
844 249 199 70 l’auteur
994 249 100 70 de
1043 249 100 70 la
1077 249 149 70 Révolu-

185 293 141 46 tion
273 293 106 46 de
326 293 158 46 1688.
432 293 88 46 —
467 293 106 46 L.
520 293 158 46 aut.,
625 293 106 46 en
678 293 229 46 français,
854 293 141 46 sig.
942 293 106 46 W.
995 293 123 46 R.,
1065 293 106 46 au
1100 293 141 46 prince

178 340 115 42 de
235 340 268 42 Vaudemont;
446 340 287 42 Cantorbéry,
675 340 115 42 19
733 340 153 42 nov.
828 340 172 42 1694,
943 340 96 42 1
981 340 115 42 p.
1039 340 134 42 pl.
1096 340 134 42 in

179 378 150 53 Jaunie
284 378 90 53 et
329 378 150 53 tachée
433 378 135 53 d’eau
523 378 105 53 sur
583 378 105 53 les
643 378 150 53 bords.
747 378 90 53 45
777 378 45 53 »

216 423 222 38 Intéressante
396 423 152 38 lettre.
507 423 83 38 Il
549 423 97 38 lui
604 423 152 38 annonce
715 423 97 38 son
771 423 139 38 retour
868 423 83 38 en
909 423 208 38 Angleterre.
1076 423 125 38 «J’ay
1159 423 83 38 eu
1187 423 55 38 le

185 441 113 56 plus
255 441 155 56 heureus
368 441 155 56 passage
480 441 84 56 du
523 441 141 56 monde,
621 441 127 56 ayent
705 441 98 56 mis
762 441 113 56 pied
832 441 70 56 à
860 441 127 56 terre
945 441 70 56 à
973 441 84 56 ce
1015 441 113 56 midy
1085 441 113 56 sans
1142 441 98 56 avoir

187 491 112 53 esté
257 491 225 53 auqu’unement
440 491 168 53 incomodé
566 491 84 53 de
608 491 84 53 la
650 491 112 53 mer.
721 491 84 53 Je
763 491 112 53 vien
833 491 140 53 couché
931 491 98 53 icy
987 491 112 53 pour
1057 491 126 53 estre
1128 491 112 53 demain

190 518 83 47 au
232 518 110 47 soir
301 518 69 47 à
314 518 152 47 Londres.»

195 554 152 59 27225.
301 554 137 59 HENRI
392 554 91 59 DE
438 554 167 59 FRANCE,
559 554 137 59 comte
650 554 91 59 de
695 554 197 59 Chambord.
847 554 76 59 —
877 554 91 59 P.
908 554 106 59 aut.,

185 605 120 55 sig.
260 605 105 55 H.;
320 605 75 55 8
350 605 135 55 janv.
439 605 135 55 1861,
529 605 75 55 1
559 605 90 55 p.
604 605 105 55 1/4
664 605 135 55 in-8.
753 605 90 55 25
783 605 45 55 »

214 655 153 36 Curieux
325 655 181 36 document.
464 655 83 36 Il
506 655 153 36 ordonne
617 655 167 36 d’écrire
742 655 70 36 à
770 655 83 36 M.
812 655 181 36 Balaydier
951 655 111 36 pour
1021 655 83 36 le
1062 655 181 36 remercier
1187 655 56 36 de

185 688 78 37 sa
224 688 105 37 note
289 688 91 37 sur
342 688 78 37 la
381 688 144 37 Savoie.
485 688 91 37 «Je
538 688 105 37 vois
603 688 105 37 avec
668 688 157 37 plaisir,
786 688 144 37 dit-il,
890 688 91 37 que
943 688 78 37 le
982 688 170 37 sentiment
1099 688 144 37 religieux

185 718 87 34 et
228 718 217 34 monarchique
402 718 101 34 est
460 718 145 34 encore
561 718 159 34 profond
677 718 116 34 dans
749 718 130 34 cette
836 718 174 34 province
967 718 87 34 où
1010 718 116 34 nous
1068 718 174 34 trouverons

186 746 110 55 plus
255 746 110 55 tard
324 746 83 55 de
366 746 193 55 véritables
504 746 110 55 amis.»

187 782 158 64 27226.
298 782 126 64 HUGO
377 782 205 64 (Victor).
535 782 79 64 —
566 782 95 64 L.
613 782 95 64 a.
661 782 95 64 s.
708 782 79 64 à
740 782 158 64 Harel;
850 782 95 64 28
898 782 158 64 avril,
1008 782 79 64 1
1040 782 95 64 p.
1087 782 111 64 pl.
1134 782 111 64 in

1108 830 161 51 10
1162 830 80 51 »

221 870 148 48 Curieuse
332 870 135 48 épître.
430 870 74 48 Il
467 870 74 48 se
504 870 123 48 plaint
590 870 111 48 qu’il
664 870 74 48 ne
701 870 111 48 fasse
775 870 86 48 pas
824 870 185 48 représenter
972 870 172 48 Lucrèce
1095 870 148 48 Borgia

194 911 101 41 avec
258 911 76 41 le
296 911 139 41 nouveau
397 911 139 41 tableau
498 911 76 41 de
536 911 203 41 l'Auberge
701 911 89 41 des
751 911 190 41 Adrets
903 911 114 41 ainsi
979 911 114 41 qu’il
1055 911 114 41 était
1118 911 127 41 convenu.

195 940 105 63 27227.
268 940 115 63 INGRES,
351 940 63 63 le
383 940 94 63 grand
446 940 115 63 peintre
529 940 157 63 d’histoire.
655 940 52 63 —
676 940 63 63 L.
707 940 63 63 a.
738 940 63 63 s.
770 940 63 63 au
791 940 73 63 comte

194 998 92 54 de
240 998 184 54 Chabrol;
378 998 153 54 Paris,
485 998 92 54 30
531 998 138 54 janv.
623 998 138 54 1829,
715 998 77 54 1
746 998 92 54 p.
792 998 169 54 in-fol.
914 998 92 54 10
945 998 46 54 »

227 1036 193 44 Très-belle
379 1036 138 44 lettre
475 1036 83 44 de
516 1036 220 44 remerciments
695 1036 83 44 de
736 1036 179 44 l’ouvrage
874 1036 96 44 que
929 1036 83 44 le
970 1036 124 44 comte
1052 1036 96 44 lui
1107 1036 69 44 a
1121 1036 124 44 envoyé.

218 1071 107 36 Vous
284 1071 160 36 attachez
404 1071 107 36 trop
471 1071 80 36 de
511 1071 120 36 prix,
591 1071 147 36 dit-il,
698 1071 93 36 aux
751 1071 147 36 faibles
857 1071 160 36 services
977 1071 93 36 que
1031 1071 107 36 j’ai
1097 1071 80 36 le
1124 1071 120 36 bonheur

161 1081 72 31 «

195 1107 81 48 de
235 1107 135 48 rendre
329 1107 67 48 à
356 1107 270 48 l’administration
585 1107 94 48 que
639 1107 108 48 vous
707 1107 148 48 dirigés
815 1107 108 48 avec
882 1107 81 48 un
922 1107 135 48 talent
1017 1107 81 48 si
1057 1107 148 48 éminent
1165 1107 81 48 et
1192 1107 54 48 un

196 1142 108 45 zèle
264 1142 81 45 si
291 1142 163 45 paternel.»

189 1175 160 60 27228.
301 1175 144 60 JANIN
396 1175 191 60 (Jules),
540 1175 207 60 critique,
700 1175 96 60 de
747 1175 175 60 l’Acad.
875 1175 112 60 fr.
939 1175 80 60 —
971 1175 96 60 L.
1019 1175 96 60 a.
1067 1175 112 60 s.,
1130 1175 112 60 1/2
1178 1175 64 60 p.

204 1230 91 49 in-8.
265 1230 51 49 2
275 1230 30 49 »

422 1271 133 65 27229.
515 1271 106 65 KISS
581 1271 119 65 (A.),
660 1271 172 65 sculpteur
793 1271 172 65 allemand,
926 1271 146 65 célèbre
1032 1271 93 65 par
1085 1271 80 65 sa
1124 1271 133 65 statue
1204 1271 53 65 de

449 1323 69 64 U
492 1323 163 64 Amazone
630 1323 52 64 L.
656 1323 52 64 a.
681 1323 60 64 s.;
716 1323 77 64 1845,
767 1323 43 64 1
784 1323 52 64 p.
810 1323 77 64 in-4.
862 1323 43 64 5
870 1323 26 64 »

200 1362 158 66 27230.
311 1362 127 66 LAMI
390 1362 174 66 (Eug.),
517 1362 174 66 peintre
644 1362 222 66 distingué.
818 1362 79 66 —
850 1362 95 66 L.
897 1362 95 66 a.
945 1362 111 66 s.,
1008 1362 79 66 1
1040 1362 95 66 p.
1088 1362 143 66 in-8.
1183 1362 79 66 2
1198 1362 48 66 »

200 1425 175 57 27231.
323 1425 175 57 LARREY
446 1425 123 57 (le
516 1425 193 57 baron),
656 1425 210 57 illustre
814 1425 263 57 chirurgien.
1024 1425 88 57 —
1059 1425 105 57 L.
1112 1425 105 57 a.
1164 1425 105 57 s.
1199 1425 53 57 à

198 1475 157 54 Arago;
308 1475 142 54 hôtel
403 1475 110 54 des
466 1475 220 54 Invalides,
639 1475 79 54 6
671 1475 126 54 juin
749 1475 142 54 1835,
844 1475 79 54 1
875 1475 94 54 p.
923 1475 142 54 in-4.
1017 1475 79 54 5
1033 1475 47 54 »

231 1520 126 45 Belle
315 1520 140 45 lettre
413 1520 84 45 de
455 1520 252 45 recommandation
665 1520 84 45 en
707 1520 140 45 faveur
805 1520 84 45 de
847 1520 84 45 la
889 1520 126 45 fille
973 1520 112 45 d’un
1043 1520 84 45 de
1085 1520 98 45 ses
1127 1520 126 45 anciens

188 1556 157 48 disciples.

205 1597 178 49 27232.
330 1597 107 49 LA
383 1597 214 49 VALLETTE
544 1597 321 49 (Emilie-Louise
811 1597 107 49 de
865 1597 285 49 BEAUHARNAIS,
1079 1597 178 49 comtesse

196 1645 147 45 de),
287 1645 202 45 célèbre
434 1645 129 45 par
508 1645 110 45 le
563 1645 257 45 dévouement
765 1645 202 45 qu’elle
912 1645 129 45 eut
985 1645 147 45 pour
1077 1645 129 45 son
1132 1645 129 45 mari,

357 1674 86 55 en
400 1674 129 55 1815.
486 1674 72 55 —
515 1674 86 55 L.
558 1674 86 55 a.
601 1674 86 55 s.
644 1674 72 55 à
673 1674 101 55 son
730 1674 115 55 amie
802 1674 173 55 Faustine
932 1674 201 55 Galatoire,
1090 1674 72 55 à
1104 1674 144 55 Bayonne-

218 1719 73 58 an
254 1719 97 58 VI),
315 1719 61 58 2
339 1719 73 58 p.
376 1719 85 58 1/4
424 1719 109 58 in-8.
497 1719 194 58 Rare
654 1719 61 58 7
667 1719 49 58 50

234 1756 238 48 Très-curieuse
430 1756 140 48 épître
527 1756 84 48 où
569 1756 112 48 elle
639 1756 154 48 annonce
751 1756 98 48 son
807 1756 154 48 mariage
919 1756 112 48 avec
989 1756 84 48 un
1030 1756 112 48 aide
1100 1756 84 48 de
1142 1756 112 48 camp
1198 1756 56 48 de

212 1797 212 42 Buonaparte.
381 1797 141 42 «C’est
480 1797 85 42 ce
523 1797 155 42 dernier
636 1797 99 42 qui
692 1797 71 42 a
720 1797 113 42 tout
791 1797 155 42 arrangé
904 1797 127 42 avant
989 1797 99 42 son
1045 1797 155 42 départ,
1158 1797 85 42 et
1186 1797 71 42 mon

211 1838 108 47 mari
278 1838 94 47 est
332 1838 121 47 parti
412 1838 134 47 quinze
506 1838 121 47 jours
587 1838 121 47 après
668 1838 121 47 notre
735 1838 148 47 union...»

210 1881 148 48 27233.
314 1881 177 48 LEIBNIZ,
446 1881 207 48 l’illustre
609 1881 162 48 savant.
727 1881 74 48 —
756 1881 89 48 L.
801 1881 103 48 s.,
860 1881 89 48 en
904 1881 192 48 français,
1051 1881 118 48 avec
1125 1881 89 48 la
1155 1881 103 48 sous-

210 1916 161 50 cript.
323 1916 145 50 aut.,
419 1916 97 50 (à
468 1916 210 50 BOSSUET);
629 1916 258 50 Wolfenbutel,
839 1916 97 50 24
887 1916 113 50 mai
952 1916 145 50 1700,
1048 1916 97 50 37
1081 1916 64 50 p.

206 1962 142 51 in-4.
301 1962 174 51 Jaunie:
427 1962 126 51 deux
506 1962 205 51 feuillets
664 1962 126 51 sont
743 1962 158 51 moisis
853 1962 126 51 dans
932 1962 95 51 la
979 1962 142 51 marge
1058 1962 79 51 in-

214 2006 180 64 férieure,
353 2006 111 64 mais
422 2006 83 64 le
464 2006 125 64 texte
547 2006 125 64 n’est
630 2006 97 64 pas
685 2006 166 64 atteint.
810 2006 97 64 120
851 2006 42 64 »
