1614 2379
766 189 148 72 —
795 189 118 72 96

268 255 122 95 JOLY
344 255 258 95 (Anne-Marie).
557 255 76 95 —
587 255 106 95 11,
648 255 152 95 rue
754 255 91 95 de
800 255 198 95 Milan
937 255 106 95 (9e).

323 317 226 58 1559
504 317 91 58 Le
534 317 166 58 vigilant.

318 368 256 65 *1560
526 368 96 65 Le
574 368 160 65 «Joly»
671 368 192 65 jardinier.

260 473 186 55 JOSEPH
391 473 242 55 (Albert).
577 473 112 55 Né
633 473 93 55 à
670 473 186 55 Paris,
800 473 112 55 le
856 473 112 55 18
912 473 149 55 juin
1005 473 167 55 1868.
1116 473 186 55 Décédé
1247 473 93 55 à
1284 473 186 55 Paris,
1396 473 74 55 le

313 512 110 54 16
368 512 220 54 novembre
533 512 165 54 1952.
643 512 92 54 —
680 512 129 54 Aux
754 512 165 54 soins
864 512 110 54 de
919 512 110 54 M.
974 512 110 54 le
1029 512 202 54 Docteur
1176 512 202 54 Raymond
1305 512 165 54 Joseph,

316 547 88 60 33,
367 547 164 60 avenue
493 547 76 60 de
531 547 202 60 Breteuil
682 547 88 60 (7e).

613 590 340 93 EXPOSITION
856 590 243 93 POSTHUME

312 643 249 89 *1561
499 643 405 89 Saint

312 700 245 58 *1562
495 700 153 58 Avignon.

311 738 265 57 *1563
527 738 116 57 Rue
593 738 83 57 à
626 738 182 57 Cravent
742 738 166 57 (Yonne).

311 773 248 58 *1564
513 773 93 58 La
560 773 186 58 Jonchère
699 773 124 58 sous
777 773 93 58 la
808 773 124 58 neige.

309 807 251 58 *1565
513 807 204 58 Printemps
654 807 173 58 limousin.

308 842 249 70 *1566
510 842 202 70 Printemps
650 842 171 70 limousin.

254 928 141 106 JOUBIN
353 928 169 106 (Diane).
479 928 70 106 —
507 928 113 106 113,
578 928 197 106 Juanita
733 928 141 106 Drive,
831 928 268 106 Tuscaloosa
1057 928 211 106 Alabama
1212 928 197 106 (U.s.A).

328 1003 231 62 1567
512 1003 216 62 L’épicerie
666 1003 139 62 Raymon.

329 1059 237 69 1568
519 1059 174 69 Automne
646 1059 111 69 sur
709 1059 95 69 la
756 1059 142 69 Perry
836 1059 142 69 Street.

250 1156 148 71 JOUBIN
354 1156 208 71 (Georges).
517 1156 74 71 —
547 1156 104 71 22,
606 1156 148 71 rue
710 1156 252 71 Tourlaque
903 1156 119 71 (18e).

328 1199 212 70 1569
483 1199 156 70 Peinture.

326 1262 219 61 1570
487 1262 146 61 Paysage.

244 1338 193 103 JOUCLARD
388 1338 241 103 (Adrienne).
581 1338 80 103 —
613 1338 96 103 3,
661 1338 160 103 rue
774 1338 401 103 Campagne-Première
1111 1338 128 103 (14e).

320 1425 255 69 1571
524 1425 102 69 Au
575 1425 255 69 Luxembourg:
779 1425 119 69 les
847 1425 187 69 joueurs
983 1425 102 69 de
1017 1425 153 69 boules.

322 1462 210 62 1572
476 1462 140 62 Auteuil.

241 1545 186 80 JOUFFROY
381 1545 202 80 (Pierre).
537 1545 78 80 —
568 1545 109 80 40,
630 1545 155 80 rue
738 1545 109 80 des
801 1545 171 80 Halles,
925 1545 233 80 Montbéliard
1096 1545 217 80 (Doubs)

320 1598 243 71 1573
514 1598 162 71 Nature
627 1598 146 71 morte
708 1598 178 71 paysanne.

234 1651 263 67 1574
445 1651 105 67 Le
480 1651 175 67 cellier.

238 1746 174 73 JOURDAN
364 1746 205 73 (Albert).
522 1746 79 73 —
554 1746 126 73 106,
633 1746 158 73 rue
743 1746 95 73 de
790 1746 189 73 Bagneux,
932 1746 205 73 Montrouge
1074 1746 221 73 (Seine)

318 1796 243 75 1575
512 1796 243 75 Apocalyspe,
706 1796 113 75 12,
771 1796 113 75 III
836 1796 97 75 et
884 1796 113 75 IV:
949 1796 97 75 Le
998 1796 162 75 dragon
1111 1796 113 75 aux
1176 1796 130 75 sept
1241 1796 130 75 têtes.

316 1851 222 59 1576
494 1851 89 59 Le
524 1851 118 59 clown.

240 1980 117 75 Les
307 1980 184 75 numéros
441 1980 200 75 précédés
591 1980 134 75 d’un
674 1980 234 75 astérisque
858 1980 217 75 indiquent
1025 1980 117 75 des
1092 1980 200 75 ouvragen
1242 1980 117 75 qui
1308 1980 100 75 ne
1342 1980 100 75 sont

717 2030 119 59 pus
800 2030 59 59 à
812 2030 154 59 vendre
