1607 2376
732 165 147 72 —
790 165 176 72 97
849 165 88 72 —

253 247 213 59 JOURNAUX
413 247 248 59 (Maurice).
608 247 106 59 Né
661 247 106 59 au
714 247 390 59 Pré-Saint-Gervais,
1051 247 106 59 le
1104 247 106 59 18
1157 247 231 59 septembre
1317 247 124 59 1885.

285 290 184 47 Décédé
413 290 92 47 à
450 290 184 47 Paris,
579 290 110 47 le
634 290 110 47 30
689 290 202 47 octobre
836 290 165 47 1952.
947 290 92 47 —
983 290 129 47 Aux
1057 290 165 47 soins
1167 290 110 47 de
1222 290 129 47 Mme
1278 290 165 47 Maurice

288 326 172 53 Journaux,
420 326 79 53 5,
460 326 132 53 rue
552 326 185 53 Mignon
684 326 93 53 (6e).

315 424 211 68 1577
470 424 155 68 Pivoines.

316 472 215 48 1578
473 472 143 48 Bégonia.

315 511 213 43 1579
485 511 128 43 Clair
556 511 100 43 Bois.

316 542 232 52 1580
501 542 154 52 Nature
609 542 139 52 morte
702 542 108 52 aux
748 542 170 52 glaïeuls.

316 582 233 43 1581
503 582 140 43 Roses
596 582 155 43 jaunes
705 582 93 43 et
751 582 140 43 roses
829 582 140 43 rouges.

292 610 242 78 *1582
488 610 91 78 Le
533 610 151 78 jardin
639 610 75 78 à
654 610 136 78 Féricy.

238 678 169 66 JOUSSET
361 678 169 66 (Léon).
484 678 77 66 —
515 678 108 66 41,
576 678 246 66 boulevard
777 678 293 66 d’Indochine
1008 678 123 66 (19e).

322 743 236 54 1583
511 743 205 54 L’Orvanne
668 743 79 54 à
684 743 126 54 Voulx.

320 787 226 63 1584
500 787 90 63 Le
545 787 135 63 canal
636 787 75 63 à
651 787 120 63 Paris.

238 858 142 68 JOUVE
333 858 173 68 (René).
459 858 79 68 —
490 858 142 68 La
585 858 315 68 Rochette-du-Buis
837 858 205 68 (Drôme)

318 913 216 62 1585
490 913 101 62 Les
548 913 130 62 trois
620 913 115 62 logis.

322 952 230 74 1586
506 952 154 74 Vallée
613 952 92 74 de
644 952 169 74 Fonforga.

237 1020 125 84 JUAN
315 1020 203 84 (Maxime).
472 1020 78 84 —
503 1020 94 84 6,
550 1020 141 84 quai
643 1020 109 84 des
706 1020 265 84 Célestins
909 1020 109 84 (4e).

318 1088 237 74 1587
508 1088 237 74 Contre-jour
697 1088 174 74 matinal
807 1088 316 74 (Auvers

318 1143 235 62 1588
506 1143 94 62 La
553 1143 125 62 côte
631 1143 125 62 près
709 1143 94 62 de
756 1143 156 62 Doëlan
850 1143 219 62 (Finistère).

241 1199 123 73 JUDD
318 1199 200 73 (Edward).
472 1199 77 73 —
503 1199 93 73 6,
549 1199 154 73 rue
657 1199 231 73 Ordener
827 1199 123 73 (18e).

320 1262 221 65 1589
497 1262 88 65 La
541 1262 177 65 centrale
659 1262 191 65 électrique.

243 1387 152 67 JUHASZ
349 1387 213 67 (Coloman).
517 1387 76 67 —
547 1387 107 67 48,
608 1387 152 67 rue
715 1387 213 67 Richer
867 1387 107 67 (9e).

321 1439 232 64 1591
506 1439 232 64 Rendez-vous
692 1439 108 64 des
738 1439 170 64 sorciers.

323 1486 216 62 1592
496 1486 101 62 Des
539 1486 173 62 sorcières.

244 1555 149 72 JULIEN
349 1555 299 72 (Marie-Thérèse).
603 1555 75 72 —
633 1555 105 72 11,
692 1555 149 72 rue
797 1555 239 72 Duvivier
976 1555 105 72 (7e).

321 1612 219 56 1593
497 1612 102 56 Les
555 1612 146 56 biches
642 1612 161 56 (dessin).

325 1650 231 67 1594
510 1650 108 67 Rue
571 1650 293 67 Frédéric-Sauton
802 1650 170 67 (dessin).

245 1727 155 59 JUNIUS
353 1727 278 59 (Jean-Pierre).
585 1727 77 59 —
616 1727 108 59 19,
678 1727 155 59 rue
786 1727 93 59 du
832 1727 263 59 10-Septembre,
1049 1727 139 59 Wiltz
1142 1727 247 59 (Grand-Duché
1327 1727 124 59 de

287 1771 246 60 Luxembourg)

326 1810 230 61 1595
510 1810 154 61 Nature
602 1810 123 61 morte.

329 1861 229 62 1596
512 1861 168 62 Paysage
618 1861 183 62 ardennais.

249 1963 117 61 Les
316 1963 183 61 numéros
449 1963 200 61 précédés
600 1963 133 61 d’un
683 1963 233 61 astérisque
866 1963 217 61 indiquent
1033 1963 117 61 des
1100 1963 200 61 ouvroges
1250 1963 117 61 qui
1317 1963 100 61 ne
1350 1963 100 61 sont

594 364 335 72 EXPOSITION
834 364 239 72 POSTHUME

320 1314 221 62 1590
497 1314 88 62 La
541 1314 177 62 centrale
659 1314 147 62 (étude).
