1600 2379
748 182 120 60 100

213 237 173 94 KLEISER
339 237 173 94 (Marc).
465 237 79 94 —
497 237 142 94 La
592 237 315 94 Cluse-et-Mijoux,
860 237 110 94 par
923 237 221 94 Pontarlier
1080 237 221 94 (Doubs)

291 307 242 70 1634
485 307 97 70 Le
533 307 129 70 fort
614 307 97 70 de
662 307 145 70 Joux,
759 307 129 70 près
840 307 97 70 de
872 307 210 70 Pontarlier.

291 362 244 58 1635
486 362 114 58 Les
551 362 179 58 plaines
682 362 195 58 inondées
828 362 81 58 à
861 362 98 58 la
910 362 261 58 Cluse-Mijoux
1105 362 163 58 (Doubs).

210 430 187 87 KLEISLER
350 430 187 87 (Henri).
490 430 78 87 —
522 430 109 87 38,
584 430 156 87 rue
693 430 249 87 Jean-Jaurès,
895 430 264 87 Saint-Clément
1097 430 218 87 (Yonne)

265 495 254 61 *1636
471 495 190 61 Provins:
614 495 175 61 Portail
741 495 254 61 Sainte-Croix
931 495 175 61 (fusain).

264 537 257 67 *1637
473 537 193 67 Provins:
618 537 161 67 Maison
730 537 113 67 des
794 537 225 67 orphelines
955 537 177 67 (fusain).

263 577 252 70 *1638
468 577 142 70 Sens:
562 577 94 70 La
610 577 173 70 poterne
720 577 173 70 (fusain).

206 654 237 59 KLEMCZYNSKI
396 654 206 59 (Pierre).
554 654 79 59 —
586 654 127 59 230,
665 654 158 59 rue
776 654 95 59 du
823 654 443 59 Faubourg-Saint-Denis
1203 654 127 59 (10e).

285 707 239 62 1639
476 707 143 62 Bords
572 707 96 62 de
620 707 143 62 Seine
716 707 80 62 à
731 707 128 62 Paris.

285 758 232 63 1640
470 758 154 63 Nature
562 758 124 63 morte.

207 837 173 59 KLÉMENT
333 837 205 59 (Simone).
491 837 79 59 —
522 837 126 59 210,
601 837 157 59 rue
711 837 94 59 du
758 837 441 59 Fhubourg-Saint-Denis
1136 837 126 59 (10e).

260 895 231 57 *1641
433 895 173 57 Giroflées.

260 939 230 68 *1642
432 939 130 68 Fleurs.

204 1016 174 71 KLEPPER
331 1016 206 71 (Jeanne).
489 1016 79 71 —
520 1016 221 71 Revigny
679 1016 221 71 (Meuse).

282 1078 206 58 1643
433 1078 151 58 Portrait.

280 1128 242 56 1644
473 1128 161 56 Nature
570 1128 129 56 morte.

201 1210 186 49 KLESTOVA
341 1210 186 49 (Irène).
481 1210 78 49 —
512 1210 93 49 7,
559 1210 217 49 impasse
729 1210 93 49 du
776 1210 202 49 Rouet
916 1210 124 49 (14e).

279 1250 208 63 1645
432 1250 125 63 Fleurs.

279 1304 208 63 1646
431 1304 125 63 Fleurs.

199 1383 219 83 KNIEBUHLER
372 1383 188 83 (Emile).
513 1383 78 83 —
544 1383 110 83 14,
607 1383 157 83 rue
716 1383 110 83 des
779 1383 235 83 Midinettes,
967 1383 251 83 Blanc-Mesnil
1155 1383 251 83 (S.

276 1434 225 68 1647
456 1434 180 68 L’église
591 1434 90 68 de
637 1434 225 68 Fresselines
802 1434 165 68 (Creuse).

277 1490 231 59 1648
461 1490 185 59 Vieilles
600 1490 169 59 maisons
723 1490 123 59 dans
800 1490 92 59 la
831 1490 138 59 Creuse.

201 1544 114 91 KONO
272 1544 172 91 (Torao).
401 1544 71 91 —
429 1544 100 91 39,
487 1544 172 91 villa
615 1544 229 91 d’Alésia
787 1544 114 91 (74e).

279 1612 220 68 1649
455 1612 132 68 Etude
528 1612 205 68 (sculpture).

275 1673 221 56 1650
452 1673 133 56 Etude
526 1673 206 56 (sculpture).

194 1724 225 79 KONOPATZKY
371 1724 209 79 (Eugène).
532 1724 80 79 —
564 1724 97 79 3,
612 1724 161 79 rue
725 1724 338 79 Vercingétorix
998 1724 129 79 (14e).

272 1796 234 66 1651
459 1796 234 66 Trentemoult
631 1796 171 66 (Nantes).

273 1849 228 58 1652
455 1849 152 58 Nature
546 1849 122 58 morte.

195 1963 117 77 Les
262 1963 183 77 numéros
395 1963 200 77 précédés
545 1963 133 77 d’un
629 1963 233 77 astérisque
812 1963 217 77 indiquent
978 1963 117 77 des
1045 1963 200 77 ouvrages
1195 1963 117 77 qui
1262 1963 100 77 ne
1295 1963 100 77 sont

669 2014 126 59 pas
741 2014 90 59 à
759 2014 162 59 vendre.
