1599 2376
652 194 140 79 —
708 194 196 79 105
792 194 84 79 —

165 266 205 92 LAMIRAULT
323 266 237 92 (Frédéric).
513 266 79 92 —
544 266 190 92 Jegun
671 266 205 92 (Gers)

216 331 239 68 *1730
395 331 135 68 Verger.

243 384 230 64 1731
427 384 184 64 Chasseur
550 384 138 64 gascon.

160 464 169 74 LAMOLLA
282 464 214 74 (Antonio).
451 464 77 74 —
481 464 107 74 47,
543 464 153 74 rue
650 464 184 74 Parisis,
788 464 138 74 Dreux
864 464 322 74 (Eure

240 503 204 67 1732
390 503 123 67 Christ.

216 545 234 86 *1733
392 545 132 86 Pavots.

161 621 172 70 LANDAIS
286 621 203 70 (Marthe).
442 621 78 70 —
474 621 109 70 12.
536 621 156 70 rue
645 621 281 70 d’Orchampt
864 621 125 70 (18e).

238 679 233 80 1734
425 679 109 80 Rue
487 679 171 80 Norvins
596 679 217 80 (aquarelle).

238 738 215 54 1735
409 738 114 54 Iris
467 738 215 54 (décoration).

163 789 99 90 DE
212 789 247 90 LANDCHEVSKY
410 789 181 90 (Véra).
542 789 82 90 —
575 789 115 90 12,
641 789 214 90 avenue
805 789 99 90 du
855 789 214 90 Maine
1003 789 132 90 (15e).

215 855 257 78 *1736
424 855 193 78 Portrait
569 855 97 78 de
617 855 129 78 Jean
697 855 113 78 des
762 855 161 78 Vignes
858 855 145 78 Rouges.

239 911 226 69 1737
420 911 90 69 La
465 911 120 69 dame
540 911 75 69 à
555 911 196 69 l’éventail.

161 970 154 72 LANDRY
268 970 215 72 (Annette).
437 970 77 72 —
468 970 108 72 14,
530 970 154 72 rue
637 970 92 72 de
683 970 92 72 la
730 970 215 72 Chaise
883 970 108 72 (7e).

214 1036 234 74 *1738
404 1036 131 74 Buste
492 1036 88 74 de
536 1036 131 74 jeune
623 1036 131 74 fille
696 1036 161 74 (plâtre).

160 1120 120 71 LANG
235 1120 210 71 (Annette).
400 1120 75 71 —
430 1120 90 71 3,
476 1120 150 71 rue
581 1120 90 71 du
626 1120 150 71 Fossé,
731 1120 301 71 Maisons-Laffitte
972 1120 240 71 (S.

235 1176 235 61 1739
423 1176 94 61 La
470 1176 157 61 maison
580 1176 94 61 de
611 1176 141 61 Félicia

239 1224 209 65 1740
406 1224 83 65 La
448 1224 153 65 vieille
545 1224 125 65 église.

162 1278 138 73 LANOS
254 1278 230 73 (François).
438 1278 77 73 —
469 1278 107 73 17,
530 1278 154 73 rue
638 1278 92 73 du
684 1278 307 73 Colonel-Moll
929 1278 123 73 (17e).

236 1340 231 63 1741
420 1340 154 63 Nature
513 1340 123 63 morte.

235 1390 233 64 1742
422 1390 93 64 La
468 1390 140 64 place
562 1390 93 64 de
608 1390 93 64 la
639 1390 171 64 Concorde,

159 1451 179 89 LANSALOT
293 1451 194 89 (Pierre).
442 1451 75 89 —
472 1451 104 89 26,
532 1451 149 89 rue
636 1451 253 89 Victor-Hugo,
845 1451 298 89 Mauléon-Soule
1083 1451 194 89 (B.

238 1514 224 57 1743
417 1514 89 57 Le
462 1514 179 57 chapelet
596 1514 164 57 (plante
700 1514 149 57 grasse).

235 1566 231 68 1744
420 1566 216 68 Procession
589 1566 77 68 à
620 1566 201 68 l’hôpital
774 1566 247 68 Saint-Blaise
960 1566 308 68 (Basses

155 1620 177 79 LANOVAZ
284 1620 209 79 (Marcel).
445 1620 81 79 —
477 1620 113 79 16,
541 1620 161 79 rue
654 1620 97 79 du
702 1620 338 79 Champ-de-Mars
976 1620 113 79 (7e).

227 1695 143 49 1745

234 1737 137 58 1746

154 1794 188 93 LANSIAUX
296 1794 267 93 (Marie-Anne).
515 1794 78 93 —
547 1794 94 93 7,
594 1794 220 93 Passage
766 1794 110 93 des
829 1794 314 93 Charbonniers
1080 1794 126 93 (15e).

234 1852 212 68 1747
389 1852 156 68 Peinture.

235 1900 228 63 1748
417 1900 167 63 Paysage
539 1900 91 63 de
569 1900 167 63 banlieue.

155 1995 117 68 Les
222 1995 184 68 numéros
356 1995 200 68 précédés
506 1995 134 68 d’un
589 1995 234 68 astérisque
773 1995 217 68 indiquent
940 1995 117 68 des
1007 1995 200 68 ouvrages
1157 1995 117 68 qui
1223 1995 100 68 ne
1257 1995 100 68 sont

623 2044 132 54 pas
699 2044 94 54 à
717 2044 170 54 vendre.
