1600 2379
695 184 141 81 —
751 184 197 81 106
836 184 84 81 —

207 261 125 80 LANZ
285 261 203 80 (Robert).
441 261 78 80 —
473 261 499 80 Saint-Sulpice-de-Favières
910 261 296 80 (Seine

284 314 225 70 1749
464 314 120 70 Tête
539 314 90 70 de
584 314 150 70 Christ
673 314 210 70 (sculpture).

282 375 232 66 1750
467 375 108 66 Une
529 375 170 66 vitrine
637 375 248 66 d’enluminures.

205 421 170 95 LAPEYRE
328 421 201 95 (Alhert).
483 421 77 95 —
514 421 108 95 34,
576 421 155 95 rue
685 421 108 95 des
746 421 232 95 Garrements,
932 421 170 95 Clamart
1041 421 201 95 (Seine)

281 497 235 55 1751
470 497 125 55 Dans
548 497 94 55 le
595 497 157 55 jardin
689 497 204 55 d’Antignac.

280 543 243 53 1752
474 543 97 53 La
523 543 162 53 Sumène
637 543 81 53 à
669 543 195 53 Antignac
799 543 178 53 (Cantal).

202 613 183 75 LAPIERRE
339 613 229 75 (Marcelle).
522 613 76 75 —
553 613 107 75 71,
614 613 153 75 rue
721 613 92 75 de
767 613 290 75 Romainville
996 613 122 75 (19e),

280 666 235 75 1753
468 666 172 75 Village
593 666 125 75 près
672 666 94 75 de
703 666 172 75 Quiberon.

281 715 204 64 1754
431 715 122 64 Fruits.

202 783 184 69 LAPOINTE
339 783 291 69 (Marie-Claude).
584 783 77 69 —
615 783 122 69 130,
691 783 199 69 avenue
844 783 92 69 de
890 783 275 69 Versailles
1105 783 122 69 (16e).

277 836 240 65 1755
469 836 160 65 Naturé
581 836 160 65 morte:
693 836 96 65 La
725 836 160 65 théière.

277 894 244 55 1756
472 894 179 55 Paysage
602 894 81 55 :
634 894 179 55 Château
748 894 179 55 d’Ophove.

201 942 92 96 DE
247 942 200 96 LAPPARENT
401 942 200 96 (Hubert).
554 942 77 96 —
585 942 108 96 42,
647 942 169 96 quai
770 942 323 96 Louis-Blériot
1031 942 123 96 (16e).

232 1013 180 55 1757

230 1061 183 65 1758

199 1106 217 80 LAPREVOTTE
370 1106 264 80 (Paul-Henri).
587 1106 78 80 —
618 1106 78 80 2
649 1106 124 80 bis,
727 1106 155 80 rue
836 1106 217 80 Perrel
991 1106 124 80 (14e).

274 1183 253 65 1759
477 1183 101 65 Au
527 1183 152 65 matin
629 1183 101 65 du
679 1183 169 65 monde:
780 1183 203 65 Bucolique.

277 1234 236 71 1760
466 1234 173 71 Paysage
591 1234 94 71 de
639 1234 298 71 Bains-les-Bains
874 1234 173 71 (Vosges).

198 1307 157 60 LARDIC
308 1307 205 60 (Edmond).
466 1307 79 60 —
497 1307 268 60 Locquéran,
718 1307 189 60 Audierne
844 1307 283 60 (Finistère)

276 1353 221 73 1761
453 1353 103 73 Les
512 1353 147 73 trente
601 1353 147 73 deniers.

274 1408 232 61 1762
459 1408 124 61 Port
537 1408 93 61 du
568 1408 108 61 Loch.

196 1469 143 71 LARDY
291 1469 206 71 (Jeanne).
450 1469 79 71 —
482 1469 111 71 74,
545 1469 159 71 rue
656 1469 95 71 du
704 1469 286 71 Chemin-de-Fer,
926 1469 476 71 Villeneuve

243 1518 267 52 (Seine

252 1555 241 68 *1763
432 1555 196 68 Tournesols.

251 1602 239 71 *1764
431 1602 179 71 Bretonnes.

196 1664 169 94 LAREUSE
319 1664 169 94 (Jean).
441 1664 77 94 —
472 1664 108 94 45,
534 1664 154 94 rue
641 1664 108 94 des
702 1664 261 94 Maronites
902 1664 123 94 (20e).

275 1735 223 82 1765
438 1735 208 82 Composition.

195 1807 206 68 LARMERAND
353 1807 253 68 (Françoise).
559 1807 79 68 —
591 1807 95 68 6,
639 1807 158 68 rue
749 1807 364 68 Alfred-de-Vigny
1050 1807 111 68 (8e).

272 1868 231 72 1766
457 1868 93 72 Le
503 1868 139 72 Grand
596 1868 154 72 Palais
688 1868 216 72 (aquarelle).

272 1922 228 61 1767
455 1922 91 61 La
500 1922 122 61 Tour
576 1922 152 61 Eiffel
668 1922 213 61 (aquarelle).

195 1979 117 67 Les
262 1979 184 67 numéros
396 1979 200 67 précédés
546 1979 134 67 d’un
629 1979 234 67 astérisque
813 1979 217 67 indiquent
980 1979 117 67 des
1047 1979 200 67 ouvroges
1197 1979 117 67 qui
1263 1979 100 67 ne
1297 1979 100 67 sont

669 2030 128 52 pas
742 2030 91 52 à
760 2030 164 52 vendre.
