1600 2379
733 198 188 71 108
814 198 80 71 —

181 265 164 87 LAVOCAT
300 265 283 87 (Marie-Louise).
538 265 74 87 —
568 265 119 87 170,
643 265 149 87 av.
747 265 89 87 de
792 265 179 87 Neuilly,
925 265 313 87 Neuilly-sur-Seine
1179 265 208 87 (Seine)

257 324 239 65 1787
448 324 175 65 Variété
576 324 207 65 d’ahimaux
719 324 175 65 sauvages.

259 378 241 56 1788
452 378 177 56 Moutons
581 378 113 56 aux
629 378 145 56 champs.

180 463 156 65 LAVOUÉ
290 463 187 65 (Henri).
430 463 78 65 —
461 463 94 65 6,
508 463 203 65 avenue
664 463 218 65 Ch.-Péguy,
835 463 156 65 Sceaux
929 463 218 65 (Seine)

256 529 226 52 1789
437 529 91 52 Le
482 529 151 52 bassin
588 529 91 52 de
618 529 196 52 l’octogone.

255 570 231 55 1790
440 570 93 55 Le
486 570 154 55 coteau
594 570 93 55 de
625 570 185 55 Châtillon.

175 642 155 85 LAVRUT
283 642 139 85 (Mlle
375 642 185 85 Louise).
515 642 77 85 —
545 642 108 85 13,
607 642 155 85 rue
715 642 232 85 Beudant
885 642 124 85 (17e).

228 713 261 71 *1791
440 713 147 71 Katie
538 713 98 71 et
587 713 114 71 son
652 713 131 71 chat
734 713 245 71 (appartient
930 713 82 71 à
962 713 98 71 Me
995 713 147 71 Frank).

253 753 209 51 1792
420 753 125 51 Jeune
490 753 111 51 fille.

172 847 137 55 LAZAR
263 847 182 55 (Meyer).
400 847 76 55 —
430 847 106 55 30,
491 847 152 55 rue
597 847 91 55 La
643 847 213 55 Boétie
795 847 106 55 (8e).

250 897 217 61 1793
423 897 159 61 Village
524 897 116 61 arabe.

249 942 231 62 1794
433 942 231 62 Composition
603 942 123 62 arabe.

171 1005 136 105 LEBAS
262 1005 196 105 (Marcel).
413 1005 76 105 —
443 1005 106 105 86,
503 1005 151 105 rue
609 1005 348 105 Saint-Dominique
896 1005 106 105 (7e).

246 1083 227 62 1795
427 1083 91 62 La
472 1083 121 62 boxe
533 1083 166 62 (dessin).

250 1141 221 62 1796
427 1141 88 62 Le
471 1141 133 62 catch
545 1141 162 62 (dessin).

171 1215 167 84 LEBLANC
292 1215 182 84 (Roger).
429 1215 76 84 —
459 1215 106 84 10,
520 1215 152 84 rue
626 1215 228 84 Frochot
793 1215 106 84 (9e).

245 1272 228 68 1797
412 1272 197 68 Douarnenez.

241 1327 249 68 1798
441 1327 232 68 Notre-Dame
623 1327 100 68 de
656 1327 216 68 Bellecombe.

167 1386 96 85 LE
215 1386 175 85 CAMPION
342 1386 159 85 (Geo).
454 1386 80 85 —
486 1386 111 85 93,
549 1386 159 85 rue
661 1386 318 85 Saint-Lazare
916 1386 111 85 (9e).

241 1466 246 56 1799
437 1466 246 56 Bénédiction
634 1466 115 56 des
699 1466 197 56 gardians
847 1466 98 56 en
880 1466 180 56 Camargue.

247 1512 245 60 1800
443 1512 147 60 Messe
541 1512 98 60 de
590 1512 163 60 minuit
704 1512 114 60 aux
770 1512 147 60 Baux,
868 1512 98 60 en
900 1512 180 60 Proyence.

163 1600 101 62 LE
214 1600 235 62 CARPENTIER
398 1600 235 62 (Auguste).
583 1600 84 62 —
616 1600 218 62 Villa.
784 1600 168 62 Taïhi,
885 1600 486 62 Montigny

167 1630 312 58 (Seine

247 1676 225 61 1801
427 1676 90 61 La
472 1676 150 61 Frette
578 1676 120 61 sous
653 1676 90 61 la
683 1676 120 61 neige.

239 1725 234 56 1802
427 1725 156 56 Brêmes
536 1725 94 56 et
583 1725 203 56 coquilles
723 1725 250 56 Saint

164 1804 262 68 LECATHELINAIS
379 1804 185 68 (Henri).
518 1804 77 68 —
549 1804 293 68 Longueville,
796 1804 108 68 par
857 1804 339 68 Donville-les-Bains
1135 1804 231 68 (Manche).

215 1856 244 71 *1803
413 1856 137 71 Bords
504 1856 91 71 de
535 1856 152 71 rivière.

216 1906 244 65 *1804
414 1906 153 65 Etude:
506 1906 153 65 fraises.

164 1976 117 79 Les
231 1976 183 79 numéros
364 1976 200 79 précédés
514 1976 133 79 d’un
598 1976 233 79 astérisque
781 1976 217 79 indiquent
947 1976 117 79 des
1014 1976 200 79 ouvroges
1164 1976 117 79 qui
1231 1976 100 79 ne
1264 1976 100 79 sont

632 2031 127 59 pas
704 2031 91 59 à
723 2031 163 59 vendre.
