1600 2379
674 208 138 77 —
730 208 193 77 110
812 208 83 77 —

183 287 196 65 LEFEBVRE
329 287 228 65 (Georges).
509 287 82 65 —
541 287 130 65 126,
623 287 163 65 rue
737 287 212 65 d’Artois,
900 287 261 65 Vert-Galant,
1112 287 114 65 par
1161 287 228 65 Vaujours

228 330 269 58 (Seine

261 375 231 60 1823
445 375 138 60 Etude
538 375 92 60 de
584 375 123 60 tête
645 375 154 60 (Maroc).

260 433 232 50 1824
445 433 139 50 Etude
538 433 93 50 de
584 433 124 50 tête
646 433 155 50 (Maroc).

182 499 189 69 LEFEBVRE
324 499 315 69 (Marie-Thérèse).
592 499 79 69 —
623 499 95 69 98
671 499 126 69 bis,
749 499 158 69 rue
860 499 95 69 du
907 499 315 69 Cherche-Mid
1159 499 110 69 (6e).

237 555 273 63 *1825
459 555 222 63 Auvergne:
629 555 119 63 Lac
680 555 171 63 Chambon.

259 595 250 65 1826
459 595 183 65 Automne
592 595 83 65 à
626 595 183 65 Samoëns
742 595 300 65 (Haute

186 682 184 60 LEFEUVRE
323 682 214 60 (Georges).
492 682 77 60 —
523 682 107 60 13,
584 682 153 60 rue
691 682 92 60 de
737 682 92 60 la
783 682 245 60 Sablière
967 682 122 60 (14e).

261 738 219 71 1827
437 738 161 71 Paysage
539 738 161 71 d’Italie.

263 790 214 68 1828
434 790 100 68 Les
477 790 128 68 saules.

184 841 306 95 LEFÈVRE-DEFIVE
439 841 255 95 (Mariette).
643 841 85 95 —
677 841 102 95 5,
728 841 170 95 rue
848 841 102 95 de
899 841 102 95 la
950 841 255 95 Prévoyance,
1137 841 255 95 Champigny

234 911 152 53 (Seine)

262 950 235 62 1829
450 950 125 62 Quai
529 950 94 62 de
560 950 157 62 Tréboul.

264 998 221 68 1830
441 998 148 68 Jardin
545 998 118 68 sous
618 998 89 68 la
648 998 118 68 neige.

186 1061 158 92 LEFORT
297 1061 173 92 (Jean).
423 1061 79 92 —
454 1061 110 92 14,
517 1061 158 92 rue
627 1061 252 92 Charles-VII,
832 1061 315 92 Nogent-sur-Marne
1084 1061 221 92 (Seine)

265 1137 243 68 1831
459 1137 97 68 Le
508 1137 162 68 viaduc
621 1137 97 68 de
653 1137 308 68 Nogent

267 1190 230 60 1832
451 1190 154 60 Nature
543 1190 123 60 morte.

190 1250 163 89 LEFRANC
309 1250 178 89 (Jules).
442 1250 74 89 —
472 1250 119 89 304,
546 1250 148 89 rue
650 1250 89 89 de
695 1250 267 89 Belleville
902 1250 119 89 (20e).

244 1311 256 63 *1833
452 1311 160 63 Nature
564 1311 144 63 morte
661 1311 96 63 au
709 1311 112 63 pot
773 1311 80 63 à
789 1311 128 63 tabac.

244 1362 252 74 *1834
449 1362 126 74 Tour
528 1362 158 74 Eiffel
639 1362 110 74 (du
702 1362 126 74 quai
781 1362 95 74 de
812 1362 142 74 Passy).

193 1430 91 87 LE
238 1430 121 87 GALL
314 1430 182 87 (Rogery.
450 1430 76 87 —
481 1430 106 87 31,
541 1430 151 87 rue
647 1430 91 87 de
693 1430 91 87 la
738 1430 257 87 Sourdière
935 1430 121 87 (1er).

268 1498 229 60 1835
451 1498 229 60 Progression
634 1498 92 60 n°
665 1498 61 60 1.

269 1543 226 70 1836
449 1543 226 70 Progression
630 1543 90 70 n°
660 1543 60 70 2.

178 1608 148 79 LLÈGER
282 1608 178 79 (Marie).
416 1608 74 79 —
445 1608 104 79 12,
504 1608 148 79 rue
608 1608 104 79 des
668 1608 282 79 Patriarches
890 1608 104 79 (5e).

248 1678 241 69 *1837
444 1678 181 69 Portrait
579 1678 90 69 de
624 1678 90 69 la
669 1678 120 69 mère
744 1678 90 69 de
774 1678 181 69 l’artiste.

270 1734 230 64 1838
454 1734 154 64 Nature
546 1734 123 64 morte.

195 1779 138 87 LÉGER
286 1779 214 87 (Raymond).
455 1779 76 87 —
485 1779 76 87 2
516 1779 122 87 bis,
592 1779 153 87 rue
699 1779 245 87 Scheffer
883 1779 122 87 (16e).

274 1862 231 60 1839
458 1862 154 60 Maison
566 1862 77 60 à
581 1862 139 60 Santec.

275 1905 232 72 1840
460 1905 93 72 La
507 1905 155 72 Laber,
599 1905 155 72 Roscoff.

197 1990 117 80 Les
264 1990 184 80 numéros
398 1990 200 80 précédés
548 1990 134 80 d’un
632 1990 234 80 astérisque
815 1990 217 80 indiquent
982 1990 117 80 des
1049 1990 200 80 ouvroges
1200 1990 117 80 qui
1266 1990 100 80 ne
1300 1990 100 80 sont

668 2052 127 53 pas
740 2052 90 53 à
758 2052 163 53 vendre.
