1599 2376
635 182 140 72 —
663 182 140 72 115

147 252 245 64 LOEWENSTEIN
343 252 180 64 (Olga).
474 252 82 64 —
507 252 115 64 46,
572 252 164 64 rue
687 252 262 64 Duranton
883 252 131 64 (15e).

227 315 215 70 1918
385 315 215 70 Architecture.

227 370 203 63 1919
377 370 108 63 Ailes.

149 441 184 59 LOFFREDO
287 441 199 59 (Michel).
440 441 77 59 —
471 441 92 59 3,
517 441 153 59 rue
624 441 322 59 Vercingétorix
885 441 138 59 (14e),.

205 493 237 61 *1920
398 493 148 61 Petite
502 493 133 61 fille
591 493 74 61 à
620 493 148 61 l’ours
709 493 119 61 blanc.

205 536 237 63 *1921
398 536 178 63 Portrait
531 536 89 63 de
561 536 163 63 l’auteur.

149 605 348 63 LOMBARD-ESCOURROU
448 605 215 63 (Sabine).
613 605 83 63 —
647 605 116 63 21,
713 605 166 63 av.
829 605 199 63 Pasteur,
961 605 398 63 Salon

194 656 352 51 (Bouches

231 688 231 67 1922
400 688 369 67 Moustier

230 747 229 58 1923
413 747 183 58 Oliviers
550 747 122 58 dans
627 747 92 58 le
657 747 92 58 Var.

152 796 157 92 LORJOU
262 796 220 92 (Bernard).
435 796 78 92 —
466 796 110 92 19,
529 796 157 92 rue
639 796 94 92 du
686 796 282 92 Mont-Cenis
905 796 126 92 (18e).

231 872 221 83 1924
408 872 88 83 La
437 872 162 83 brouette.

154 949 141 61 LOSSA
248 949 172 61 (Jean).
374 949 78 61 —
405 949 110 61 12,
468 949 204 61 avenue
625 949 251 61 Victor-Hugo,
828 949 172 61 Cambrai
938 949 204 61 (Nord)

233 1014 245 62 1925
429 1014 212 62 Montagnes
592 1014 229 62 chisteuses
772 1014 98 62 du
821 1014 180 62 glacier
952 1014 98 62 du
984 1014 131 62 Rhône.

235 1064 233 68 1926
421 1064 140 68 Calme
514 1064 93 68 du
560 1064 124 68 soir
638 1064 124 68 (par
715 1064 124 68 Beil
777 1064 124 68 1919).

159 1127 89 84 DE
204 1127 148 84 LOTTIS
307 1127 133 84 (M.).
396 1127 74 84 —
426 1127 104 84 41,
485 1127 148 84 rue
588 1127 414 84 Saint-André-des-Arts
943 1127 104 84 (6e).

237 1184 207 63 1927
389 1184 152 63 Portrait.

237 1239 214 55 1928
393 1239 157 55 Peinture.

157 1302 150 66 LOUARN
262 1302 135 66 (Mlle
353 1302 165 66 Marie).
473 1302 75 66 —
503 1302 105 66 14,
563 1302 196 66 avenue
714 1302 421 66 Pierre-Jer-de-Serbie
1075 1302 120 66 (16e).

213 1360 260 67 *1929
424 1360 146 67 Champ
522 1360 98 67 de
571 1360 114 67 blé
636 1360 98 67 en
668 1360 179 67 Bretagne.

212 1409 262 68 *1930
424 1409 131 68 Pont
506 1409 98 68 de
555 1409 213 68 Tro-heir,
702 1409 164 68 Quimper.

158 1465 181 71 LOUVEAUX
294 1465 211 71 (Georges).
460 1465 75 71 —
490 1465 106 71 11,
550 1465 151 71 rue
656 1465 91 71 du
701 1465 302 71 Maréchal-Joffre,
958 1465 211 71 Versailles
1108 1465 257 71 (S.

237 1538 233 56 1931
424 1538 93 56 Le
470 1538 155 56 bassin
563 1538 202 56 d’Arcachon.

238 1585 218 63 1932
412 1585 174 63 Portrait
542 1585 87 63 de
586 1585 131 63 jeune
658 1585 116 63 fille.

160 1637 135 81 LOUIS
250 1637 196 81 (Denyse).
401 1637 75 81 —
431 1637 90 81 3,
476 1637 165 81 quai
596 1637 90 81 de
641 1637 196 81 Cont
777 1637 105 81 (6e).

237 1706 234 63 1933
425 1706 94 63 La
472 1706 141 63 Seine
565 1706 94 63 en
597 1706 109 63 crue.

216 1753 230 71 *1934
403 1753 202 71 Vieillesse
547 1753 187 71 (portrait).

162 1821 135 69 LOUIS
252 1821 181 69 (Henri).
388 1821 75 69 —
418 1821 90 69 5,
463 1821 151 69 rue
568 1821 181 69 Colette,
704 1821 181 69 Mésières
824 1821 256 69 (Ardennes)

241 1887 230 58 1935
425 1887 184 58 L’ermite
563 1887 92 58 du
609 1887 153 58 Sahara
716 1887 138 58 (bois
793 1887 169 58 sculpté).

243 1930 232 68 1936
428 1930 201 68 Beethoven
583 1930 201 68 (maquette
722 1930 155 68 plâtre).

167 1974 117 76 Les
234 1974 184 76 numéros
368 1974 200 76 précédés
518 1974 134 76 d’un
601 1974 234 76 astérisque
785 1974 217 76 indiquent
952 1974 117 76 des
1019 1974 200 76 ouvrages
1169 1974 117 76 qui
1235 1974 100 76 ne
1269 1974 100 76 sont

648 2033 123 71 pas
734 2033 62 71 à
746 2033 148 71 vendre
