1599 2376
636 203 137 69 —
663 203 137 69 117

146 268 153 76 LYASSE
253 268 198 76 (Gérard).
405 268 76 76 —
436 268 107 76 14,
497 268 153 76 rue
603 268 92 76 du
649 268 442 76 Faubourg-Saint-Honoré
1030 268 107 76 (8e).

225 325 229 52 1956
408 325 183 52 Pavillon
545 325 107 52 des
591 325 168 52 bouchers.

226 375 225 63 1957
406 375 195 63 Chinoises
556 375 150 63 devant
661 375 90 63 la
691 375 150 63 fenêtre.

146 659 185 68 MACHURÉ
280 659 218 68 (Albert).
448 659 101 68 Né
498 659 84 68 à
532 659 235 68 Chanteloup
717 659 252 68 (S.-et-M.),
918 659 101 68 le
968 659 84 68 4
1002 659 185 68 juillet
1136 659 151 68 1881.
1220 659 134 68 Décédé

195 711 88 54 à
231 711 175 54 Paris,
353 711 105 54 le
406 711 105 54 26
458 711 210 54 décembre
616 711 158 54 1952.
721 711 88 54 —
756 711 123 54 Aux
826 711 158 54 soins
931 711 105 54 de
984 711 263 54 Jean-Pierre
1177 711 175 54 Machuré,

200 741 76 48 8,
238 741 126 48 rue
326 741 252 48 Caulaincourt
528 741 101 48 (18e).

505 785 335 68 EXPOSITION
744 785 239 68 POSTHUME

202 842 253 86 *1958
408 842 174 86 Paysage
518 842 158 86 flamand.

202 899 224 50 *1959
370 899 126 50 Ballet.

201 930 259 56 *1960
411 930 146 56 Canal
508 930 97 56 du
541 930 113 56 Nord.

203 971 239 56 *1961
383 971 179 56 Bretonnes.

202 1002 239 56 *1962
381 1002 135 56 Marine.

202 1042 245 71 *1963
401 1042 153 71 Pigeon
508 1042 138 71 sauce
584 1042 199 71 picassotte.

147 1129 145 69 MAGDA
243 1129 274 69 (Spadaccini).
469 1129 80 69 —
501 1129 97 69 1,
549 1129 193 69 villa
694 1129 370 69 Clémence-Henriette,
1000 1129 354 69 Nogent

195 1177 150 56 (Seine)

226 1219 206 59 1964
377 1219 151 59 Portrait.

226 1271 223 64 1965
389 1271 208 64 Composition.

149 1347 286 70 MAGGY-MONIER.
385 1347 84 70 —
418 1347 118 70 86,
485 1347 168 70 rue
603 1347 488 70 Notre-Dame-des-Champs
1023 1347 118 70 (6e).

227 1414 232 67 1966
412 1414 108 67 «Il
474 1414 154 67 pleut,
582 1414 93 67 il
628 1414 139 67 pleut
721 1414 185 67 bergère»
860 1414 139 67 (pour
952 1414 93 67 la
999 1414 216 67 décoration
1169 1414 139 67 d’une
1246 1414 108 67 école

386 1466 231 47 maternelle).

228 1486 216 75 1967
400 1486 201 75 Granville:
558 1486 158 75 vieille
659 1486 115 75 ville.

151 1563 138 80 MAGNE
243 1563 199 80 (Robert).
396 1563 77 80 —
426 1563 107 80 36,
488 1563 153 80 rue
595 1563 92 80 du
641 1563 245 80 11-Novembre,
840 1563 153 80 Calais
932 1563 337 80 (Pas

227 1640 224 60 1968
392 1640 209 60 Composition.

227 1692 231 59 1969
411 1692 154 59 Nature
504 1692 123 59 morte.

153 1759 152 80 MAGUIN
259 1759 212 80 (Gabriel).
426 1759 76 80 —
456 1759 76 80 2
487 1759 121 80 bis,
562 1759 167 80 cité
684 1759 228 80 Raynaud
851 1759 121 80 (14e).

227 1825 223 60 1970
406 1825 89 60 Le
435 1825 149 60 pêcheur.

229 1859 219 81 1971
404 1859 175 81 Portrait
521 1859 204 81 d’Henriette.

155 1984 117 78 Les
222 1984 183 78 numéros
355 1984 200 78 précédés
505 1984 133 78 d’un
589 1984 233 78 astérisque
772 1984 217 78 indlquent
938 1984 117 78 des
1005 1984 200 78 ouvroges
1155 1984 117 78 qui
1222 1984 100 78 ne
1255 1984 100 78 sont

626 2034 137 70 pas
704 2034 98 70 à
723 2034 156 70 vendre
