1600 2379
166 270 176 71 MERCIER
294 270 287 71 (René-Armand).
533 270 80 71 —
565 270 112 71 15,
629 270 224 71 passage
805 270 96 71 de
853 270 96 71 la
901 270 287 71 Maint-d’Or
1124 270 128 71 (11e).

243 332 228 92 2089
425 332 152 92 Marcel
532 332 152 92 Cachin
623 332 228 92 (bas

166 408 170 86 MERLIER
289 408 217 86 (Octavie).
460 408 77 86 —
491 408 108 86 77,
553 408 155 86 rue
661 408 93 86 de
708 408 232 86 Tolbiac
878 408 124 86 (13e).

216 478 255 70 *2090
423 478 96 70 La
471 478 175 70 rivière
598 478 111 70 des
662 478 159 70 grèves
773 478 96 70 et
805 478 207 70 Tombelaine.

240 526 232 64 2091
425 526 124 64 Soir
502 526 93 64 de
533 526 186 64 printemps.

162 588 228 97 MESTRALLET
341 588 277 97 (Paul-Louis).
569 588 82 97 —
602 588 114 97 52,
667 588 163 97 rue
781 588 245 97 Lhomond
961 588 114 97 (5e).

235 650 234 79 2092
422 650 94 79 La
469 650 156 79 maison
578 650 171 79 fleurie
687 650 203 79 (détrempe).

237 707 219 56 2093
398 707 146 56 Paysage.

160 774 158 81 MESURE
271 774 252 81 (Geneviève).
475 774 79 81 —
507 774 110 81 23,
570 774 158 81 rue
680 774 95 81 de
727 774 95 81 la
775 774 158 81 Py
869 774 126 81 (20e).

234 836 247 60 2094
431 836 181 60 Autonme
563 836 99 60 au
613 836 165 60 Moulin
728 836 99 60 de
761 836 132 60 Jarcy.

234 887 220 57 2095
410 887 132 57 Bords
499 887 88 57 de
528 887 132 57 l’Oise.

158 968 169 76 METAYER
281 968 200 76 (Albert).
435 968 77 76 —
465 968 108 76 43,
527 968 200 76 avenue
681 968 92 76 de
727 968 92 76 la
773 968 231 76 République,
958 968 200 76 Vincennes
1097 968 215 76 (Seine)

231 1029 239 74 2096
422 1029 96 74 Le
470 1029 111 74 cri
534 1029 96 74 de
581 1029 143 74 désir
677 1029 96 74 du
725 1029 143 74 monde
804 1029 239 74 (décoration).

210 1065 241 77 *2097
406 1065 91 77 La
451 1065 211 77 conscience
602 1065 121 77 libre.

157 1141 180 75 MÉTIVIER
292 1141 210 75 (Ginette).
457 1141 75 75 —
487 1141 75 75 4
517 1141 165 75 bis,
638 1141 105 75 rue
698 1141 225 75 Thibaud
863 1141 120 75 (14e).

232 1205 209 51 2098
385 1205 126 51 Fleurs.

230 1241 224 70 2099
410 1241 150 70 Verger
499 1241 165 70 (Lières).

153 1310 207 88 METZINGER
312 1310 175 88 (Jean).
439 1310 80 88 —
471 1310 111 88 18,
535 1310 159 88 rue
646 1310 95 88 du
694 1310 223 88 Regard
853 1310 111 88 (6e).

229 1379 230 86 2100
412 1379 138 86 Etude
504 1379 123 86 pour
581 1379 92 86 un
612 1379 168 86 portrait.

152 1466 222 67 MEULENAERE
326 1466 206 67 (Pierre).
485 1466 79 67 —
516 1466 111 67 15,
579 1466 158 67 rue
690 1466 317 67 Charles-Lambert,
959 1466 79 67 à
991 1466 158 67 Chatou
1086 1466 269 67 (S.

220 1514 141 60 2101

216 1570 147 56 2102

151 1631 271 74 MEULIEN-VEREZ
374 1631 303 74 (Marie-Louise).
629 1631 80 74 —
661 1631 143 74 Le
757 1631 128 74 Bois
836 1631 175 74 d’Oingt
948 1631 239 74 (Rhône))

226 1692 211 60 2103
395 1692 183 60 Intérieur
522 1692 155 60 (pastel).

225 1746 228 69 2104
407 1746 137 69 Toits
499 1746 91 69 en
544 1746 213 69 Beaujolais
697 1746 167 69 (pastel).

147 1799 166 71 MEUNIER
268 1799 211 71 (Jacques).
434 1799 75 71 —
464 1799 106 71 29,
524 1799 151 71 rue
630 1799 91 71 de
675 1799 242 71 Billancourt,
857 1799 377 71 Boulogne

222 1868 217 57 2105
395 1868 101 57 Art
438 1868 116 57 sacré.

222 1913 215 61 2106
394 1913 101 61 Art
437 1913 115 61 sacré.

148 1991 117 83 Les
215 1991 184 83 numéros
349 1991 200 83 précédés
499 1991 134 83 d’un
583 1991 234 83 astérisque
766 1991 217 83 indiquent
933 1991 117 83 des
1000 1991 200 83 ouvroges
1151 1991 117 83 qui
1217 1991 100 83 ne
1251 1991 100 83 sont

619 2045 138 57 pas
698 2045 99 57 à
718 2045 158 57 vendre
