1582 2379
706 206 120 67 126

172 283 303 65 MOCH-GUILLEMOR
425 283 202 65 (Renée).
577 283 84 65 —
610 283 135 65 128,
695 283 270 65 baulevard
914 283 236 65 Davout
1082 283 135 65 (20e).

249 340 245 77 2127
445 340 98 77 Un
494 340 131 77 coin
575 340 98 77 du
624 340 114 77 Z00
690 340 82 77 à
706 340 196 77 Vincennes.

250 389 221 57 2128
412 389 192 57 Lavandière.

172 452 176 75 MOCQUOT
300 452 272 75 (Magdeleine).
524 452 80 75 —
556 452 112 75 96,
620 452 208 75 avenue
781 452 112 75 des
845 452 224 75 Ternes
1005 452 128 75 (17e).

248 518 235 77 2129
436 518 94 77 Le
483 518 172 77 Verseau
608 518 188 77 (gravure
733 518 141 77 burin).

249 571 232 47 2130
434 571 155 47 Chasse
543 571 186 47 (gravure
667 571 139 47 burin).

247 607 236 60 2131
436 607 94 60 Le
483 607 173 60 vannier
609 607 189 60 (gravure
735 607 142 60 burin).

172 662 171 89 MODESTI
297 662 249 89 (Dominique).
499 662 78 89 —
530 662 109 89 36,
592 662 202 89 avenue
747 662 140 89 Junot
841 662 233 89 (Studio
1027 662 109 89 26)
1074 662 124 89 (18e).

248 739 234 65 2132
436 739 172 65 Paysage
545 739 172 65 mexicain.

247 793 233 64 2133
434 793 171 64 Paysage
542 793 171 64 mexicain.

171 849 160 90 MOISAN
283 849 176 90 (Yves).
411 849 80 90 —
442 849 112 90 26,
506 849 160 90 rue
618 849 96 90 de
666 849 176 90 Nièvre,
794 849 160 90 Nevers
890 849 239 90 (Nièvre)

227 920 246 55 *2134
427 920 169 55 Paysage
534 920 185 55 nivernais.

250 971 246 73 2135
447 971 181 73 Paysage
578 971 98 73 du
627 971 164 73 Moryan
726 971 213 73 (gouache).—

173 1043 153 76 MOLEUX
280 1043 229 76 (Y.-André).
463 1043 76 76 —
494 1043 107 76 17,
555 1043 153 76 rue
662 1043 183 76 Cail
784 1043 122 76 (10e).

249 1111 232 56 2136
418 1111 201 56 Montmartre.

248 1161 220 62 2137
410 1161 147 62 Paysage.

172 1222 122 76 MOLL
248 1222 183 76 (Emile).
386 1222 76 76 —
416 1222 107 76 17,
478 1222 153 76 rue
585 1222 229 76 Emile-Zola,
768 1222 214 76 Saint-Ouen
921 1222 214 76 (Seine)

247 1295 220 67 2138
409 1295 147 67 Paysage.

251 1358 218 57 2139
410 1358 145 57 Paysage.

172 1426 159 89 MONDAN
283 1426 206 89 (Pierre).
442 1426 79 89 —
473 1426 111 89 22,
537 1426 159 89 rue
648 1426 270 89 Bonaparte
854 1426 111 89 (6e).

249 1487 237 70 2140
439 1487 158 70 Nature
549 1487 142 70 morte
644 1487 111 70 aux
691 1487 174 70 poissons.

234 1546 440 75 2141
586 1546 176 75 Le
674 1546 293 75 violon
879 1546 205 75 sur
996 1546 176 75 le
1084 1546 293 75 divan.
1260 1546 88 75 5

170 1625 204 64 MONGELARD
327 1625 188 64 (André).
468 1625 78 64 —
499 1625 94 64 3,
546 1625 157 64 av.
656 1625 266 64 René-Isidore,
876 1625 345 64 Fontenay-aux-Roses
1158 1625 219 64 (Seine)

248 1678 236 52 2142
437 1678 94 52 Le
484 1678 173 52 méchant
594 1678 141 52 chaton.

247 1729 217 62 2143
420 1729 101 62 Les
463 1729 130 62 gitans.

172 1790 195 68 MONICARD
318 1790 179 68 (Mad.).
448 1790 81 68 —
480 1790 114 68 49,
545 1790 211 68 avenue
707 1790 211 68 Gambetta,
870 1790 292 68 Maisons-Alfort
1097 1790 227 68 (Seine)

247 1861 242 69 2144
440 1861 177 69 Paysage
569 1861 97 69 du
601 1861 274 69 Lot

249 1907 230 67 2145
433 1907 169 67 Paysage
540 1907 138 67 gascon.

174 1996 117 60 Les
241 1996 184 60 numéros
375 1996 200 60 précédés
525 1996 134 60 d’un
609 1996 234 60 astérisque
792 1996 217 60 indiquent
959 1996 117 60 des
1026 1996 200 60 ouvroges
1177 1996 117 60 qui
1243 1996 100 60 ne
1277 1996 100 60 sont

647 2038 127 58 pas
719 2038 90 58 à
737 2038 163 58 vendre.
