1611 2376
672 221 141 76 —
728 221 198 76 139
813 221 85 76 —

189 287 202 91 PHILOLEAU
345 287 217 91 (Charles).
515 287 78 91 —
546 287 93 91 6,
593 287 155 91 rue
702 287 217 91 Delbet
857 287 124 91 (14e).

244 352 260 67 *2365
455 352 195 67 Portrait
601 352 97 67 de
650 352 130 67 Mlle
731 352 179 67 Monique
845 352 81 67 P..

265 402 229 69 2366
448 402 153 69 Nature
540 402 122 69 morte.

189 472 156 84 PHOCAS
298 472 218 84 (Suzanne).
470 472 78 84 —
501 472 109 84 18,
563 472 156 84 rue
672 472 93 84 du
719 472 218 84 Regard
875 472 109 84 (6e).

266 534 206 66 2367
417 534 151 66 Portrait.

264 582 217 61 2368
422 582 116 61 Repos.

188 670 195 73 PIBALEAU
334 670 163 73 (René,
448 670 114 73 dit
513 670 147 73 PIB).
611 670 81 73 —
644 670 114 73 15,
709 670 163 73 rue
823 670 98 73 de
872 670 212 73 l’Avenir,
1018 670 375 73 Villeneuve

232 706 265 50 (Seine

261 749 231 64 2369
445 749 169 64 Paysage
568 749 92 64 de
599 749 277 64 l’Ile

260 805 230 69 2370
443 805 168 69 Paysage
566 805 92 69 de
596 805 276 69 l’Ile

185 851 149 89 PICARD
289 851 193 89 (Albert).
438 851 74 89 —
468 851 74 89 6
497 851 119 89 ter,
572 851 208 89 impasse
735 851 223 89 Lemière
899 851 119 89 (19e).

259 925 236 82 2371
448 925 95 82 La
496 925 158 82 Creuse
606 925 95 82 au
653 925 110 82 Pin
700 925 158 82 (Indre).

261 986 230 59 2372
445 986 184 59 Lavardin
567 986 261 59 (Loir

184 1053 149 79 PICARD
288 1053 194 79 (Jeanne).
437 1053 74 79 —
467 1053 104 79 36,
527 1053 149 79 rue
631 1053 238 79 Serpente
810 1053 104 79 (6e).

258 1112 231 74 2373
443 1112 93 74 Le
489 1112 108 74 lys
551 1112 93 74 au
597 1112 154 74 reflet
705 1112 123 74 d’or
767 1112 123 74 blème.

233 1155 271 77 *2374
453 1155 119 77 Les
521 1155 153 77 bords
623 1155 102 77 du
674 1155 271 77 Grand-Morin,
894 1155 136 77 près
979 1155 102 77 du
1030 1155 187 77 château
1166 1155 102 77 de
1199 1155 187 77 Chauffour

435 1204 263 74 (appartient
645 1204 88 74 à
680 1204 105 74 M.
732 1204 193 74 Raymond
855 1204 193 74 Verdier).

181 1277 201 89 PICHAVANT
335 1277 201 89 (Pierre).
489 1277 77 89 —
520 1277 108 89 35,
582 1277 154 89 rue
690 1277 93 89 de
736 1277 185 89 l’Aigle,
875 1277 93 89 La
922 1277 309 89 Garenne-Colombes
1169 1277 216 89 (Seine)

255 1335 214 65 2375
412 1335 143 65 Corrida.

254 1385 224 72 2376
433 1385 105 72 Les
478 1385 209 72 balançoires.

178 1455 191 85 PIERFREY
321 1455 350 85 (Marie-Madeleine).
623 1455 79 85 —
655 1455 111 85 67,
718 1455 397 85 Champs-Elysées
1068 1455 143 85 (8e).
1147 1455 48 85 »

253 1516 220 78 2377
430 1516 88 78 La
474 1516 147 78 petite
562 1516 132 78 chèvre.

253 1564 218 69 2378
414 1564 146 69 Paysage.

178 1642 271 66 PINCHART-DENY
402 1642 208 66 (Janine).
561 1642 80 66 —
593 1642 96 66 4,
641 1642 208 66 avenue
801 1642 399 66 Constant-Coquelin
1136 1642 112 66 (7e).

251 1694 224 63 2379
430 1694 149 63 Cuivre
534 1694 89 63 et
564 1694 149 63 piments.

252 1736 222 59 2380
430 1736 133 59 Après
518 1736 89 59 la
563 1736 133 59 leçon
651 1736 89 59 de
681 1736 207 59 violoncelle.

176 1804 153 90 PINEAU
283 1804 245 90 (Alexandre).
481 1804 76 90 —
512 1804 107 90 22,
573 1804 199 90 avenue
726 1804 92 90 du
772 1804 214 90 Cimetière,
940 1804 168 90 Clamart
1047 1804 214 90 (Seine)

249 1877 235 69 2381
437 1877 172 69 Arrivée
563 1877 94 69 de
594 1877 282 69 l’«Etincelante».

247 1928 229 64 2382
430 1928 183 64 Souvenir
567 1928 92 64 de
598 1928 168 64 banlieue.

173 1996 117 93 Les
240 1996 183 93 numéros
373 1996 200 93 précédés
524 1996 133 93 d’un
607 1996 233 93 astérisque
790 1996 217 93 indiquent
957 1996 117 93 des
1024 1996 200 93 ouvrages
1174 1996 117 93 qui
1241 1996 100 93 ne
1274 1996 100 93 sont

648 2060 127 67 pas
720 2060 90 67 à
738 2060 163 67 vendre.
