1612 2379
717 220 142 59 —
773 220 199 59 140
859 220 85 59 —

236 281 129 87 PINO
317 281 145 87 DELLA
414 281 162 87 SELVA.
527 281 81 87 —
559 281 113 87 31,
624 281 162 87 rue
737 281 97 87 La
785 281 242 87 Bruyère
963 281 113 87 (9e).

311 347 233 84 2383
498 347 124 84 Pino
576 347 140 84 della
669 347 155 84 Selva,
777 347 93 84 en
824 347 202 84 «corsaire
964 347 62 84 ».

312 397 210 70 2384
480 397 84 70 Le
522 397 140 70 soleil
619 397 84 70 et
661 397 84 70 la
689 397 98 70 lune.

235 472 133 59 PINOT
324 472 192 59 (Marcel).
472 472 74 59 —
501 472 89 59 12
546 472 118 59 bis,
620 472 177 59 route
753 472 89 59 de
797 472 89 59 la
841 472 148 59 Reine,
945 472 177 59 Boulogne
1063 472 207 59 (Seine)

289 522 231 61 *2385
462 522 217 61 Chinoiseries.

283 573 253 71 *2386
489 573 142 71 Carré
568 573 158 71 Marigny.

235 642 121 91 PIP.
311 642 76 91 —
341 642 91 91 4,
386 642 151 91 rue
492 642 106 91 des
553 642 242 91 Chambrettes,
750 642 303 91 Clermont-Ferrand
992 642 242 91 (P.

308 715 232 59 2387
493 715 170 59 Sclusse
616 715 77 59 à
647 715 232 59 Poulgoazec,
832 715 185 59 Audierne
956 715 216 59 (Finistère).

303 759 254 67 2388
506 759 119 67 Sur
574 759 102 67 la
625 759 136 67 Voie
710 759 203 67 Romaine,
862 759 102 67 au
896 759 237 67 Puy

229 829 326 72 PIQUERAT-SÉGURET
505 829 195 72 (Jenny).
652 829 81 72 —
684 829 114 72 19,
750 829 179 72 quai
880 829 212 72 Laurenti,
1042 829 163 72 Menton
1140 829 228 72 (A.

306 893 219 60 2389
482 893 146 60 Soucis
584 893 88 60 et
613 893 132 60 citron.

301 932 280 61 2390
526 932 224 61 Pêcheurs
694 932 93 61 à
731 932 318 61 Villefranche.
974 932 56 61 »

230 1000 194 89 PIRAZZINI
379 1000 209 89 (Fortuné).
544 1000 75 89 —
574 1000 90 89 1,
618 1000 149 89 rue
723 1000 194 89 Pelée
857 1000 120 89 (11e).

304 1071 234 66 2391
491 1071 187 66 Pêcheurs
632 1071 171 66 mettant
756 1071 94 66 le
803 1071 156 66 chalut
912 1071 78 66 à
943 1071 94 66 la
975 1071 94 66 mer.

303 1127 231 60 2392
487 1127 108 60 Vue
549 1127 92 60 de
580 1127 123 60 Paris.

227 1217 87 59 T
261 1217 210 59 PISSARRO
419 1217 332 59 (Ludovic-Rodo).
699 1217 105 59 Né
751 1217 87 59 à
786 1217 175 59 Paris,
908 1217 105 59 le
961 1217 105 59 21
1013 1217 210 59 novembre
1171 1217 157 59 1878.
1276 1217 175 59 Décédé
1381 1217 52 59 à

278 1252 154 72 Paris,
385 1252 92 72 le
431 1252 92 72 18
478 1252 169 72 octobre
601 1252 138 72 1952.
693 1252 77 72 —
724 1252 108 72 Aux
785 1252 138 72 soins
877 1252 92 72 de
924 1252 108 72 Mme
985 1252 215 72 (Pissarro,
1154 1252 108 72 49,
1200 1252 231 72 avenue

278 1285 167 54 Junot
403 1285 83 54 (18e).

582 1303 337 80 EXPOSITION
822 1303 241 80 POSTHUME

300 1361 230 66 2393
484 1361 77 66 A
499 1361 154 66 Tabarin.

301 1414 240 48 2394
493 1414 160 48 Femmes
589 1414 160 48 causant.

300 1456 233 47 2395
487 1456 124 47 Près
565 1456 109 47 des
627 1456 171 47 Andelys
736 1456 218 47 (aquarelle).

299 1480 234 82 2396
487 1480 172 82 Rivière
611 1480 94 82 de
658 1480 172 82 Merieu,
783 1480 187 82 Bretagne
908 1480 218 82 (aquarelle).

301 1522 213 44 2397
457 1522 71 44 Nu.

298 1550 222 63 2398
461 1550 133 63 Modèle.

226 1633 130 80 PITER
312 1633 173 80 (Roger).
442 1633 72 80 —
470 1633 101 80 44,
528 1633 144 80 rue
629 1633 101 80 des
686 1633 288 80 Poissonniers
917 1633 115 80 (18e).

301 1681 215 75 2399
459 1681 144 75 Fresque.

224 1768 118 83 PLAA
298 1768 206 83 (Edouard).
459 1768 73 83 —
489 1768 88 83 11
533 1768 118 83 bis,
606 1768 147 83 rue
709 1768 235 83 Quinault
885 1768 118 83 (15e).

298 1831 212 62 2400
453 1831 71 62 Nu.

297 1883 224 68 2401
461 1883 209 68 Composition.

220 2012 117 69 Les
287 2012 184 69 numéros
421 2012 200 69 précédés
571 2012 134 69 d’un
655 2012 234 69 astérisque
838 2012 217 69 indiquent
1005 2012 117 69 des
1072 2012 200 69 ouvrages
1223 2012 117 69 qui
1289 2012 100 69 ne
1323 2012 100 69 sont

685 2057 131 62 pas
760 2057 94 62 à
779 2057 169 62 vendre.
