1611 2376
677 203 140 73 —
733 203 196 73 143
817 203 84 73 —

191 264 169 83 POUPROU
314 264 200 83 (Albert).
468 264 77 83 —
499 264 92 83 4,
545 264 154 83 rue
653 264 92 83 Le
699 264 216 83 Dantec
853 264 123 83 (13e).

265 338 243 52 2440
459 338 178 52 Annecy:
588 338 97 52 Le
637 338 129 52 bout
718 338 97 52 du
750 338 97 52 lac.

266 385 232 72 2441
451 385 93 72 Le
497 385 108 72 lac
559 385 185 72 d’Annecy
698 385 77 72 à
714 385 185 72 Talloires.

192 452 135 72 POZZO
282 452 210 72 (Martine).
447 452 75 72 —
477 452 90 72 8,
522 452 150 72 rue
627 452 90 72 de
672 452 225 72 l’Epinette,
852 452 225 72 Saint-Mandé
1017 452 210 72 (Seine)

264 507 220 58 2442
440 507 176 58 Portrait
557 507 205 58 (aquarelle).

254 556 392 79 2443
567 556 313 79 Portrait
802 556 418 79 (aquarelle).
1116 556 78 79 »

187 624 200 75 PRESSMANE
341 624 200 75 (Joseph).
494 624 77 75 —
525 624 108 75 13,
587 624 185 75 place
725 624 246 75 Jean-Jaurès,
925 624 231 75 Saint-Denis
1095 624 215 75 (Seine)

262 678 214 62 2444
419 678 157 62 Peinture.

264 730 214 56 2445
420 730 157 56 Peinture.

187 799 208 79 PRÉVERAUD
347 799 208 79 (Yvonne).
507 799 80 79 —
539 799 112 79 17,
603 799 160 79 rue
715 799 96 79 de
762 799 176 79 l’Alma,
890 799 224 79 Courbevoie
1050 799 224 79 (Seine)

239 845 248 82 *2446
440 845 93 82 Nu
486 845 108 82 aux
548 845 108 82 bas
610 845 155 82 blancs
719 845 232 82 (appartient
905 845 77 82 à
936 845 93 82 M.
967 845 139 82 G....).

262 893 212 60 2447
417 893 99 60 Léda.

183 975 187 75 PRÉVILLE
323 975 202 75 (Andrée).
479 975 78 75 —
510 975 93 75 4,
557 975 156 75 rue
666 975 93 75 du
712 975 358 75 Docteur-Tuffier
1008 975 124 75 (13e).

259 1025 224 63 2448
438 1025 134 63 Souk,
513 1025 119 63 Tunis.

258 1071 210 63 2449
412 1071 126 63 Fleurs.

182 1122 164 99 PRÉVOST
301 1122 164 99 (Jean).
420 1122 74 99 —
450 1122 104 99 22,
510 1122 149 99 rue
614 1122 328 99 Saint-Augustin
882 1122 104 99 (2e).

256 1192 229 79 2450
439 1192 107 79 Les
500 1192 245 79 châtaigniers
684 1192 153 79 d’Orsay.

255 1254 211 67 2451
409 1254 183 67 L’arrosoir.

180 1318 163 84 PRÉVOST
299 1318 208 84 (Georges).
462 1318 74 84 —
492 1318 104 84 10,
552 1318 178 84 villa
685 1318 253 84 Chassagnolle,
893 1318 104 84 Les
953 1318 134 84 Lilas
1027 1318 208 84 (Seine)

253 1372 235 77 2452
441 1372 94 77 La
488 1372 125 77 zone
566 1372 109 77 aux
613 1372 125 77 Lilas.

253 1426 223 72 2453
431 1426 89 72 La
461 1426 104 72 zone.

177 1488 121 79 PRIN
252 1488 166 79 (René).
373 1488 75 79 —
403 1488 181 79 Place
539 1488 90 79 de
584 1488 90 79 la
629 1488 136 79 Gare,
720 1488 256 79 Pacy-sur-Eure
916 1488 196 79 (Eure)

251 1544 234 68 2454
439 1544 140 68 Pluie
532 1544 78 68 à
548 1544 140 68 Vernon.

251 1590 235 71 2455
440 1590 141 71 Marée
534 1590 141 71 basse
628 1590 78 71 à
644 1590 188 71 Trouville.

175 1669 149 82 PRIOUR
280 1669 179 82 (Henri).
414 1669 75 82 —
444 1669 105 82 14,
504 1669 149 82 rue
608 1669 388 82 Monsieur-le-Prince
936 1669 105 82 (6e).

249 1717 214 63 2456
405 1717 157 63 Peinture.

248 1766 214 63 2457
405 1766 157 63 Peinture.

172 1823 156 104 PROBST
282 1823 203 104 (Pierre).
438 1823 78 104 —
469 1823 94 104 8,
516 1823 188 104 place
657 1823 109 104 des
719 1823 188 104 Vallées,
860 1823 94 104 La
907 1823 313 104 Garenne-Colombes
1157 1823 219 104 (Seine)

247 1884 213 72 2458
418 1884 142 72 Petite
517 1884 128 72 fille
602 1884 85 72 au
631 1884 128 72 violon.

243 1935 238 73 2459
433 1935 127 73 Nuit
512 1935 174 73 d’orage
639 1935 127 73 dans
718 1935 95 73 le
750 1935 174 73 Dauphiné.

170 2000 117 86 Les
237 2000 184 86 numéros
371 2000 200 86 précédés
521 2000 134 86 d’un
605 2000 234 86 ostérisque
788 2000 217 86 indiquent
955 2000 117 86 des
1022 2000 200 86 ouvrages
1173 2000 117 86 qui
1239 2000 100 86 no
1273 2000 100 86 sont

644 2047 127 68 pas
716 2047 90 68 à
734 2047 163 68 vendre.
