1611 2376
668 196 141 82 —
724 196 198 82 145
809 196 85 82 —

185 275 177 68 QUINTON
313 275 209 68 (Edmond).
474 275 80 68 —
506 275 96 68 7,
554 275 209 68 avenue
715 275 96 68 La
763 275 241 68 Trémouille,
956 275 225 68 Saint-Maur
1116 275 225 68 (Seine)

257 334 248 85 2475
456 334 99 85 La
506 334 199 85 Gartempe
655 334 83 85 à
671 334 265 85 Châteauponsac.

259 387 221 59 2476
436 387 162 59 Dahlias
553 387 88 59 et
583 387 147 59 zinnias.

183 457 169 68 QUIRICO
306 457 185 68 (Elise).
444 457 77 68 —
475 457 108 68 74,
536 457 246 68 boulevard
736 457 246 68 Exelmans
921 457 123 68 (16e).

262 503 226 73 2477
443 503 166 73 Cannes:
563 503 90 73 le
594 503 106 73 port.

257 554 238 63 2478
447 554 127 63 Fès:
526 554 174 63 jardins
653 554 95 63 de
685 554 190 63 Boujeloud.

181 816 120 68 RABY
256 816 226 68 (Gilberte).
437 816 75 68 —
467 816 105 68 16,
527 816 150 68 rue
632 816 316 68 Claude-Decaen
888 816 120 68 (12e).

255 872 225 57 2479
435 872 135 57 Buste
525 872 90 57 au
555 872 165 57 peignoir.

253 909 236 79 2480
442 909 157 79 Nature
552 909 142 79 morte
647 909 94 79 au
678 909 205 79 coquillage.

179 978 201 84 RAIMBAULT
333 978 186 84 (Henri).
472 978 77 84 —
503 978 186 84 Place
642 978 93 84 de
689 978 201 84 l’Eglise,
843 978 247 84 Concressault
1029 978 201 84 (Cher)

252 1047 219 63 2481
427 1047 87 63 La
456 1047 117 63 curée.

253 1097 223 62 2482
432 1097 89 62 Le
461 1097 164 62 canotage.

179 1150 172 104 RAFFRAY
305 1150 188 104 (André).
446 1150 78 104 —
477 1150 125 104 127,
555 1150 157 104 rue
665 1150 298 104 Michel-Ange
900 1150 125 104 (16e).

253 1223 209 71 2483
407 1223 153 71 Football.

177 1296 136 92 RAFFY
268 1296 182 92 (André).
404 1296 76 92 —
434 1296 424 92 Monestier-de-Clermont
797 1296 212 92 (Isère)

228 1354 243 60 *2484
426 1354 91 60 Le
456 1354 137 60 viaduc.

249 1402 242 66 2485
443 1402 145 66 Neige
539 1402 81 66 à
556 1402 387 66 Monestier

172 1474 326 79 RAFFY-LE-PERSAN.
449 1474 81 79 —
481 1474 114 79 20,
546 1474 212 79 avenue
709 1474 261 79 Trudaine
905 1474 114 79 (9e).

247 1531 241 70 2486
440 1531 161 70 Petite
552 1531 161 70 maison
648 1531 225 70 campagnarde.

248 1577 235 64 2487
436 1577 172 64 Paysage
562 1577 94 64 du
593 1577 110 64 Midi.

173 1639 173 90 RAGEADE
299 1639 189 90 (André).
441 1639 79 90 —
472 1639 110 90 12,
535 1639 157 90 rue
645 1639 330 90 Emile-Blémont
912 1639 126 90 (18e).

248 1694 224 68 2488
412 1694 209 68 Composition.

245 1748 231 58 2489
429 1748 154 58 Nature
522 1748 123 58 morte.

173 1804 165 73 RAILLON
293 1804 195 73 (Eliane).
443 1804 75 73 —
474 1804 75 73 3
504 1804 120 73 bis,
579 1804 150 73 rue
684 1804 90 73 de
729 1804 225 73 Strasbourg,
909 1804 180 73 Asnières
1030 1804 210 73 (Seine)

243 1865 245 73 2490
438 1865 147 73 Etang
536 1865 98 73 de
585 1865 196 73 Hollande
732 1865 163 73 (forêt
846 1865 98 73 de
878 1865 245 73 Rambouillet).

244 1920 237 60 2491
434 1920 95 60 La
481 1920 142 60 Seine
576 1920 79 60 à
592 1920 174 60 Asnières.

175 1985 117 74 Les
242 1985 183 74 numéros
375 1985 200 74 précédés
525 1985 133 74 d’un
609 1985 233 74 astérisque
792 1985 217 74 indiquent
958 1985 117 74 des
1025 1985 200 74 ouvroges
1175 1985 117 74 qui
1242 1985 100 74 ne
1275 1985 100 74 sont

645 2038 127 57 pas
717 2038 90 57 à
735 2038 163 57 vendre.
