1611 2376
696 190 139 66 —
752 190 195 66 147
835 190 84 66 —

210 254 152 84 REDDET
316 254 198 84 (Janine).
468 254 76 84 —
499 254 106 84 14,
560 254 152 84 rue
666 254 91 84 de
712 254 335 84 Constantinople
986 254 106 84 (8e).

286 328 230 51 2512
470 328 123 51 Bain
531 328 200 51 d’Audierne.

287 374 229 64 2513
470 374 137 64 Canal
546 374 214 64 Saint

209 437 139 77 REGAD
301 437 263 77 (René-Louis).
518 437 77 77 —
549 437 93 77 5,
596 437 155 77 rue
704 437 232 77 Tardieu
874 437 124 77 (18e).

284 492 227 58 2514
466 492 91 58 Le
511 492 121 58 père
587 492 136 58 Saint
663 492 106 58 Eloi.

285 530 237 71 2515
475 530 237 71 Saint-Cast:
664 530 142 71 plage
759 530 95 71 de
806 530 95 71 la
837 530 174 71 Pissotte.

210 615 167 74 REGNIER
332 615 183 74 (André).
469 615 76 74 —
499 615 107 74 65,
560 615 198 74 avenue
712 615 213 74 Bessières,
880 615 91 74 Le
925 615 167 74 Thillay
1032 615 335 74 (Seine

287 662 208 63 2516
439 662 111 63 Givre.

287 715 215 59 2517
444 715 143 59 Bergère.

207 776 172 77 REGNIER
332 776 219 77 (Maurice).
504 776 78 77 —
535 776 109 77 30,
598 776 250 77 boulevard
801 776 94 77 de
848 776 250 77 Charonne
1035 776 125 77 (20e).

283 831 224 67 2518
447 831 194 67 L’affameur.

283 878 240 82 2519
475 878 128 82 Tour
555 878 96 82 de
603 878 144 82 1.800
698 878 160 82 mêtres
794 878 224 82 (aquarelle).

205 958 235 79 REICHENSTEIN
397 958 191 79 (Robert).
544 958 74 79 —
573 958 103 79 14,
632 958 191 79 avenue
779 958 88 79 de
823 958 88 79 la
868 958 221 79 Cigale
1044 958 221 79 Asnières
1206 958 206 79 (Seine)

283 1006 227 70 2520
465 1006 151 70 Fleurs
555 1006 182 70 (gouache).

283 1069 224 55 2521
462 1069 149 55 Fleurs
552 1069 179 55 (gouache).

206 1125 212 81 REICHMANN
369 1125 131 81 (Mme
451 1125 212 81 Georgette
614 1125 212 81 Pierrat).
777 1125 82 81 —
810 1125 131 81 133,
891 1125 212 81 avenue
1055 1125 147 81 Foch,
1136 1125 278 81 Saint

250 1178 267 50 (Seine

282 1217 226 81 2522
463 1217 166 81 Enfants
584 1217 106 81 sur
644 1217 91 81 la
674 1217 121 81 plage.

281 1278 210 55 2523
435 1278 140 55 Œillets.

203 1337 188 86 REISSENT
345 1337 188 86 (Denis).
486 1337 78 86 —
517 1337 110 86 16,
580 1337 204 86 avenue
737 1337 424 86 Dode-de-la-Brunerie
1098 1337 126 86 (16e).

279 1399 247 65 2524
476 1399 148 65 Forêt
575 1399 99 65 de
625 1399 313 65 Fontainebleau-:
872 1399 181 65 Apremont.

280 1452 236 61 2525
469 1452 189 61 Paysage:
595 1452 252 61 Ile

201 1512 183 64 REMSON
329 1512 257 64 (Georges).
530 1512 110 64 Né
585 1512 92 64 à
622 1512 165 64 Ranec
732 1512 257 64 (Belgique)
934 1512 275 64 (naturalisé
1153 1512 257 64 français),
1337 1512 73 64 le

252 1561 85 51 8
286 1561 187 51 juillet
422 1561 153 51 1890.
524 1561 170 51 Décédé
644 1561 85 51 à
678 1561 170 51 Paris,
797 1561 102 51 le
848 1561 102 51 16
899 1561 204 51 décembre
1052 1561 153 51 1952.
1155 1561 85 51 —
1189 1561 119 51 Aux
1257 1561 153 51 soins
1342 1561 68 51 de

253 1589 100 57 Mme
310 1589 100 57 Vve
367 1589 157 57 Remson,
481 1589 100 57 36,
538 1589 143 57 rue
638 1589 86 57 de
681 1589 214 57 l’Ourcq
838 1589 114 57 (19)e.

559 1632 337 66 EXPOSITION
799 1632 241 66 POSTHUME

279 1684 214 69 2526
450 1684 86 69 Le
478 1684 157 69 turfiste.

276 1736 237 57 2527
466 1736 142 57 Soupe
561 1736 95 57 au
592 1736 111 57 chou.

276 1772 220 44 2528
438 1772 220 44 Anniversaire.

275 1811 223 41 2529
453 1811 134 41 Après
542 1811 89 41 la
572 1811 104 41 fête.

277 1847 211 48 2530
446 1847 155 48 Fruits,
544 1847 127 48 cuivre.

255 1877 243 64 *2531
437 1877 212 64 Jean

202 1979 117 60 Les
269 1979 184 60 numéros
403 1979 200 60 précédés
553 1979 134 60 d’un
636 1979 234 60 ostérisque
820 1979 217 60 indiquent
987 1979 117 60 des
1054 1979 200 60 ouvrages
1204 1979 117 60 qui
1270 1979 100 60 ne
1304 1979 100 60 sont

677 2031 125 58 pas
749 2031 90 58 à
767 2031 161 58 vendre.
