1611 2376
681 203 139 80 —
737 203 194 80 153
820 203 83 80 —

77 260 190 92 SALLIOU
215 260 208 92 (Fanny).
371 260 87 92 —
406 260 104 92 3,
458 260 173 92 rue
579 260 121 92 des
648 260 294 92 Chantiers
873 260 121 92 (5e).

272 336 215 61 2625
444 336 115 61 Site
501 336 129 61 breton.

269 375 240 74 2626
461 375 160 74 Effets
573 375 96 74 de
620 375 160 74 vagues
732 375 96 74 en
764 375 144 74 Vendée.

199 463 131 61 SAMPIC
290 463 170 61 (Roland).
421 463 65 61 —
447 463 262 61 Seignelay
657 463 222 61 (Yonne)

270 522 221 60 2629
447 522 118 60 Tête
521 522 89 60 de
565 522 133 60 jeune
639 522 118 60 fille.

272 566 217 64 2630
445 566 101 64 Les
488 566 116 64 quais.

196 631 167 74 SANCHIS
317 631 228 74 (Salvador).
499 631 76 74 —
530 631 106 74 18,
590 631 152 74 rue
697 631 334 74 Ernest-Cresson
970 631 121 74 (14e).

270 703 227 66 2631
451 703 91 66 Le
496 703 136 66 futur
572 703 166 66 toréador.

267 756 223 59 2632
445 756 119 59 Tête
520 756 89 59 de
549 756 134 59 gitane.

194 836 200 68 SANDEVOIR
348 836 200 68 (Robert).
502 836 77 68 —
533 836 108 68 10,
595 836 154 68 rue
703 836 93 68 de
749 836 93 68 la
795 836 355 68 Tour-d’Auvergne
1088 836 108 68 (9e).

267 885 229 66 2633
450 885 107 66 Les
511 885 137 66 morts
587 885 153 66 vivants.

268 938 227 58 2634
449 938 182 58 Descente
586 938 91 58 de
616 938 121 58 croix.

189 1012 177 82 SANDRIN
317 1012 144 82 (Mlle
414 1012 241 82 Charlotte).
606 1012 80 82 —
638 1012 112 82 16,
703 1012 161 82 rue
815 1012 257 82 Paul-Doumer,
1008 1012 385 82 Strasbourg

242 1055 150 68 gheim
342 1055 213 68 (Bas

265 1107 234 66 2635
453 1107 156 66 Nature
562 1107 140 66 morte
656 1107 125 66 avec
718 1107 156 66 raisins.

266 1156 219 60 2636
441 1156 131 60 Roses
514 1156 117 60 roses.

191 1209 179 77 SANSONNET
329 1209 207 77 (François).
494 1209 69 77 —
522 1209 96 77 39,
577 1209 138 77 rue
674 1209 221 77 Paradis
839 1209 262 77 Marseille

269 1284 164 64 2636
400 1284 153 64 bis
510 1284 120 64 Peinture.

268 1343 164 52 2636
399 1343 153 52 ter
509 1343 120 52 Peinture.

187 1411 169 70 SARRADE
309 1411 307 70 (Marie-Thérèse).
570 1411 77 70 —
601 1411 123 70 177,
677 1411 169 70 rus-
800 1411 307 70 Jeanne-d’Arc
1045 1411 123 70 (13e).

262 1474 239 52 2637
454 1474 160 52 Marché
565 1474 112 52 aux
613 1474 128 52 puces.

264 1498 229 79 2638
447 1498 92 79 La
493 1498 137 79 jeune
584 1498 137 79 fille
676 1498 92 79 et
722 1498 92 79 la
752 1498 107 79 mort.

184 1590 182 60 SAUNOIS
317 1590 99 60 DE
366 1590 149 60 RUNGS
465 1590 379 60 (Marie-Antoinette).
795 1590 83 60 —
828 1590 165 60 Rue
944 1590 116 60 des
1010 1590 198 60 Grottes,
1142 1590 248 60 Meschers

236 1639 208 55 les-Bains
392 1639 337 55 (Charente

238 1687 252 57 *2639
443 1687 142 57 Soupe
538 1687 79 57 à
569 1687 95 57 la
601 1687 142 57 tomate.

238 1731 235 68 *2640
415 1731 132 68 Pavots.

184 1815 119 62 SAUR
258 1815 163 62 (Rosy).
377 1815 74 62 —
406 1815 89 62 2,
451 1815 178 62 place
584 1815 104 62 des
643 1815 163 62 Ecoles,
762 1815 326 62 Boulogne-sur-Seine
1029 1815 207 62 (Seine)

256 1862 236 74 2641
445 1862 236 74 Composition
634 1862 126 74 avec
712 1862 110 74 des
775 1862 126 74 pots
854 1862 94 74 de
885 1862 142 74 résine.

258 1912 242 71 2642
451 1912 97 71 Le
500 1912 145 71 repos
597 1912 97 71 du
629 1912 145 71 modèle.

184 1995 117 81 Les
251 1995 184 81 numéros
385 1995 200 81 précédés
535 1995 134 81 d’un
618 1995 234 81 astérisque
802 1995 217 81 indiquent
969 1995 117 81 des
1036 1995 200 81 ouvroges
1186 1995 117 81 qui
1252 1995 100 81 ne
1286 1995 100 81 sont

663 2053 118 62 pas
746 2053 59 62 à
757 2053 153 62 vendre.
