1612 2379
740 225 118 60 154

212 282 182 93 SAUTOUR
345 282 232 93 (Olivier).
527 282 83 93 —
560 282 132 93 120,
643 282 215 93 avenue
808 282 347 93 Emile-Cossonneau,
1089 282 331 93 Noisy

259 341 267 67 (Seine

290 380 232 72 2643
475 380 185 72 Fontaine
599 380 185 72 marocaine.

288 435 234 58 2644
475 435 140 58 Types
553 435 187 58 marocains.

214 496 209 80 SAUVAGEOT
375 496 241 80 (François).
568 496 80 80 —
600 496 161 80 Les
712 496 209 80 Oliviers,
873 496 113 80 rue
938 496 113 80 des
1002 496 209 80 Palmiers,
1147 496 273 80 Cagnes

263 550 130 52 Mer
341 550 313 52 (Alpes

290 594 223 54 2645
469 594 89 54 Le
498 594 149 54 palmier.

289 632 246 72 2646
485 632 98 72 Un
534 632 164 72 chemin
649 632 98 72 en
682 632 180 72 Provence.

213 713 174 61 SAUVARD
340 713 189 61 (Henri).
482 713 79 61 —
513 713 95 61 7,
561 713 158 61 rue
671 713 95 61 du
718 713 316 61 Général-Leclerc,
987 713 189 61 Bonneuil
1113 713 221 61 (Seine)

291 766 231 57 2647
476 766 185 57 Bruyères
615 766 77 57 à
630 766 108 57 Sucy.

290 797 240 77 2648
482 797 144 77 Neige
578 797 96 77 au
626 797 128 77 bras
706 797 96 77 du
738 797 176 77 Chapitre.

214 874 220 69 SAUVEGRAIN
387 874 188 69 (Lucie).
528 874 78 69 —
559 874 110 69 14,
622 874 157 69 rue
732 874 439 69 Théodore-de-Banville
1109 874 126 69 (17e).

292 935 221 61 2649
454 935 147 61 Paysage.

270 982 250 69 *2650
473 982 156 69 Nature
567 982 125 69 morte.

215 1032 134 94 SAVIN
304 1032 208 94 (Maurice).
468 1032 74 94 —
498 1032 89 94 9,
542 1032 149 94 rue
646 1032 193 94 Pauly
780 1032 119 94 (14e).

295 1118 178 68 2650
438 1118 166 68 bis
569 1118 83 68 Les
604 1118 131 68 faneuses.

217 1183 184 73 SCELLIER
355 1183 215 73 (Georges).
523 1183 77 73 —
554 1183 92 73 5,
600 1183 153 73 rie
707 1183 215 73 Mayran
861 1183 107 73 (9e).

292 1244 235 65 2651
480 1244 157 65 Comité
590 1244 94 65 de
621 1244 110 65 Paix.

291 1294 244 69 2652
486 1294 179 69 Paysage
616 1294 98 69 du
649 1294 114 69 Nord.

218 1353 150 70 SCHAAR
323 1353 195 70 (Pinkus).
473 1353 75 70 —
503 1353 105 70 42,
563 1353 150 70 rue
668 1353 90 70 de
713 1353 315 70 l’Abbé-Groult
968 1353 120 70 (15e).

293 1419 219 66 2653
468 1419 87 66 La
498 1419 190 66 tricoteuse.

294 1472 214 70 2654
451 1472 157 70 Peinture.

212 1522 281 96 SCHARDNER
428 1522 259 96 (Roger).
623 1522 108 96 —
666 1522 173 96 Voir
752 1522 389 96 ROGER

221 1598 235 79 SCHITLOWSKY
409 1598 235 79 (Grégoire).
597 1598 78 79 —
628 1598 110 79 25,
691 1598 156 79 rue
800 1598 219 79 Grangeret,
972 1598 313 79 Plessis-Bouchard
1223 1598 203 79 (Seine

234 1659 190 57 <et

296 1700 238 66 2655
487 1700 127 66 Dans
566 1700 95 66 le
598 1700 190 66 Haut

297 1733 237 79 2656
487 1733 158 79 Eglise
597 1733 79 79 :
629 1733 300 79 Auvers-sur-Oise
866 1733 189 79 (gouache).

221 1809 204 79 SCHLOTTER
379 1809 252 79 (Valentine).
583 1809 79 79 —
614 1809 126 79 189,
693 1809 157 79 rue
803 1809 236 79 Ordener
976 1809 126 79 (18e).

298 1874 214 62 2657
469 1874 171 62 Portrait
597 1874 86 62 de
626 1874 171 62 l’artiste.

297 1924 234 61 2658
484 1924 187 61 Portrait
624 1924 93 61 de
671 1924 109 61 Mme
718 1924 62 61 X.

223 2033 117 54 Les
290 2033 184 54 numéros
424 2033 201 54 précédés
575 2033 134 54 d’un
658 2033 234 54 astérisque
842 2033 218 54 indiquent
1010 2033 117 54 des
1077 2033 201 54 ouvrages
1227 2033 117 54 qui
1294 2033 100 54 ne
1328 2033 100 54 sont

696 2067 127 58 pos
768 2067 90 58 à
786 2067 163 58 vendre.
