1611 2376
661 202 139 84 —
717 202 195 84 155
800 202 84 84 —

178 285 314 60 SCHNECKENBURGER
443 285 231 60 (Colette).
625 285 83 60 —
658 285 132 60 215,
740 285 165 60 rue
856 285 99 60 de
906 285 281 60 Vaugirard
1120 285 116 60 (15e)

254 348 238 56 2659
444 348 159 56 Nature
556 348 143 56 morte
651 348 111 56 aux
698 348 143 56 fruits.

255 398 231 65 2660
439 398 108 65 Les
501 398 169 65 rochers
624 398 92 65 de
655 398 108 65 Batz.

179 467 209 64 SCHOELLER
339 467 225 64 (Janette).
516 467 80 64 —
548 467 128 64 140,
628 467 160 64 av.
740 467 96 64 de
789 467 96 64 la
837 467 337 64 Division-Leclerc,
1109 467 273 64 Montmorency

202 518 1142 46 (Seine-et-Oise)
1174 518 127 46 »

255 561 219 64 2661
416 561 146 64 Paysage.

256 604 225 70 2662
421 604 210 70 Composition.

181 679 200 77 SCHOENEHL
334 679 200 77 (Albert).
488 679 77 77 —
519 679 108 77 88,
580 679 200 77 avenue
734 679 292 77 Henri-Barbusse,
980 679 169 77 Draveil
1088 679 261 77 (S.

231 750 261 57 *2663
442 750 98 57 La
475 750 228 57 grand

255 794 231 66 2664
439 794 92 66 La
485 794 169 66 baraque
593 794 154 66 foraine.

178 862 221 82 SCHOENFELD
352 862 221 82 (Michèle).
525 862 79 82 —
556 862 110 82 91,
619 862 158 82 rue
730 862 252 82 Tailbout
919 862 110 82 (9e).

255 929 214 61 2665
412 929 128 61 Figure.

256 980 210 56 2666
410 980 84 56 Feu.

181 1038 165 75 SCHULTZ
301 1038 165 75 (Left).
421 1038 75 75 —
451 1038 105 75 25,
511 1038 150 75 rue
616 1038 90 75 du
661 1038 180 75 Plessis,
796 1038 150 75 Ermont
886 1038 315 75 (Seine

255 1112 239 79 2667
446 1112 111 79 Une
510 1112 175 79 vitrine
637 1112 191 79 d’œuvres
780 1112 239 79 décoratives
971 1112 207 79 composées
1114 1112 271 79 d’incrustations

415 1162 215 54 précieuses.

180 1240 156 73 SCHWAB
290 1240 219 73 (Maurice).
462 1240 78 73 —
493 1240 109 73 10,
556 1240 156 73 rue
665 1240 172 73 Odette,
790 1240 203 73 Champigny
931 1240 219 73 (Seine)

256 1295 220 61 2668
418 1295 147 61 Paysage.

254 1352 220 60 2669
416 1352 147 60 Paysage.

181 1410 185 65 SCHWARTZ
319 1410 185 65 (Sarah).
458 1410 77 65 —
489 1410 108 65 60,
551 1410 154 65 rue
659 1410 231 65 Custine
829 1410 123 65 (18e).

257 1474 230 62 2670
440 1474 107 62 Les
502 1474 214 62 fleuristes
670 1474 107 62 des
716 1474 138 62 Halles.

234 1522 252 52 *2671
439 1522 110 52 Aux
502 1522 157 52 Halles
596 1522 173 52 (dessin).

257 1548 231 69 2672
441 1548 154 69 Nature
549 1548 138 69 morte
626 1548 169 69 (dessin).

184 1621 185 78 SÉAILLES
322 1621 200 78 (Andrée).
476 1621 77 78 —
507 1621 231 78 Barbizon
677 1621 354 78 (Seine

258 1688 216 70 2673
430 1688 187 70 Clairière
574 1688 86 70 en
603 1688 115 70 forêt.

257 1731 220 73 2674
433 1731 88 73 La
477 1731 147 73 petite
580 1731 132 73 fille
668 1731 88 73 et
712 1731 88 73 sa
741 1731 132 73 poupée.

182 1803 150 76 SEBIRE
287 1803 195 76 (Gaston).
437 1803 75 76 —
467 1803 90 76 11
512 1803 120 76 bis,
587 1803 195 76 avenue
737 1803 285 76 Victor-Hugo
962 1803 120 76 (16e).

259 1878 214 61 2675
415 1878 157 61 Peinture.

260 1925 214 65 2676
416 1925 157 65 Peinture.

186 2002 117 78 Les
253 2002 184 78 numéros
387 2002 200 78 précédés
537 2002 134 78 d’un
620 2002 234 78 astérisque
804 2002 217 78 indiquent
971 2002 117 78 des
1038 2002 200 78 ouvrages
1188 2002 117 78 qui
1254 2002 100 78 ne
1288 2002 100 78 sont

656 2058 126 56 pas
728 2058 90 56 à
746 2058 162 56 vendre.
