1611 2376
690 192 140 73 —
746 192 196 73 159
830 192 84 73 —

207 265 171 65 SMIRNOW
332 265 265 65 (Constantin).
550 265 78 65 —
581 265 109 65 18,
643 265 156 65 rue
752 265 311 65 Auguste-Blanche,
1017 265 171 65 Puteaux
1126 265 218 65 (Seine)

285 324 230 68 2733
469 324 169 68 Pêches,
592 324 154 68 nature
684 324 123 68 morte.

284 380 244 72 2734
479 380 163 72 Retour
593 380 98 72 du
641 380 179 72 marché,
771 380 163 72 nature
869 380 130 72 morte.

208 444 104 87 SOL
267 444 178 87 (André).
401 444 74 87 —
430 444 193 87 Castex
579 444 148 87 Hôtel,
682 444 89 87 5,
727 444 104 87 rue
786 444 207 87 Castex
934 444 104 87 (4e).

282 504 244 67 2735
477 504 179 67 Paysage
607 504 97 67 du
639 504 195 67 Languedoc.

282 565 233 52 2736
469 565 109 52 Les
531 565 155 52 vignes
640 565 93 52 en
671 565 155 52 automne.

207 642 150 72 SONNET
312 642 210 72 (Jacques).
477 642 75 72 —
507 642 105 72 24,
567 642 150 72 rue
673 642 255 72 Beaubourg
868 642 105 72 (3e).

258 696 254 60 *2737
464 696 190 60 Portrait
607 696 95 60 de
655 696 174 60 vedette
781 696 143 60 (Jean
861 696 174 60 Navarre).

279 746 239 62 2738
470 746 96 62 La
518 746 207 62 brasserie
678 746 96 62 du
726 746 128 62 Père
789 746 144 62 Muller.

207 807 148 80 SOTERAS
314 807 162 80 (Jorge).
436 807 67 80 —
463 807 94 80 71,
517 807 121 80 r.
598 807 256 80 Belleplace
814 807 418 80 Villeneuve-Saint-Georges
1178 807 229 80 (S.

277 873 247 59 2739
474 873 164 59 Enfant
589 873 115 59 aux
638 873 148 59 pommes.

279 929 231 56 2740
463 929 154 56 Nature
556 929 123 56 morte.

203 984 154 94 SOURTY
310 984 215 94 (Maurice).
479 984 77 94 —
510 984 92 94 9,
556 984 154 94 rue
663 984 92 94 de
710 984 92 94 la
756 984 169 94 Mairie,
878 984 292 94 Morigny-Etampes
1109 984 261 94 (S.

276 1059 234 62 2741
463 1059 140 62 Marée
557 1059 140 62 basse
635 1059 187 62 (Cancale).

277 1112 223 65 2742
456 1112 134 65 Petit
545 1112 119 65 port
604 1112 179 65 (Cancale).

202 1169 134 86 SOURY
292 1169 194 86 (Gustave)
441 1169 75 86 —
471 1169 105 86 18,
531 1169 149 86 rue
635 1169 90 86 du
680 1169 194 86 Caire
829 1169 134 86 (2e).
904 1169 45 86 .

275 1239 217 61 2743
448 1239 159 61 Vieille
563 1239 144 61 lionne
650 1239 159 61 (dessin).

274 1284 236 66 2744
463 1284 189 66 Panthère
605 1284 142 66 noire
699 1284 173 66 couchée
809 1284 173 66 (dessin).

199 1363 187 85 SOUSLOFF
340 1363 156 85 (Alw).
449 1363 78 85 —
480 1363 109 85 31,
542 1363 156 85 rue
651 1363 280 85 Deparcieux
869 1363 125 85 (14e).

273 1428 241 54 2745
466 1428 112 54 Sur
530 1428 96 54 la
578 1428 145 54 route
675 1428 209 54 nationale
819 1428 225 54 (Normandie).

273 1466 237 70 2746
463 1466 142 70 Effet
558 1466 95 70 de
605 1466 142 70 neige
700 1466 127 70 dans
779 1466 95 70 la
827 1466 142 70 forêt
906 1466 269 70 (Hautes

193 1548 249 72 SOUTRENON
385 1548 230 72 (Elise).
557 1548 134 72 Née
634 1548 96 72 à
672 1548 192 72 Paris,
807 1548 115 72 le
864 1548 115 72 27
922 1548 230 72 décembre
1094 1548 173 72 1881.
1209 1548 211 72 Décédée
1343 1548 58 72 à

246 1597 228 39 Levallois,
425 1597 98 39 le
474 1597 98 39 18
522 1597 130 39 mars
604 1597 146 39 1952.
701 1597 81 39 —
734 1597 114 39 Aux
799 1597 146 39 soins
897 1597 98 39 de
945 1597 114 39 Guy
1010 1597 195 39 Bertram,
1157 1597 114 39 72,
1206 1597 195 39 rue

249 1627 197 63 Blanche
402 1627 77 63 (9e).

544 1653 343 61 EXPOSITION
790 1653 245 61 POSTHUME

269 1699 228 69 2747
451 1699 167 69 Paysage
558 1699 182 69 d’Algérie.

268 1761 233 55 2748
455 1761 171 55 Bouquet
579 1761 93 55 de
611 1761 124 55 roses.

267 1798 233 43 2749
438 1798 171 43 Anémones.

269 1822 229 52 2750
452 1822 153 52 Nature
559 1822 153 52 morte:
651 1822 183 52 bouteille.

268 1866 237 44 2751
458 1866 158 44 Nature
568 1866 158 44 morte:
663 1866 142 44 fleurs.

271 1897 229 68 2752
454 1897 168 68 Paysage
577 1897 122 68 (par
653 1897 92 68 la
684 1897 168 68 fenêtre).

193 1999 131 64 Les
249 1999 169 64 numéros

406 2008 198 59 précédés
554 2008 132 59 d’un
636 2008 231 59 astérisque
818 2008 214 59 indiquent
983 2008 115 59 des
1049 2008 198 59 ouvrages
1197 2008 115 59 qui
1263 2008 99 59 ne
1296 2008 99 59 sont

666 2042 128 58 pes
739 2042 91 58 à
757 2042 164 58 vendre.
