1659 2379
730 198 141 90 —
786 198 197 90 172
871 198 84 90 —

244 263 167 98 VICTOIR
365 263 213 98 (Raymond).
533 263 76 98 —
563 263 106 98 23,
624 263 152 98 rue
730 263 91 98 du
776 263 289 98 Cheviin-de-Fer,
1019 263 167 98 Croissy
1126 263 258 98 (S.

319 348 243 57 2981
513 348 146 57 Femme
611 348 113 57 aux
659 348 146 57 cactus.

319 399 239 58 2982
510 399 127 58 Pont
590 399 96 58 de
622 399 143 58 Chatou.

245 446 140 72 VIDAL
339 446 202 72 (France).
494 446 78 72 —
525 446 93 72 9,
571 446 248 72 boulevard
773 446 202 72 Gambetta,
928 446 186 72 Narbonne
1052 446 202 72 (Aude)

323 512 218 80 2983
483 512 218 80 Autoportrait.

246 583 188 68 VIGNETTI
387 583 235 68 (Marcella).
576 583 78 68 —
607 583 235 68 Légation
795 583 204 68 d’Italie,
952 583 110 68 31,
1015 583 110 68 rue
1078 583 173 68 Goëthe,
1187 583 267 68 Luxembourg

300 653 250 69 *2984
504 653 219 69 Artichauts
675 653 94 69 et
707 653 156 69 tomates.

248 738 147 60 VIGNON
351 738 191 60 (Josine).
498 738 73 60 —
527 738 103 60 19,
586 738 147 60 rue
689 738 294 60 Beautreillis
924 738 103 60 (4e).

323 796 228 55 2985
505 796 91 55 Le
535 796 137 55 merlan.

324 824 233 84 2986
511 824 202 84 Compotier
667 824 93 84 au
713 824 140 84 châle
791 824 171 84 exotique.

249 909 204 63 VIGOUREUX
407 909 173 63 (Zina).
532 909 79 63 —
564 909 110 63 21,
627 909 157 63 ruc
737 909 94 63 de
784 909 204 63 Gentilly,
941 909 204 63 Montrouge
1083 909 220 63 (Seine)

325 982 242 53 2987
519 982 194 53 Josette,
664 982 97 53 ou
713 982 194 53 vendeuse
858 982 97 53 de
891 982 339 53 Paris

325 1031 233 55 2988
512 1031 155 55 Nature
605 1031 124 55 morte.

251 1109 150 63 VIGUIÉ
356 1109 165 63 (Jean).
476 1109 75 63 —
506 1109 105 63 12,
566 1109 150 63 rue
670 1109 210 63 Amélie
820 1109 105 63 (7e).

325 1159 239 58 2989
517 1159 96 58 La
548 1159 176 58 Madrague.

330 1210 227 69 2990
497 1210 242 69 Escanpobariou.

251 1285 193 58 VILANOVA
395 1285 193 58 (Pedro).
540 1285 80 58 —
572 1285 112 58 10,
636 1285 160 58 rue
748 1285 96 58 du
796 1285 128 58 Lac,
877 1285 305 58 Rueil-Malmaison
1117 1285 257 58 (S.

324 1347 134 47 2991

324 1391 145 66 2992

256 1446 168 72 VILLAIN
378 1446 199 72 (Pierre).
531 1446 77 72 —
562 1446 123 72 136,
639 1446 153 72 rue
746 1446 337 72 L.-M.-Nordmann
1021 1446 123 72 (13e).

333 1517 218 59 2993
507 1517 87 59 Le
536 1517 160 59 conscrit.

331 1562 211 68 2994
499 1562 84 68 Le
528 1562 154 68 flûtiste.

242 1625 243 78 IVILLENEUVE
436 1625 194 78 (André).
582 1625 81 78 —
614 1625 113 78 50,
679 1625 162 78 rue
793 1625 97 78 du
841 1625 421 78 Faubourg-du-Temple
1197 1625 130 78 (11e).

311 1697 240 60 *2995
506 1697 180 60 Fillette
641 1697 90 60 en
671 1697 120 60 rouge.

310 1739 255 74 *2996
518 1739 96 74 Le
565 1739 128 74 pont
629 1739 128 74 Marie.

258 1812 223 68 VILLENEUVE
433 1812 175 68 (Yves).
561 1812 80 68 —
592 1812 111 68 16,
656 1812 159 68 rue
768 1812 207 68 Haguette,
927 1812 239 68 Saint-Denis
1102 1812 223 68 (Seine)

336 1876 215 60 2997
507 1876 115 60 Joli
579 1876 129 60 songe
651 1876 157 60 (pastel).

336 1910 222 66 2998
514 1910 193 66 Eclatante
662 1910 178 66 jeunesse
781 1910 163 66 (pastel).

262 1996 117 60 Les
329 1996 184 60 numéros
463 1996 200 60 précédés
613 1996 134 60 d’un
696 1996 234 60 astérisque
880 1996 217 60 indiquent
1047 1996 117 60 des
1114 1996 200 60 ouvrages
1264 1996 117 60 qui
1330 1996 100 60 ne
1364 1996 100 60 sont

739 2037 124 63 pas
825 2037 62 63 à
838 2037 148 63 vendre
