1605 2416
624 246 143 84 —
682 246 172 84 27
739 246 86 84 —

133 307 172 88 BELLEUD
258 307 203 88 (Gisèle).
414 307 78 88 —
446 307 109 88 33,
508 307 156 88 rue
617 307 203 88 Centrale,
773 307 94 88 Le
820 307 172 88 Cannet,
945 307 125 88 près
1023 307 156 88 Cannes
1117 307 218 88 (A.

233 380 203 78 234
392 380 130 78 Après
479 380 87 78 le
508 380 101 78 bain.

135 454 179 78 BELLIAS.
269 454 75 78 —
299 454 89 78 3,
344 454 149 78 rue
448 454 328 78 Henri-Regnault
717 454 119 78 (14e).

238 522 210 62 235
403 522 135 62 Femme
478 522 135 62 assise.

218 567 209 64 236
367 567 149 64 Paysage.

139 628 150 86 BELLOS
244 628 195 86 (Ismène).
394 628 75 86 —
424 628 90 86 3,
469 628 150 86 rue
575 628 330 86 Jules-Lemaître
845 628 120 86 (12e).

240 693 209 60 237
405 693 150 60 Nature
494 693 120 60 morte.

240 740 207 62 238
403 740 104 62 Les
462 740 118 62 yeux
521 740 104 62 pers.

140 790 155 73 BELLOT
249 790 171 73 (Léon).
374 790 78 73 —
405 790 93 73 3,
451 790 155 73 rue
560 790 140 73 J.-B.
653 790 218 73 Ducroquet,
824 790 311 73 Marcq-en-Barœul,
1073 790 202 73 (Nord)

239 859 232 63 239
422 859 99 63 Le
471 859 149 63 Doubs
571 859 83 63 à
604 859 199 63 Orchamps
736 859 149 63 (Jura).

240 888 230 84 240
421 888 148 84 Bords
519 888 99 84 du
569 888 148 84 canal
667 888 82 84 à
700 888 197 84 Orchamps
832 888 148 84 (Jura).

143 972 158 93 BELONI
254 972 190 93 (André).
396 972 79 93 —
428 972 95 93 10
476 972 127 93 bis,
555 972 158 93 rue
665 972 332 93 Estienne-d’Orves,
950 972 95 93 La
982 972 364 93 Garenne

223 1034 219 67 *241
384 1034 146 67 Espagne.

247 1089 190 62 242
383 1089 176 62 Séguedille.

148 1157 290 56 BELOOUSSOVITCH
389 1157 193 56 (Boris).
534 1157 80 56 —
566 1157 97 56 9,
614 1157 193 56 place
759 1157 113 56 des
824 1157 225 56 Vosges
984 1157 113 56 (4e).

244 1216 113 57 243

244 1265 116 58 244

148 1326 133 71 BELOT
237 1326 162 71 (Paul).
355 1326 74 71 —
384 1326 103 71 15,
443 1326 162 71 quai
561 1326 221 71 d’Anjou
723 1326 103 71 (4e).

248 1388 208 55 245
412 1388 163 55 Paysage
516 1388 163 55 limousin.

247 1437 207 59 246
410 1437 118 59 Pont
469 1437 118 59 Marie.

149 1503 152 76 BÉNARD
255 1503 182 76 (Louis).
392 1503 76 76 —
422 1503 106 76 15,
483 1503 152 76 rue
589 1503 91 76 de
635 1503 91 76 la
680 1503 197 76 Fontaine,
832 1503 167 76 Orléans
938 1503 228 76 (Loiret)

251 1559 216 71 247
421 1559 155 71 Nature
529 1559 139 71 morte
622 1559 108 71 aux
668 1559 139 71 poires.

252 1610 206 62 248
414 1610 118 62 Pont
488 1610 103 62 sur
546 1610 88 62 le
576 1610 132 62 Loiret.

152 1668 137 82 BÉNAS
243 1668 228 82 (François).
426 1668 76 82 —
456 1668 107 82 22,
517 1668 152 82 rue
624 1668 91 82 de
669 1668 167 82 Gaulle,
791 1668 228 82 Rambouillet
958 1668 244 82 (S.

253 1729 187 66 249
387 1729 121 66 Fleurs.

256 1786 185 58 250
388 1786 119 58 Fleurs.

150 1831 208 82 BENNETEAU
310 1831 192 82 (Félix).
455 1831 80 82 —
487 1831 112 82 55,
551 1831 160 82 rue
663 1831 96 82 du
711 1831 321 82 Cherche-Mid
968 1831 112 82 (6e).

253 1894 220 71 251
426 1894 142 71 Buste
521 1894 94 71 de
568 1894 94 71 M.
615 1894 94 71 le
662 1894 205 71 Président
820 1894 173 71 Herriot
930 1894 173 71 (plâtre).

258 1929 226 84 252
435 1929 145 84 Buste
532 1929 97 84 de
580 1929 97 84 M.
628 1929 97 84 le
677 1929 161 84 Préfet
790 1929 97 84 de
838 1929 97 84 la
886 1929 145 84 Seine
967 1929 177 84 (plâtre).

155 2012 117 89 Les
222 2012 183 89 numéros
355 2012 200 89 précédés
505 2012 133 89 d’un
589 2012 233 89 astérisque
772 2012 217 89 indiquent
938 2012 117 89 des
1005 2012 200 89 ouvroges
1155 2012 117 89 qui
1222 2012 100 89 ne
1255 2012 100 89 sont

635 2081 118 76 pas
718 2081 59 76 à
730 2081 153 76 vendre
