1607 2377
679 215 138 72 —
735 215 166 72 29
790 215 83 72 —

176 272 149 90 BUFFIN
280 272 179 90 (Louis).
414 272 74 90 —
444 272 89 90 6,
489 272 149 90 rue
593 272 104 90 des
652 272 253 90 Ursulines
846 272 104 90 (5e).

276 338 230 65 469
456 338 197 65 Environs
604 338 98 65 de
653 338 180 65 Lourdes
768 338 328 65 (Hautes

277 395 219 76 470
449 395 172 76 Lescun,
574 395 156 76 vallée
683 395 156 76 d’Aspe
777 395 312 76 (Basses

176 467 101 78 BUG
233 467 173 78 (Lilas).
363 467 72 78 —
392 467 101 78 39,
449 467 231 78 boulevard
637 467 216 78 Raspail
795 467 101 78 (7e),

279 529 186 58 471
412 529 66 58 Nu.

278 577 185 58 472
410 577 119 58 Fleurs.

175 632 150 91 BUGNON
280 632 135 91 (Mlle
370 632 180 91 Berthe).
506 632 75 91 —
536 632 90 91 13
581 632 120 91 bis,
656 632 150 91 av.
761 632 286 91 Edouard-Branly,
1002 632 180 91 Chaville
1122 632 256 91 (S.

275 704 226 70 473
453 704 97 70 Le
501 704 162 70 départ
614 704 113 70 des
679 704 178 70 barques
808 704 97 70 de
857 704 162 70 pêche.
970 704 97 70 Le
1002 704 162 70 Tréport.

276 762 212 62 474
442 762 91 62 Le
488 762 136 62 repos
578 762 106 62 des
624 762 136 62 cygnes.

176 819 157 93 BUI-LY.
290 819 71 93 —
319 819 114 93 216,
390 819 143 93 rue
490 819 300 93 Saint-Jacques
733 819 100 93 (5e).

281 881 182 71 475
411 881 169 71 L’oisiveté.

279 935 211 74 476
444 935 90 74 La
489 935 135 74 danse
580 935 90 74 du
610 935 105 74 lion.

179 1019 163 59 BUISSON
298 1019 193 59 (Marcel).
446 1019 74 59 —
475 1019 89 59 4,
520 1019 163 59 cité
638 1019 104 59 des
698 1019 222 59 Guineberts,
875 1019 193 59 Montluçon
1009 1019 222 59 (Allier)

279 1075 211 69 477
445 1075 151 69 Nature
551 1075 136 69 morte
641 1075 75 69 à
671 1075 91 69 la
717 1075 136 69 table
792 1075 121 69 bleue.

278 1136 212 67 478
445 1136 197 67 Portrait:
597 1136 137 67 jeune
672 1136 137 67 garçon.

178 1201 278 76 BUREAU-CHIGOT
407 1201 246 76 (Delphine).
603 1201 82 76 —
636 1201 115 76 11,
702 1201 164 76 rue
816 1201 229 76 Ampère
980 1201 131 76 (17e).

280 1262 210 53 479
445 1262 180 53 L’enfant
580 1262 90 53 au
625 1262 180 53 baigneur
745 1262 165 53 (pastel).

279 1306 217 50 480
449 1306 139 50 Jeune
542 1306 139 50 fille
635 1306 108 50 aux
697 1306 155 50 champs
790 1306 170 50 (pastel).

279 1333 214 73 481
447 1333 107 73 Une
508 1333 229 73 tapisserie,
691 1333 183 73 Aubusson
814 1333 229 73 (tapisserie).

177 1405 141 90 BURIE
271 1405 188 90 (André).
412 1405 78 90 —
444 1405 110 90 10,
507 1405 157 90 rue
616 1405 251 90 Guy-Mocquet,
820 1405 282 90 Maisons-Alfort
1040 1405 219 90 (Seine)

281 1479 206 61 482
443 1479 147 61 Dessin
546 1479 103 61 sur
605 1479 118 61 fond
664 1479 103 61 noir.

280 1531 207 46 483
443 1531 148 46 Dessin
547 1531 104 46 sur
606 1531 119 46 fond
665 1531 104 46 noir.

281 1566 206 47 484
443 1566 147 47 Dessin
546 1566 103 47 sur
604 1566 118 47 fond
663 1566 103 47 noir.

282 1599 206 69 485
444 1599 147 69 Dessin
547 1599 103 69 sur
605 1599 118 69 fond
664 1599 103 69 noir.

179 1665 224 76 BURKHALTER
355 1665 176 76 (Jean).
483 1665 80 76 —
516 1665 96 76 8,
564 1665 192 76 place
708 1665 96 76 du
756 1665 321 76 Champs-de-Foire,
1028 1665 176 76 Limoges
1141 1665 240 76 (Hte

280 1747 224 71 486
456 1747 112 71 Les
520 1747 160 71 femmes
633 1747 112 71 aux
681 1747 224 71 coquillages.

180 1836 210 62 BURVENICH
342 1836 226 62 (Maurice).
520 1836 81 62 —
552 1836 113 62 40,
617 1836 259 62 boulevard
827 1836 97 62 de
875 1836 146 62 Lyon,
972 1836 178 62 Roubaix
1086 1836 210 62 (Nord)

280 1886 191 77 487
417 1886 109 77 Repos.

180 1968 138 89 BUSSE
272 1968 214 89 (Jacques).
440 1968 77 89 —
470 1968 92 89 7,
516 1968 153 89 rue
624 1968 367 89 Neuve-Popincourt
930 1968 122 89 (11e).

281 2044 189 68 488
413 2044 218 68 Autoportrait.
