1614 2379
730 196 148 73 —
789 196 177 73 42
848 196 89 73 —

231 243 205 119 CANCELIER
389 243 158 119 (Jef).
500 243 79 119 —
531 243 111 119 20,
594 243 205 119 avenue
752 243 95 119 du
800 243 189 119 Château,
942 243 205 119 Beauchamp
1084 243 268 119 (S.

328 331 208 61 528
492 331 163 61 Automne
596 331 163 61 (plâtre).

328 378 205 57 529
490 378 176 57 Serments
607 378 161 57 (plâtre).

225 424 175 113 CANDELA
353 424 207 113 (Claude).
512 424 80 113 —
544 424 112 113 10,
608 424 207 113 avenue
767 424 271 113 Daumesnil
974 424 128 113 (12e).

329 494 200 67 530
486 494 100 67 Les
543 494 128 67 toits
628 494 86 67 de
657 494 114 67 Paris.

305 546 242 79 *531
499 546 113 79 Une
563 546 113 79 rue
628 546 97 79 de
660 546 129 79 Gènes.

225 624 135 77 CANON
315 624 241 77 (Gabrielle).
511 624 75 77 —
541 624 105 77 29,
601 624 150 77 rue
706 624 105 77 des
767 624 181 77 Bruyères
902 624 181 77 Asnières
1022 624 211 77 (Seine)

322 670 218 79 532
493 670 109 79 Les
556 670 171 79 moulins
680 670 93 79 de
727 670 93 79 la
758 670 124 79 Butte.

302 717 215 68 *533
474 717 86 68 M.
503 717 143 68 d’Orsel.

219 784 238 85 CAPDEVIELLE
410 784 238 85 (Lucienne).
600 784 79 85 —
632 784 111 85 19,
696 784 207 85 avenue
855 784 95 85 de
902 784 270 85 Tourville
1109 784 111 85 (7e).

325 845 209 66 534
489 845 89 66 Le
534 845 119 66 fils
608 845 89 66 du
638 845 179 66 maquisard.

323 891 196 67 535
477 891 140 67 Paris,
575 891 112 67 juin
631 891 98 67 1940.

219 935 212 121 CARACALOS
382 935 228 121 (Eugénie).
561 935 81 121 —
594 935 114 121 19,
659 935 196 121 place
805 935 98 121 du
854 935 261 121 Panthéon
1050 935 114 121 (5e).

323 1014 187 70 536
456 1014 120 70 Dessin.

323 1063 187 66 537
456 1063 120 66 Dessin.

216 1126 97 101 DE
264 1126 194 101 CARDELUS
410 1126 194 101 (Roger).
555 1126 81 101 —
587 1126 113 101 23,
652 1126 161 101 rue
765 1126 97 101 du
813 1126 226 101 Hameau
975 1126 129 101 (15e).

319 1188 219 85 538
492 1188 94 85 La
539 1188 188 85 Dordogne
679 1188 78 85 à
695 1188 188 85 Castillon.

318 1239 202 60 539
476 1239 116 60 Café
549 1239 87 60 de
578 1239 144 60 village.

214 1295 165 98 CARNERO
334 1295 195 98 (Carlos).
484 1295 75 98 —
514 1295 90 98 5,
559 1295 150 98 rue
664 1295 90 98 de
709 1295 90 98 la
754 1295 285 98 Porte-de-Paris,
995 1295 195 98 Chevreuse
1130 1295 255 98 (S.

315 1358 220 87 540
488 1358 236 87 Composition
677 1358 110 87 aux
740 1358 142 87 trois
819 1358 157 87 paysans.

211 1424 217 102 CARPENTIER
381 1424 170 102 (Jean).
504 1424 77 102 —
535 1424 93 102 4,
582 1424 155 102 rue
690 1424 93 102 de
737 1424 217 102 Picpus
891 1424 124 102 (12e).

313 1501 213 55 541
480 1501 91 55 La
526 1501 152 55 maison
632 1501 91 55 de
663 1501 182 55 Trintzius.

311 1551 208 68 542
475 1551 104 68 Les
534 1551 149 68 fleurs
638 1551 89 68 de
668 1551 178 68 Trintzius.

209 1599 149 97 CARPOT
314 1599 194 97 (Claire).
463 1599 75 97 —
493 1599 104 97 12,
552 1599 194 97 avenue
702 1599 284 97 Paul-Appell
926 1599 119 97 (14e).

311 1665 195 66 543
465 1665 126 66 Vieux
534 1665 112 66 toits.

311 1716 206 68 544
473 1716 88 68 La
517 1716 147 68 petite
606 1716 132 68 barque.

205 1780 135 93 CARRÉ
295 1780 180 93 (Serge).
429 1780 75 93 —
459 1780 105 93 15,
519 1780 150 93 rue
624 1780 105 93 des
684 1780 239 93 Gobelins
863 1780 120 93 (13e).

308 1836 211 69 545
473 1836 211 69 «Recherche
624 1836 60 69 ».

304 1879 225 79 546
481 1879 193 79 Paysage,
625 1879 161 79 «étude
738 1879 96 79 n°
770 1879 80 79 15.

204 1988 117 66 Les
271 1988 184 66 numéros
405 1988 200 66 précédés
555 1988 134 66 d’un
639 1988 234 66 astérisque
822 1988 217 66 indiquent
989 1988 117 66 des
1056 1988 200 66 ouvrages
1207 1988 117 66 qui
1273 1988 100 66 ne
1307 1988 100 66 sont

675 2032 127 57 pas
747 2032 90 57 à
765 2032 163 57 vendre.
