1607 2377
647 200 147 75 —
705 200 176 75 43
764 200 88 75 —

152 270 222 91 CARRÉ-HAYS
326 270 222 91 (Simonne).
501 270 79 91 —
532 270 111 91 11,
596 270 206 91 avenue
754 270 95 91 du
801 270 174 91 Rocher,
928 270 222 91 Saint-Maur
1086 270 222 91 (Seine)

255 331 202 80 547
399 331 159 80 Cyclamen.

256 385 175 60 548
382 385 100 60 Lilas.

154 455 167 69 CARRIER
276 455 183 69 (Alice).
413 455 76 69 —
443 455 107 69 20,
504 455 152 69 rue
610 455 91 69 de
656 455 91 69 la
702 455 183 69 Réunion,
839 455 213 69 Saint-Maur
991 455 213 69 (Seine)

254 509 221 58 549
428 509 142 58 Ferme
523 509 95 58 au
570 509 126 58 pays
633 509 142 58 basque.

255 566 216 55 550
424 566 93 55 Un
471 566 124 55 coin
548 566 93 55 du
594 566 108 55 lac
656 566 93 55 de
687 566 170 55 Fabrèges.

154 612 153 96 CARROY
261 612 184 96 (André).
399 612 77 96 —
429 612 107 96 17,
491 612 153 96 rue
598 612 92 96 de
644 612 276 96 Châtellerault,
873 612 199 96 Chauvigny
1011 612 230 96 (Vienne)

257 680 208 64 551
420 680 104 64 Les
480 680 178 64 chemises
598 680 134 64 bleues.

256 734 185 60 552
388 734 158 60 Intérieur.

155 784 149 88 CARRON
260 784 194 88 (Pierre).
409 784 75 88 —
439 784 105 88 20,
499 784 149 88 rue
603 784 299 88 Pierre-Curie
842 784 105 88 (5e).

258 854 187 66 553
405 854 80 66 La
432 854 147 66 toilette.

256 907 197 58 554
411 907 84 58 La
439 907 84 58 rue.

157 958 232 88 CASSALETTE.
342 958 77 88 —
373 958 108 88 40,
434 958 247 88 boulevard
635 958 93 88 de
681 958 278 88 Courcelles
898 958 123 88 (17e).

258 1034 219 68 555
430 1034 172 68 Paysage
556 1034 94 68 du
587 1034 125 68 Forez.

259 1083 192 61 556
410 1083 82 61 Nu
437 1083 110 61 assis.

157 1138 184 83 CASTAING
295 1138 215 83 (Georges).
464 1138 77 83 —
495 1138 108 83 10,
556 1138 154 83 rue
664 1138 246 83 Fourcade
848 1138 123 83 (15e).

259 1196 214 68 557
427 1196 137 68 Ferme
503 1196 137 68 basque.

258 1257 225 59 558
435 1257 96 59 Au
483 1257 129 59 parc
547 1257 161 59 Monceau.

156 1309 362 64 CASTELAIN-TERTIAUX
468 1309 132 64 (Mme
551 1309 198 64 Céline).
699 1309 82 64 —
732 1309 99 64 3,
781 1309 165 64 rue
897 1309 247 64 Séguier
1078 1309 115 64 (6e).

259 1371 222 65 559
433 1371 206 65 Vendanges
592 1371 95 65 en
624 1371 174 65 Touraine.

261 1424 203 72 560
420 1424 87 72 Le
464 1424 131 72 petit
536 1424 145 72 curieux.

157 1497 235 56 CASTELSAGUÉ
345 1497 188 56 (Louis).
486 1497 78 56 —
517 1497 110 56 10,
580 1497 172 56 cité
705 1497 235 56 Trévise
877 1497 110 56 (9e).

259 1544 212 62 561
426 1544 152 62 Nature
517 1544 121 62 morte.

261 1586 210 78 562
426 1586 150 78 Nature
532 1586 135 78 morte
607 1586 165 78 (plâtre).

160 1656 192 80 CATENARI
304 1656 176 80 (Tino).
432 1656 80 80 —
464 1656 128 80 Chez
544 1656 96 80 M.
592 1656 160 80 Odera,
705 1656 112 80 10,
769 1656 160 80 rue
881 1656 240 80 Frochot
1073 1656 144 80 (9e).
1153 1656 48 80 .

241 1714 226 62 *563
421 1714 135 62 Forêt
497 1714 150 62 sauvage.

242 1766 218 77 *564
416 1766 102 77 Les
459 1766 203 77 coquelicots.

160 1825 96 70 DE
208 1825 240 70 CATHELINEAU
400 1825 208 70 (Joseph).
559 1825 80 70 —
591 1825 144 70 La
687 1825 303 70 Ferté-Saint-Cyr
927 1825 335 70 (Loir

262 1890 212 74 565
428 1890 106 74 Coq
489 1890 91 74 au
534 1890 136 74 petit
610 1890 121 74 matin.

265 1940 201 69 566
408 1940 144 69 Tempête.

162 1989 117 78 Les
229 1989 183 78 numéros
362 1989 200 78 précédés
513 1989 133 78 d’un
596 1989 233 78 astérisque
779 1989 217 78 indiquent
946 1989 117 78 des
1013 1989 200 78 ouvrages
1163 1989 117 78 qui
1230 1989 100 78 ne
1263 1989 100 78 sont

633 2045 127 59 pos
705 2045 90 59 à
723 2045 163 59 vendre.
