1607 2377
183 318 153 70 CHAISE
290 318 138 70 (Mlle
382 318 337 70 Violette-Bmanche).
673 318 77 70 –
704 318 123 70 177,
780 318 199 70 avenue
933 318 184 70 Pasteur,
1071 318 153 70 Troyes
1163 318 184 70 (Aube)

288 383 174 56 586
412 383 74 56 Lys.

287 423 206 54 587
449 423 206 54 Presbytère
612 423 103 54 des
656 423 103 54 Noës.

180 501 173 70 CHAGALO
306 501 220 70 (Charles).
479 501 79 70 –
510 501 110 70 65,
573 501 157 70 rue
683 501 94 70 de
730 501 220 70 Clichy
887 501 110 70 (9e).

283 572 208 54 588
447 572 178 54 Roscoff:
580 572 89 54 la
610 572 119 54 plage.

282 612 228 52 589
461 612 147 52 Forêt
559 612 98 52 de
608 612 293 52 Fontainebleau:
852 612 179 52 caverne
983 612 114 52 des
1032 612 179 52 Brigands.

178 686 206 72 CARLEBINE
336 686 206 72 (Claudine
495 686 190 72 CHALVIN,
637 686 158 72 dite).
748 686 79 72 –
780 686 111 72 41,
843 686 190 72 boul.
985 686 95 72 de
1033 686 285 72 sébastopol
1254 686 127 72 (Ier).

277 755 213 58 590
444 755 152 58 Nature
551 755 152 58 morte:
657 755 107 58 les
718 755 152 58 figues
825 755 91 58 et
870 755 107 58 kes
916 755 152 58 citrons.

275 799 185 50 591
407 799 119 50 Fleurs.

173 867 175 82 CHAMBON
300 867 207 82 (Marius).
459 867 80 82 —
491 867 111 82 57,
555 867 254 82 boulevard
762 867 95 82 du
809 867 318 82 Montparnasse
1064 867 111 82 (6e).

274 937 212 72 592
440 937 121 72 Port
516 937 91 72 de
562 937 197 72 Boulogne,
698 937 106 72 1939.

274 991 213 62 593
441 991 137 62 Place
533 991 91 62 de
578 991 91 62 la
609 991 167 62 Concorde.

182 1061 65 74 CHAMERON
230 1061 70 74 (Andrée).
285 1061 27 74 –
295 1061 38 74 53,
317 1061 70 74 avenue
371 1061 33 74 de
387 1061 33 74 la
404 1061 81 74 république,
463 1061 114 74 Saint

224 1113 147 58 Fossés
326 1113 158 58 (Seinc)

273 1162 195 55 594
413 1162 181 55 Hortensias.

273 1211 225 63 595
450 1211 177 63 Rochers
579 1211 97 63 du
627 1211 193 63 Saussois
756 1211 161 63 (Yonne).

169 1273 205 84 CHAMPEAUX
327 1273 189 84 (André).
469 1273 79 84 —
501 1273 79 84 4
532 1273 126 84 bis,
611 1273 158 84 rue
722 1273 205 84 Colas
864 1273 110 84 (14e)

272 1345 179 58 596
400 1345 153 58 L’atelier.

272 1390 203 68 597
416 1390 203 68 Composition.

166 1461 187 70 CHAMPION
306 1461 218 70 (Bernard).
477 1461 78 70 —
508 1461 93 70 4,
555 1461 155 70 rue
664 1461 202 70 Viala
804 1461 124 70 (15e).

267 1528 230 61 398
447 1528 214 61 Promenade
612 1528 115 61 des
677 1528 148 61 bords
776 1528 99 61 de
825 1528 164 61 Loire,
940 1528 148 61 Cosne
1022 1528 181 61 (Nièvre).

266 1581 223 72 599
441 1581 191 72 Ruisseau
584 1581 96 72 du
632 1581 111 72 Val
696 1581 96 72 de
744 1581 159 72 Loire,
855 1581 127 72 près
935 1581 96 72 de
982 1581 191 72 Sancerre
1110 1581 143 72 (Cher).

167 1637 153 88 CHANOT
274 1637 199 88 (Albert).
427 1637 77 88 —
457 1637 107 88 33,
519 1637 153 88 rue
626 1637 199 88 Brissard,
779 1637 168 88 Clamart
886 1637 214 88 (Seine)

268 1711 211 60 600
434 1711 166 60 L’homme
555 1711 181 60 entrainé
691 1711 106 60 par
751 1711 91 60 la
797 1711 166 60 réalité
917 1711 76 60 à
948 1711 166 60 travers
1068 1711 106 60 les
1114 1711 181 60 illusions.

270 1758 196 62 601
410 1758 140 62 Paysage.

164 1826 239 85 CHANTERANNE
355 1826 191 85 (Roger).
498 1826 80 85 —
530 1826 127 85 131,
610 1826 159 85 rue
721 1826 334 85 Vercingétorix
992 1826 127 85 (14e).

268 1894 206 59 602
430 1894 133 59 Chant
519 1894 88 59 de
548 1894 118 59 l’ame.

268 1939 201 61 603
426 1939 101 61 Les
469 1939 158 61 éléments.

162 2027 117 59 Les
229 2027 184 59 numéros
363 2027 201 59 précédés
513 2027 134 59 d’un
597 2027 234 59 astérisque
781 2027 217 59 indiquent
948 2027 117 59 des
1015 2027 201 59 ouvrages
1165 2027 117 59 qui
1232 2027 100 59 ne
1266 2027 100 59 sont

632 2079 142 62 pos
713 2079 102 62 à
733 2079 163 62 vendre
