1614 2379
759 207 151 88 —
789 207 121 88 46

256 260 222 98 CHANTRELLE
431 260 206 98 (Lucien).
590 260 79 98 —
621 260 111 98 82,
685 260 159 98 rue
796 260 95 98 de
844 260 286 98 Saint-Ouen
1066 260 127 98 (18e).

360 352 225 82 604
537 352 193 82 Portrait
682 352 96 82 de
730 352 129 82 Mlle
810 352 177 82 Chantal
939 352 145 82 M...,
1035 352 193 82 danseuse
1164 352 209 82 romantique.

358 401 229 67 605
538 401 197 67 Panorama
685 401 98 67 de
718 401 328 67 Beaumont

254 455 137 95 CHAPE
345 455 167 95 (Jean).
467 455 76 95 —
497 455 106 95 60,
558 455 243 95 boulevard
755 455 228 95 Mortier
922 455 122 95 (20e).

355 527 214 85 606
523 527 107 85 Les
584 527 168 85 grandes
691 527 199 85 baigneuses.

253 619 155 75 CHAPEL
361 619 263 75 (Marguerite).
577 619 77 75 —
608 619 93 75 3,
654 619 139 75 bd
747 619 93 75 de
793 619 93 75 la
840 619 232 75 République,
1025 619 278 75 Nogent-s-Marne
1242 619 216 75 (Seine)

330 675 249 70 *607
529 675 215 70 Exécution
695 675 133 70 d’un
778 675 133 70 rêve
861 675 199 70 (fresque
1010 675 99 70 en
1059 675 215 70 l’honneur
1225 675 99 70 du
1258 675 199 70 centenaire

494 731 107 60 du
548 731 286 60 couronnement
780 731 107 60 de
834 731 107 60 la
869 731 179 60 Vierge).

352 751 219 76 608
525 751 94 76 Le
572 751 141 76 givre
666 751 94 76 vu
713 751 94 76 de
760 751 94 76 ma
791 751 157 76 fenêtre.

245 821 190 98 CHAPELLE
388 821 221 98 (Suzanne).
562 821 79 98 —
593 821 95 98 1,
641 821 158 98 rue
751 821 190 98 Alphand,
894 821 348 98 Bécon-les-Bruyères
1179 821 221 98 (Seine)

348 895 114 52 609

348 943 114 64 610

246 1010 176 77 CHAPPON
374 1010 224 77 (Michèle).
550 1010 80 77 —
582 1010 112 77 43,
646 1010 160 77 rue
759 1010 272 77 Cambronne
967 1010 128 77 (15e).

347 1068 222 81 611
522 1068 174 81 Vitrine
648 1068 95 81 de
696 1068 222 81 céramiques
871 1068 222 81 miniatures
1029 1068 238 81 (céramiques).

243 1162 263 83 CHARBONNIAUD
456 1162 197 83 (Roger).
604 1162 82 83 —
637 1162 115 83 54,
703 1162 164 83 rue
818 1162 99 83 de
868 1162 263 83 Babylone
1065 1162 115 83 (7e).

347 1221 210 70 612
512 1221 90 70 Le
557 1221 120 70 pont
617 1221 120 70 Marie.

322 1266 244 70 *613
517 1266 244 70 Sacré-Cœur,
713 1266 114 70 rue
778 1266 98 70 du
810 1266 391 70 Chevalier

243 1342 223 67 CHARLEMAGNE
422 1342 164 67 (Paul).
541 1342 74 67 —
571 1342 89 67 1,
615 1342 194 67 square
764 1342 208 67 Grangé
928 1342 149 67 (13e),
1032 1342 89 67 et
1077 1342 208 67 Galerie
1241 1342 74 67 «
1255 1342 194 67 Couleur

295 1394 100 42 du
361 1394 144 42 Temps
461 1394 44 42 ».

342 1427 230 87 614
522 1427 164 87 Nature
638 1427 164 87 morte:
753 1427 115 87 les
819 1427 181 87 paniers
950 1427 115 87 aux
1000 1427 164 87 masques.

344 1484 201 67 615
488 1484 201 67 Composition.

235 1564 210 59 CHARLIER
392 1564 193 59 (Paul).
532 1564 105 59 Né
585 1564 88 59 à
620 1564 175 59 Paris,
742 1564 105 59 le
795 1564 105 59 23
847 1564 140 59 mars
935 1564 158 59 1879.
1040 1564 175 59 Décédé
1162 1564 88 59 à
1180 1564 263 59 Sucy

286 1609 89 56 le
331 1609 89 56 17
375 1609 119 56 août
449 1609 133 56 1952.
538 1609 74 56 —
568 1609 104 56 Aux
627 1609 133 56 soins
716 1609 89 56 de
760 1609 104 56 Mme
820 1609 193 56 Charlier,
968 1609 178 56 route
1101 1609 89 56 de
1146 1609 193 56 Marolles,
1279 1609 163 56 Sucy

291 1634 168 62 en-Brie
411 1634 265 62 (Seine

589 1677 340 94 EXPOSITION
831 1677 243 94 POSTHUME

339 1742 196 65 616
493 1742 98 65 Les
535 1742 168 65 roulottes.

337 1794 194 47 617
476 1794 166 47 Sous

339 1817 214 75 618
507 1817 138 75 Forêt
599 1817 92 75 en
629 1817 153 75 automne.

338 1866 191 50 619
475 1866 205 50 Villecresnes.

335 1898 218 52 620
506 1898 233 52 Rendez-vous
693 1898 93 52 de
724 1898 140 52 chasse.

335 1938 216 67 621
504 1938 139 67 Petit
597 1938 123 67 home
674 1938 93 67 en
720 1938 139 67 plein
797 1938 108 67 bois.

233 2002 117 70 Les
300 2002 184 70 numéros
434 2002 201 70 précédés
584 2002 134 70 d’un
668 2002 234 70 astérisque
852 2002 217 70 indiquent
1019 2002 117 70 des
1086 2002 201 70 ouvroges
1236 2002 117 70 qui
1303 2002 100 70 ne
1337 2002 100 70 sont

703 2055 127 59 pas
775 2055 91 59 à
794 2055 163 59 vendre.
