1614 2379
818 233 168 73 48
874 233 84 73 —

262 294 166 75 CHERIAU
382 294 166 75 (Paul).
503 294 75 75 —
533 294 90 75 8,
578 294 151 75 rue
684 294 105 75 des
744 294 211 75 Carrières,
910 294 166 75 Sannois
1015 294 332 75 (Seine

367 359 194 61 642
519 359 83 61 Le
547 359 83 61 coq.

345 391 238 87 *643
535 391 159 87 Nature
646 391 143 87 morte
741 391 111 87 aux
789 391 111 87 épis.

263 484 183 88 CHERTIER
400 484 274 88 (Jean-Claude).
629 484 76 88 —
659 484 107 88 67,
720 484 152 88 rue
827 484 107 88 des
888 484 183 88 Creuses,
1025 484 168 88 Draveil
1132 484 335 88 (Seine

365 556 227 52 644
543 556 162 52 Ruines
656 556 97 52 du
705 556 178 52 château
834 556 97 52 de
883 556 259 52 Barbe-Bleue,
1093 556 210 52 Tiffauges
1239 556 178 52 (Vendée).

365 613 225 58 645
542 613 161 58 Ruines
655 613 97 58 du
703 613 177 58 château
832 613 97 58 de
880 613 258 58 Barbe-Bleue,
1090 613 209 58 Champtocé
1235 613 209 58 (M.

262 673 200 85 CHEVALIER
415 673 215 85 (Maurice).
585 673 77 85 —
615 673 92 85 5,
662 673 154 85 rue
769 673 246 85 Voltaire
954 673 123 85 (11e).

368 734 212 92 646
534 734 182 92 L’église
655 734 333 92 d’Oradour

266 822 201 102 CHEVALIER
420 822 217 102 (Roberte).
590 822 77 102 —
621 822 77 102 1
652 822 124 102 ter,
730 822 155 102 rue
838 822 93 102 de
884 822 232 102 Navarre
1055 822 108 102 (5e).

370 897 209 65 647
520 897 179 65 Impromptu.

370 944 214 65 648
538 944 92 65 Le
583 944 153 65 moulin
690 944 92 65 de
721 944 259 65 l’Ile

267 1023 220 73 CHEVOLLEAU
440 1023 188 73 (Jean).—
581 1023 94 73 5,
628 1023 157 73 rue
738 1023 345 73 Etienne-Marccl
1020 1023 126 73 (1er).

368 1088 188 59 649
515 1088 81 59 La
542 1088 148 59 toilette.

369 1127 204 75 650
530 1127 102 75 Les
588 1127 161 75 bateaux
691 1127 204 75 tranquilles.

267 1208 186 69 CHEVRIER
407 1208 171 69 (René).
531 1208 78 69 —
562 1208 93 69 2,
609 1208 202 69 square
764 1208 217 69 Desaix
919 1208 140 69 (15e)..

368 1272 191 60 653
505 1272 123 60 Venise.

369 1305 207 78 654
532 1305 178 78 Honfleur
651 1305 207 78 (aquarelle).

268 1385 153 89 CHOTIN
375 1385 199 89 (Marcel).
527 1385 76 89 —
558 1385 122 89 119,
634 1385 153 89 av.
741 1385 92 89 de
787 1385 183 89 Neuilly,
925 1385 321 89 Neuilly-sur-Seine
1184 1385 214 89 (Seiney

369 1454 210 65 655
534 1454 165 65 Paysage
654 1454 90 65 de
683 1454 270 65 l’Ile

371 1511 218 67 656
543 1511 171 67 Paysage
668 1511 78 67 à
683 1511 156 67 Andrésy.

268 1582 141 101 CHOUX
363 1582 236 101 (Frédéric).
551 1582 79 101 —
583 1582 110 101 64,
646 1582 157 101 rue
756 1582 173 101 Bonnin,
881 1582 94 101 La
928 1582 314 101 Garenne-Colombes
1180 1582 220 101 (Seine)

371 1652 201 56 657
529 1652 201 56 L’apprenti
673 1652 158 56 jongleur.

372 1691 223 82 658
547 1691 127 82 Port
627 1691 96 82 de
675 1691 159 82 Vannes
770 1691 207 82 (Morbihan).

266 1769 141 84 CHWAT
360 1769 188 84 (Molli).
501 1769 78 84 —
532 1769 109 84 14,
595 1769 188 84 place
735 1769 94 84 du
782 1769 438 84 Docteur-Paul-Michaux
1157 1769 125 84 (16e).

370 1836 205 74 659
532 1836 103 74 Les
590 1836 147 74 tables
693 1836 88 74 de
737 1836 88 74 la
766 1836 88 74 Loi.

372 1887 209 73 660
537 1887 150 73 Nature
626 1887 120 73 morte.

270 1960 117 67 Les
337 1960 183 67 numéros
470 1960 200 67 précédés
620 1960 133 67 d’un
704 1960 233 67 astérisque
887 1960 217 67 indiquent
1053 1960 117 67 des
1120 1960 200 67 ouvrages
1270 1960 117 67 qui
1337 1960 100 67 ne
1370 1960 100 67 sont

745 2013 127 55 pas
817 2013 90 55 à
835 2013 163 55 vendre.
