1614 2379
770 224 148 71 —
829 224 177 71 52
888 224 89 71 —

270 287 172 90 CORMIER
395 287 265 90 (Jacqueline).
614 287 78 90 —
645 287 156 90 Les
754 287 203 90 Capucins,
911 287 328 90 Montfori-l’Amaury
1176 287 250 90 (S.

350 346 213 66 *720
506 346 71 66 Nu.

272 421 149 80 CORNET
376 421 193 80 (Marcel).
525 421 74 80 —
555 421 89 80 9,
599 421 149 80 rue
703 421 104 80 des
763 421 253 80 Epinettes
956 421 119 80 (17e).

374 478 220 77 721
547 478 173 77 Paysage
673 478 126 77 dans
751 478 94 77 la
783 478 141 77 Vienne.

374 530 228 68 722
553 530 98 68 La
602 530 163 68 Vienne
715 530 81 68 à
748 530 212 68 Confolens
894 530 212 68 (Charente).

267 604 157 81 CORPET
377 604 219 81 (Etienne).
549 604 78 81 —
581 604 125 81 158,
659 604 157 81 rue
769 604 94 81 de
816 604 251 81 Charonne
1004 604 125 81 (11e).

369 651 209 56 723
533 651 149 56 Nature
623 651 119 56 morte.

364 703 294 69 724
595 703 210 69 Nature
742 703 210 69 morte.
868 703 63 69 »

265 769 305 79 CORRÈZE-BARBIER
522 769 209 79 (Louise).
682 769 80 79 —
714 769 112 79 12,
778 769 160 79 rue
891 769 96 79 du
939 769 176 79 Palais,
1067 769 176 79 Auverre
1179 769 225 79 (Yonne)

368 824 219 77 725
540 824 156 77 Nature
650 824 156 77 morte:
759 824 156 77 pigeon
869 824 78 77 à
900 824 94 77 la
947 824 141 77 boule
1025 824 172 77 (pastel).

369 875 214 77 726
537 875 184 77 Portrait
675 875 92 77 de
721 875 169 77 vieille
844 875 138 77 femme
935 875 184 77 (pastel,
1073 875 153 77 fusain
1181 875 92 77 et
1211 875 184 77 sanguine).

261 934 97 98 DE
309 934 146 98 COSTA
406 934 162 98 CAMELO
520 934 194 98 (Raoul):
665 934 81 98 —
698 934 113 98 58,
762 934 162 98 rue
876 934 259 98 Mazarine
1070 934 113 98 (6e).

364 999 210 84 727
529 999 135 84 Danse
603 999 210 84 dyonisiaque.

365 1054 192 75 728
502 1054 151 75 Poissons.

257 1126 187 89 COUDREAU
398 1126 187 89 (Louis).
538 1126 78 89 —
569 1126 93 89 4,
616 1126 156 89 rue
725 1126 93 89 du
771 1126 327 89 Docteur-Calmette,
1052 1126 156 89 Clichy
1145 1126 218 89 (Seine)

361 1189 209 54 729
525 1189 90 54 Le
570 1189 149 54 marais
660 1189 164 54 poitevin.

360 1232 216 67 730
529 1232 139 67 Bords
622 1232 93 67 de
668 1232 154 67 l’Oise
776 1232 77 67 à
791 1232 139 67 Auvers.

254 1312 189 76 COUGNAUD
396 1312 205 76 (Marcel).
554 1312 79 76 —
585 1312 126 76 187,
664 1312 158 76 rue
774 1312 236 76 Ordener
948 1312 126 76 (18e).

360 1363 189 57 731
495 1363 149 57 Peinture.

359 1409 190 65 732
495 1409 150 65 Peinture.

251 1470 169 94 COURMES
374 1470 200 94 (Alfred).
528 1470 77 94 —
559 1470 92 94 4,
605 1470 154 94 rue
713 1470 108 94 des
774 1470 431 94 Ecluses-Saint-Martin
1144 1470 123 94 (10e7.

358 1531 199 86 733
514 1531 99 86 Sur
571 1531 85 86 la
599 1531 114 86 plage.

250 1622 196 69 COURRÉJOU
401 1622 242 69 (Gabrielle).
597 1622 76 69 —
627 1622 106 69 12,
688 1622 151 69 rue
794 1622 106 69 des
854 1622 423 69 Fossés-Saint-Jacques
1216 1622 106 69 (5e).

353 1673 203 68 734
499 1673 174 68 Pont

356 1710 200 77 735
513 1710 171 77 Bouquet:
627 1710 114 77 lilas.

247 1785 183 90 COURTADE
384 1785 214 90 (Jacques).
552 1785 76 90 —
583 1785 92 90 5,
628 1785 153 90 rue
735 1785 107 90 des
796 1785 290 90 Haudriettes
1025 1785 107 90 (3e).

353 1844 186 68 736
499 1844 80 68 La
526 1844 106 68 table.

350 1892 210 69 737
515 1892 135 69 L’âme
604 1892 75 69 à
634 1892 90 69 la
664 1892 120 69 danse.

246 1995 117 81 Les
313 1995 184 81 numéros
447 1995 200 81 précédés
597 1995 134 81 d’un
680 1995 234 81 ostérisque
864 1995 217 81 indiquent
1031 1995 117 81 des
1098 1995 200 81 ouvroges
1248 1995 117 81 qui
1314 1995 100 81 ne
1348 1995 100 81 sont

717 2055 127 63 pas
789 2055 91 63 à
808 2055 163 63 vendre.
