1614 2379
746 208 148 74 —
806 208 178 74 54
865 208 89 74 —

254 250 90 91 DABOUIS
319 250 172 91 (Pierre-Charles).
467 250 41 91 –
483 250 49 91 7,
507 250 82 91 rue
565 250 49 91 Le
589 250 90 91 Bua
647 250 65 91 (20e).

351 322 191 62 755
488 322 163 62 Sous

350 371 193 59 756
488 371 165 59 Barricade.

240 428 140 87 DAHAN
334 428 218 87 (Bernard).
505 428 78 87 —
537 428 109 87 11,
599 428 156 87 rue
708 428 203 87 Brancion,
864 428 125 87 Oran
927 428 249 87 (Algérie)

345 491 225 62 757
522 491 177 62 L’homme
650 491 96 62 au
698 491 161 62 panier
795 491 145 62 orange.

344 534 211 77 758
510 534 196 77 Bou-Yfer,
661 534 136 77 plage
736 534 211 77 (aquarelle).

237 594 173 93 DALESKY
363 594 189 93 (Roger).
505 594 79 93 —
537 594 95 93 7,
584 594 205 93 avenue
742 594 95 93 de
789 594 205 93 Ceinture,
946 594 173 93 Créteil
1057 594 173 93 (Seine).

345 651 189 58 759
480 651 149 58 Chantier.

340 695 196 54 760
480 695 140 54 Maisons.

232 750 118 98 DALI
306 750 178 98 (Louis).
439 750 74 98 —
469 750 104 98 11,
528 750 148 98 rue
632 750 89 98 du
676 750 429 98 Chevalier-de-la-Barre
1047 750 118 98 (18e).

335 811 218 76 761
506 811 451 76 Saint-Germain-de-Charonne
895 811 171 76 (église).

334 851 210 71 762
499 851 165 71 Paysage
618 851 90 71 de
648 851 120 71 Paris.

227 899 187 103 DALMBERT
368 899 203 103 (Daniel).
524 899 78 103 —
555 899 109 103 11,
618 899 203 103 avenue
774 899 94 103 du
820 899 234 103 Bel-Air
992 899 125 103 (12e).

335 967 161 71 762
462 967 161 71 bis
577 967 173 71 Comoposition.

225 1040 172 83 DAMIANO
350 1040 172 83 (Jean).
475 1040 78 83 —
506 1040 109 83 39,
569 1040 156 83 rue
678 1040 94 83 de
725 1040 94 83 la
772 1040 203 83 Chine
912 1040 125 83 (20e).

327 1096 207 97 763
490 1096 118 97 Paul
564 1096 162 97 Eluard,
682 1096 133 97 buste
756 1096 162 97 (plâtre).

220 1176 158 80 DANAOS
331 1176 174 80 (René).
457 1176 79 80 —
488 1176 110 80 11,
552 1176 158 80 rue
662 1176 95 80 de
709 1176 252 80 Marignan
899 1176 110 80 (8e).

326 1228 201 60 764
484 1228 86 60 Ma
512 1228 101 60 Zice.

325 1268 185 70 765
457 1268 132 70 Tulipes.

217 1324 246 101 DANGLETERRE
414 1324 197 101 (André).
561 1324 82 101 —
594 1324 115 101 36,
660 1324 164 101 rue
775 1324 99 101 de
824 1324 263 101 Ponthieu
1021 1324 115 101 (8e).

296 1398 246 83 *766
492 1398 98 83 Le
541 1398 131 83 pont
623 1398 164 83 romain
738 1398 115 83 sur
803 1398 98 83 la
853 1398 164 83 Baïse,
967 1398 147 83 Nérac
1049 1398 213 83 (L.

319 1443 221 82 767
493 1443 95 82 Le
540 1443 158 82 moulin
651 1443 95 82 de
698 1443 142 82 Henri
793 1443 111 82 IV,
856 1443 190 82 Barbaste
983 1443 205 82 (L.

213 1502 134 94 DANIS
303 1502 179 94 (Franc).
437 1502 75 94 —
467 1502 105 94 19,
527 1502 164 94 quai
646 1502 299 94 Saint-Michel
885 1502 105 94 (5e).

317 1559 209 83 768
481 1559 179 83 Environs
616 1559 90 83 de
646 1559 119 83 Calvi.

317 1600 191 61 769
454 1600 164 61 Sous

209 1653 176 106 DARMONT
337 1653 256 106 (Alexandre).
545 1653 80 106 —
577 1653 112 106 41,
641 1653 160 106 rue
753 1653 256 106 Lecourbe
945 1653 128 106 (15e).

314 1720 205 65 770
476 1720 88 65 Nu
520 1720 88 65 au
549 1720 132 65 balcon.

204 1787 131 87 DARPY
292 1787 305 87 (Lucien-Gilbert).
553 1787 73 87 —
582 1787 102 87 47,
640 1787 131 87 r.
727 1787 87 87 du
770 1787 174 87 Plessis,
901 1787 319 87 Villiers-sur-Marne
1162 1787 247 87 (S.

306 1848 217 107 771
477 1848 109 107 Sur
539 1848 93 107 la
586 1848 155 107 pierre
694 1848 93 107 du
741 1848 171 107 jardin,
865 1848 217 107 hortensias
1036 1848 93 107 et
1067 1848 186 107 capucines.

308 1900 198 71 772
464 1900 85 71 Le
492 1900 113 71 rayon.

200 1977 117 96 Les
267 1977 184 96 numéros
401 1977 201 96 précédés
552 1977 134 96 d’un
635 1977 234 96 astérisque
819 1977 218 96 indiquent
987 1977 117 96 dez
1054 1977 201 96 ouvrages
1204 1977 117 96 qui
1271 1977 100 96 ne
1305 1977 100 96 sont

672 2034 123 67 pas
758 2034 61 67 à
770 2034 159 67 vendre.
