1607 2377
168 281 187 100 DELTOMBE
309 281 171 100 (Paul).
433 281 78 100 —
464 281 93 100 8,
511 281 156 100 rue
620 281 249 100 Lacépède
807 281 109 100 (5e).

270 361 217 69 811
440 361 155 69 Marché
549 361 78 69 à
564 361 186 69 Pornichet.

271 411 226 67 812
448 411 97 67 La
497 411 161 67 grande
610 411 129 67 côte
690 411 97 67 au
722 411 194 67 Pouliguen.

171 473 206 85 DEMANGEON
330 473 302 85 (Louis-Albert).
584 473 79 85 —
616 473 95 85 2,
663 473 254 85 boulevard
869 473 254 85 Henri-IV
1060 473 111 85 (4e).

251 538 205 60 *813
402 538 150 60 Portrait.

270 582 219 72 814
442 582 156 72 Nature
552 582 141 72 morte
645 582 109 72 aux
692 582 172 72 poissons.

171 640 169 84 DEMESSE
294 640 185 84 (Jules).
433 640 77 84 —
463 640 108 84 11,
525 640 154 84 rue
633 640 262 84 Vauquelin
833 640 108 84 (5e).

273 707 186 64 815
406 707 66 64 Nu.

274 761 187 60 816
407 761 67 60 Nu.

172 818 174 81 DEMINNE
299 818 222 81 (Maurice).
473 818 79 81 —
505 818 111 81 11,
568 818 158 81 rue
679 818 111 81 des
742 818 238 81 Sablons
916 818 127 81 (16e).

252 876 237 82 *817
442 876 190 82 Portrait
584 876 95 82 de
632 876 111 82 Mme
679 876 190 82 Larquetou.

252 928 230 66 *818
420 928 169 66 Anémones.

173 993 163 65 DEMOUGE
292 993 193 65 (Lucien).
441 993 74 65 —
470 993 104 65 24,
530 993 134 65 r.
619 993 238 65 Henri-Janin,
812 993 372 65 Villencuve-St-Georges
1124 993 253 65 (S.

272 1061 220 62 819
445 1061 94 62 La
492 1061 141 62 femme
571 1061 141 62 assise.

275 1102 196 74 820
415 1102 140 74 Paysage.

168 1169 237 79 DÉMOULIN
327 1169 237 79 (Jacques).

276 1232 199 55 821
432 1232 85 55 Le
460 1232 142 55 poisson.

274 1270 214 84 822
442 1270 92 84 La
487 1270 198 84 bouteille
640 1270 92 84 de
670 1270 107 84 rhum.

176 1349 165 72 DENÉFLE
296 1349 286 72 (Louis-Michel).
537 1349 75 72 —
567 1349 90 72 13
612 1349 120 72 bis,
687 1349 135 72 r.
777 1349 90 72 de
823 1349 90 72 la
868 1349 180 72 Garenne,
1003 1349 226 72 Villemomble
1168 1349 211 72 (Seine)

278 1408 200 56 823
435 1408 114 56 Port
492 1408 129 56 breton.

277 1444 215 66 824
446 1444 138 66 Matin
538 1444 77 66 à
553 1444 154 66 Pléneuf.

175 1502 172 91 DENÈGRE
301 1502 204 91 (Pierre).
457 1502 78 91 —
489 1502 94 91 5,
536 1502 157 91 rue
646 1502 94 91 de
693 1502 219 91 Beaune
849 1502 110 91 (7e).

280 1571 199 63 825
436 1571 156 63 Liseuse
536 1571 199 63 (aquarelle).

275 1612 231 77 826
456 1612 231 77 Personnage
637 1612 82 77 à
670 1612 165 77 genoux
768 1612 231 77 (aquarelle).

178 1685 193 80 DENIZARD
323 1685 193 80 (Orens).
468 1685 81 80 —
500 1685 113 80 59,
565 1685 161 80 rue
677 1685 97 80 de
726 1685 274 80 Charenton
935 1685 129 80 (12e).

277 1744 224 63 827
453 1744 176 63 Colombe
580 1744 96 63 ou
612 1744 160 63 corbeau.

279 1791 199 71 828
435 1791 100 71 Les
478 1791 185 71 bien

177 1862 277 71 DEPANNEMACKER
405 1862 228 71 (Bernard).
584 1862 81 71 —
616 1862 130 71 138,
697 1862 146 71 r.
795 1862 98 71 du
844 1862 472 71 Faubourg-Saint-Martin
1251 1862 130 71 (10e).

281 1914 210 65 829
446 1914 150 65 Meules
551 1914 120 65 sous
626 1914 90 65 la
656 1914 120 65 neige.

282 1955 208 68 830
446 1955 149 68 Nature
535 1955 119 68 morte.

181 2013 117 64 Les
248 2013 183 64 numéros
381 2013 200 64 précédés
532 2013 133 64 d’un
615 2013 233 64 astérisque
798 2013 217 64 indiquent
965 2013 117 64 des
1032 2013 200 64 ouvroges
1182 2013 117 64 qui
1249 2013 100 64 ne
1282 2013 100 64 sont

663 2062 123 58 pas
749 2062 62 58 à
761 2062 148 58 vendre
