1614 2379
241 289 205 79 DEPATTE
390 289 205 79 (Paul).
539 289 112 79 Né
595 289 93 79 à
632 289 242 79 Courteron
818 289 205 79 (Aube),
967 289 112 79 en
1023 289 168 79 1877.
1135 289 186 79 Décédé
1265 289 93 79 à
1284 289 149 79 Paris,

274 340 93 68 le
320 340 93 68 29
366 340 200 68 septembre
520 340 139 68 1952.
613 340 77 68 —
644 340 108 68 Aux
705 340 139 68 soins
798 340 93 68 de
844 340 170 68 Depatte
967 340 139 68 René,
1060 340 108 68 63,
1122 340 247 68 boulevard
1307 340 123 68 de

278 367 206 56 Grenelle
441 367 87 56 (15e).

579 386 340 86 EXPOSITION
821 386 243 86 POSTHUME

304 440 224 81 *831
483 440 104 81 Raz
543 440 90 81 de
573 440 104 81 Sein.

304 492 216 52 *832
462 492 130 52 Colmar.

299 527 245 71 *833
494 527 130 71 Port
576 527 98 71 de
625 527 196 71 pêcheurs
772 527 98 71 en
804 527 245 71 Méditerranée.

300 564 224 59 *834
480 564 90 59 En
509 564 150 59 Algérie.

297 600 241 66 *835
490 600 161 66 Maison
602 600 96 66 du
650 600 161 66 Béarn:
747 600 128 66 hiver.

298 639 239 52 *836
489 639 159 52 Maison
600 639 95 52 du
648 639 159 52 Béarn:
744 639 95 52 été.

220 707 202 70 DEPETASSE
376 707 249 70 (Hippolyte).
578 707 78 70 —
609 707 109 70 80,
671 707 155 70 rue
780 707 109 70 des
842 707 249 70 Archives
1028 707 109 70 (3e).

319 765 194 57 837
471 765 83 57 Le
499 765 97 57 Fier.

317 810 212 59 838
468 810 349 59 Saint

211 879 224 80 DÉPLANCHES
387 879 224 80 (Adolphe).
563 879 80 80 —
595 879 112 80 39,
659 879 256 80 boulevard
866 879 336 80 Saint-Jacques
1138 879 128 80 (14e).

315 934 195 63 839
455 934 153 63 Thoniers.

314 985 201 63 840
472 985 130 63 Vieux
544 985 115 63 Paris.

208 1048 158 80 DERBRÉ
319 1048 189 80 (Louis).
461 1048 79 80 —
492 1048 126 80 148,
571 1048 158 80 rue
681 1048 379 80 Raymond-Losseran
997 1048 126 80 (15e).

308 1108 110 60 841

307 1163 115 60 842

208 1213 200 84 DEROUBAIX
361 1213 200 84 (Lucien).
515 1213 77 84 —
545 1213 107 84 20,
607 1213 154 84 rue
714 1213 184 84 Cail
837 1213 123 84 (10e).

309 1281 223 82 843
484 1281 96 82 La
532 1281 191 82 «Frairie
676 1281 96 82 »,
723 1281 127 82 fête
803 1281 175 82 foraine
930 1281 80 82 à
962 1281 159 82 Mansle
1058 1281 207 82 (Charente).

307 1338 226 52 844
484 1338 97 52 Le
533 1338 161 52 moulin
645 1338 97 52 de
694 1338 161 52 Mansle
790 1338 210 52 (Charente).

207 1394 168 87 DERULLE
329 1394 199 87 (Marcel).
482 1394 76 87 —
513 1394 107 87 42,
574 1394 184 87 place
711 1394 245 87 Jules-Ferry,
910 1394 199 87 Montrouge
1048 1394 214 87 (Seine)

308 1458 200 64 845
465 1458 100 64 Les
507 1458 143 64 barques.

202 1539 208 80 DESBORDES
362 1539 192 80 (André).
505 1539 80 80 —
537 1539 96 80 9,
585 1539 160 80 rue
697 1539 224 80 Madeleine
873 1539 224 80 Saint-Ouen
1032 1539 224 80 (Seine)

306 1591 205 60 846
467 1591 88 60 Le
497 1591 176 60 printemps.

305 1639 203 65 847
449 1639 203 65 Composition.

199 1697 206 74 DESBORDES
358 1697 285 74 (Louis-André).
595 1697 79 74 —
627 1697 127 74 170,
706 1697 158 74 rue
817 1697 254 74 Legendre
1007 1697 127 74 (17e).

304 1772 219 71 848
476 1772 375 71 Saint-Paul-de-Vence:
804 1772 94 71 la
835 1772 172 71 fontaine.

304 1815 196 56 849
458 1815 154 56 Riviera
555 1815 168 56 italienne.

198 1867 204 74 DESCHAMPS
355 1867 220 74 (Gabriel).
528 1867 78 74 —
559 1867 110 74 24,
622 1867 157 74 rue
731 1867 267 74 Bonaparte
935 1867 110 74 (6e).

302 1940 215 77 850
471 1940 92 77 La
517 1940 154 77 loggia
624 1940 108 77 (en
671 1940 184 77 Provence).

198 2013 117 63 Les
265 2013 184 63 numéros
399 2013 200 63 précédés
549 2013 134 63 d’un
632 2013 234 63 astérisque
816 2013 217 63 indiquent
983 2013 117 63 des
1050 2013 200 63 ouvroges
1200 2013 117 63 qui
1266 2013 100 63 ne
1300 2013 100 63 sont

672 2062 119 54 pas
740 2062 85 54 à
757 2062 169 54 vendre/.
