1607 2377
625 241 146 65 —
683 241 175 65 69
742 241 88 65 —

131 499 136 90 FABRE
221 499 241 90 (Françoise).
418 499 75 90 —
448 499 196 90 Avenue
599 499 91 90 de
644 499 91 90 la
689 499 151 90 Poste,
795 499 151 90 Brunoy
885 499 332 90 (Seine

185 567 248 59 *1047
372 567 155 59 Chambre.

187 608 229 71 *1048
358 608 129 71 Fleurs.

131 665 135 78 FABRE
221 665 241 78 (Madeleine).
417 665 75 78 —
447 665 90 78 7,
492 665 151 78 rue
598 665 90 78 de
643 665 90 78 la
688 665 286 78 Manutention
914 665 120 78 (16e).

213 734 222 70 1049
390 734 133 70 Chien
479 734 148 70 basset
582 734 177 70 d’Artois
701 734 162 70 (plâtre).

210 791 226 50 1050
391 791 136 50 Chien
482 791 151 50 tekel,
587 791 151 50 basset
678 791 166 50 (bronze).

131 832 117 100 FAGÉ
205 832 249 100 (Jean-Marie).
410 832 73 100 —
439 832 103 100 34,
498 832 147 100 rue
600 832 293 100 Caulaincourt
835 832 117 100 (18e).

208 916 231 54 1051
392 916 92 54 Le
439 916 169 54 peintre
562 916 92 54 F.
592 916 139 54 Desnos.

209 957 225 68 1052
389 957 90 68 Le
434 957 165 68 peintre
553 957 120 68 dans
628 957 105 68 son
673 957 150 68 atelier.

134 1023 153 72 FALTER
241 1023 199 72 (Marcel).
394 1023 77 72 —
425 1023 92 72 5,
471 1023 153 72 rue
579 1023 107 72 des
640 1023 276 72 Beaux-Arts
855 1023 107 72 (6e).

211 1089 232 58 1053
396 1089 93 58 Le
442 1089 154 58 retour
535 1089 185 58 (chevaux).

189 1133 240 60 1054
381 1133 96 60 Le
429 1133 144 60 repos
509 1133 160 60 (bœufs).

135 1205 172 63 FARGUES
261 1205 219 63 (Maurice).
433 1205 78 63 —
464 1205 94 63 8,
511 1205 157 63 rue
621 1205 94 63 de
667 1205 94 63 la
714 1205 376 63 Grande-Chaumière
1027 1205 110 63 (6e).

204 1259 142 60 1055

204 1311 143 57 1056

135 1365 153 94 FASANI
242 1365 199 94 (Pierre).
395 1365 76 94 —
425 1365 107 94 55,
486 1365 153 94 rue
593 1365 92 94 du
639 1365 306 94 Montparnasse
884 1365 122 94 (14e).

212 1430 230 61 1057
396 1430 169 61 Paysage
519 1430 92 61 de
549 1430 123 61 Paris.

212 1480 229 73 1058
395 1480 168 73 Paysage
517 1480 92 73 de
548 1480 122 73 Paris.

135 1529 97 92 DE
183 1529 243 92 FAUCAMBERGE
378 1529 195 92 (Irène).
524 1529 81 92 —
556 1529 113 92 73,
621 1529 211 92 avenne
783 1529 308 92 Paul-Doumer
1026 1529 130 92 (16e).

206 1601 144 59 1059

209 1654 143 56 1060

137 1706 171 77 FAUCHER
262 1706 234 77 (François).
449 1706 78 77 —
480 1706 109 77 22,
542 1706 249 77 boulevard
745 1706 249 77 Louis-Blanc,
947 1706 171 77 Limoges
1056 1706 234 77 (Hte

213 1786 240 68 1061
405 1786 160 68 Nature
518 1786 160 68 morte:
630 1786 96 68 le
662 1786 96 68 coq.

137 1853 167 85 FAUCON
254 1853 200 85 (Edith).
404 1853 83 85 —
437 1853 117 85 22,
504 1853 167 85 rue
621 1853 300 85 Alfred-Rossel,
871 1853 217 85 Cherbourg
1021 1853 183 85 (Manche).

214 1912 208 61 1062
367 1912 125 61 Fleurs.

216 1958 229 62 1063
399 1958 152 62 Nature
490 1958 122 62 morte.

140 2020 117 67 Les
207 2020 183 67 numéros
340 2020 200 67 précédés
490 2020 133 67 d’un
574 2020 233 67 astérisque
757 2020 217 67 indiquent
923 2020 117 67 des
990 2020 200 67 ouvroges
1140 2020 117 67 qui
1207 2020 100 67 ne
1240 2020 100 67 sont

614 2076 128 59 pas
687 2076 91 59 à
705 2076 164 59 vendre.
