1525 2887
657 48 249 88 390
764 48 107 88 —

59 141 158 71 elle
158 141 99 71 y
197 141 237 71 consent,
375 141 158 71 mais
473 141 118 71 il
532 141 158 71 faut
631 141 177 71 qu’on
749 141 138 71 lui
828 141 177 71 fasse
946 141 197 71 sentir
1084 141 138 71 que
1163 141 138 71 par
1242 141 138 71 cet
1301 141 158 71 arran-

57 202 192 64 gement
191 202 154 64 elle
287 202 211 64 renonce
441 202 96 64 à
479 202 211 64 près,de
633 202 134 64 dix
709 202 192 64 années
844 202 250 64 arriérées
1036 202 115 64 du
1074 202 384 64 spilatico.

54 249 243 57 «Quant
224 249 170 57 aux
321 249 267 57 bijoux,
515 249 146 57 le
588 249 243 57 prince
757 249 267 57 demande
951 249 170 57 que
1049 249 146 57 je
1121 249 146 57 me
1194 249 291 57 conforme
1388 249 73 57 à

55 295 259 60 «l’usage
250 295 130 60 de
315 295 281 60 certaines
530 295 238 60 maisons
703 295 130 60 de
768 295 194 60 Rome,
898 295 151 60 qui
984 295 151 60 est
1070 295 130 60 de
1135 295 259 60 remettre
1308 295 151 60 entre

56 347 181 66 «les
170 347 204 66 mains
305 347 136 66 du
373 347 249 66 prince,
554 347 136 66 ou
622 347 204 66 d’une
758 347 272 66 personne
962 347 272 66 indiquée
1166 347 158 66 par
1256 347 181 66 lui,
1347 347 113 66 les

55 386 249 66 «bijoux
236 386 136 66 de
304 386 136 66 la
372 386 249 66 maison,
553 386 181 66 pour
666 386 158 66 que
757 386 226 66 chaque
915 386 181 66 fois
1028 386 158 66 que
1119 386 181 66 j’en
1232 386 136 66 ai
1277 386 181 66 besoin

55 440 158 68 «je
146 440 158 68 les
236 440 271 68 demande,
439 440 203 68 chose
574 440 113 68 à
619 440 271 68 laquelle
822 440 135 68 je
890 440 135 68 ne
958 440 180 68 peux
1071 440 135 68 me
1116 440 338 68 soumettre...»

33 488 199 58 Motifs.

17 529 196 66 1758.
148 529 415 66 Bontemps
497 529 349 66 (Alexandre),
781 529 196 66 valet
912 529 131 66 de
978 529 240 66 chambre
1152 529 131 66 de
1218 529 196 66 Louis
1327 529 131 66 XIV.

56 585 269 62 Quitt.
245 585 216 62 sig.
379 585 216 62 (sur
514 585 296 62 parch.)
730 585 269 62 Paris,
918 585 135 62 2
972 585 296 62 juillet
1188 585 242 62 1699.
1349 585 135 62 4
1376 585 81 62 »

108 634 127 63 Il
171 634 190 63 prend
298 634 169 63 dans
403 634 190 63 cette
530 634 274 63 quittance
741 634 148 63 les
825 634 211 63 titres
973 634 148 63 de:
1036 634 422 63 écuyer

59 692 240 55 premier
234 692 197 55 valet
365 692 131 55 de
430 692 240 55 chambre
605 692 131 55 du
671 692 175 55 Roi,
780 692 284 55 intendant
998 692 153 55 des
1086 692 284 55 châteaux,
1282 692 175 55 parcs,

63 728 258 62 domaines
256 728 129 62 et
321 728 323 62 dépendances
579 728 129 62 de
643 728 323 62 Versailles,
901 728 129 62 et
966 728 473 62 secrétaire-général
1353 728 108 62 des

65 777 236 64 Suisses
236 777 129 64 et
279 777 214 64 Grisons.

12 820 194 72 4759.
142 820 389 72 Bouffé,
466 820 216 72 acteur
617 820 130 72 du
682 820 259 72 Gymnase.
877 820 130 72 L.
941 820 173 72 aut.
1049 820 194 72 sig.,
1179 820 108 72 à
1222 820 130 72 M.
1266 820 194 72 Monval.

12 870 362 57 1
156 870 434 57 p.
373 870 506 57 pl.
663 870 651 57 in-8.
1096 870 362 57 2
1169 870 289 57 50

13 912 184 65 4760.
135 912 367 65 Brocard
441 912 184 65 (Mlle
563 912 265 65 Suzanne),
767 912 224 65 actrice
931 912 122 65 de
992 912 224 65 l’Odéon
1155 912 122 65 et
1216 912 122 65 du
1257 912 204 65 Théâtre

55 971 295 54 Français.
282 971 159 54 Son
373 971 317 54 engagement
622 971 113 54 à
667 971 272 54 l’Odéon,
871 971 272 54 approuvé
1075 971 136 54 et
1143 971 227 54 signé.
1279 971 181 54 Paris,

48 1015 212 57 18
154 1015 425 57 décembre
472 1015 318 57 1820.
685 1015 177 57 1
755 1015 248 57 gr.
897 1015 212 57 p.
1003 1015 389 57 in-fol.
1286 1015 177 57 2
1321 1015 142 57 50

11 1064 192 61 4761.
139 1064 384 61 Brocard
459 1064 192 61 (Mlle
587 1064 299 61 Caroline),
822 1064 171 61 sœur
929 1064 128 61 de
993 1064 171 61 Mlle
1100 1064 235 61 Suzanne
1249 1064 214 61 Brocard,

61 1110 251 57 danseuse
249 1110 125 57 de
312 1110 251 57 l’Opéra.
500 1110 125 57 L.
563 1110 167 57 aut.
667 1110 188 57 sig.,
793 1110 105 57 à
835 1110 125 57 M.
897 1110 209 57 Auber.
1044 1110 125 57 26
1107 1110 188 57 sept.
1232 1110 188 57 1844.
1357 1110 105 57 2
1378 1110 84 57 p.

61 1162 155 60 pl.,
158 1162 175 60 in-8.
274 1162 272 60 Très-jolie
488 1162 194 60 lettre
624 1162 194 60 (coll.
760 1162 117 60 du
819 1162 175 60 baron
935 1162 117 60 de
994 1162 253 60 Trémont).
1168 1162 292 60 Portr,

11 1206 760 60 costume
564 1206 829 60 colorié.
1186 1206 346 60 5
1255 1206 207 60 »

10 1231 189 78 4762.
136 1231 378 78 Brocard
451 1231 252 78 (Laure),
640 1231 168 78 sœur
745 1231 126 78 de
808 1231 168 78 Mlle
913 1231 231 78 Suzanne
1081 1231 252 78 Brocard,
1249 1231 210 78 danseuse

65 1302 138 71 de
134 1302 275 71 l’Opéra.
340 1302 230 71 Billet
501 1302 184 71 aut.
616 1302 207 71 sig.,
754 1302 115 71 à
799 1302 138 71 M.
868 1302 138 71 de
937 1302 207 71 Luzy.
1075 1302 115 71 1
1121 1302 138 71 p.
1190 1302 230 71 in-18.
1350 1302 115 71 1
1373 1302 92 71 50

11 1352 195 56 4763.
141 1352 346 56 Bruce
423 1352 281 56 (Michel),
639 1352 217 56 membre
791 1352 130 56 de
856 1352 130 56 la
921 1352 238 56 chambre
1094 1352 152 56 des
1181 1352 281 56 communes.
1375 1352 87 56 L.

63 1407 173 64 aut.
171 1407 173 64 sig.
279 1407 151 64 (en
366 1407 281 64 anglais).
582 1407 130 64 21
647 1407 238 64 février
820 1407 194 64 1837.
949 1407 108 64 1
993 1407 130 64 p.
1057 1407 194 64 in-8.
1187 1407 238 64 Cachet.
1360 1407 108 64 1
1382 1407 86 64 50

12 1428 187 83 4764.
137 1428 395 83 Brunacci
469 1428 291 83 (Vincent),
698 1428 374 83 mathématicien.
1009 1428 125 83 L.
1071 1428 166 83 aut.
1175 1428 166 83 sig.
1279 1428 145 83 (en
1341 1428 125 83 ita-

51 1490 322 66 lien).
276 1490 322 66 Milan,
502 1490 193 66 21
599 1490 258 66 nov.
760 1490 290 66 1809,
953 1490 161 66 1
1018 1490 193 66 p.
1114 1490 290 66 in-4.
1308 1490 161 66 2
1340 1490 129 66 50

15 1538 174 76 4765.
131 1538 329 76 Brunet
401 1538 193 76 (Mira,
536 1538 174 76 dit),
652 1538 213 76 célèbre
807 1538 193 76 acteur
942 1538 135 76 des
1020 1538 251 76 Variétés.
1213 1538 116 76 L.
1271 1538 155 76 aut.
1348 1538 116 76 sig.

57 1587 118 70 à
105 1587 141 70 M.
175 1587 353 70 Brongniart,
457 1587 353 70 architecte.
739 1587 235 70 Paris,
904 1587 118 70 9
951 1587 259 70 janvier
1139 1587 212 70 1808.
1256 1587 212 70 Demi

-42 1641 1132 49 in-4.
713 1641 629 49 8
965 1641 629 49 3
1091 1641 377 49 »

15 1659 201 92 4766.
149 1659 380 92 Cadore
462 1659 246 92 (Madame
641 1659 134 92 de
708 1659 313 92 Champagny,
954 1659 269 92 duchesse
1156 1659 179 92 de),
1268 1659 201 92 femme
1380 1659 90 92 du

64 1739 263 52 ministre
261 1739 153 52 des
349 1739 263 52 affaires
546 1739 329 52 étrangères.
809 1739 131 52 L.
875 1739 175 52 aut.
984 1739 197 52 sig.,
1116 1739 110 52 à
1159 1739 197 52 M...,
1291 1739 131 52 12
1335 1739 131 52 oct.

-13 1784 494 53 1
185 1784 593 53 p.
481 1784 890 53 in-4.
1075 1784 494 53 3
1173 1784 297 53 »

17 1823 170 63 4767.
130 1823 415 63 Cambacérès,
489 1823 340 63 conventionnel,
772 1823 434 63 archi-chancelier
1150 1823 113 63 de
1188 1823 283 63 l’empire

64 1887 351 61 etc
345 1887 141 61 L.
415 1887 187 61 sig.
532 1887 234 61 Paris,
696 1887 141 61 16
766 1887 187 61 déc.
883 1887 211 61 1808.
1024 1887 258 61 Demi-p.
1211 1887 211 61 in-4.
1352 1887 117 61 2
1375 1887 94 61 50

18 1909 179 88 4768.
138 1909 358 88 Capelle
436 1909 259 88 (Pierre),
635 1909 318 88 littérateur,
894 1909 199 88 poëte,
1033 1909 219 88 éditeur
1192 1909 119 88 de
1252 1909 119 88 la
1312 1909 159 88 Clef
1391 1909 80 88 du

69 1970 205 56 Caveau.
219 1970 168 56 Le
331 1970 149 56 vin,
424 1970 205 56 l’amour
573 1970 112 56 et
629 1970 112 56 la
685 1970 187 56 gaité,
816 1970 168 56 ronde
928 1970 112 56 de
984 1970 261 56 table
1189 1970 149 56 Aut.
1282 1970 149 56 sig.
1376 1970 93 56 2
1394 1970 75 56 p.

70 2019 131 58 pl.
145 2019 168 58 in-8.
257 2019 299 58 Rien
500 2019 205 58 sujet
649 2019 261 58 donné
854 2019 205 58 chanson
1003 2019 243 58 imprimée.
1190 2019 93 58 2
1227 2019 112 58 p.
1283 2019 168 58 in-8.
1395 2019 93 58 4
1414 2019 56 58 »

19 2064 181 73 4769.
139 2064 362 73 Carlini
441 2064 241 73 (Carlo),
622 2064 141 73 1er
702 2064 181 73 garde
823 2064 121 73 de
883 2064 121 73 la
943 2064 322 73 bibliothèque
1205 2064 121 73 de
1265 2064 201 73 Brera.
1386 2064 80 73 L.

66 2119 176 62 aut.
176 2119 176 62 sig.
286 2119 154 62 (en
373 2119 285 62 italien),
593 2119 110 62 à
637 2119 220 62 l'abbé
790 2119 241 62 Mercier
966 2119 132 62 de
1032 2119 351 62 Saint-Léger.
1295 2119 176 62 Milan,

64 2162 132 68 28
130 2162 153 68 mai
218 2162 197 68 1788.
349 2162 110 68 3
393 2162 132 68 gr
459 2162 132 68 p.
524 2162 241 68 in-fol.
700 2162 307 68 Très-belle
941 2162 219 68 lettre
1072 2162 395 68 bibliographique.

67 2212 210 63 L’abbé
214 2212 126 63 de
277 2212 315 63 Saint-Léger
529 2212 105 63 a
571 2212 189 63 écrit
697 2212 126 63 en
760 2212 189 63 tête:
886 2212 168 63 Rép.
991 2212 126 63 le
1054 2212 126 63 23
1117 2212 168 63 août
1222 2212 168 63 1789
1327 2212 147 63 par
1390 2212 84 63 le

64 2263 278 54 professeur
282 2263 198 54 danois
421 2263 417 54 Olivarius
779 2263 119 54 et
838 2263 198 54 envoyé
977 2263 119 54 le
1036 2263 258 54 catalogue
1235 2263 119 54 de
1275 2263 198 54 Soubise,

70 2308 152 51 avec
165 2308 114 51 la
222 2308 304 51 plaisanterie
468 2308 114 51 du
525 2308 209 51 marquis
677 2308 114 51 de
734 2308 342 51 Luchet
1019 2308 190 51 contre
1151 2308 266 51 l’Académie
1341 2308 133 51 Fran-

64 2357 247 53 çaise.
237 2357 148 53 Il
311 2357 123 53 a
361 2357 321 53 également
608 2357 222 53 écrit
756 2357 148 53 un
830 2357 222 53 grand
978 2357 247 53 nombre
1151 2357 148 53 de
1225 2357 222 53 notes
1349 2357 123 53 sur

-3 2404 554 54 la
274 2404 554 54 4e
550 2404 830 54 page.
1104 2404 461 54 6
1196 2404 277 54 »

18 2439 168 95 4770.
130 2439 336 95 Cassini
410 2439 149 95 (Mme
503 2439 149 95 de),
596 2439 131 95 née
671 2439 336 95 Arbaud
951 2439 112 95 L.
1007 2439 168 95 aut.,
1119 2439 93 95 à
1156 2439 149 95 M...
1231 2439 242 95 Maëstricht,

46 2501 238 66 10
165 2501 436 66 janvier
482 2501 357 66 1791.
720 2501 198 66 1
799 2501 238 66 p.
918 2501 277 66 pl.
1077 2501 357 66 in-4.
1314 2501 198 66 3
1354 2501 119 66 »

114 2541 191 64 Ayant
241 2541 149 64 été
326 2541 234 64 obligée
496 2541 127 64 de
560 2541 170 64 fuir
666 2541 127 64 la
730 2541 212 64 France
878 2541 170 64 pour
985 2541 212 64 sauver
1133 2541 127 64 sa
1197 2541 170 64 vie,
1303 2541 170 64 elle
1388 2541 85 64 le

68 2596 163 54 prie
169 2596 122 54 de
230 2596 203 54 mettre
373 2596 163 54 sous
474 2596 142 54 les
555 2596 163 54 yeux
657 2596 122 54 du
718 2596 142 54 roi
799 2596 244 54 l’exposé
982 2596 122 54 de
1043 2596 122 54 sa
1104 2596 203 54 triste
1226 2596 244 54 situation.

16 2641 190 70 4771.
143 2641 486 70 Castelcicala
565 2641 148 70 (le
650 2641 211 70 prince
798 2641 169 70 de),
903 2641 317 70 ambassadeur
1136 2641 338 70 extraordinaire

65 2702 149 46 des
150 2702 341 46 Deux-Siciles
427 2702 128 46 en
491 2702 234 46 France.
661 2702 128 46 L.
725 2702 170 46 aut.
832 2702 192 46 sig.,
960 2702 107 46 à
1002 2702 128 46 M.
1066 2702 128 46 le
1130 2702 192 46 comte
1237 2702 234 46 Corvetto.

49 2740 338 91 Paris,
286 2740 203 91 18
387 2740 270 91 oct.
556 2740 304 91 1817.
759 2740 169 91 1
827 2740 237 91 gr.
962 2740 203 91 p.
1063 2740 372 91 in-fol.
1334 2740 169 91 3
1368 2740 101 91 »
