1588 2992
707 70 256 75 394
817 70 110 75 —

109 141 285 94 Rousseau,
328 141 110 94 à
372 141 197 94 Emile
503 141 350 94 Montmorency,
788 141 131 94 23
854 141 241 94 juillet
1029 141 197 94 1808.
1161 141 110 94 3
1204 141 131 94 p.
1270 141 197 94 in-4.
1401 141 131 94 20
1445 141 66 94 »

158 214 150 66 Ils
243 214 258 66 viennent
437 214 301 66 d’échapper
673 214 150 66 aux
759 214 236 66 fièvres
931 214 150 66 qui
1017 214 150 66 ont
1103 214 215 66 ravagé
1253 214 258 66 Groslay,
1425 214 86 66 et

113 256 160 80 ils
205 256 298 80 s’amusent
434 256 206 80 assez
571 256 183 80 bien
686 256 115 80 à
732 256 344 80 l’Ermitage.
1007 256 138 80 Le
1076 256 275 80 sénateur
1259 256 252 80 Lambrecht

118 312 180 64 vient
238 312 120 64 de
298 312 259 64 s’établir
497 312 160 64 pour
597 312 120 64 la
657 312 220 64 seconde
817 312 160 64 fois
916 312 160 64 avec
1016 312 160 64 eux.
1116 312 200 64 «C’est
1236 312 279 64 positivement

119 363 160 60 «un
210 363 205 60 autre
347 363 342 60 Malesherbes
621 363 160 60 que
712 363 137 60 la
781 363 228 60 nature
941 363 183 60 nous
1055 363 114 60 a
1100 363 228 60 rendu,
1260 363 137 60 et
1306 363 205 60 qu’elle

109 423 221 51 «nous
257 423 246 51 devait
429 423 197 51 pour
552 423 246 51 servir
725 423 320 51 d’exemple
971 423 172 51 aux
1069 423 320 51 hommes...
1315 423 148 51 On
1364 423 148 51 nous

114 467 178 61 «dit
225 467 155 61 que
314 467 200 61 trois
447 467 289 61 officiers
669 467 266 61 français
868 467 266 61 viennent
1068 467 222 61 d’être
1223 467 266 61 morcelés
1401 467 111 61 par

118 511 187 56 «les
234 511 326 56 Espagnols,
491 511 257 56 Auguste
677 511 280 56 Lagrange
887 511 163 56 est
981 511 140 56 du
1027 511 280 56 nombre...»

70 536 191 78 4813.
197 536 297 78 Grivaud
431 536 127 78 de
494 536 127 78 la
558 536 382 78 Vincelle,
876 536 297 78 antiquaire
1110 536 127 78 et
1173 536 340 78 littérateur,
1428 536 85 78 né

122 598 116 60 en
180 598 154 60 1762
276 598 97 60 à
315 598 541 60 Chalon-sur-Sabne
798 598 154 60 mort
894 598 116 60 en
952 598 174 60 1819.
1068 598 116 60 L.
1126 598 154 60 aut.
1222 598 174 60 sig.,
1338 598 97 60 à
1377 598 116 60 M.
1415 598 97 60 Du-

120 652 205 55 devant
263 652 307 55 Villeneuve.
509 652 205 55 Paris,
652 652 143 55 1er
734 652 246 55 décembre
919 652 184 55 1816.
1042 652 102 55 2
1083 652 123 55 p.
1144 652 143 55 pl.
1226 652 123 55 et
1288 652 164 55 deux
1370 652 143 55 tiers

4 694 1238 70 in-4.
829 694 688 70 7
966 694 550 70 50

169 736 132 75 Il
235 736 265 75 persiste
434 736 110 75 à
478 736 221 75 penser
632 736 154 75 que
720 736 154 75 son
808 736 198 75 camée
941 736 309 75 représente
1183 736 331 75 l’apothéose
1426 736 88 75 de

119 792 250 64 Faustine
307 792 125 64 la
369 792 208 64 jeune,
515 792 208 64 tenant
661 792 167 64 dans
765 792 146 64 ses
848 792 167 64 bras
953 792 125 64 le
1015 792 188 64 jeune
1140 792 208 64 Varus,
1286 792 167 64 mort
1390 792 104 64 5
1411 792 104 64 ans

118 836 203 67 avant
254 836 136 67 sa
322 836 203 67 mère.
457 836 113 67 .
502 836 226 67 Motifs
661 836 136 67 de
728 836 158 67 son
819 836 361 67 sentiment...
1112 836 136 67 On
1180 836 181 67 sait
1293 836 158 67 que
1361 836 158 67 Marc-

125 887 224 66 Aurèle
281 887 268 66 témoigna
482 887 134 66 la
549 887 179 66 plus
661 887 179 66 vive
773 887 246 66 douleur
952 887 134 66 de
1019 887 134 66 la
1086 887 201 66 perte
1220 887 134 66 de
1265 887 246 66 Faustine,

124 947 262 51 quoiqu’il
326 947 141 51 fût
406 947 162 51 trop
507 947 162 51 bien
608 947 242 51 instruit
790 947 121 51 de
851 947 121 51 la
911 947 141 51 vie
992 947 303 51 licencieuse
1234 947 222 51 qu’elle
1376 947 141 51 avait

120 991 241 57 menée.
288 991 241 57 Revenu
457 991 120 57 à
505 991 216 57 Rome,
649 991 144 57 il
721 991 289 57 prononça
938 991 168 57 son
1034 991 265 57 oraison
1226 991 289 57 funèbre,
1419 991 96 57 et

126 1027 211 71 exigea
274 1027 127 71 du
337 1027 190 71 Sénat
463 1027 232 71 qu’elle
632 1027 148 71 fut
716 1027 169 71 mise
822 1027 127 71 au
885 1027 169 71 rang
991 1027 148 71 des
1075 1027 295 71 divinités,
1307 1027 190 71 ainsi
1413 1027 105 71 par

123 1082 240 58 respect
298 1082 174 58 pour
407 1082 262 58 lui-même
603 1082 174 58 bien
712 1082 174 58 plus
821 1082 153 58 que
908 1082 174 58 pour
1017 1082 283 58 l’indigne
1235 1082 218 58 épouse
1365 1082 153 58 qu’il

119 1138 233 46 venait
282 1138 140 46 de
352 1138 256 46 perdre.
538 1138 140 46 Ce
608 1138 233 46 prince
771 1138 326 46 philosophe
1027 1138 233 46 honora
1190 1138 140 46 la
1260 1138 256 46 mémoire
1423 1138 93 46 de

123 1175 195 75 celle
253 1175 152 75 qui
340 1175 239 75 l’avait
514 1175 239 75 couvert
687 1175 304 75 d’opprobre
926 1175 152 75 par
1013 1175 152 75 ses
1100 1175 195 75 mœurs
1208 1175 304 75 dépravées...

123 1223 192 60 Longs
251 1223 235 60 détails
421 1223 149 60 sur
507 1223 149 60 ses
571 1223 256 60 désordres.

78 1255 193 76 4814.
206 1255 343 76 Guyon
485 1255 171 76 (Mme
592 1255 257 76 Emilie),
785 1255 236 76 célèbre
956 1255 236 76 actrice
1127 1255 129 76 de
1192 1255 214 76 drame.
1342 1255 129 76 L.
1384 1255 129 76 aut.

105 1310 354 71 sig.,
341 1310 197 71 à
419 1310 551 71 Madame....
852 1310 197 71 1
931 1310 236 71 p.
1049 1310 393 71 in-18.
1324 1310 197 71 1
1364 1310 157 71 50

75 1369 181 71 4815.
195 1369 321 71 Hello
456 1369 221 71 (Jean),
616 1369 261 71 chimiste,
817 1369 201 71 membre
957 1369 120 71 de
1018 1369 281 71 l’Académie
1238 1369 140 71 des
1298 1369 221 71 sciences.

124 1422 121 57 N.
184 1422 182 57 1686,
306 1422 121 57 M.
367 1422 182 57 1766.
488 1422 283 57 Extrait
711 1422 121 57 du
771 1422 223 57 journal
933 1422 142 57 des
1014 1422 304 57 expériences
1257 1422 142 57 que
1318 1422 202 57 nous

131 1455 204 73 avens
284 1455 187 73 faites,
420 1455 170 73 en
539 1455 153 73 1760,
641 1455 170 73 sur
760 1455 119 73 les
828 1455 238 73 différents
1014 1455 136 73 sels
1099 1455 102 73 de
1150 1455 102 73 la
1201 1455 170 73 saline
1320 1455 102 73 de
1354 1455 170 73 Mont

126 1517 233 59 morot
300 1517 116 59 et
358 1517 116 59 de
417 1517 213 59 Salins,
572 1517 116 59 en
630 1517 427 59 Franche-Comté
999 1517 252 59 Manuscrit
1193 1517 175 59 d’une
1290 1517 233 59 très

129 1571 123 50 et
190 1571 287 50 très-jolie
415 1571 266 50 écriture,
620 1571 184 50 signé
743 1571 143 50 par
825 1571 143 50 lui
907 1571 123 50 et
968 1571 143 50 par
1050 1571 143 50 son
1132 1571 246 50 confrère
1316 1571 123 50 de
1357 1571 164 50 Monti-

123 1600 208 78 gnv.
253 1600 259 78 Paris,
434 1600 156 78 12
512 1600 285 78 juillet
720 1600 233 78 1760.
875 1600 156 78 16
953 1600 156 78 p.
1031 1600 233 78 petit
1187 1600 285 78 in-fol.
1394 1600 156 78 10
1446 1600 78 78 »

80 1632 188 91 4816.
206 1632 376 91 Hénault
519 1632 146 91 (le
603 1632 314 91 président),
854 1632 293 91 historien,
1084 1632 209 91 membre
1230 1632 125 91 de
1272 1632 251 91 l’Académie

128 1710 290 57 française.
356 1710 187 57 Pièce
481 1710 166 57 aut.
585 1710 145 57 sur
668 1710 124 57 sa
730 1710 228 57 manière
896 1710 249 57 d’écrire
1082 1710 290 57 l’histoire
1290 1710 228 57 ancienne.

112 1745 186 69 1
186 1745 223 69 p.
298 1745 260 69 pl.
446 1745 334 69 in-4.
669 1745 520 69 Très-belle
1078 1745 372 69 pièce.
1338 1745 223 69 16
1413 1745 111 69 »

179 1779 150 75 «On
264 1779 256 75 m’accuse
456 1779 128 75 de
521 1779 214 75 donner
670 1779 256 75 atteinte
863 1779 107 75 à
905 1779 128 75 la
969 1779 278 75 certitude
1183 1779 128 75 de
1247 1779 192 75 toute
1354 1779 171 75 l’his-

130 1838 212 61 «toire
278 1838 191 61 parce
405 1838 148 61 que
490 1838 127 61 je
554 1838 254 61 prétends
744 1838 191 61 qu’il
871 1838 106 61 y
914 1838 106 61 a
956 1838 148 61 des
1041 1838 275 61 faussetés
1253 1838 169 61 dans
1359 1838 148 61 les
1422 1838 106 61 an-

128 1883 226 69 «nales
286 1883 158 69 des
377 1883 113 69 4
422 1883 271 69 premiers
625 1883 248 69 siècles
805 1883 135 69 de
873 1883 203 69 Rome.
1008 1883 180 69 Mais
1121 1883 203 69 quoy,
1256 1883 226 69 est-ce
1392 1883 135 69 com-

131 1946 225 51 «battre
294 1946 164 51 tous
397 1946 143 51 les
479 1946 184 51 faits
602 1946 328 51 historiques,
868 1946 143 51 que
950 1946 287 51 d’attaquer
1176 1946 246 51 quelques
1340 1946 184 51 fables;

128 1982 271 74 «n’est-ee
337 1982 146 74 pas
420 1982 313 74 aucontraire
671 1982 209 74 servir
817 1982 125 74 la
879 1982 209 74 vérité
1025 1982 146 74 que
1109 1982 125 74 de
1171 1982 125 74 la
1234 1982 230 74 dégager
1401 1982 125 74 de
1443 1982 83 74 ce

128 2052 179 45 «qui
239 2052 268 45 pourrait
440 2052 179 45 nous
552 2052 134 45 la
619 2052 223 45 rendre
753 2052 312 45 suspecte!...

77 2062 189 90 4817.
203 2062 252 90 Henri
392 2062 210 90 HI
539 2062 147 90 roi
623 2062 126 90 de
686 2062 231 90 France.
853 2062 126 90 L.
916 2062 168 90 aut.
1021 2062 189 90 sig.,
1147 2062 105 90 à
1189 2062 273 90 Villeroy.
1399 2062 105 90 1
1420 2062 105 90 gr.

104 2125 251 79 p.
230 2125 293 79 pl.
397 2125 461 79 in-fol.
732 2125 377 79 Belle
984 2125 461 79 lettre.
1319 2125 251 79 35
1402 2125 126 79 »

79 2163 176 79 4818.
197 2163 235 79 Henri
373 2163 196 79 IV
510 2163 137 79 roi
589 2163 118 79 de
647 2163 215 79 France.
804 2163 235 79 Copie
981 2163 137 79 des
1059 2163 215 79 lettres
1216 2163 215 79 écrites
1353 2163 176 79 pan

128 2217 234 68 Henri
303 2217 136 68 he,
381 2217 136 68 roy
458 2217 117 68 de
517 2217 195 68 France
653 2217 117 68 et
711 2217 117 68 de
770 2217 234 68 Navarre,
945 2217 117 68 de
1003 2217 117 68 sa
1062 2217 195 68 propre
1198 2217 175 68 main,
1315 2217 97 68 à
1334 2217 195 68 Cor

128 2267 250 71 sandre
320 2267 288 71 d’Andouins,
550 2267 96 71 à
588 2267 230 71 laquelle
761 2267 115 71 il
819 2267 154 71 rend
915 2267 192 71 compte
1049 2267 115 71 de
1107 2267 154 71 tous
1203 2267 134 71 les
1260 2267 269 71 combats

129 2322 240 68 sièges
313 2322 111 68 et
368 2322 185 68 autres
498 2322 240 68 aventures
682 2322 129 68 qui
756 2322 129 68 lui
830 2322 203 68 étoient
977 2322 203 68 arrivex
1125 2322 185 68 depuis
1254 2322 129 68 son
1310 2322 221 68 départ

129 2365 164 72 de
238 2365 164 72 Béarn
347 2365 200 72 jusqu’à
493 2365 109 72 la
548 2365 237 72 conquette
730 2365 200 72 entière
876 2365 109 72 de
931 2365 109 72 la
985 2365 219 72 couronne
1149 2365 109 72 de
1204 2365 273 72 France
1404 2365 128 72 Ecri-

129 2414 163 66 ture
230 2414 122 66 du
291 2414 224 66 dernier
454 2414 224 66 siècle,
617 2414 265 66 contenant
821 2414 204 66 trente
963 2414 244 66 lettres.
1146 2414 122 66 27
1207 2414 122 66 p.
1268 2414 142 66 pl.
1350 2414 122 66 et
1391 2414 142 66 quart

127 2464 231 62 in-fol.
295 2464 105 62 —
337 2464 126 62 Et
400 2464 210 62 copies
547 2464 126 62 de
610 2464 168 62 deux
715 2464 231 62 lettres
882 2464 126 62 de
945 2464 189 62 Henri
1071 2464 126 62 IV
1134 2464 105 62 à
1176 2464 252 62 Frédéric
1365 2464 126 62 de
1407 2464 126 62 Wur-

128 2516 259 63 temberg,
323 2516 173 63 1595
431 2516 130 63 et
496 2516 194 63 1598.
625 2516 108 63 6
668 2516 130 63 p.
733 2516 259 63 in-fol.,
927 2516 173 63 avec
1035 2516 151 63 une
1122 2516 173 63 note
1230 2516 130 63 de
1294 2516 130 63 la
1359 2516 173 63 main
1446 2516 86 63 de

115 2550 198 69 M.
214 2550 198 69 de
313 2550 791 69 Labouisse-Rochefort,
1005 2550 165 69 1
1071 2550 198 69 p.
1170 2550 297 69 in-8.
1367 2550 198 69 25
1433 2550 99 69 »

82 2607 189 80 4819.
208 2607 378 80 Holland
523 2607 231 80 (lord),
691 2607 189 80 neveu
818 2607 126 80 de
881 2607 168 80 Fox.
986 2607 126 80 L.
1049 2607 168 80 aut.
1154 2607 189 80 sig.,
1280 2607 126 80 au
1322 2607 210 80 sénateur

125 2647 267 71 Sieyès.
319 2647 243 71 Paris,
489 2647 219 71 hôtel
635 2647 146 71 du
707 2647 243 71 prince
877 2647 146 71 de
950 2647 267 71 Galles.
1145 2647 121 71 2
1193 2647 146 71 p.
1266 2647 219 71 in-8.
1412 2647 121 71 3
1436 2647 97 71 50

79 2692 195 99 4820.
209 2692 325 99 Hugo
469 2692 282 99 (Victor),
686 2692 217 99 poëte,
838 2692 217 99 membre
989 2692 130 99 de
1054 2692 303 99 l’Académie
1271 2692 260 99 française.

130 2745 109 88 1°
184 2745 109 88 L.
239 2745 145 88 aut.
330 2745 145 88 sig.
420 2745 327 88 Victor
693 2745 91 88 à
729 2745 109 88 M.
784 2745 163 88 Alex.
892 2745 218 88 Guiraud.
1056 2745 182 88 Paris,
1183 2745 91 88 8
1219 2745 163 88 avril
1328 2745 163 88 1824.
1437 2745 91 88 1
1455 2745 73 88 p.
