1688 2941
562 81 549 143 CATALOGUE

144 212 234 133 DE
261 212 429 133 LETTRES
573 212 624 133 AUTOGRAPHES,
1041 212 507 133 MANUSCRITS,

526 315 289 110 DOCUMENTS
761 315 289 110 HISTORIQUES,
978 315 217 110 ETC,

215 447 374 132 D'
449 447 514 132 AUGUSTE
776 447 701 132 LAVERDET,

438 581 162 95 A
531 581 232 95 Paris,
693 581 162 95 rue
785 581 394 95 Saint-Lazare,
1087 581 185 95 24

631 840 205 73 Vente
785 840 85 73 à
802 840 273 73 l’amiable,

408 891 197 67 soit
546 891 138 67 par
625 891 295 67 l’insertion
861 891 157 67 dans
959 891 118 67 le
998 891 295 67 bulletin,

232 940 203 77 soit
374 940 142 77 aux
455 940 243 77 enchères
637 940 284 77 publiques,
861 940 122 77 de
921 940 304 77 Collections
1165 940 122 77 ou
1205 940 264 77 parties

407 990 173 60 de
522 990 289 60 Collections
753 990 115 60 de
811 990 212 60 Lettres
946 990 346 60 autographes,

561 1032 311 67 Documents
794 1032 350 67 historiques,

599 1058 323 63 Manuscrits,
858 1058 194 63 etc.,
966 1058 129 63 etc.

166 1102 280 64 Achats.
386 1102 100 64 —
426 1102 260 64 Échanges.
627 1102 100 64 —
667 1102 300 64 Expertises.
907 1102 100 64 —
947 1102 260 64 Rédaction
1147 1102 120 64 de
1187 1102 341 64 Catalogues.

288 1310 252 97 N°
456 1310 196 97 29.
568 1310 140 97 —
624 1310 588 97 SEPTEMBRE-OCTOBRE
1100 1310 308 97 1860.

110 1501 193 89 5236.
238 1501 407 89 Alberoni
581 1501 150 89 (le
666 1501 257 89 cardinal
859 1501 236 89 Jules),
1031 1501 236 89 premier
1202 1501 257 89 ministre
1395 1501 129 89 de
1437 1501 129 89 Phi-

154 1581 211 65 lipppe
302 1581 127 65 V.
365 1581 127 65 L.
428 1581 169 65 aut.
534 1581 169 65 sig.
639 1581 148 65 (en
724 1581 295 65 français),
956 1581 106 65 à
998 1581 169 65 M...
1104 1581 295 65 Plaisance,
1336 1581 127 65 10
1378 1581 190 65 juillet

108 1635 595 56 1733.
505 1635 331 56 2
637 1635 397 56 p.
835 1635 595 56 in-4.
1232 1635 397 56 15
1365 1635 198 56 »

200 1677 132 72 Il
266 1677 110 72 a
310 1677 220 72 appris
464 1677 176 72 avec
574 1677 242 72 plaisir
750 1677 132 72 la
816 1677 264 72 comparse
1014 1677 176 72 qu’a
1124 1677 176 72 fait
1234 1677 176 72 leur
1344 1677 198 72 homme
1454 1677 110 72 (et

156 1716 178 65 tout
267 1716 134 65 ce
334 1716 201 65 qu’il
468 1716 111 65 a
512 1716 178 65 fait
624 1716 178 65 pour
735 1716 312 65 s’acquérir
980 1716 156 65 les
1070 1716 223 65 bonnes
1226 1716 245 65 grâces.
1404 1716 156 65 «V.
1471 1716 89 65 E.

155 1784 213 63 «verra
304 1784 192 63 qu’il
432 1784 107 63 a
474 1784 213 63 excélé
623 1784 128 63 en
687 1784 298 63 honnéteté.
922 1784 192 63 C’est
1050 1784 149 63 une
1135 1784 213 63 nation
1284 1784 170 63 vile
1391 1784 128 63 et
1433 1784 128 63 rem-

153 1820 217 58 «pante
305 1820 195 58 quand
435 1820 130 58 il
500 1820 217 58 s’agit
652 1820 238 58 d’avoir
825 1820 238 58 besoin;
999 1820 173 58 hors
1107 1820 130 58 de
1172 1820 130 58 là
1237 1820 238 58 superbe
1410 1820 130 58 et
1454 1820 108 58 in-

152 1869 330 63 «solente...
416 1869 132 63 Le
482 1869 286 63 compagnon
702 1869 154 63 est
790 1869 132 63 un
856 1869 154 63 fin
943 1869 286 63 merle...»
1163 1869 286 63 Rebellion
1383 1869 110 63 à
1405 1869 154 63 l’oc-

152 1912 227 75 casion
311 1912 159 75 des
402 1912 296 75 grains...
630 1912 159 75 «On
721 1912 114 75 a
766 1912 227 75 raison
925 1912 136 75 de
994 1912 182 75 dire
1107 1912 159 75 que
1198 1912 136 75 la
1266 1912 273 75 noblesse
1448 1912 114 75 est

152 1958 264 72 «plongée
350 1958 176 72 dans
460 1958 330 72 l’oisiveté,
724 1958 132 72 et
791 1958 176 72 dans
901 1958 132 72 la
945 1958 352 72 débauche.....»

102 1982 192 86 5237.
230 1982 385 86 Alibert
551 1982 364 86 (Jean-Louis),
850 1982 235 86 médecin
1021 1982 257 86 célèbre.
1214 1982 128 86 L.
1278 1982 171 86 aut.
1385 1982 192 86 sig.,
1492 1982 64 86 à

125 2057 268 52 M.
259 2057 581 52 Ladevèze.
707 2057 492 52 Demi-p.
1064 2057 402 52 in-4.
1332 2057 224 52 1
1377 2057 179 52 50

99 2100 190 60 5238.
225 2100 316 60 Anquetil
479 2100 127 60 du
542 2100 316 60 Perron,
795 2100 359 60 orientaliste.
1090 2100 127 60 1°
1153 2100 127 60 L.
1217 2100 169 60 aut.
1322 2100 169 60 sig.
1427 2100 127 60 (à
1470 2100 84 60 la

148 2140 126 71 3e
211 2140 294 71 personne),
442 2140 105 71 à
484 2140 126 71 M.
547 2140 231 71 Marcel.
715 2140 210 71 Paris,
862 2140 105 71 8
903 2140 168 71 août
1008 2140 189 71 1804.
1134 2140 105 71 1
1176 2140 126 71 p.
1239 2140 189 71 in-8.
1365 2140 105 71 —
1407 2140 126 71 2°
1449 2140 105 71 Nu-

146 2205 184 72 méro
261 2205 138 72 du
330 2205 184 72 mois
446 2205 138 72 de
515 2205 277 72 décembre
722 2205 184 72 1776
837 2205 138 72 du
907 2205 254 72 Journal
1091 2205 161 72 des
1183 2205 231 72 Savans
1345 2205 184 72 avec
1437 2205 115 72 des

129 2246 533 58 corrections
556 2246 213 58 et
663 2246 249 58 des
805 2246 533 58 annotations
1231 2246 284 58 aut.
1409 2246 178 58 5
1444 2246 107 58 »

95 2285 184 64 5239.
217 2285 389 64 Auriol,
545 2285 225 64 célèbre
709 2285 205 64 clown.
852 2285 205 64 Billet
996 2285 123 64 de
1057 2285 143 64 hal
1139 2285 164 64 sig.
1242 2285 164 64 mars
1344 2285 184 64 1846.
1467 2285 102 64 1
1488 2285 61 64 »

96 2339 181 65 5240.
217 2339 343 65 Bailly
499 2339 383 65 (Jean-Silvain),
821 2339 282 65 astronome,
1043 2339 181 65 maire
1164 2339 121 65 de
1225 2339 202 65 Paris.
1366 2339 121 65 L.
1406 2339 141 65 sig.,

140 2399 215 59 comme
283 2399 215 59 maire
426 2399 143 59 de
498 2399 239 59 Paris.
665 2399 239 59 Paris,
832 2399 119 59 5
880 2399 191 59 août
999 2399 215 59 1791.
1142 2399 119 59 1
1190 2399 143 59 p.
1262 2399 262 59 in-fol.
1453 2399 119 59 2
1476 2399 72 59 »

93 2430 179 81 5241.
213 2430 318 81 Bayie
471 2430 259 81 (Pierre),
670 2430 358 81 métaphysicien.
969 2430 119 81 L.
1029 2430 179 81 aut.,
1148 2430 100 81 à
1188 2430 159 81 M...
1287 2430 119 81 18
1347 2430 139 81 mai
1407 2430 139 81 1697.

137 2479 126 81 4
187 2479 151 81 p.
263 2479 176 81 pl.
363 2479 201 81 in-4
489 2479 352 81 (Plusieurs
766 2479 277 81 parties
967 2479 176 81 ont
1068 2479 176 81 été
1169 2479 327 81 biffée-).
1420 2479 151 81 25
1471 2479 75 81 »

182 2523 237 73 Relative
360 2523 99 73 à
400 2523 119 73 la
459 2523 296 73 publication
696 2523 119 73 de
755 2523 138 73 son
834 2523 375 73 Dictionnaire
1150 2523 395 73 historique.
1466 2523 79 73 Un

139 2573 259 69 libraire
334 2573 130 69 de
399 2573 194 69 Paris
528 2573 238 69 voulait
701 2573 130 69 en
766 2573 194 69 faire
895 2573 216 69 entrer
1046 2573 173 69 dans
1154 2573 130 69 le
1219 2573 238 69 Royaume
1392 2573 130 69 un
1435 2573 108 69 bon

139 2622 220 58 nombre
293 2622 395 58 d’exemplaires,
622 2622 132 58 il
688 2622 132 58 en
754 2622 242 58 demanda
930 2622 132 58 la
996 2622 308 58 permission
1237 2622 110 58 à
1281 2622 132 58 M.
1347 2622 132 58 le
1391 2622 154 58 chan-

137 2680 210 62 celier
284 2680 147 62 qui
368 2680 147 62 lui
452 2680 147 62 fit
535 2680 231 62 réponse
703 2680 189 62 qu’il
829 2680 126 62 la
892 2680 294 62 donnerait,
1123 2680 210 62 pourvu
1269 2680 147 62 que
1353 2680 126 62 le
1395 2680 147 62 livre

138 2707 130 93 ne
203 2707 238 93 contint
376 2707 173 93 rien
484 2707 216 93 contre
636 2707 238 93 l’Etat,
809 2707 130 93 ni
874 2707 216 93 contre
1025 2707 130 93 la
1090 2707 260 93 Religion
1263 2707 281 93 catholique.
