1674 2963
697 111 244 75 439
802 111 104 75 —

39 172 179 92 5257.
158 172 417 92 Boutourlin
516 172 139 92 (le
596 172 219 92 comte),
755 172 219 92 célèbre
914 172 338 92 bibliographe.
1192 172 119 92 L.
1252 172 119 92 a.
1311 172 139 92 s.,
1391 172 99 92 à
1411 172 80 92 M.

78 256 131 77 A.
144 256 131 77 A.
209 256 283 77 Renouard.
426 256 283 77 Florence,
644 256 131 77 18
709 256 196 77 mars,
840 256 196 77 1823.
970 256 109 77 2
1014 256 152 77 gr.
1101 256 131 77 p.
1166 256 152 77 pl.
1253 256 196 77 in-4.
1383 256 109 77 2
1405 256 87 77 50

128 295 237 77 Curieux
301 295 237 77 détails
451 295 409 77 bibliographiques.

35 325 199 104 5258.
167 325 397 104 Buchez,
498 325 265 104 médecin,
697 325 287 104 président
917 325 132 104 de
984 325 331 104 l’Assemblée
1226 325 265 104 nationale.

64 396 408 75 Billet
350 396 326 75 aut.
554 396 326 75 sig.
758 396 449 75 Demi-p.
1084 396 367 75 in-8.
1329 396 204 75 2
1370 396 122 75 »

136 453 149 64 «Le
221 453 149 64 but
306 453 127 64 de
369 453 127 64 la
433 453 212 64 nation
582 453 276 64 française
794 453 149 64 est
879 453 127 64 de
943 453 255 64 réaliser
1134 453 170 64 dans
1240 453 234 64 l’ordre
1389 453 106 64 po-

87 486 244 74 «litique
270 486 122 74 la
331 486 204 74 morale
474 486 122 74 de
535 486 122 74 la
596 486 244 74 liberté,
779 486 122 74 de
840 486 265 74 l’égalité
1044 486 122 74 et
1105 486 122 74 de
1166 486 122 74 la
1207 486 285 74 fraternité.»

41 516 184 94 5259.
163 516 408 94 Buvignier
510 516 286 94 (Isidore),
734 516 326 94 représentant
999 516 122 94 du
1061 516 224 94 peuple.
1224 516 122 94 L.
1285 516 163 94 aut.
1367 516 122 94 sig.

62 587 218 74 2
149 587 348 74 mars
366 587 392 74 1849.
627 587 218 74 3
714 587 261 74 p.
845 587 305 74 pl.
1019 587 392 74 in-8.
1280 587 218 74 3
1323 587 174 74 50

136 634 247 81 Curieuse
322 634 206 81 lettre
466 634 144 81 sur
549 634 124 81 la
611 634 268 81 situation
817 634 247 81 actuelle
1002 634 124 81 et
1064 634 247 81 l’avenir
1250 634 247 81 probable
1415 634 82 81 de

84 677 138 65 la
130 677 300 65 démocratie.

42 724 199 86 5260.
174 724 265 86 Cadet
373 724 133 86 de
440 724 398 86 Gassicourt
771 724 442 86 (Charles-Louis),
1147 724 287 86 chimiste,
1345 724 155 86 phar

84 775 264 68 macien,
276 775 240 68 membre
444 775 144 68 de
516 775 336 68 l’Académie
780 775 168 68 des
875 775 312 68 Sciences.
1115 775 144 68 L.
1187 775 192 68 aut.
1307 775 216 68 sig.,
1427 775 72 68 à

83 825 137 53 M.
152 825 229 53 Firmin
312 825 229 53 Didot.
472 825 229 53 Paris,
632 825 137 53 30
700 825 183 53 août
814 825 206 53 1810.
952 825 114 53 1
997 825 137 53 p.
1066 825 137 53 et
1134 825 206 53 demie
1271 825 206 53 in-8.
1386 825 114 53 Cu-

-7 877 1275 62 rieuse.
920 877 580 62 1
1036 877 464 62 50

42 896 185 104 5261.
166 896 370 104 Carnot,
474 896 370 104 conventionnel,
783 896 267 104 ministre.
988 896 123 104 L.
1050 896 164 104 aut.
1153 896 185 104 sig.,
1276 896 103 104 à
1317 896 123 104 M.
1358 896 144 104 Poul

93 972 192 56 tier.
221 972 235 56 Anvers,
392 972 128 56 28
456 972 192 56 avril
584 972 192 56 1814.
712 972 299 56 (Fatiguée,
947 972 128 56 la
1012 972 150 56 fin
1097 972 128 56 de
1161 972 150 56 six
1247 972 214 56 lignes
1375 972 128 56 man-

-42 1023 1388 73 que).
883 1023 771 73 6
1037 1023 463 73 »

137 1065 277 68 Jusqu’ici
349 1065 128 68 il
413 1065 191 68 s’est
541 1065 255 68 acquitté
732 1065 170 68 avec
839 1065 191 68 assez
966 1065 128 68 de
1030 1065 234 68 bonheur
1200 1065 128 68 de
1264 1065 128 68 sa
1307 1065 191 68 mission

90 1114 316 58 délicate;
333 1114 267 58 «Faites
527 1114 170 58 des
624 1114 194 58 vœux
746 1114 194 58 avec
867 1114 194 58 tous
989 1114 170 58 mes
1086 1114 194 58 amis
1207 1114 194 58 pour
1329 1114 170 58 que
1402 1114 97 58 je

88 1160 282 61 «puisse
293 1160 282 61 achever
498 1160 154 61 de
575 1160 231 61 même;
729 1160 154 61 je
806 1160 154 61 ne
882 1160 256 61 manque
1062 1160 179 61 pas
1164 1160 154 61 de
1241 1160 231 61 bonne
1369 1160 128 61 vo-

94 1209 115 71 «
140 1209 275 71 lonté...
323 1209 69 71 »

47 1226 199 89 5262.
179 1226 353 89 Camus
466 1226 441 89 (Armand-Gaston),
841 1226 265 89 ministre
1040 1226 154 89 des
1128 1226 287 89 finances,
1327 1226 176 89 membre

91 1308 132 61 de
157 1308 331 61 l’Institut.
422 1308 132 61 L.
488 1308 176 61 aut.
598 1308 198 61 sig.,
730 1308 110 61 à
774 1308 243 61 Laporte
951 1308 132 61 du
1017 1308 220 61 Theil.
1171 1308 220 61 Paris,
1326 1308 132 61 12
1370 1308 132 61 mars

57 1357 520 63 1789.
404 1357 289 63 2
519 1357 347 63 p.
693 1357 404 63 pl.
924 1357 520 63 in-4.
1270 1357 289 63 5
1328 1357 173 63 »

144 1395 458 60 Ecclaircissements
537 1395 153 60 sur
624 1395 240 60 Bernard
799 1395 131 60 de
842 1395 175 60 Pavie.

50 1436 192 79 5263.
178 1436 492 79 Castelcicala
605 1436 150 79 (D.
691 1436 427 79 Fabbricio-Ruffo,
1054 1436 214 79 prince
1204 1436 171 79 de),
1289 1436 214 79 ministre

94 1495 335 53 Napolitain,
362 1495 357 53 ambassadeur.
652 1495 134 53 L.
719 1495 179 53 aut.
830 1495 201 53 sig.,
964 1495 134 53 au
1031 1495 156 53 duc
1121 1495 290 53 d’Aumont.
1321 1495 179 53 Paris,

67 1545 298 54 23
216 1545 347 54 mai
415 1545 446 54 1816.
712 1545 248 54 1
812 1545 298 54 p.
960 1545 446 54 in-4.
1258 1545 248 54 2
1308 1545 198 54 50

49 1579 198 80 5264.
181 1579 484 80 Castlereagh
599 1579 242 80 (Robert
775 1579 264 80 Stewart,
973 1579 242 80 marquis
1149 1579 132 80 de
1193 1579 308 80 Londonderry,

94 1637 273 66 vicomte),
304 1637 252 66 ministre
493 1637 252 66 anglais.
682 1637 147 66 Fin
766 1637 126 66 de
830 1637 210 66 lettre
977 1637 168 66 sig.
1082 1637 147 66 (en
1166 1637 252 66 anglais)
1355 1637 126 66 au
1397 1637 105 66 duc

94 1684 132 63 de
160 1684 241 63 Guiche.
336 1684 241 63 Demi-p.
511 1684 176 63 in-4
621 1684 307 63 (déchirure
862 1684 132 63 au
928 1684 263 63 milieu).
1126 1684 110 63 —
1170 1684 176 63 PEEL
1258 1684 241 63 (Robert).

84 1733 439 56 Enveloppe
422 1733 202 56 de
523 1733 337 56 lettre
759 1733 270 56 aut.
928 1733 270 56 sig.
1096 1733 371 56 Cachet.
1366 1733 169 56 5
1400 1733 101 56 »

50 1764 189 81 5265.
176 1764 419 81 Chevalier
532 1764 273 81 (Michel),
742 1764 398 81 saint-simonien,
1078 1764 315 81 économiste.
1329 1764 126 81 L.
1371 1764 126 81 aut.

97 1829 168 55 sig.
202 1829 210 55 Paris,
349 1829 105 55 2
391 1829 168 55 août
495 1829 189 55 1836.
621 1829 105 55 1
663 1829 147 55 gr.
747 1829 126 55 p.
810 1829 147 55 pl.
894 1829 189 55 in-4.
1020 1829 105 55 —
1062 1829 189 55 Plus,
1187 1829 147 55 une
1250 1829 252 55 circulaire

94 1879 264 60 imprimée
292 1879 308 60 concernant
533 1879 132 60 la
599 1879 264 60 Religion
797 1879 461 60 saint-simonienne.
1192 1879 132 60 12
1258 1879 176 60 mars
1346 1879 154 60 1832.

18 1921 496 59 1
216 1921 595 59 p.
514 1921 991 59 in-4.3
1108 1921 397 59 50

50 1955 187 96 5266.
175 1955 415 96 Cicognara
528 1955 145 96 (le
611 1955 187 96 comte
735 1955 270 96 Léopold),
943 1955 270 96 président
1150 1955 125 96 de
1212 1955 291 96 l’Académie
1420 1955 83 96 de

98 2019 211 55 Venise,
251 2019 192 55 auteur
385 2019 115 55 de
443 2019 326 55 l'Histoire
711 2019 115 55 de
769 2019 115 55 la
826 2019 249 55 sculpture
1018 2019 115 55 en
1075 2019 326 55 Italie..
1344 2019 115 55 L.
1382 2019 115 55 aut.

94 2070 194 65 sig.,
224 2070 108 65 à
267 2070 151 65 Son
353 2070 366 65 Excellence...
654 2070 237 65 Venise,
827 2070 108 65 6
870 2070 237 65 février
1042 2070 194 65 1825.
1171 2070 108 65 2
1214 2070 129 65 p.
1279 2070 151 65 pl.
1343 2070 151 65 in

33 2120 1389 54 Intéressante.
1177 2120 409 54 3
1259 2120 245 54 »

48 2147 215 69 5267.
191 2147 692 69 Clermont-Tonnerre,
812 2147 310 69 cardinal,
1051 2147 334 69 archevêque
1313 2147 143 69 de
1361 2147 143 69 Tou

95 2195 227 73 louse.
254 2195 136 73 L.
322 2195 182 73 aut.
436 2195 204 73 sig.,
572 2195 136 73 au
640 2195 204 73 baron
776 2195 136 73 de
844 2195 136 73 La
912 2195 340 73 Bouillerie.
1184 2195 227 73 Paris,
1343 2195 136 73 15
1389 2195 113 73 mai

68 2255 462 70 1827.
375 2255 256 70 1
478 2255 359 70 gr.
683 2255 308 70 p.
837 2255 564 70 in-fol.
1248 2255 256 70 2
1299 2255 205 70 50

53 2301 184 59 5268.
175 2301 389 59 Collins,
503 2301 245 59 libraire
687 2301 102 59 à
728 2301 245 59 Londres.
912 2301 123 59 L.
973 2301 164 59 aut.
1075 2301 164 59 sig.
1178 2301 143 59 (en
1260 2301 266 59 anglais),
1444 2301 61 59 à

86 2340 203 68 M.
188 2340 338 68 Firmin
424 2340 338 68 Didot.
661 2340 406 68 Londres.
965 2340 169 68 1
1033 2340 203 68 p.
1134 2340 304 68 in-8.
1337 2340 169 68 1
1371 2340 135 68 50

51 2405 198 74 5269.
183 2405 330 74 Constant
448 2405 132 74 de
514 2405 352 74 Rebecque
800 2405 330 74 (Benjamin),
1064 2405 242 74 député,
1219 2405 286 74 publiciste.

104 2442 122 67 L.
165 2442 122 67 a.
226 2442 142 67 s.,
307 2442 102 67 à
347 2442 122 67 M.
408 2442 122 67 le
469 2442 325 67 Président...
733 2442 203 67 Paris,
875 2442 122 67 16
936 2442 183 67 avril
1058 2442 183 67 1824.
1180 2442 102 67 1
1221 2442 122 67 p.
1282 2442 183 67 in-4.
1403 2442 102 67 2
1424 2442 81 67 50

150 2485 127 68 Au
213 2485 191 68 sujet
341 2485 148 68 des
425 2485 233 68 preuves
595 2485 191 68 qu’il
722 2485 170 68 veut
828 2485 191 68 faire
956 2485 127 68 de
1019 2485 127 68 sa
1083 2485 233 68 qualité
1253 2485 127 68 de
1295 2485 212 68 Français

96 2539 189 74 pour
214 2539 189 74 être
333 2539 213 74 admis
474 2539 213 74 comme
592 2539 213 74 député.

55 2570 187 78 5270.
180 2570 373 78 Coullet
490 2570 228 78 (Paul),
656 2570 249 78 ministre
843 2570 124 78 de
905 2570 290 78 Montauban,
1133 2570 104 78 3
1174 2570 124 78 L.
1237 2570 166 78 aut,
1340 2570 187 78 sig.,
1444 2570 62 78 à

105 2632 193 61 Paul
226 2632 242 61 Ferry,
395 2632 121 61 à
443 2632 218 61 Metz.
588 2632 338 61 Montauban,
854 2632 290 61 novembre
1072 2632 145 61 et
1144 2632 290 61 décembre
1338 2632 169 61 1658.

96 2687 407 63 Ensemble,
409 2687 157 63 8
472 2687 188 63 p.
566 2687 251 63 in-4
722 2687 188 63 et
817 2687 345 63 in-fol.
1067 2687 376 63 Cachets.
1349 2687 188 63 10
1412 2687 94 63 »

154 2735 263 68 Louanges
352 2735 307 68 très-vives
593 2735 132 68 de
659 2735 176 68 Paul
769 2735 220 68 Ferry,
922 2735 132 68 il
988 2735 110 68 y
1032 2735 110 68 a
1076 2735 154 68 des
1164 2735 176 68 vers
1274 2735 154 68 (en
1339 2735 176 68 latin)

104 2783 157 70 par
193 2783 134 70 un
260 2783 201 70 poëte
395 2783 134 70 du
439 2783 157 70 Midi.
