1706 2959
630 39 213 98 —
716 39 256 98 44
801 39 128 98 —

68 132 159 83 5337
168 132 379 83 Johannot
487 132 219 83 (Tony),
646 132 239 83 peintre.
825 132 120 83 L.
885 132 159 83 aut.
985 132 179 83 sig.,
1104 132 100 83 à
1144 132 120 83 M.
1204 132 259 83 Duchesne,
1383 132 140 83 ainé.

68 191 347 62 1
206 191 416 62 p.
414 191 485 62 pl.
692 191 694 62 in-18.
1177 191 347 62 1
1247 191 277 62 50

69 227 184 94 5338.
192 227 349 94 Jomini
479 227 144 94 (le
561 227 267 94 général),
766 227 267 94 historien
971 227 287 94 militaire.
1196 227 123 94 L.
1258 227 164 94 aut.
1360 227 185 94 sig.,
1463 227 62 94 à

96 292 253 61 M.
222 292 632 61 Labouchère.
728 292 211 61 1
812 292 253 61 p.
939 292 295 61 pl.
1107 292 379 61 in-8.
1360 292 211 61 3
1403 292 126 61 »

68 326 188 84 5339.
193 326 438 84 Labouderie
568 326 271 84 (l’abbé),
777 326 333 84 bibliophile.
1048 326 125 84 L.
1110 326 167 84 aut.
1214 326 188 84 sig.,
1339 326 104 84 à
1381 326 125 84 M.
1423 326 104 84 Bé-

106 399 312 60 rard.
314 399 346 60 Paris,
557 399 173 60 7
626 399 277 60 août
799 399 312 60 1830.
1007 399 173 60 1
1076 399 208 60 p.
1180 399 208 60 in
1284 399 208 60 8.
1388 399 173 60 3
1422 399 104 60 »

168 425 134 73 Il
235 425 134 73 le
301 425 178 73 prie
413 425 267 73 d’agrèer
613 425 156 73 son
702 425 312 73 compliment
947 425 245 73 sincère
1125 425 178 73 pour
1237 425 134 73 le
1281 425 245 73 courageux

120 483 313 67 dévouement
366 483 201 67 qu'il
500 483 112 67 a
545 483 224 67 montré
701 483 179 67 dans
813 483 157 67 ces
903 483 403 67 circonstances,
1238 483 157 67 et.
1328 483 179 67 pour
1417 483 112 67 les

121 539 346 66 propositions
403 539 195 66 qu’il
533 539 108 66 a
576 539 260 66 soumises
771 539 108 66 à
814 539 130 66 la
879 539 238 66 chambre
1052 539 151 66 des
1138 539 260 66 députés.
1333 539 130 66 Il
1377 539 151 66 peuse

122 581 244 66 qu’elles
305 581 204 66 seront
448 581 265 66 adoptées.
651 581 143 66 «Ne
733 581 387 66 conviendrait-il
1059 581 143 66 pas
1140 581 122 66 de
1201 581 244 66 modifier
1364 581 163 66 l’art.

125 635 124 64 «6
187 635 124 64 de
249 635 124 64 la
311 635 227 64 Charte?
476 635 144 64 (La
558 635 206 64 Charte
703 635 124 64 de
764 635 186 64 1830,
888 635 268 64 surnommée
1094 635 124 64 la
1156 635 268 64 Charte
1341 635 186 64 Bé

127 681 88 62 «
163 681 282 62 rard)
392 681 106 62 Je
444 681 106 62 le
497 681 194 62 soumets
638 681 88 62 à
673 681 159 62 votre
779 681 247 62 sagesse...
955 681 53 62 »

75 736 195 60 5340.
205 736 195 60 La
335 736 325 60 Bruyère
595 736 195 60 (Jean
725 736 173 60 de),
833 736 217 60 membre
985 736 130 60 de
1050 736 303 60 l’Académie
1266 736 260 60 française.

123 781 207 68 Quitt.
268 781 166 68 sig.
372 781 166 68 (ser
475 781 311 68 parchemin),
724 781 207 68 s’gnée
869 781 186 68 aussi
993 781 145 68 par
1076 781 207 68 Louise
1220 781 124 68 de
1283 781 124 68 La
1324 781 207 68 Bruyère,

122 843 272 47 majeure,
327 843 386 47 Robert-Pierre
645 843 136 47 et
713 843 545 47 Elisabeth-Marguerite
1189 843 136 47 de
1258 843 136 47 La
1303 843 227 47 Bruyère,

123 879 308 64 émancipés,
365 879 132 64 de
431 879 132 64 la
497 879 198 64 somme
629 879 132 64 de
695 879 154 64 200
783 879 220 64 livres
938 879 176 64 pour
1048 879 132 64 le
1114 879 220 64 second
1268 879 264 64 quartier
1444 879 88 64 de

122 922 239 69 l’année
296 922 195 69 1679,
426 922 109 69 à
470 922 195 69 cause
600 922 130 69 de
665 922 174 69 huit
774 922 195 69 cents
904 922 217 69 livres
1056 922 130 69 de
1121 922 217 69 rentes
1252 922 282 69 constituées

128 968 136 58 sur
205 968 136 58 les
283 968 195 58 Aides.
420 968 195 58 Paris,
556 968 117 58 31
615 968 156 58 août
712 968 175 58 1679.
829 968 370 58 Portrait
1141 968 117 58 de
1200 968 214 58 Savart.
1356 968 97 58 —
1375 968 156 58 Notice

126 1019 277 61 imprimée.
339 1019 107 61 —
382 1019 235 61 Extrait
552 1019 128 61 du
616 1019 256 61 registre
808 1019 149 61 des
893 1019 192 61 actes
1021 1019 128 61 de
1085 1019 192 61 décès
1213 1019 128 61 de
1277 1019 128 61 la
1320 1019 213 61 paroisse

126 1067 132 60 de
192 1067 308 60 Notre-dame
434 1067 132 60 de
500 1067 330 60 Versailles,
764 1067 132 60 du
830 1067 132 60 12
895 1067 154 60 mai
983 1067 176 60 1696
1093 1067 198 60 (Jour
1225 1067 132 60 de
1291 1067 132 60 la
1357 1067 176 60 mort
1445 1067 88 60 de

86 1112 111 64 .
130 1112 134 64 La
197 1112 268 64 Bruvère)
398 1112 245 64 délivré
576 1112 134 64 le
643 1112 134 64 19
710 1112 178 64 Juin
822 1112 201 64 1833,
955 1112 134 64 et
1022 1112 290 64 légalisé.
1245 1112 111 64 —
1290 1112 134 64 LA
1334 1112 201 64 BRGYÈRE

126 1167 186 62 (Jean
250 1167 165 62 de),
353 1167 309 62 conseiller,
601 1167 289 62 secretaire
828 1167 124 62 du
890 1167 144 62 roi
972 1167 124 62 et
1034 1167 124 62 de
1096 1167 144 62 ses
1178 1167 268 62 finances.
1364 1167 165 62 Quitt.

128 1216 167 60 sig.
233 1216 167 60 (sur
337 1216 251 60 parch.).
525 1216 188 60 1660.
650 1216 104 60 —
692 1216 125 60 LA
755 1216 230 60 BRUVÈRE
922 1216 230 60 (Pierre
1089 1216 167 60 de),
1215 1216 230 60 écuyer.
1361 1216 167 60 Quitt.

126 1262 147 61 sig
210 1262 168 61 (sur
315 1262 253 61 parch.).
505 1262 126 61 25
568 1262 232 61 octobre
737 1262 190 61 1655.
863 1262 105 61 —
905 1262 147 61 Les
989 1262 316 61 autographes
1242 1262 126 61 de
1305 1262 126 61 La
1347 1262 190 61 Bruvère

83 1318 528 52 sont
413 1318 989 52 très-rares.
1204 1318 396 52 75
1336 1318 198 52 »

79 1368 199 52 5341.
211 1368 199 52 La
344 1368 265 52 Chesnaye
543 1368 331 52 Desbois
807 1368 375 52 généalogiste,
1117 1368 309 52 historien.
1359 1368 132 52 L.
1404 1368 132 52 aut.

130 1406 175 64 sig.,
246 1406 136 64 aux
324 1406 253 64 officiers
519 1406 117 64 de
578 1406 117 64 la
636 1406 273 64 librairie.
850 1406 195 64 Paris,
987 1406 117 64 23
1045 1406 175 64 avril
1162 1406 175 64 1781.
1279 1406 97 64 3
1318 1406 136 64 gr.
1396 1406 117 64 p.
1435 1406 97 64 pl.

129 1456 262 65 in-fol.
320 1456 262 65 (Rongée
510 1456 167 65 par
606 1456 334 65 l'humidité
868 1456 119 65 à
915 1456 143 65 la
987 1456 214 65 marge
1130 1456 381 65 intérieure.)
1440 1456 119 65 6
1464 1456 71 65 »

179 1505 219 61 Letire
332 1505 263 61 curieuse
529 1505 131 61 au
595 1505 197 61 sujet
726 1505 131 61 de
792 1505 131 61 la
858 1505 328 61 publication
1120 1505 153 61 des
1208 1505 263 61 êtrennes
1405 1505 131 61 de
1448 1505 88 61 la

133 1557 269 56 noblesse,
340 1557 269 56 extraites
547 1557 124 56 de
609 1557 145 56 son
692 1557 331 56 dictionnaire
961 1557 124 56 de
1023 1557 124 56 la
1085 1557 269 56 noblesse,
1271 1557 124 56 etc.

85 1600 177 74 5342.
203 1600 413 74 Lacrételle
557 1600 275 74 (Charles),
773 1600 295 74 liistorien,
1009 1600 197 74 membre
1147 1600 118 74 de
1206 1600 275 74 l'Académie
1402 1600 138 74 fran-

133 1656 204 63 çaise.
275 1656 122 63 L.
336 1656 122 63 a.
397 1656 143 63 s.,
479 1656 102 63 à
520 1656 122 63 M.
581 1656 204 63 Théry.
723 1656 122 63 24
784 1656 183 63 avril
907 1656 183 63 1824.
1029 1656 122 63 1.
1090 1656 143 63 gr.
1171 1656 122 63 p.
1232 1656 143 63 pl.
1314 1656 183 63 in-4.
1436 1656 122 63 3.
1477 1656 61 63 »

180 1693 372 77 Remerciements
487 1693 175 77 pour
596 1693 285 77 l’hommage
815 1693 263 77 touchant
1012 1693 197 77 qu’il
1143 1693 153 77 lur
1231 1693 109 77 a
1274 1693 175 77 fait
1384 1693 131 77 de
1428 1693 109 77 son

132 1749 211 68 abrègé
280 1749 127 68 de
343 1749 295 68 l’histoire
554 1749 316 68 d’Angleterre.

86 1818 179 77 3343.
206 1818 179 77 La
325 1818 299 77 Fayette
564 1818 139 77 (le
643 1818 239 77 général,
823 1818 219 77 marquis
982 1818 159 77 de).
1081 1818 119 77 L.
1141 1818 159 77 aut.
1240 1818 179 77 sig.,
1360 1818 100 77 à
1400 1818 119 77 M.
1439 1818 100 77 Bé

123 1860 289 59 rard.
316 1860 322 59 Paris,
541 1860 161 59 2
605 1860 418 59 novembre.
927 1860 161 59 1
991 1860 225 59 gr.
1120 1860 193 59 p.
1216 1860 289 59 in-4.
1409 1860 161 59 3
1442 1860 96 59 »

182 1903 218 82 Lettre
335 1903 262 82 curieuse
531 1903 131 82 au
597 1903 196 82 sujet
728 1903 131 82 de
793 1903 131 82 la
859 1903 349 82 prolongation
1142 1903 393 82 malencontreuse
1448 1903 87 82 du

129 1946 208 79 péage
267 1946 185 79 d'un
360 1946 161 79 pont.

90 1979 179 92 3344.
210 1979 358 92 Lafitie
508 1979 239 92 (Louis),
687 1979 239 92 peintre.
866 1979 119 92 L.
926 1979 159 92 aut.
1026 1979 259 92 (minute),
1225 1979 100 92 à
1264 1979 119 92 M.
1324 1979 119 92 le
1364 1979 179 92 marquis

100 2071 332 57 de
266 2071 609 57 Vibray.
708 2071 277 57 1
819 2071 332 57 p.
985 2071 498 57 in-4.
1317 2071 277 57 1
1372 2071 166 57 »

89 2092 181 87 5345.
210 2092 403 87 Lamartine
552 2092 262 87 (Alphonse
754 2092 161 87 de),
855 2092 202 87 poëte,
996 2092 322 87 littérateur.
1258 2092 121 87 L.
1318 2092 161 87 aut.
1399 2092 141 87 sig.,

135 2154 115 67 à
181 2154 138 67 M.
250 2154 231 67 Roger,
412 2154 231 67 membre
573 2154 138 67 de
642 2154 323 67 l’Académie
896 2154 323 67 française.
1150 2154 300 67 Montalos,
1381 2154 138 67 12
1427 2154 115 67 oc-

107 2204 478 74 tobre
426 2204 478 74 1829.
745 2204 266 74 3
851 2204 319 74 p.
1010 2204 478 74 in-8.
1329 2204 266 74 6
1383 2204 159 74 »

185 2241 128 71 Au
249 2241 193 71 sujet
377 2241 128 71 de
441 2241 128 71 sa
506 2241 321 71 candidature
762 2241 107 71 à
805 2241 300 71 i’Académie
1041 2241 300 71 française.
1255 2241 235 71 Curieuse.

88 2301 190 84 5346.
215 2301 380 84 Lambert
532 2301 338 84 (Sigismond),
806 2301 190 84 baron
933 2301 127 84 de
997 2301 317 84 Ossenstein,
1250 2301 275 84 intendant
1440 2301 106 84 gé

139 2357 204 60 néral
275 2357 159 60 des
366 2357 181 60 pays
479 2357 136 60 de
547 2357 136 60 la
615 2357 204 60 haute
751 2357 295 60 Amtriche,
978 2357 317 60 conseitier
1228 2357 136 60 de
1273 2357 272 60 l’empereur

142 2400 288 63 Maximifien
369 2400 144 63 il.
451 2400 123 63 L.
513 2400 165 63 sig.
616 2400 144 63 (en
698 2400 288 63 aitemand).
925 2400 123 63 30
986 2400 165 63 uéc.
1089 2400 185 63 1660.
1213 2400 103 63 1
1254 2400 123 63 p.
1316 2400 123 63 in
1377 2400 185 63 fol.5
1480 2400 62 63 »

94 2431 181 91 5347.
215 2431 403 91 Lamenvais
557 2431 201 91 (rabbé
698 2431 121 91 F.
758 2431 161 91 de),
859 2431 221 91 célèbre
1020 2431 302 91 publiciste.
1261 2431 121 91 L.
1322 2431 161 91 aut.
1402 2431 141 91 sig.,

141 2494 95 60 à
179 2494 114 60 M.
236 2494 189 60 Harel,
368 2494 189 60 auteur
501 2494 114 60 du
558 2494 246 60 Ménage
747 2494 360 60 sociétaire
1050 2494 189 60 Paris,
1183 2494 114 60 27
1240 2494 152 60 août
1335 2494 171 60 1840.
1448 2494 95 60 1
1467 2494 76 60 p.

119 2548 293 61 pl.
287 2548 377 61 in-4.
538 2548 545 61 (Tachée).
957 2548 545 61 Curieuse.
1376 2548 210 61 5
1418 2548 126 61 »

96 2582 186 82 5348.
220 2582 372 82 Langlé,
531 2582 207 82 auteur
675 2582 310 82 dramatique.
924 2582 124 82 L.
986 2582 165 82 aut.
1089 2582 186 82 sig.,
1213 2582 103 82 à
1254 2582 124 82 M.
1317 2582 124 82 Le
1358 2582 186 82 Bailly.

135 2640 169 69 28
219 2640 310 69 ventôse
445 2640 169 69 an
530 2640 197 69 XI.
642 2640 141 69 1
699 2640 169 69 p.
783 2640 197 69 pl.
896 2640 254 69 in-3.
1066 2640 423 69 Dramatique.
1404 2640 141 69 7
1432 2640 113 69 50

95 2677 181 64 5349.
216 2677 382 64 Langlois
538 2677 403 64 (Jérôme-Martin),
880 2677 221 64 peintre
1041 2677 302 64 d’histoire.
1282 2677 121 64 L.
1343 2677 161 64 aut.
1423 2677 121 64 sig»

87 2737 152 90 .
147 2737 152 90 à
208 2737 182 90 M.
299 2737 273 90 Joly.
481 2737 273 90 Patis
663 2737 182 90 10
754 2737 212 90 mai
876 2737 273 90 1827.
1058 2737 152 90 1
1118 2737 182 90 p.
1209 2737 273 90 in-8.
1391 2737 152 90 1
1422 2737 121 90 50
