1608 2995
611 79 175 90 —
646 79 175 90 445

39 160 171 86 5350.
153 160 342 86 Lantier
437 160 190 86 auteur
570 160 114 86 du
627 160 247 86 Voyage
817 160 247 86 d’Anténor
1007 160 114 86 en
1064 160 171 86 Grèce
1177 160 114 86 et
1234 160 114 86 en
1272 160 209 86 Asie

83 226 158 72 L.
162 226 211 72 aut.
294 226 237 72 sig.,
452 226 132 72 à
505 226 158 72 M.
584 226 343 72 Renouard.
848 226 290 72 Samedi.
1059 226 132 72 1
1112 226 158 72 p.
1191 226 237 72 in-8.
1349 226 132 72 1
1375 226 106 72 50

37 271 185 72 5351.
161 271 371 72 Laplace
470 271 144 72 (le
553 271 227 72 marquis
717 271 165 72 de),
821 271 268 72 géomètre,
1027 271 206 72 membre
1171 271 124 72 de
1212 271 268 72 l’Institut.

84 318 131 78 L.
150 318 174 78 aut.
258 318 196 78 sig.,
389 318 109 78 à
433 318 131 78 M.
498 318 261 78 Nicolet,
694 318 109 78 à
738 318 414 78 l’Observatoire.
1086 318 240 78 Demi-p.
1260 318 174 78 in-8
1369 318 109 78 3
1391 318 87 78 50

34 367 178 73 5352
145 367 201 73 La
279 367 201 73 Porte
413 367 134 73 Du
480 367 290 73 Theil
703 367 379 73 orientaliste,
1015 367 223 73 membre
1171 367 134 73 de
1215 367 268 73 FInstitut.

83 419 127 96 L.
146 419 169 96 aut.
252 419 190 96 sig.,
378 419 127 96 au
442 419 232 96 citoyen
611 419 274 96 Ginguené.
822 419 211 96 Paris,
969 419 106 96 8
1012 419 274 96 messidor,
1223 419 127 96 an
1286 419 148 96 VI.
1370 419 106 96 2
1392 419 84 96 p.

55 463 333 78 pl.
246 463 429 78 in-4.
532 463 810 78 Intéressante.
1198 463 286 78 3.
1294 463 190 78 50

126 509 127 65 Ne
189 509 233 65 peut-il
359 509 191 65 plus,
486 509 127 65 ou
550 509 127 65 ne
613 509 318 65 désire-t-il
867 509 170 65 plus
973 509 127 65 se
1037 509 233 65 charger
1207 509 127 65 de
1270 509 127 65 la
1312 509 170 65 rédac-

85 560 136 93 tion
170 560 153 93 du
272 560 153 93 texte
374 560 102 93 et
425 560 153 93 récit
528 560 306 93 historique
783 560 119 93 qui
851 560 136 93 doit
936 560 255 93 accompagner
1141 560 119 93 les
1192 560 289 93 Planches

86 602 145 71 du
183 602 161 71 voyage
295 602 97 71 de
327 602 242 71 Syrie?).

36 650 161 69 5353.
143 650 161 69 La
251 650 232 69 Salle
429 650 215 69 (Antoine
590 650 143 69 de),
680 650 179 69 auteur
805 650 107 69 du
858 650 268 69 Désordre
1073 650 215 69 régulier
1234 650 107 69 de
1287 650 107 69 la
1323 650 161 69 ba

82 705 243 80 lance
264 705 365 80 naturelle
568 705 284 80 traducteur
791 705 142 80 des
872 705 203 80 œuvres
1013 705 122 80 de
1074 705 182 80 Bacon
1196 705 122 80 en
1256 705 122 80 16
1297 705 182 80 volumes

77 756 188 70 in-8.
202 756 125 70 L.
265 756 188 70 sig.,
391 756 125 70 au
453 756 251 70 ministre
641 756 125 70 de
704 756 334 70 l’intérieur.
976 756 209 70 Paris,
1122 756 125 70 21
1184 756 230 70 juillet
1331 756 146 70 4817.

80 809 107 85 2
122 809 129 85 p.
187 809 257 85 in-fol.,
380 809 129 85 et
444 809 172 85 note
551 809 300 85 manuscrite
787 809 257 85 terminée
980 809 150 85 par
1066 809 129 85 M.
1130 809 300 85 Villenave.
1366 809 107 85 1
1387 809 86 85 p.

68 853 289 65 in-4.
261 853 225 65 Sur
389 853 193 65 sa
485 853 321 65 misère
710 853 193 65 et
807 853 225 65 ses
935 853 482 65 infirmités.
1320 853 161 65 2
1353 853 128 65 50

34 888 148 85 5353
127 888 278 85 bis
350 888 167 85 Le
461 888 223 85 Bion
628 888 241 85 (Joseph),
813 888 334 85 conventionnel.
1092 888 111 85 L.
1147 888 130 85 aut
1221 888 167 85 sig.,
1333 888 93 85 à
1351 888 130 85 André

73 949 276 70 Dumont.
274 949 251 70 Arras,
449 949 150 70 27
524 949 301 70 pluviôse
750 949 150 70 an
825 949 176 70 II.
925 949 276 70 Demi-p.
1126 949 226 70 in-4.
1276 949 125 70 5
1352 949 150 70 10
1402 949 75 70 »

125 985 129 74 Il
189 985 172 74 peut
296 985 150 74 lui
382 985 236 74 envoyer
554 985 172 74 tout
661 985 236 74 prévenu
833 985 322 74 quelconque,
1091 985 150 74 dès
1176 985 193 74 qu’il
1305 985 107 74 y
1327 985 150 74 join-

78 1044 149 91 dra
163 1044 149 91 les
248 1044 212 91 pièces
396 1044 233 91 propres
566 1044 106 91 à
608 1044 276 91 commencer
820 1044 382 91 l’information,
1139 1044 149 91 car
1223 1044 127 91 de
1287 1044 191 91 suite
1393 1044 85 91 il

80 1091 142 67 les
161 1091 182 67 livre
282 1091 121 67 au
323 1091 223 67 tribunal.

31 1126 186 83 5354.
155 1126 186 83 Le
279 1126 227 83 Due
445 1126 310 83 (Alphonse),
693 1126 331 83 compositeur.
961 1126 269 83 Fantaisie
1168 1126 165 83 aut.
1271 1126 165 83 sig.
1354 1126 124 83 pour

78 1204 177 44 flûte
197 1204 118 44 et
256 1204 177 44 piano
374 1204 138 44 sur
453 1204 118 44 la
512 1204 237 44 cavatine
689 1204 118 44 de
749 1204 237 44 Lucie
926 1204 118 44 de
985 1204 355 44 Lamermoor
1281 1204 118 44 10
1340 1204 118 44 p.
1379 1204 99 44 in-

-39 1248 1102 71 fol.
650 1248 689 71 3
788 1248 689 71 500

30 1290 169 78 5355.
143 1290 452 78 Lefebvre-Wély
538 1290 226 78 (Antoine
708 1290 376 78 Lefebvre
1027 1290 169 78 dit),
1140 1290 245 78 organiste
1328 1290 113 78 et
1366 1290 113 78 com

79 1353 246 63 positeur.
268 1353 170 63 Notes
382 1353 151 63 aut.
476 1353 132 63 sur
552 1353 208 63 l’opéra
703 1353 114 63 de
760 1353 114 63 la
817 1353 303 63 Jérusalem
1063 1353 303 63 délivrée
1309 1353 132 63 (de
1365 1353 114 63 Per-

45 1399 511 67 suis).
403 1399 256 67 4
505 1399 358 67 gr.
710 1399 307 67 p.
863 1399 563 67 in-fol.
1272 1399 256 67 5
1324 1399 153 67 »

28 1451 181 66 5386.
148 1451 342 66 Leverd
430 1451 181 66 (Mlle
550 1451 241 66 Emilie),
731 1451 221 66 actrice
892 1451 121 66 du
952 1451 221 66 Théâtre
1113 1451 261 66 Français.
1314 1451 121 66 L.
1354 1451 121 66 aut.

60 1499 299 74 sig.
246 1499 336 74 lundi
470 1499 373 74 matin.
732 1499 187 74 2
806 1499 224 74 p.
918 1499 261 74 pl.
1067 1499 336 74 in-8.
1291 1499 187 74 2
1329 1499 149 74 25

25 1545 181 62 5357.
146 1545 383 62 Linguet,
468 1545 201 62 avocat
609 1545 242 62 célèbre,
790 1545 302 62 littérateur
1032 1545 121 62 L.
1092 1545 161 62 aut.
1193 1545 181 62 sig.,
1314 1545 101 62 à
1334 1545 141 62 M...,

69 1598 119 60 5
117 1598 310 60 septembre
355 1598 214 60 1773.
498 1598 119 60 1
545 1598 143 60 p.
617 1598 190 60 in-4
736 1598 310 60 (fatiguée
974 1598 143 60 et
1045 1598 381 60 racommodée).
1355 1598 119 60 2
1379 1598 95 60 50

28 1648 183 58 5358.
150 1648 428 58 Lourdoueix
516 1648 183 58 (de),
638 1648 326 58 littérateur,
903 1648 305 58 publiciste.
1147 1648 122 58 L.
1208 1648 163 58 aut.
1310 1648 183 58 sig.,
1412 1648 61 58 à

77 1698 125 53 M.
140 1698 167 53 Mira
244 1698 271 53 (Brunet),
453 1698 125 53 au
515 1698 230 53 théâtre
682 1698 146 53 des
766 1698 271 53 Variétés.
974 1698 104 53 6
1016 1698 230 53 janvier
1183 1698 188 53 1822.
1287 1698 188 53 demi

-18 1745 1150 60 in-12.
902 1745 575 60 1
1017 1745 460 60 50

25 1790 195 59 5359.
155 1790 260 59 Lucas
351 1790 130 59 de
416 1790 369 59 Montigny
720 1790 304 59 conseiller
958 1790 130 59 de
1023 1790 304 59 préfecture
1262 1790 130 59 du
1305 1790 174 59 dépar

75 1843 215 55 tement
226 1843 129 55 de
291 1843 129 55 la
356 1843 215 55 Seine.
506 1843 129 55 L.
571 1843 172 55 aut.
679 1843 194 55 sig.,
808 1843 108 55 à
851 1843 129 55 M.
916 1843 215 55 Peyre,
1067 1843 215 55 neveu,
1196 1843 280 55 architecte.

60 1893 337 55 Paris,
296 1893 202 55 13
397 1893 438 55 septembre
734 1893 303 55 1810.
936 1893 168 55 1
1003 1893 202 55 p.
1104 1893 303 55 in-4.
1307 1893 168 55 2
1340 1893 135 55 50

25 1930 211 66 5360.
165 1930 375 66 Madeleine
470 1930 141 66 de
540 1930 352 66 Savoie,
822 1930 211 66 femme
962 1930 258 66 d’Anne,
1150 1930 328 66 connétable
1384 1930 94 66 de

74 1982 345 69 Montmorency.
354 1982 129 69 L.
419 1982 172 69 avec
527 1982 129 69 la
591 1982 345 69 souscription
871 1982 194 69 d’une
1000 1982 194 69 ligne
1130 1982 172 69 aut.
1237 1982 194 69 sig.,
1366 1982 108 69 à
1388 1982 86 69 M.

73 2034 128 55 le
137 2034 149 55 duc
222 2034 128 55 de
286 2034 213 55 Guise.
435 2034 298 55 Chantiily,
669 2034 149 55 1er
755 2034 149 55 mai
840 2034 192 55 1584.
968 2034 107 55 1
1010 2034 128 55 p.
1074 2034 192 55 in-4.
1202 2034 192 55 Trace
1330 2034 128 55 de
1372 2034 107 55 ca-

34 2080 540 58 chet.
394 2080 1019 58 Intéressante.
1233 2080 300 58 5
1293 2080 180 58 »

25 2133 195 57 5364.
155 2133 368 57 Marguerite
458 2133 130 57 de
523 2133 346 57 Savoie.
804 2133 130 57 L.
869 2133 195 57 sig.,
999 2133 108 57 à
1042 2133 151 57 son
1129 2133 195 57 fiis,
1259 2133 130 57 M.
1324 2133 130 57 de
1367 2133 108 57 Lu

74 2187 289 53 xembourg,
296 2187 156 53 duc
385 2187 134 53 de
452 2187 245 53 Pigney,
630 2187 134 53 15
697 2187 156 53 mai
786 2187 200 53 1587.
920 2187 111 53 1
964 2187 134 53 p.
1031 2187 245 53 in-fol.
1209 2187 156 53 (La
1298 2187 156 53 fin
1365 2187 111 53 des

71 2228 221 53 trois
219 2228 320 53 premières
465 2228 246 53 lignes
637 2228 123 53 a
687 2228 172 53 été
785 2228 246 53 rongée
957 2228 172 53 par
1056 2228 172 53 les
1154 2228 295 53 souris.)
1376 2228 123 53 5
1400 2228 74 53 »

120 2267 129 56 La
185 2267 215 56 guerre
336 2267 172 56 crie
443 2267 194 56 entre
573 2267 172 56 elle
680 2267 129 56 et
745 2267 172 56 lui.
853 2267 323 56 «Ceiourdhuy
1111 2267 258 56 monsieur
1305 2267 129 56 le
1348 2267 129 56 car-

72 2322 223 57 «dinai
228 2322 289 57 Vaudemont
450 2322 111 57 a
495 2322 200 57 passé
628 2322 156 57 par
717 2322 134 57 cy
784 2322 223 57 auquel
940 2322 134 57 je
1007 2322 134 57 me
1073 2322 178 57 suis
1185 2322 267 57 plaincte
1363 2322 111 57 des

70 2360 281 59 «troubles
286 2360 129 59 et
351 2360 302 59 fascheries
588 2360 151 59 que
675 2360 151 59 les
761 2360 281 59 chanoines
977 2360 129 59 et
1041 2360 259 59 prestres
1236 2360 129 59 de
1300 2360 129 59 ce
1344 2360 129 59 lieu

69 2411 218 67 «mont
214 2411 218 67 donné
359 2411 242 67 depuis
528 2411 169 67 vre
625 2411 315 67 partement
867 2411 242 67 lequel
1037 2411 145 67 ma
1109 2411 242 67 promis
1278 2411 145 67 de
1327 2411 145 67 m’en

72 2466 206 57 «faire
216 2466 206 57 telles
361 2466 226 57 raisons
525 2466 144 57 que
608 2466 103 57 j
649 2466 123 57 en
710 2466 185 57 aurai
834 2466 329 57 contentement
1102 2466 165 57 dont
1204 2466 123 57 je
1266 2466 165 57 suis
1349 2466 123 57 bien

69 2511 116 64 «
92 2511 326 64 résiouye...»

20 2554 187 68 5362.
145 2554 394 68 Marie-Joseph
476 2554 394 68 d’Autriche
808 2554 352 68 grand’mère
1098 2554 124 68 de
1160 2554 187 68 Louis
1264 2554 207 68 XVI

72 2602 215 52 femine
223 2602 129 52 de
288 2602 452 52 Frédéric-Augu-te,
675 2602 258 52 électeur
869 2602 129 52 de
934 2602 194 52 Saxe,
1063 2602 151 52 roi
1149 2602 129 52 de
1214 2602 258 52 Pologne.
1386 2602 86 52 L.

68 2650 178 66 aut.
179 2650 201 66 sig.,
313 2650 112 66 à
358 2650 156 66 son
447 2650 201 66 fils.
581 2650 290 66 Varsovie,
804 2650 134 66 10
871 2650 178 66 juin
982 2650 201 66 1744.
1116 2650 112 66 1
1161 2650 134 66 p.
1228 2650 201 66 in-4.
1361 2650 112 66 7
1384 2650 89 66 50

121 2691 167 58 Elle
225 2691 104 58 a
267 2691 250 58 beaucoup
454 2691 125 58 de
517 2691 229 58 plaisir
684 2691 312 58 d’apprendre
933 2691 187 58 qu’il
1058 2691 125 58 se
1121 2691 250 58 divertit
1308 2691 167 58 bien
1392 2691 83 58 et

69 2753 151 70 que
156 2753 237 70 l’étude
328 2753 194 70 n’est
458 2753 151 70 pas
544 2753 259 70 négligée
738 2753 173 70 pour
846 2753 194 70 cela.
976 2753 151 70 «Je
1062 2753 173 70 vous
1170 2753 259 70 remercie
1343 2753 129 70 d’a
