1658 3006
638 95 179 87 —
710 95 250 87 446
817 95 107 87 —

101 192 201 76 «voir
234 192 178 76 fait
346 192 201 76 votre
480 192 267 76 première
680 192 290 76 communion
903 192 111 76 à
948 192 156 76 mon
1037 192 357 76 intention...
1304 192 201 76 Assurez

99 242 203 56 «tous
235 242 158 56 vos
325 242 226 56 frères
483 242 135 56 et
551 242 203 56 sœurs
686 242 135 56 de
754 242 135 56 ma
822 242 293 56 tendresse
1025 242 316 56 maternelle.»

54 278 197 84 5363.
186 278 329 84 Mathilde
449 278 373 84 Bonaparte
756 278 176 84 (Mme
866 278 132 84 la
932 278 329 84 princesse).
1195 278 132 84 L.
1261 278 176 84 aut.
1348 278 154 84 sig.:

103 345 425 66 Mathilde
464 345 106 66 à
506 345 170 66 M...
612 345 127 66 27
676 345 170 66 août
782 345 106 66 2
825 345 127 66 p.
888 345 170 66 pet.
994 345 191 66 in-8.
1122 345 191 66 Jolie
1249 345 234 66 lettre.
1419 345 106 66 5
1440 345 64 66 »

55 379 179 75 5364.
174 379 318 75 Mayer
433 379 239 75 (Simon),
612 379 298 75 compositeur
850 379 239 75 italien.
1029 379 119 75 L.
1089 379 119 75 a.
1148 379 139 75 s.,
1228 379 139 75 (en
1287 379 219 75 italien),

101 436 138 51 au
170 436 299 51 chevalier
400 436 207 51 Paër.
538 436 276 51 Bergame.
745 436 138 51 24
814 436 161 51 mai
906 436 207 51 1836.
1044 436 115 51 1
1090 436 138 51 p.
1159 436 161 51 pl.
1251 436 207 51 in-4.
1389 436 115 51 2
1412 436 92 51 50

53 469 184 72 5365.
175 469 367 72 Melling
481 469 224 72 peintre
644 469 306 72 paysagiste.
889 469 122 72 L.
950 469 163 72 aut.
1052 469 184 72 sig.,
1175 469 122 72 au
1236 469 143 72 duc
1297 469 204 72 d’Angou

73 522 444 77 lême.
368 522 444 77 1818.
664 522 246 77 1
763 522 296 77 p.
911 522 542 77 in-fol.
1305 522 246 77 3
1354 522 148 77 »

151 574 262 89 Relative
347 574 109 89 à
391 574 131 89 la
456 574 240 89 gravure
631 574 131 89 de
696 574 153 89 ses
783 574 174 89 vues
893 574 153 89 des
980 574 262 89 châteaux
1176 574 131 89 de
1241 574 262 89 Gosfield
1416 574 87 89 et

81 608 287 82 d’Hariwell.

53 675 183 69 5366.
175 675 386 69 Mérimée,
499 675 244 69 peintre,
682 675 264 69 directeur
885 675 122 69 de
946 675 223 69 l’école
1108 675 142 69 des
1190 675 305 69 Beaux-Arts.
1413 675 81 69 L.

101 720 120 77 a.
161 720 140 77 s.,
241 720 100 77 à
281 720 120 77 M.
341 720 260 77 Duchesne,
542 720 180 77 aîné.
662 720 120 77 31
722 720 140 77 mai
802 720 180 77 1823.
922 720 100 77 1
962 720 120 77 p.
1022 720 140 77 pl.
1102 720 120 77 et
1163 720 180 77 demie
1283 720 180 77 in-4.
1403 720 100 77 3
1423 720 80 77 50

150 774 131 62 Au
216 774 196 62 sujet
346 774 131 62 de
411 774 414 62 l’élablissement
760 774 196 62 d’une
890 774 261 62 fabrique
1086 774 131 62 du
1152 774 174 62 cuir
1261 774 239 62 odorant
1413 774 87 62 de

102 819 289 72 Russie...
324 819 156 72 «On
413 819 133 72 en
480 819 245 72 emploie
658 819 178 72 déjà
769 819 111 72 à
814 819 267 72 beaucoup
1014 819 289 72 d’usages;
1236 819 178 72 mais
1347 819 133 72 il
1392 819 111 72 se-

103 878 180 55 «rait
223 878 100 55 à
263 878 240 55 désirer,
443 878 160 55 qu’à
543 878 260 55 l’exemple
743 878 140 55 des
824 878 240 55 Anglais,
1004 878 160 55 nous
1104 878 240 55 fissions
1284 878 200 55 relier
1404 878 100 55 nos

103 927 227 55 «livres
268 927 165 55 avec
371 927 144 55 des
454 927 185 55 cuirs
577 927 288 55 odorans...
804 927 124 55 Si
865 927 412 55 l’administration
1216 927 124 55 de
1277 927 124 55 la
1319 927 185 55 Biblio-

105 965 234 71 «thèque
275 965 212 71 royale
423 965 234 71 jugeait
593 965 297 71 convenable
827 965 127 71 de
890 965 191 71 faire
1018 965 212 71 relier
1166 965 127 71 en
1230 965 170 71 cuir
1315 965 191 71 odorant

103 1023 178 63 «ses
214 1023 200 63 beaux
347 1023 267 63 ouvrages
547 1023 244 63 qu’elle
725 1023 178 63 fait
836 1023 378 63 ordinairement
1147 1023 222 63 relier
1303 1023 133 63 en
1347 1023 156 63 maro-

104 1064 218 81 «quin,
257 1064 175 81 elle
366 1064 262 81 pourrait
563 1064 131 81 le
628 1064 196 81 faire
759 1064 175 81 sans
868 1064 284 81 augmenter
1087 1064 131 81 sa
1130 1064 284 81 dépense...»

54 1089 194 86 5367.
184 1089 367 86 Merle,
487 1089 216 86 auteur
638 1089 324 86 dramatique,
897 1089 173 86 mari
1005 1089 130 86 de
1070 1089 151 86 Mme
1156 1089 238 86 Dorval.
1329 1089 130 86 L.
1372 1089 130 86 aut.

105 1172 185 74 sig.,
229 1172 103 74 à
270 1172 123 74 M.
332 1172 267 74 Dormeuil.
537 1172 185 74 Lundi
661 1172 123 74 30
722 1172 185 74 mars.
846 1172 103 74 1
887 1172 123 74 p.
949 1172 144 74 pl.
1031 1172 185 74 petit
1154 1172 185 74 in-8.
1257 1172 247 74 Théâtrale,

34 1214 1199 55 Curieuse.
956 1214 553 55 41
1140 1214 369 55 50

56 1254 186 63 5368.
180 1254 352 63 Moncey
470 1254 145 63 (le
553 1254 290 63 maréchal),
781 1254 145 63 duc
863 1254 124 63 de
926 1254 310 63 Conégliano.
1174 1254 124 63 L.
1236 1254 166 63 aut.
1339 1254 186 63 sig.,
1443 1254 62 63 à

100 1307 159 54 M.
179 1307 159 54 le
259 1307 265 54 duc...
444 1307 265 54 Paris,
629 1307 159 54 17
709 1307 318 54 novembre
948 1307 239 54 1818.
1107 1307 133 54 1
1160 1307 159 54 p.
1239 1307 239 54 in-4.
1398 1307 133 54 3
1425 1307 80 54 »

155 1340 116 66 Il
213 1340 193 66 désire
348 1340 212 66 obtenir
502 1340 116 66 de
560 1340 386 66 Monsieur
888 1340 116 66 la
946 1340 174 66 grâce
1062 1340 116 66 de
1120 1340 116 66 la
1178 1340 251 66 signature
1371 1340 116 66 de
1409 1340 97 66 Son

108 1388 226 68 Altesse
273 1388 226 68 royale,
437 1388 144 68 sur
519 1388 123 68 le
580 1388 226 68 contrat
745 1388 123 68 de
806 1388 226 68 mariage
970 1388 123 68 de
1032 1388 123 68 sa
1073 1388 205 68 fille...

58 1428 197 72 5369.
189 1428 416 72 Monrose,
539 1428 219 72 auteur
693 1428 241 72 comique
868 1428 131 72 du
933 1428 459 72 Théâtre-Français.
1327 1428 131 72 L.
1371 1428 131 72 aut,

103 1495 222 60 sig.,
251 1495 123 60 à
301 1495 148 60 M.
375 1495 296 60 Duhamel.
597 1495 148 60 26
671 1495 271 60 février
868 1495 222 60 1822.
1016 1495 123 60 1
1065 1495 148 60 p.
1139 1495 173 60 pl.
1238 1495 222 60 in-8.
1386 1495 123 60 2
1410 1495 99 60 50

57 1535 204 66 5370.
193 1535 522 66 Montalembert
647 1535 159 66 (le
738 1535 204 66 comte
874 1535 181 66 de),
987 1535 181 66 pair
1101 1535 136 66 de
1169 1535 250 66 France,
1328 1535 181 66 membre

109 1592 127 51 de
172 1592 297 51 l’Académie
406 1592 297 51 française.
639 1592 127 51 L.
702 1592 170 51 aut.
808 1592 191 51 sig.,
936 1592 106 51 à
978 1592 127 51 M.
1042 1592 339 51 Klinckseick.
1317 1592 106 51 2
1360 1592 127 51 p.
1402 1592 106 51 pl.

92 1642 229 54 et
206 1642 344 54 demie
436 1642 344 54 in-8.
665 1642 764 54 Bibliographique.
1315 1642 191 54 2
1353 1642 153 54 50

61 1679 184 82 5371.
183 1679 367 82 Monteil
489 1679 388 82 (Amans-Alexis),
816 1679 286 82 historien.
1040 1679 122 82 L.
1102 1679 163 82 aut.
1204 1679 184 82 sig.,
1326 1679 102 82 à
1367 1679 143 82 MM.
1428 1679 82 82 du

110 1734 230 61 cabinet
278 1734 147 61 des
361 1734 293 61 uanuscrits
592 1734 126 61 de
654 1734 126 61 la
717 1734 335 61 bibliothèque
990 1734 126 61 du
1052 1734 168 61 roi.
1157 1734 209 61 Passy,
1304 1734 105 61 8
1325 1734 188 61 février

69 1783 540 66 1836.
429 1783 300 66 1
549 1783 360 66 p.
729 1783 420 66 pl.
969 1783 480 66 in-4
1269 1783 300 66 3
1329 1783 180 66 »

161 1821 127 77 Au
224 1821 190 77 sujet
351 1821 127 77 du
415 1821 275 77 manuscrit
626 1821 275 77 intitulé:
838 1821 233 77 Tiroirs
1007 1821 127 77 de
1070 1821 190 77 Louis
1176 1821 127 77 XIV.

61 1877 191 61 5372.
188 1877 383 61 Natoire
507 1877 298 61 (Charles),
741 1877 255 61 peintre,
932 1877 276 61 directeur
1145 1877 128 61 de
1208 1877 298 61 l’Académie
1421 1877 85 61 de

110 1926 230 58 France
271 1926 115 58 à
317 1926 207 58 Rome.
455 1926 138 58 L.
524 1926 184 58 aut.
639 1926 207 58 sig.,
777 1926 115 58 à
823 1926 138 58 M.
891 1926 299 58 Duchesne.
1121 1926 207 58 Rome,
1259 1926 138 58 17
1305 1926 207 58 octobre

88 1979 400 55 1764.
354 1979 222 55 3
443 1979 267 55 p.
577 1979 400 55 in-4.
844 1979 578 55 Curieuse.
1289 1979 222 55 8
1333 1979 178 55 50

156 2032 184 58 «...
271 2032 184 58 Nous
386 2032 299 58 attendons
616 2032 138 58 de
685 2032 184 58 pied
800 2032 207 58 ferme
938 2032 138 58 M.
1007 2032 276 58 Duchesne
1214 2032 138 58 le
1283 2032 184 58 père
1375 2032 138 58 pour

110 2075 257 63 «manger
297 2075 211 63 cette
437 2075 281 63 ancienne
648 2075 304 63 omelette,
882 2075 211 63 parmy
1022 2075 140 63 le
1093 2075 234 63 débris
1257 2075 164 63 des
1327 2075 187 63 ruines

110 2134 156 52 «du
199 2134 223 52 palais
355 2134 156 52 des
444 2134 312 52 empereurs,
689 2134 156 52 les
778 2134 156 52 œuf
868 2134 178 52 sont
979 2134 201 52 dejea
1113 2134 223 52 cassé,
1269 2134 134 52 et
1336 2134 156 52 les
1403 2134 111 52 ma-

112 2173 173 68 «nes
220 2173 129 68 de
285 2173 151 68 ses
371 2173 237 68 anciens
544 2173 281 68 souverins
760 2173 129 68 de
825 2173 281 68 lunivers,
1040 2173 302 68 voudroient
1278 2173 173 68 être
1386 2173 129 68 de
1429 2173 86 68 la

83 2221 298 57 «partie...

64 2265 179 57 5373.
183 2265 377 57 Noailles
501 2265 139 57 (le
580 2265 179 57 comte
699 2265 179 57 Juste
818 2265 159 57 de),
918 2265 159 57 pair
1017 2265 119 57 de
1076 2265 218 57 France.
1235 2265 119 57 L.
1295 2265 159 57 aut.
1374 2265 139 57 sig.,

108 2317 123 53 à
158 2317 148 53 M.
232 2317 148 53 le
306 2317 296 53 comte...
528 2317 247 53 Paris,
701 2317 123 53 4
750 2317 197 53 août
873 2317 222 53 1826.
1021 2317 123 53 2
1071 2317 148 53 p.
1145 2317 173 53 pl.
1244 2317 222 53 in-4.
1392 2317 123 53 2
1416 2317 99 53 50

164 2366 133 61 En
230 2366 221 61 faveur
385 2366 133 61 de
451 2366 133 61 M.
518 2366 243 61 Osmond,
695 2366 177 61 l’un
805 2366 155 61 des
894 2366 376 61 conservateurs
1203 2366 133 61 de
1270 2366 133 61 la
1314 2366 199 61 biblio-

117 2409 229 67 thèque
255 2409 252 67 Mazarine.

67 2450 190 79 5374.
193 2450 379 79 Oberlin
509 2450 464 79 (Jérémie-Jacques),
910 2450 337 79 archéologue.
1184 2450 126 79 L.
1247 2450 169 79 aut.
1352 2450 190 79 sig.,
1458 2450 63 79 à

117 2504 160 58 M...
217 2504 301 58 Strasbourg,
458 2504 100 58 7
498 2504 241 58 prairial
679 2504 120 58 an
739 2504 181 58 VIII.
859 2504 100 58 1
899 2504 120 58 p.
959 2504 140 58 pl.
1040 2504 181 58 in-4.
1160 2504 341 58 Portr
1441 2504 100 58 3
1461 2504 60 58 »

162 2546 138 63 Au
231 2546 207 63 sujet
369 2546 138 63 de
438 2546 161 63 son
530 2546 253 63 mémoire
714 2546 161 63 sur
806 2546 138 63 la
874 2546 253 63 hauteur
1058 2546 138 63 de
1127 2546 138 63 la
1196 2546 322 63 cathédrale
1426 2546 92 63 de

114 2599 332 67 Strasbourg,
357 2599 133 67 etc.

68 2637 184 69 5375.
190 2637 368 69 Orléans
497 2637 287 69 (Françoise
723 2637 164 69 d’),
825 2637 266 69 princesse
1030 2637 123 69 de
1091 2637 205 69 Condé.
1234 2637 164 69 Acte
1316 2637 205 69 notarié,

97 2700 316 47 sig.
295 2700 237 47 15
414 2700 316 47 mars
611 2700 356 47 1600.
848 2700 198 47 2
927 2700 237 47 p.
1046 2700 435 47 in-fol.
1362 2700 198 47 2
1401 2700 119 47 »

68 2745 192 60 5376.
196 2745 385 60 Orléans
516 2745 278 60 (Philippe
730 2745 171 60 d’),
837 2745 214 60 régent
987 2745 128 60 de
1051 2745 235 60 France.
1222 2745 128 60 1°
1265 2745 256 60 Ordonnance

115 2791 165 66 sig.
219 2791 124 66 de
281 2791 165 66 2029
384 2791 227 66 livres.
549 2791 207 66 Paris,
694 2791 145 66 1er
777 2791 186 66 avril
901 2791 186 66 1719.
1025 2791 124 66 1.
1087 2791 124 66 p.
1149 2791 186 66 in-4.
1273 2791 103 66 —
1314 2791 186 66 Trois
1418 2791 103 66 li
