1747 2945
678 52 182 93 —
750 52 255 93 441
860 52 109 93 —

159 136 172 112 gnes
267 136 129 112 et
332 136 280 112 plusieurs
547 136 172 112 mots
655 136 172 112 aut.
762 136 172 112 sig.
870 136 129 112 de
935 136 151 112 ses
1021 136 280 112 initiales
1236 136 129 112 en
1301 136 194 112 marge
1430 136 129 112 et
1473 136 86 112 au

150 199 214 77 bas
273 199 245 77 d’un
426 199 337 77 placet.
671 199 184 77 28
763 199 245 77 juin
916 199 276 77 1718.
1100 199 153 77 1
1161 199 184 77 p.
1253 199 276 77 in-4.
1437 199 153 77 5
1467 199 92 77 »

112 224 161 115 5377.
219 224 322 115 Orléans
488 224 465 115 (Louis-Philippe-Joseph
899 224 143 115 d’),
988 224 125 115 dit
1060 224 340 115 Egalité
1328 224 232 115 Déclaration

158 292 145 77 de
230 292 265 77 finance
423 292 193 77 sig.
544 292 241 77 Paris,
712 292 145 77 23
785 292 193 77 août
905 292 217 77 1786.
1050 292 121 77 1
1098 292 145 77 p.
1170 292 169 77 pl.
1267 292 265 77 in-fol.
1460 292 121 77 5
1484 292 72 77 »

112 321 192 105 5378.
240 321 341 105 Patin
517 321 213 105 membre
666 321 128 105 de
730 321 298 105 l’Académie
964 321 298 105 française.
1199 321 128 105 1°
1263 321 256 105 Discours
1433 321 128 105 pro

158 390 188 68 noncé
284 390 146 68 aux
367 390 314 68 funérailles
618 390 125 68 de
681 390 125 68 M.
744 390 251 68 Ancelot.
932 390 167 68 Aut.
1036 390 105 68 6
1078 390 125 68 p.
1141 390 146 68 pl.
1224 390 188 68 in-4.
1350 390 105 68 —
1392 390 125 68 2°
1434 390 125 68 Cer-

152 434 329 75 tificat
391 434 358 75 d’études
660 434 239 75 aut.
809 434 239 75 sig.
959 434 269 75 1820.
1138 434 149 75 1
1198 434 179 75 p.
1287 434 239 75 in-8
1437 434 149 75 5
1466 434 90 75 »

110 465 178 98 5379.
229 465 317 98 Petit
487 465 139 98 (le
566 465 238 98 général,
744 465 218 98 baron),
902 465 178 98 connu
1021 465 139 98 par
1100 465 139 98 les
1180 465 198 98 adieux
1318 465 119 98 de
1358 465 198 98 Napoléon

161 527 104 96 à
203 527 375 96 Fontainebleau.
515 527 125 96 L.
578 527 167 96 aut.
682 527 187 96 sig.,
807 527 104 96 à
848 527 125 96 M.
911 527 312 96 l’intendant
1160 527 271 96 Baradère.
1348 527 208 96 Bourges,

151 575 187 89 23
244 575 250 89 août
401 575 281 89 1830.
588 575 156 89 2
650 575 187 89 gr
744 575 187 89 p.
838 575 219 89 pl.
963 575 281 89 in-4.
1150 575 375 89 Curieuse
1431 575 156 89 5
1462 575 94 89 »

109 615 178 93 5380.
228 615 317 93 Piron
486 615 258 93 (Alexis),
684 615 178 93 poëte
803 615 119 93 et
862 615 198 93 auteur
1001 615 297 93 dramatique.
1239 615 119 93 L.
1298 615 178 93 aut.,
1417 615 99 93 à
1437 615 119 93 Mlle

158 676 131 60 de
224 676 153 60 Bar
311 676 153 60 (sa
398 676 240 60 femme).
573 676 306 60 Bruxelles,
813 676 131 60 ce
879 676 197 60 lundi
1010 676 197 60 soir.
1141 676 109 60 3
1185 676 131 60 p.
1250 676 153 60 gr.
1338 676 197 60 in-4.
1447 676 109 60 Ca-

126 733 423 60 chet
391 733 317 60 en
549 733 529 60 partie
919 733 529 60 brisé.
1290 733 317 60 25
1395 733 159 60 5

208 769 211 81 Lettre
356 769 401 81 très-plaisante.
693 769 127 81 Il
756 769 105 81 y
799 769 169 81 rend
904 769 211 81 compte
1052 769 169 81 d’un
1157 769 211 81 voyage
1305 769 190 81 qu’il
1431 769 148 81 fit
1495 769 63 81 à

158 811 292 77 Bruxelles,
388 811 125 77 en
450 811 188 77 1740,
575 811 125 77 et
638 811 125 77 où
701 811 125 77 il
763 811 188 77 entra
888 811 125 77 en
951 811 271 77 triomphe,
1160 811 188 77 jambe
1285 811 125 77 de
1347 811 146 77 ci,
1410 811 146 77 jambe

158 872 127 74 de
221 872 148 74 là,
306 872 148 74 sur
391 872 127 74 le
454 872 191 74 timon
581 872 127 74 de
645 872 127 74 sa
708 872 212 74 chaise
856 872 275 74 roulante,
1068 872 127 74 et
1132 872 233 74 précédé
1301 872 191 74 d’une
1407 872 148 74 vache

157 913 252 77 blanche
340 913 275 77 fianquée
546 913 137 77 de
615 913 183 77 deux
730 913 252 77 chevaux
913 913 275 77 noirs...
1119 913 298 77 «Voltaire
1348 913 160 77 est
1417 913 137 77 icy,

156 965 194 56 «mais
286 965 129 56 je
350 965 129 56 ne
415 965 215 56 l’iray
566 965 151 56 pas
652 965 172 56 voir
760 965 172 56 pour
868 965 129 56 de
932 965 215 56 bonnes
1083 965 237 56 raisons
1255 965 151 56 que
1342 965 172 56 vous
1428 965 129 56 sau-

156 1022 180 61 «rez
269 1022 158 61 une
359 1022 203 61 autre
495 1022 180 61 fois
608 1022 135 61 et
675 1022 158 61 que
765 1022 180 61 vous
878 1022 361 61 approuverez.
1172 1022 271 61 Rousseau
1352 1022 203 61 (J.

159 1058 162 65 «n’y
260 1058 142 65 est
341 1058 162 65 pas;
442 1058 121 65 il
503 1058 142 65 est
583 1058 101 65 à
624 1058 121 65 La
685 1058 162 65 Haye
786 1058 202 65 depuis
927 1058 142 65 que
1008 1058 243 65 Voltaire
1190 1058 142 65 est
1271 1058 101 65 à
1291 1058 263 65 Bruxelles.»

108 1091 192 78 5381.
235 1091 341 78 Piron
512 1091 192 78 (Mlle
640 1091 128 78 de
704 1091 170 78 Bar,
811 1091 192 78 femme
938 1091 170 78 de),
1045 1091 256 78 lectrice
1237 1091 128 78 de
1300 1091 149 78 Mme
1386 1091 128 78 la
1428 1091 128 78 mar

156 1152 207 61 quise
294 1152 138 61 de
363 1152 275 61 Mimeure.
569 1152 138 61 L.
638 1152 207 61 aut.,
776 1152 115 61 à
822 1152 230 61 Piron,
982 1152 138 61 au
1051 1152 252 61 château
1235 1152 138 61 de
1304 1152 230 61 Livry,
1441 1152 115 61 par

155 1201 215 57 Bondy.
306 1201 129 57 Ce
371 1201 259 57 mercredi
565 1201 194 57 soir.
694 1201 108 57 2
737 1201 129 57 p.
802 1201 151 57 pl.
888 1201 194 57 in-4.
1017 1201 237 57 Cachet.
1190 1201 259 57 Cnrieuse
1384 1201 129 57 et
1427 1201 129 57 amu-

50 1253 1254 52 sante.
927 1253 752 52 10
1178 1253 376 52 »

103 1279 195 92 5382.
234 1279 456 92 Pont-Carré
624 1279 499 92 (Jean-Baptiste-Elie
1059 1279 130 92 de
1124 1279 239 92 Viarmes
1297 1279 174 92 de),
1384 1279 174 92 prévôt

155 1348 149 66 des
240 1348 276 66 marchands
452 1348 127 66 de
516 1348 127 66 la
579 1348 191 66 ville
707 1348 127 66 de
770 1348 212 66 Paris.
919 1348 127 66 1°
983 1348 127 66 L.
1046 1348 170 66 aut.
1153 1348 170 66 sig.
1259 1348 212 66 Paris,
1407 1348 127 66 14
1450 1348 106 66 mai

155 1387 197 66 1763.
286 1387 109 66 1
330 1387 131 66 p.
396 1387 197 66 in-8.
527 1387 109 66 —
570 1387 131 66 2°
636 1387 197 66 Notes
767 1387 175 66 aut.
876 1387 131 66 au
942 1387 153 66 bas
1029 1387 131 66 de
1095 1387 131 66 la
1161 1387 219 66 minute
1314 1387 197 66 d’une
1423 1387 131 66 per-

155 1441 237 59 mission
328 1441 172 59 pour
435 1441 237 59 obtenir
607 1441 151 59 une
693 1441 237 59 clôture
866 1441 151 59 sur
952 1441 129 59 la
1016 1441 194 59 berge
1145 1441 129 59 de
1210 1441 129 59 la
1274 1441 237 59 rivière
1425 1441 129 59 pour

141 1489 197 65 la
240 1489 263 65 fête
404 1489 197 65 du
503 1489 197 65 22
601 1489 263 65 juin
765 1489 296 65 1763.
963 1489 164 65 2
1028 1489 197 65 p.
1127 1489 361 65 in-fol.
1390 1489 164 65 3
1423 1489 131 65 50

104 1527 192 87 5383.
232 1527 342 87 Pradt
510 1527 192 87 (Dom.
638 1527 171 87 de),
745 1527 299 87 archevêque
980 1527 128 87 de
1044 1527 256 87 Malines,
1236 1527 235 87 d’abord
1386 1527 171 87 évêque

154 1581 118 61 de
213 1581 256 61 Poitiers,
411 1581 296 61 publiciste.
647 1581 118 61 L.
707 1581 158 61 aut.
805 1581 178 61 sig.,
924 1581 99 61 à
963 1581 118 61 M.
1022 1581 118 61 le
1082 1581 217 61 préfet.
1239 1581 256 61 Poitiers,
1437 1581 99 61 9
1456 1581 99 61 dé-

131 1632 418 47 cembre
424 1632 377 47 1806.
675 1632 251 47 1.
801 1632 251 47 p.
926 1632 293 47 pl.
1094 1632 377 47 in-4.
1345 1632 209 47 2
1387 1632 167 47 50

105 1664 192 82 5384.
233 1664 576 82 Praslin-Choiseul
745 1664 149 82 (le
830 1664 149 82 duc
915 1664 171 82 de),
1022 1664 171 82 pair
1128 1664 128 82 de
1192 1664 235 82 France,
1342 1664 213 82 assassin

150 1731 124 55 de
212 1731 124 55 sa
274 1731 206 55 femme.
419 1731 206 55 Billet
563 1731 165 55 aut.
666 1731 124 55 (à
728 1731 124 55 la
790 1731 268 55 troisième
997 1731 289 55 personne),
1224 1731 144 55 par
1306 1731 206 55 lequel
1451 1731 124 55 il
1492 1731 62 55 a

150 1776 227 52 besoin
309 1776 136 52 de
377 1776 181 52 cent
490 1776 204 52 mille
626 1776 227 52 francs
785 1776 181 52 pour
898 1776 181 52 cinq
1011 1776 181 52 ans.
1125 1776 113 52 1
1170 1776 136 52 p.
1238 1776 227 52 in-12.
1396 1776 113 52 —
1419 1776 136 52 LUZY

151 1829 189 50 (Mlle
277 1829 168 50 de),
382 1829 336 50 institutrice
655 1829 147 50 des
739 1829 231 50 enfants
907 1829 126 50 du
970 1829 147 50 duc
1054 1829 126 50 de
1117 1829 252 50 Praslin.
1306 1829 126 50 L.
1369 1829 189 50 aut.,
1474 1829 84 50 et

149 1866 173 61 sig.
258 1866 152 61 par
344 1866 130 61 sa
409 1866 195 61 mère,
539 1866 108 61 à
583 1866 130 61 M.
648 1866 260 61 Lambert.
843 1866 325 61 Seinc-Port,
1103 1866 130 61 22
1168 1866 152 61 mai
1255 1866 195 61 1835.
1385 1866 108 61 1
1428 1866 130 61 p.
1471 1866 87 61 et

80 1924 829 48 demie
632 1924 829 48 in-8.
1185 1924 460 48 6
1277 1924 276 48 »

104 1954 166 92 5385
208 1954 393 92 Quinault
539 1954 331 92 (Françoise),
808 1954 228 92 célèbre
974 1954 228 92 actrice
1140 1954 124 92 de
1202 1954 124 92 la
1264 1954 228 92 Comédie
1409 1954 145 92 fran-

152 2025 222 55 çaise.
307 2025 133 55 L.
374 2025 200 55 aut.,
508 2025 111 55 à
552 2025 222 55 Piron.
708 2025 111 55 3
752 2025 156 55 gr.
841 2025 133 55 p.
908 2025 156 55 pl.
997 2025 200 55 in-4.
1130 2025 378 55 Intéressante.
1442 2025 133 55 15
1486 2025 67 55 »

196 2057 165 58 Elle
299 2057 144 58 lui
382 2057 206 58 permet
526 2057 123 58 de
587 2057 247 58 déplaire
772 2057 123 58 en
834 2057 144 58 son
916 2057 247 58 absence,
1101 2057 123 58 et
1163 2057 165 58 elle
1266 2057 144 58 lui
1328 2057 226 58 conseille

146 2098 182 62 même
260 2098 136 62 de
328 2098 363 62 s’ennuyer...
623 2098 159 62 «Ha
714 2098 159 62 que
804 2098 136 62 je
872 2098 272 62 uousdrai
1077 2098 182 62 bien
1190 2098 204 62 faire
1326 2098 136 62 ce
1394 2098 159 62 que
1462 2098 91 62 je

153 2158 328 67 «uousdrois,
416 2158 372 67 fontainebleau
722 2158 153 67 est
810 2158 241 67 deuenué
985 2158 197 67 d’une
1116 2158 241 67 impiété
1291 2158 263 67 horrible
1466 2158 88 67 je

148 2208 164 58 «ne
241 2208 187 58 puis
358 2208 281 58 entendre
569 2208 281 58 prononcé
780 2208 140 58 ce
850 2208 164 58 mot
943 2208 187 58 sans
1060 2208 257 58 horreur
1248 2208 140 58 et
1318 2208 211 58 diste
1435 2208 117 58 moy

149 2261 105 57 »
191 2261 168 57 pour
296 2261 189 57 quoy,
422 2261 147 57 jen
506 2261 126 57 ai
569 2261 126 57 la
632 2261 252 57 migraine
821 2261 126 57 ce
883 2261 189 57 n’est
1009 2261 147 57 pas
1093 2261 126 57 la
1156 2261 252 57 migraine
1345 2261 147 57 qui
1408 2261 147 57 tombe

147 2315 173 46 «sur
255 2315 130 46 le
320 2315 173 46 cœur
428 2315 173 46 cest
536 2315 130 46 le
601 2315 151 46 mal
688 2315 130 46 de
752 2315 173 46 cœur
861 2315 151 46 qui
947 2315 194 46 m’est
1077 2315 194 46 tombé
1206 2315 151 46 sur
1293 2315 130 46 la
1336 2315 216 46 tête...»

151 2342 173 65 Elle
259 2342 151 65 est
346 2342 194 65 assez
475 2342 129 65 de
540 2342 216 65 l’avis
691 2342 151 65 des
777 2342 173 65 vers
885 2342 129 65 de
949 2342 129 65 sa
1014 2342 280 65 jeunesse,
1230 2342 173 65 mais
1337 2342 173 65 elle
1424 2342 129 65 aime

147 2400 193 50 mieux
275 2400 171 50 ceux
382 2400 128 50 de
446 2400 128 50 sa
489 2400 300 50 viellesse...

101 2415 174 107 5386.
217 2415 329 107 Rask,
487 2415 271 107 philologue
700 2415 213 107 danois.
855 2415 116 107 L.
913 2415 155 107 aut.
1010 2415 155 107 sig.
1106 2415 135 107 (en
1184 2415 232 107 danois),
1358 2415 97 107 à
1396 2415 116 107 M.
1435 2415 116 107 Mag.

132 2489 439 59 Abrahams.
470 2489 236 59 Kh.
605 2489 169 59 5
673 2489 270 59 juin
842 2489 304 59 1829.
1044 2489 169 59 1
1112 2489 203 59 p.
1213 2489 304 59 in-4.
1416 2489 169 59 3
1450 2489 101 59 »

98 2525 179 85 5387.
218 2525 338 85 Révoil
496 2525 259 85 (Pierre),
695 2525 219 85 peintre
854 2525 279 85 d’histoire
1073 2525 119 85 et
1133 2525 119 85 de
1193 2525 199 85 genre.
1332 2525 119 85 Né
1392 2525 100 85 à
1412 2525 139 85 Lyon.

146 2587 128 61 L.
210 2587 128 61 a.
273 2587 149 61 s.,
358 2587 106 61 à
401 2587 128 61 M.
465 2587 128 61 de
529 2587 191 61 Vèze.
656 2587 255 61 Vendredi
848 2587 106 61 2
890 2587 128 61 p.
954 2587 149 61 pl.
1039 2587 191 61 in-4.
1167 2587 362 61 Intéressante.
1465 2587 106 61 3
1486 2587 64 61 »

96 2633 187 73 5388.
221 2633 540 73 Robert-Lefèvre,
699 2633 229 73 peintre
865 2633 291 73 d'histoire
1094 2633 125 73 et
1156 2633 125 73 de
1218 2633 291 73 portraits.
1447 2633 125 73 Né
1489 2633 62 73 à

143 2679 228 57 Bayeux.
309 2679 124 57 L.
371 2679 166 57 aut.
475 2679 187 57 sig.,
599 2679 104 57 à
641 2679 124 57 M.
703 2679 124 57 de
765 2679 187 57 Vèze.
890 2679 124 57 Ce
952 2679 207 57 jeudi.
1097 2679 166 57 Pet.
1201 2679 166 57 page
1304 2679 207 57 in-18.
1449 2679 104 57 1
1470 2679 83 57 50

97 2710 184 93 5389.
219 2710 451 93 Robespierre
609 2710 471 93 (Maximilien-Isidore
1018 2710 164 93 de),
1121 2710 205 93 avocat
1264 2710 102 93 à
1305 2710 205 93 Arras,
1428 2710 123 93 lit
