1582 2966
87 153 276 83 térateur,
299 153 382 83 conventionnel.
617 153 127 83 Sa
681 153 276 83 signature
893 153 127 83 et
957 153 191 83 celle
1084 153 127 83 de
1148 153 233 83 Prieur,
1296 153 191 83 Billaud

84 227 250 67 Varenne
266 227 136 67 et
334 227 476 67 Collot-d’Herbois,
742 227 204 67 comme
878 227 250 67 membres
1060 227 136 67 du
1128 227 227 67 Comité
1287 227 136 67 de
1332 227 159 67 salut

89 291 244 62 public,
266 291 133 62 au
333 291 155 62 bas
422 291 178 62 d’un
533 291 178 62 état
644 291 133 62 de
710 291 244 62 demande
888 291 133 62 de
954 291 289 62 munitions
1154 291 333 62 d’artillerie.

66 324 237 53 28
185 324 435 53 floréal
501 324 237 53 an
620 324 277 53 II.
778 324 198 53 1
857 324 237 53 p.
976 324 435 53 in-fol.
1292 324 237 53 20
1371 324 119 53 »

45 358 186 66 5390.
169 358 351 66 Ronsin
458 358 475 66 (Charles-Philippe),
871 358 206 66 poëte,
1015 358 206 66 auteur
1160 358 310 66 dramatique,
1387 358 103 66 gé-

90 417 180 72 néral
210 417 120 72 de
270 417 220 72 l’armée
430 417 400 72 révolutionnaire.
770 417 120 72 L.
830 417 160 72 aut.
930 417 180 72 sig.,
1050 417 100 72 à
1090 417 320 72 Robespierre.
1330 417 160 72 Paris,

75 472 207 52 13
179 472 449 52 septembre
525 472 207 52 an
629 472 277 52 Ier.
802 472 173 52 1
871 472 207 52 p.
974 472 242 52 pl.
1113 472 311 52 in-4.
1320 472 173 52 7
1355 472 138 52 50

140 490 129 78 Pe
204 490 172 78 bons
311 490 300 78 patriotes,
547 490 129 78 et
611 490 429 78 particulièrement
976 490 129 78 M.
1041 490 236 78 Danton,
1212 490 150 78 ont
1276 490 215 78 témoigné

89 555 136 63 de
157 555 136 63 le
225 555 181 63 voir
338 555 226 63 nommer
497 555 226 63 député
655 555 113 63 à
700 555 136 63 la
768 555 339 63 Convention;
1040 555 136 63 et
1107 555 204 63 c’est
1243 555 181 63 bien
1334 555 158 63 moins

88 613 200 89 qu’en
221 613 200 89 hemme
354 613 133 89 de
421 613 244 89 lettres
599 613 200 89 qu’en
732 613 422 89 révolutionnaire
1088 613 200 89 qu’il
1221 613 244 89 réclame
1377 613 111 89 son

70 659 268 61 suffrage...

43 684 195 76 5391.
173 684 433 76 Roosmalen
542 684 152 76 (A.
628 684 173 76 V.),
737 684 217 76 auteur
888 684 325 76 dramatique.
1148 684 130 76 L.
1213 684 173 76 aut.
1322 684 195 76 sig.,
1430 684 65 76 à

81 757 169 47 M.
165 757 169 47 de
250 757 452 47 Montferrand,
617 757 141 47 7
673 757 310 47 juillet
899 757 254 47 1835.
1069 757 141 47 1
1125 757 169 47 p.
1210 757 254 47 in-8.
1379 757 141 47 1
1407 757 85 47 »

38 779 201 85 5392.
172 779 492 85 Sainte-Chapelle
596 779 134 85 de
663 779 290 85 Paris
887 779 268 85 (minutes
1088 779 179 85 aut.
1200 779 134 85 et
1267 779 179 85 aut.
1356 779 134 85 sig.

89 851 132 58 de
155 851 219 58 l’abbé
308 851 219 58 Bexon,
462 851 175 58 l’un
572 851 154 58 des
659 851 395 58 collaborateurs
988 851 132 58 de
1054 851 241 58 Buffon,
1230 851 263 58 chanoine
1405 851 88 58 et

41 900 760 56 chantre
594 900 415 56 de
801 900 553 56 la).
1147 900 415 56 60
1285 900 207 56 »

140 940 113 67 10
197 940 451 67 Réquisitions
591 940 319 67 L’intolérable
854 940 150 67 abus
948 940 113 67 de
1004 940 150 67 voir
1098 940 207 67 manquer
1248 940 225 67 l’office
1398 940 94 67 aux

90 992 310 65 solennités,
338 992 144 65 par
421 992 268 65 l’absence
627 992 144 65 des
710 992 165 65 voix
813 992 144 65 qui
895 992 103 65 y
937 992 165 65 sont
1040 992 330 65 nécessaires,
1288 992 206 65 l’oblige

92 1041 123 78 de
154 1041 226 78 prendre
319 1041 144 78 les
401 1041 329 78 réquisitions
668 1041 267 78 suivantes
873 1041 103 78 :
915 1041 103 78 .
956 1041 103 78 .
997 1041 103 78 8
1038 1041 185 78 sept.
1161 1041 185 78 1782.
1284 1041 164 78 aut.
1367 1041 123 78 sig.

90 1085 104 69 1
132 1085 146 69 pr.
215 1085 125 69 p.
257 1085 146 69 in

137 1114 127 102 2°
200 1114 297 102 Mercuriale
433 1114 254 102 adressée
624 1114 148 102 aux
709 1114 275 102 chanoines
921 1114 127 102 de
984 1114 127 102 la
1048 1114 424 102 Sainte-Chapelle,
1387 1114 106 102 sur

90 1183 324 63 l’indécence
350 1183 130 63 de
415 1183 173 63 leur
523 1183 194 63 tenue
652 1183 130 63 au
717 1183 216 63 chœur.
868 1183 108 63 3
912 1183 130 63 p.
976 1183 151 63 pl.
1063 1183 194 63 in-4.
1192 1183 173 63 «...
1279 1183 216 63 Souvent,

96 1246 142 48 «en
177 1246 203 48 effet,
319 1246 304 48 daigne-t-on
562 1246 122 48 en
622 1246 223 48 passant
784 1246 203 48 saluer
926 1246 243 48 l'autel;
1108 1246 122 48 on
1169 1246 203 48 vient,
1311 1246 122 48 on
1351 1246 142 48 sort,

91 1283 161 55 «on
183 1283 275 55 traverse
389 1283 138 55 le
458 1283 230 55 chœur,
619 1283 138 55 la
688 1283 252 55 soutane
871 1283 344 55 indécemment
1147 1283 298 55 troussée;
1376 1283 138 55 on
1422 1283 69 55 a

93 1328 149 62 «vu
178 1328 127 62 le
241 1328 276 62 célébrant
453 1328 106 62 à
496 1328 233 62 l’autel
666 1328 233 62 prendre
835 1328 170 62 avec
941 1328 233 62 aisance
1111 1328 127 62 la
1175 1328 191 62 prise
1302 1328 127 62 de
1344 1328 149 62 tabac

93 1379 175 60 «que
202 1379 153 60 lui
290 1379 306 60 présentait
531 1379 153 60 son
618 1379 284 60 diacre...
837 1379 131 60 Et
902 1379 175 60 sans
1012 1379 219 60 parler
1165 1379 131 60 de
1231 1379 219 60 plaies
1362 1379 131 60 trop

90 1427 329 53 «profondes,
353 1427 153 53 que
441 1427 373 53 n’aperçois-je
748 1427 153 53 pas
835 1427 219 53 autour
989 1427 132 53 de
1055 1427 175 53 moi?
1164 1427 175 53 Iei,
1274 1427 197 53 c’est
1383 1427 110 53 une

90 1468 363 61 «inattention
385 1468 159 61 que
476 1468 182 61 rien
589 1468 136 61 ne
658 1468 182 61 peut
771 1468 227 61 fixer,
930 1468 136 61 et
998 1468 159 61 qui
1089 1468 113 61 à
1134 1468 182 61 tout
1247 1468 227 61 moment
1384 1468 113 61 ap-

93 1515 203 61 «porte
235 1515 163 61 dans
337 1515 244 61 l’office
520 1515 183 61 divin
642 1515 122 61 la
703 1515 264 61 confusion
906 1515 122 61 et
967 1515 122 61 le
1028 1515 244 61 trouble.
1211 1515 142 61 Là,
1293 1515 183 61 c’est
1394 1515 102 61 des

94 1570 403 51 «conversations,
433 1570 149 51 des
518 1570 276 51 causeries
731 1570 191 51 aussi
858 1570 212 51 sottes
1007 1570 382 51 qu'indécentes,
1325 1570 127 51 et
1368 1570 127 51 por-

93 1623 200 69 «tées
226 1623 200 69 enfin
360 1623 111 69 à
404 1623 133 69 un
471 1623 200 69 excès
604 1623 378 69 véritablement
916 1623 400 69 insupportable.
1249 1623 178 69 Plus
1338 1623 156 69 loin,

97 1666 208 61 «c’est
243 1666 208 61 l’abus
389 1666 250 61 toujours
576 1666 271 61 croissant
785 1666 125 61 de
847 1666 125 61 se
910 1666 229 61 retirer
1076 1666 125 61 ou
1139 1666 208 61 plutôt
1264 1666 229 61 s’enfuir,

95 1715 251 67 «pendant
283 1715 146 67 une
367 1715 209 67 partie
513 1715 146 67 des
597 1715 251 67 offices,
785 1715 167 67 dans
889 1715 125 67 ce
952 1715 272 67 chauffoir
1161 1715 230 67 destiné
1328 1715 104 67 à
1349 1715 146 67 toute

93 1760 226 94 «autre
252 1760 203 94 chose
387 1760 181 94 qu’à
500 1760 113 94 y
545 1760 203 94 tenir
681 1760 158 94 des
771 1760 248 94 propos,
952 1760 136 94 et
1020 1760 271 94 souvent,
1223 1760 203 94 grand
1336 1760 158 94 Dieu,

92 1803 222 70 «quel
216 1803 296 70 propos!...

140 1841 131 77 3°
206 1841 305 77 Allocution
445 1841 152 77 aux
532 1841 218 77 mêmes,
684 1841 152 77 sur
771 1841 131 77 le
836 1841 174 77 même
945 1841 218 77 sujet.
1097 1841 109 77 2
1141 1841 239 77 juillet
1315 1841 196 77 1781.
1424 1841 65 77 1

97 1902 146 68 gr.
181 1902 125 68 p.
243 1902 146 68 pl.
327 1902 125 68 et
389 1902 188 68 demie
514 1902 188 68 in-4.
640 1902 167 68 «...
744 1902 125 68 Je
807 1902 167 68 veux
911 1902 209 68 parler
1057 1902 125 68 de
1119 1902 188 68 cette
1245 1902 230 68 extrême
1391 1902 104 68 in-

93 1965 281 48 «décence,
309 1965 129 48 de
374 1965 194 48 cette
503 1965 302 48 incroyable
741 1965 237 48 licence
913 1965 129 48 de
978 1965 237 48 causer,
1151 1965 129 48 de
1194 1965 302 48 s’entretenir

95 2000 328 67 «hautement,
358 2000 306 67 librement,
599 2000 241 67 pendant
774 2000 263 67 l'office
971 2000 219 67 divin:
1124 2000 131 67 On
1190 2000 153 67 les
1255 2000 241 67 distingue

95 2056 306 55 «aisément,
336 2056 153 55 ces
423 2056 175 55 mots
533 2056 350 55 nécessaires,
817 2056 175 55 mais
927 2056 263 55 toujours
1124 2056 197 55 rares
1255 2056 131 55 et
1299 2056 197 55 courts,

95 2098 175 56 «que
205 2098 131 56 le
270 2098 241 56 service
445 2098 219 56 oblige
599 2098 131 56 de
664 2098 263 56 demander
861 2098 131 56 ou
927 2098 131 56 de
993 2098 197 56 dire;
1124 2098 131 56 on
1190 2098 153 56 les
1255 2098 241 56 distingue

96 2150 237 55 «d’avec
269 2150 151 55 ces
355 2150 280 55 colloques
571 2150 280 55 soutenus,
786 2150 151 55 ces
873 2150 280 55 dialogues
1088 2150 302 55 prolongés,
1304 2150 194 55 repris,

95 2195 366 52 «recommencés,
397 2195 172 52 dont
505 2195 194 52 l'air
634 2195 302 52 d’aisance,
871 2195 259 52 dirai-je
1065 2195 129 52 de
1130 2195 237 52 gaieté,
1302 2195 129 52 de
1345 2195 151 52 pétu-

97 2248 226 46 «lance
256 2248 203 46 même,
391 2248 271 46 décèlent
595 2248 136 46 le
663 2248 203 46 sujet
798 2248 271 46 profane:
1002 2248 203 46 Quoi,
1137 2248 316 46 Messieurs,
1363 2248 136 46 sous

100 2293 172 54 «nos
208 2293 172 54 yeux
316 2293 172 54 sont
423 2293 151 54 des
510 2293 237 54 enfants
682 2293 172 54 dans
789 2293 258 54 lesquels
983 2293 172 54 nous
1091 2293 366 54 reprendrions,
1371 2293 129 54 nous

96 2342 379 51 «réprimerions
408 2342 312 51 sévèrement
653 2342 134 51 de
720 2342 290 51 pareilles
943 2342 245 51 fautes,
1122 2342 134 51 et
1189 2342 201 51 c’est
1323 2342 134 51 de
1367 2342 134 51 nous

101 2390 240 54 «qu'ils
276 2390 131 54 en
341 2390 284 54 reçoivent
560 2390 131 54 le
625 2390 306 54 scandaleux
866 2390 262 54 exemple!
1062 2390 197 54 Quoi,
1193 2390 175 54 dans
1302 2390 131 54 ce
1346 2390 153 54 sanc-

98 2426 245 61 «tuaire
276 2426 134 61 où
343 2426 134 61 la
410 2426 156 61 foi
499 2426 178 61 nous
610 2426 223 61 montre
766 2426 156 61 les
855 2426 200 61 anges
989 2426 312 61 prosternés
1234 2426 134 61 et
1278 2426 223 61 anéantis

100 2488 230 60 «devant
267 2488 125 60 la
330 2488 230 60 majesté
497 2488 230 60 divine,
664 2488 230 60 mortels
831 2488 313 60 téméraires,
1082 2488 125 60 ou
1145 2488 209 60 plutôt
1270 2488 230 60 insensés,

99 2531 207 57 «nous
237 2531 253 57 aurions
421 2531 207 57 moins
559 2531 138 57 de
628 2531 253 57 respect
812 2531 161 57 que
903 2531 184 57 nous
1018 2531 184 57 n’en
1133 2531 322 57 porterions
1363 2531 138 57 dans

101 2579 175 51 «les
211 2579 219 51 palais
364 2579 153 51 des
452 2579 197 51 rois?
583 2579 175 51 Non,
693 2579 175 51 non,
802 2579 175 51 nous
912 2579 175 51 vous
1021 2579 131 51 en
1087 2579 307 51 conjurons,
1328 2579 153 51 que
1393 2579 110 51 cet

101 2628 197 57 «abus
232 2628 219 57 cesse;
385 2628 175 57 vous
495 2628 284 57 n’ignorez
713 2628 153 57 pas
801 2628 153 57 que
888 2628 131 57 la
954 2628 153 57 loi
1041 2628 109 57 a
1085 2628 219 57 contre
1238 2628 153 57 lui
1325 2628 153 57 des
1391 2628 109 57 ri-

102 2674 262 60 «gueurs;
299 2674 175 60 mais
408 2674 175 60 sans
517 2674 153 60 les
605 2674 262 60 invoquer
802 2674 219 60 encor,
955 2674 197 60 c’est
1086 2674 131 60 de
1151 2674 131 60 la
1217 2674 219 60 piété,
1348 2674 153 60 c’est

101 2724 158 74 «de
192 2724 135 74 la
259 2724 248 74 raison,
440 2724 203 74 c’est
575 2724 135 74 de
643 2724 180 74 vous
756 2724 180 74 même
868 2724 158 74 que
959 2724 180 74 nous
1071 2724 271 74 espérons
1274 2724 135 74 de
1320 2724 180 74 gagner

101 2771 154 75 «de
189 2771 132 75 le
255 2771 176 75 voir
364 2771 307 75 totalement
584 2771 263 75 corrigé...
