1722 2980
714 60 182 84 —
786 60 255 84 449
896 60 109 84 —

243 160 128 69 4°
307 160 256 69 Discours
499 160 107 69 à
542 160 342 69 l’archevêque
819 160 128 69 de
883 160 278 69 Toulouse.
1097 160 107 69 2
1140 160 128 69 p.
1182 160 150 69 in

241 205 126 76 5°
304 205 252 76 Discours
493 205 105 76 à
535 205 336 76 l’archevêque
807 205 126 76 de
870 205 210 76 Paris.
1017 205 105 76 1
1059 205 126 76 p.
1101 205 147 76 in

242 259 127 91 6°
305 259 148 91 Sur
390 259 127 91 la
453 259 274 91 résidence
664 259 317 91 obligatoire
917 259 148 91 des
1002 259 232 91 clercs,
1171 259 317 91 chapelains,
1403 259 190 91 chanoi-

193 289 156 89 nes
282 289 133 89 et
348 289 133 89 du
415 289 289 89 trésorier
637 289 267 89 lui-même
837 289 133 89 de
904 289 133 89 la
971 289 445 89 Sainte-Chapelle,
1349 289 178 89 dans
1437 289 156 89 l’en-

192 351 209 65 ceinte
338 351 125 65 de
401 351 125 65 la
464 351 167 65 cour
568 351 125 65 du
631 351 230 65 Palais.
798 351 104 65 3
840 351 125 65 p.
882 351 146 65 in

237 387 138 98 7°
306 387 253 98 Mémoire
490 387 138 98 en
559 387 207 98 forme
697 387 138 98 de
766 387 391 98 Remontrances,
1087 387 138 98 lu
1156 387 138 98 en
1225 387 322 98 conférence
1455 387 138 98 avec

190 422 132 92 M.
256 422 263 92 l’évêque
453 422 263 92 d’Autun.
650 422 132 92 Au
716 422 197 92 sujet
848 422 153 92 des
935 422 241 92 statuts
1111 422 132 92 et
1177 422 307 92 règlements
1418 422 153 92 qui
1483 422 110 92 ré-

188 502 238 73 gissent
362 502 130 73 la
427 502 411 73 Sainte-Chapelle
773 502 217 73 depuis
925 502 238 73 Charles
1098 502 130 73 V.
1163 502 195 73 Sept.
1293 502 195 73 1781.
1423 502 108 73 9
1466 502 130 73 p.
1509 502 87 73 et

187 541 212 57 demie
305 541 165 57 in

236 579 125 109 8°
299 579 292 109 Allocution
528 579 104 109 à
569 579 333 109 l’archevêque
840 579 125 109 de
903 579 208 109 Paris,
1048 579 125 109 au
1111 579 187 109 sujet
1236 579 125 109 de
1298 579 146 109 son
1361 579 229 109 élévation

190 624 103 79 à
232 624 124 79 ce
294 624 206 79 siège.
438 624 103 79 1
479 624 124 79 p.
541 624 144 79 pl.
603 624 165 79 in

208 662 108 103 ,
252 662 130 103 9°
316 662 216 103 Minute
468 662 195 103 d’une
598 662 195 103 d’une
727 662 216 103 lettre
879 662 130 103 au
943 662 259 103 ministre
1138 662 238 103 Amelot,
1311 662 151 103 par
1376 662 216 103 laquelle

193 735 206 68 l’abbé
337 735 185 68 Bexon
461 735 144 68 lui
543 735 164 68 fait
646 735 164 68 part
748 735 123 68 de
810 735 123 68 la
872 735 329 68 délibération
1139 735 144 68 par
1221 735 247 68 laquelle
1406 735 144 68 les
1468 735 123 68 cha-

193 790 208 52 noines
339 790 125 52 de
402 790 125 52 la
464 790 396 52 Sainte-Chapelle
798 790 271 52 supplient
1006 790 125 52 le
1069 790 146 52 roi
1152 790 250 52 d’agréer
1340 790 208 52 qu’ils
1465 790 125 52 por-

194 832 174 76 tent
303 832 131 76 au
369 832 218 76 trésor
521 832 196 76 royal
652 832 131 76 la
718 832 196 76 somme
848 832 131 76 de
914 832 153 76 dix
1001 832 196 76 mille
1132 832 240 76 livres,
1306 832 174 76 trop
1394 832 196 76 heureux

190 880 138 77 de
259 880 138 77 se
328 880 253 77 montrer
512 880 161 77 des
604 880 276 77 premiers
811 880 184 77 dans
925 880 138 77 un
994 880 230 77 moment
1155 880 253 77 signalé
1339 880 161 77 par
1431 880 138 77 le
1477 880 115 77 dé-

187 938 267 64 vouement
387 938 401 64 patriotique...
721 938 111 64 3
766 938 134 64 p.
833 938 156 64 pl.
922 938 200 64 in-8.
1055 938 111 64 —
1100 938 200 64 Copie
1234 938 134 64 de
1300 938 134 64 la
1367 938 223 64 lettre
1501 938 89 64 de

188 968 131 79 M.
254 968 219 79 Amelot
407 968 131 79 en
473 968 241 79 réponse
648 968 110 79 à
692 968 285 79 celle-ci,
911 968 153 79 par
999 968 263 79 laquelle
1196 968 131 79 il
1261 968 241 79 annonce
1437 968 153 79 que
1502 968 88 79 Sa

187 1018 227 94 Majesté
352 1018 144 94 n’a
435 1018 144 94 pas
517 1018 186 94 pensé
641 1018 227 94 qu’elle
806 1018 144 94 pût
888 1018 247 94 accepter
1074 1018 186 94 cette
1197 1018 206 94 offre.
1321 1018 268 94 Versailles,

185 1063 108 60 3
229 1063 173 60 juin
315 1063 152 60 1782.

136 1107 198 76 5393.
268 1107 485 76 Saint-dust,
687 1107 397 76 conventionnel,
1018 1107 220 76 membre
1172 1107 132 76 du
1238 1107 220 76 Comité
1393 1107 132 76 de
1437 1107 154 76 salut

187 1174 223 60 public.
349 1174 122 60 Sa
410 1174 284 60 signature,
633 1174 122 60 et
694 1174 203 60 celles
837 1174 122 60 de
898 1174 122 60 C.
958 1174 122 60 A.
1019 1174 203 60 Prieur
1162 1174 122 60 et
1222 1174 203 60 Collot
1344 1174 244 60 d’Herbois,

184 1222 138 66 au
253 1222 161 66 bas
345 1222 184 66 d’un
459 1222 252 66 rapport
643 1222 161 66 ...
735 1222 115 66 2
781 1222 298 66 thermidor
1010 1222 138 66 an
1079 1222 161 66 II.
1171 1222 115 66 1
1217 1222 138 66 p.
1286 1222 252 66 in-fol.
1469 1222 138 66 10
1515 1222 69 66 »

134 1259 187 68 5394.
259 1259 374 68 Sauson,
570 1259 270 68 exécuteur
778 1259 145 68 des
861 1259 208 68 hautes
1006 1259 228 68 œuvres,
1172 1259 104 68 à
1213 1259 208 68 Paris.
1359 1259 187 68 Pièce
1462 1259 125 68 aut.

184 1309 160 69 sig.
284 1309 200 69 Paris,
424 1309 100 69 8
465 1309 160 69 juin
565 1309 180 69 1820.
685 1309 100 69 1
725 1309 120 69 p.
785 1309 140 69 pl.
865 1309 160 69 in-4
966 1309 140 69 (en
1046 1309 261 69 travers).
1246 1309 200 69 Cachet
1387 1309 100 69 à
1427 1309 120 69 la
1467 1309 120 69 cire

154 1359 512 52 rouge.
512 1359 614 52 Curieuse
973 1359 512 52 pièce.
1331 1359 307 52 15
1433 1359 154 52 »

226 1412 132 69 Au
292 1412 198 69 sujet
424 1412 132 69 de
490 1412 132 69 la
556 1412 176 69 mort
666 1412 132 69 de
732 1412 242 69 Louvel,
908 1412 264 69 assassin
1105 1412 132 69 du
1171 1412 154 69 duc
1259 1412 132 69 de
1325 1412 220 69 Berry,
1457 1412 132 69 exé-

183 1447 168 63 cuté
288 1447 147 63 par
372 1447 147 63 lui
456 1447 147 63 sur
540 1447 126 63 la
603 1447 189 63 place
729 1447 126 63 de
792 1447 210 63 grève,
938 1447 105 63 à
980 1447 147 63 six
1064 1447 210 63 heures
1211 1447 126 63 du
1274 1447 189 63 soir,
1400 1447 168 63 sans
1484 1447 105 63 té-

182 1508 242 64 moigner
358 1508 132 64 ni
424 1508 220 64 regret
578 1508 132 64 ni
644 1508 264 64 repentir
843 1508 132 64 de
909 1508 154 64 son
975 1508 220 64 crime...

134 1528 182 77 5395.
255 1528 424 77 Santenjus,
618 1528 343 77 orientaliste.
900 1528 121 77 L.
961 1528 202 77 latine
1102 1528 161 77 aut.
1203 1528 182 77 sig.,
1324 1528 101 77 à
1364 1528 222 77 d’Ansse
1505 1528 81 77 de

176 1597 346 47 Villoison.
448 1597 247 47 Leide,
621 1597 198 47 juin
745 1597 222 47 1784.
893 1597 124 47 1
942 1597 148 47 p.
1017 1597 173 47 pl.
1115 1597 148 47 et
1190 1597 222 47 demie
1338 1597 222 47 in-4.
1486 1597 124 47 3
1511 1597 74 47 »

134 1626 167 71 5396.
246 1626 371 71 Schœlcher
562 1626 241 71 (Victor).
747 1626 111 71 L.
803 1626 149 71 aut.
896 1626 149 71 sig.
989 1626 241 71 Victor
1174 1626 241 71 Se.,
1360 1626 93 71 à
1379 1626 204 71 Madame...

167 1689 461 62 Mercredi.
521 1689 177 62 1
592 1689 213 62 p.
699 1689 248 62 pl.
841 1689 319 62 in-8.
1054 1689 461 62 Curieuse.
1409 1689 177 62 1
1444 1689 142 62 50

134 1731 169 89 5397.
247 1731 301 89 Smith
492 1731 263 89 (Édouard),
699 1731 188 89 auteur
830 1731 113 89 de
887 1731 226 89 Marie
1056 1731 113 89 de
1113 1731 339 89 Bourgogne
1376 1731 207 89 tragédie.

177 1787 168 58 Note
282 1787 126 58 et
345 1787 147 58 dix
429 1787 168 58 vers
534 1787 168 58 aut.
639 1787 147 58 sur
723 1787 252 58 Tristan,
912 1787 126 58 le
975 1787 252 58 ministre
1164 1787 126 58 de
1227 1787 189 58 Louis
1353 1787 147 58 XI.
1437 1787 126 58 Au
1479 1787 105 58 bas

179 1837 126 82 se
242 1837 252 82 trouvent
431 1837 168 82 cinq
536 1837 210 82 lignes
683 1837 168 82 aut.
788 1837 168 82 sig.
893 1837 126 82 de
956 1837 126 82 M.
1019 1837 126 82 le
1082 1837 189 82 baron
1208 1837 126 82 de
1271 1837 273 82 Stassart,
1460 1837 126 82 cer-

170 1882 338 53 tifiant
416 1882 276 53 cette
600 1882 307 53 pièce.
815 1882 154 53 1
877 1882 215 53 gr.
999 1882 184 53 p.
1092 1882 215 53 pl.
1214 1882 338 53 in-fol.
1460 1882 154 53 3
1491 1882 92 53 »

130 1921 175 79 5398.
246 1921 369 79 Sobrier,
557 1921 252 79 rédacteur
751 1921 116 79 de
809 1921 116 79 la
867 1921 330 79 Solidarité
1139 1921 408 79 républicaine
1469 1921 116 79 Deux

162 1974 347 59 lignes
405 1974 277 59 sig.
578 1974 347 59 Paris,
821 1974 208 59 24
925 1974 381 59 octobre
1203 1974 312 59 1843.
1411 1974 173 59 2
1445 1974 139 59 50

126 2002 205 103 5399.
263 2002 341 103 Soufflot
535 2002 136 103 le
604 2002 341 103 romain,
876 2002 341 103 architecte.
1149 2002 295 103 Réglement
1376 2002 136 103 de
1422 2002 159 103 trois

174 2071 227 66 lignes
333 2071 182 66 aut.
447 2071 204 66 sig.,
583 2071 136 66 au
651 2071 159 66 bas
742 2071 182 66 d’un
855 2071 250 66 mémoire
1037 2071 136 66 de
1105 2071 272 66 poëlerie
1310 2071 182 66 pour
1423 2071 159 66 Mme
1491 2071 91 66 la

172 2117 310 62 princesse
411 2117 143 62 de
483 2117 287 62 Bergues.
697 2117 239 62 Paris.
865 2117 143 62 12
936 2117 191 62 mars
1056 2117 191 62 1768
1175 2117 119 62 3
1223 2117 143 62 p.
1294 2117 263 62 in-fol.
1485 2117 119 62 5
1509 2117 72 62 »

128 2157 187 81 5400.
253 2157 415 81 Tourviile
605 2157 166 81 (Mme
709 2157 124 81 la
771 2157 270 81 maréchale
979 2157 166 81 de).
1082 2157 187 81 Ordre
1207 2157 124 81 de
1269 2157 249 81 pavement
1435 2157 145 81 d’une

172 2212 207 64 somme
310 2212 138 64 de
379 2212 138 64 87
448 2212 230 64 livres
609 2212 115 64 à
655 2212 138 64 un
724 2212 299 64 marchand.
955 2212 138 64 28
1024 2212 184 64 nov.
1139 2212 207 64 1706.
1277 2212 253 64 Demi-p.
1438 2212 138 64 in

107 2267 551 71 en
383 2267 1010 71 travers
1209 2267 459 71 2
1301 2267 275 71 »

126 2312 192 71 5401.
254 2312 384 71 Tressan
574 2312 149 71 (le
659 2312 192 71 comte
787 2312 171 71 de),
893 2312 213 71 membre
1043 2312 128 71 de
1107 2312 299 71 1'Academie
1320 2312 256 71 française.

175 2355 249 67 Analyse
356 2355 181 67 aut.
469 2355 181 67 sig.
582 2355 181 67 d’un
695 2355 271 67 discours
899 2355 136 67 de
967 2355 294 67 concours.
1193 2355 203 67 Toul,
1328 2355 136 67 16
1374 2355 203 67 octobre

153 2409 366 52 1751.
397 2409 203 52 1
479 2409 244 52 p.
601 2409 285 52 pl.
763 2409 366 52 in-4.
1008 2409 529 52 Curieuse.
1414 2409 203 52 6
1455 2409 122 52 »

128 2432 173 88 5402.
243 2432 366 88 Tschoudi
551 2432 135 88 (le
628 2432 173 88 baron
744 2432 154 88 de).
840 2432 116 88 L.
898 2432 116 88 a.
956 2432 135 88 s.,
1033 2432 96 88 à
1071 2432 116 88 de
1129 2432 116 88 M.
1187 2432 308 88 Malesherbes.
1418 2432 154 88 Paris,

174 2497 129 60 16
238 2497 236 60 janvier
410 2497 193 60 1780.
539 2497 107 60 1
581 2497 129 60 p.
646 2497 150 60 pl.
732 2497 193 60 in-4.
861 2497 172 60 Beau
968 2497 215 60 cachet
1118 2497 107 60 à
1161 2497 129 60 la
1226 2497 172 60 cire
1333 2497 215 60 rouge.
1483 2497 107 60 5
1505 2497 64 60 »

218 2557 125 53 Au
281 2557 187 53 sujet
405 2557 125 53 de
468 2557 270 53 prétendus
676 2557 229 53 princes
842 2557 291 53 Justiniani
1071 2557 125 53 de
1133 2557 187 53 Chio,
1258 2557 146 53 qui
1341 2557 166 53 sont
1424 2557 146 53 venus

172 2593 131 73 il
238 2593 109 73 y
281 2593 109 73 a
325 2593 262 73 quelques
521 2593 218 73 années
673 2593 240 73 usurper
848 2593 153 73 les
935 2593 262 73 honneurs
1131 2593 131 73 et
1197 2593 153 73 les
1262 2593 305 73 distinctions

168 2639 180 88 quon
281 2639 248 88 accorde
461 2639 180 88 trop
574 2639 338 88 légèrement,
844 2639 180 88 dans
957 2639 135 88 ce
1024 2639 203 88 pays,
1160 2639 113 88 à
1205 2639 158 88 des
1272 2639 293 88 aventuriers

174 2692 128 69 et
238 2692 107 69 à
280 2692 149 69 des
344 2692 299 69 affronteurs.

123 2725 197 98 5403.
255 2725 395 98 Turenne
583 2725 153 98 (le
671 2725 241 98 vicomte
847 2725 175 98 de),
956 2725 263 98 maréchal
1153 2725 132 98 de
1219 2725 241 98 France.
1395 2725 132 98 L.
1438 2725 132 98 aut.
