1651 3032
93 82 168 100 Les
189 82 265 100 lettres
382 82 144 100 et
454 82 168 100 les
550 82 337 100 manuscrits
815 82 313 100 originaux
1056 82 193 100 dont
1176 82 144 100 se
1248 82 265 100 compose
1417 82 96 100 la

55 138 305 98 précieuse
289 138 423 98 correspondance
641 138 188 98 dont
759 138 305 98 l’annonce
994 138 211 98 suit,
1134 138 188 98 sont
1252 138 235 98 vendus
1393 138 117 98 sé-

47 215 289 83 parément,
269 215 133 83 et
336 215 111 83 à
380 215 156 83 des
469 215 178 83 prix
580 215 156 83 qui
669 215 156 83 ont
758 215 156 83 été
847 215 400 83 invariablement
1180 215 222 83 fixés.
1335 215 133 83 Il
1380 215 133 83 suf-

46 276 189 80 fira
164 276 142 80 de
235 276 283 80 recourir
448 276 118 80 à
495 276 142 80 ce
566 276 213 80 livre
708 276 189 80 pour
826 276 213 80 juger
968 276 142 80 de
1039 276 378 80 l’importance
1346 276 142 80 de
1393 276 118 80 ces

46 333 320 86 originaux,
297 333 137 86 et
366 333 206 86 faire
503 333 160 86 son
594 333 206 86 choix
731 333 137 86 en
800 333 206 86 toute
937 333 365 86 connaissance
1234 333 137 86 de
1279 333 183 86 cause.

47 382 331 98 Toutefois,
307 382 142 98 ce
378 382 213 98 choix
520 382 142 98 ne
591 382 236 98 pourra
756 382 189 98 plus
874 382 236 98 porter
1040 382 165 98 que
1134 382 165 98 sur
1229 382 142 98 la
1276 382 236 98 première

52 441 253 94 partie
229 441 177 94 (ou
330 441 278 94 premier
532 441 253 94 volume
709 441 152 94 du
785 441 379 94 manuscrit),
1089 441 152 94 la
1165 441 278 94 seconde
1342 441 177 94 étant

59 517 308 70 entièrement
306 517 226 70 vendue,
470 517 103 70 à
511 517 308 70 l’exception
757 517 123 70 du
819 517 205 70 cahier
962 517 144 70 des
1044 517 246 70 Notes
1229 517 123 70 de
1270 517 246 70 l’abbé

46 565 288 89 Guéton
268 565 177 89 pour
378 565 399 89 l’intelligence
711 565 155 89 des
800 565 222 89 œuvres
955 565 133 89 de
1021 565 244 89 Boileau
1176 565 333 89 Despréaux

69 639 197 80 avec
193 639 148 80 de
267 639 346 80 nombreuses
538 639 370 80 corrections
835 639 148 80 de
909 639 148 80 la
983 639 197 80 main
1106 639 148 80 de
1180 639 272 80 Boileau
1353 639 148 80 Des-

50 699 261 82 préeaux)
246 699 218 82 sur
399 699 131 82 la
464 699 240 82 préface
638 699 131 82 de
704 699 283 82 l’édition
922 699 174 82 in-4
1031 699 218 82 de
1183 699 196 82 1701.
1314 699 131 82 20
1357 699 153 82 pages

49 757 268 74 pleines
244 757 146 74 et
317 757 220 74 demie
463 757 220 74 grand
610 757 268 74 in-fol.
805 757 122 74 —
853 757 171 74 Les
951 757 366 74 autographes
1244 757 146 74 de
1292 757 220 74 Boileau

47 807 309 92 Despréaux
285 807 190 92 sont
403 807 237 92 rares,
569 807 142 92 et
641 807 190 92 tous
759 807 190 92 ceux
878 807 142 92 de
949 807 214 92 notre
1092 807 261 92 recueil
1282 807 190 92 sont
1377 807 142 92 dans

36 856 142 109 le
107 856 284 109 meilleur
320 856 189 109 état
438 856 142 109 de
485 856 355 109 conservation.

285 1127 633 131 CORRESPONDINCE
798 1127 483 131 LITTRRAIRE

648 1261 224 75 ENTRE

-54 1417 1574 156 DUTHHAUDHETRHAUA

687 1562 136 83 ET

307 1666 812 135 BROSSETTE

137 1814 373 79 PUBLIÉE
408 1814 237 79 SUR
544 1814 237 79 LES
680 1814 475 79 MANUSCRITS
1019 1814 373 79 ORIGINAUX

358 1872 268 111 PAR
537 1872 327 111 AUGUSTE
745 1872 417 111 LAVERDET

255 2027 508 82 INTRODUCTION
668 2027 222 82 PAR
795 2027 191 82 M.
891 2027 286 82 JULES
1050 2027 222 82 JANIN

329 2082 242 116 Première
522 2082 177 116 édition
651 2082 209 116 complète,
812 2082 97 116 en
861 2082 161 116 partie
957 2082 242 116 inédite.

43 2175 118 113 Un
102 2175 197 113 volume
241 2175 158 113 in-8
339 2175 118 113 de
399 2175 257 113 XXXII-608
596 2175 197 113 pages,
734 2175 158 113 avec
833 2175 138 113 six
912 2175 296 113 fac-simile,
1148 2175 118 113 et
1208 2175 118 113 la
1247 2175 237 113 généalogie

411 2264 118 71 de
470 2264 118 71 la
530 2264 217 71 famille
688 2264 118 71 de
747 2264 217 71 Boileau
885 2264 237 71 Despréaux.

662 2364 169 65 —OUE<OCGGS</

215 2471 392 96 SOMMAIRE
509 2471 196 96 DU
607 2471 359 96 CONTENU
868 2471 196 96 DE
966 2471 196 96 CE
1032 2471 261 96 VOLUME

264 2570 319 75 (COMPLÉMENT
519 2570 149 75 DES
604 2570 234 75 OEUVRES
774 2570 128 75 DE
838 2570 234 75 BOILEAU
987 2570 276 75 DESPRÉAUX).

27 2645 277 96 PREMIÈRE
234 2645 230 96 PARTIE
396 2645 277 96 (Premier
603 2645 230 96 volume
764 2645 138 96 du
834 2645 346 96 manuscrit).
1110 2645 115 96 —
1133 2645 369 96 Correspondance
