1575 2833
479 70 534 136 CATALOGUE

51 223 234 83 DE
168 223 429 83 LETTRES
480 223 624 83 AUTOGRAPHES,
947 223 507 83 MANUSCRITS,

428 336 305 68 DOCUMENTS
676 336 305 68 HISTORIQUES,
905 336 191 68 ETC.

107 436 851 121 D’AUGUSTE
715 436 669 121 LAVERDET,

346 572 162 98 A
439 572 232 98 Paris,
601 572 162 98 rue
694 572 394 98 Saint-Lazare,
995 572 186 98 24

544 775 207 65 Vente
699 775 86 65 à
716 775 276 65 l’amiable,

320 813 166 75 soit
424 813 145 75 par
507 813 310 75 l’insertion
755 813 166 75 dans
858 813 124 75 le
900 813 310 75 bulletin,

143 864 186 66 soit
267 864 145 66 aux
350 864 248 66 enchères
537 864 290 66 publiques,
764 864 124 66 de
826 864 310 66 Collections
1075 864 124 66 ou
1116 864 269 66 parties

322 919 174 68 de
437 919 289 68 Collections
669 919 116 68 de
727 919 212 68 Lettres
862 919 347 68 autographes,

474 972 312 60 Documents
709 972 351 60 historiques,

515 1019 324 63 Manuscrits,
775 1019 194 63 etc.,
882 1019 130 63 etc.

83 1058 277 62 Achats.
301 1058 99 62 —
340 1058 257 62 Échanges.
538 1058 99 62 —
577 1058 296 62 Expertises.
814 1058 99 62 —
854 1058 257 62 Rédaction
1051 1058 119 62 de
1091 1058 356 62 Catalogues.

360 1210 266 104 N°
538 1210 207 104 13.
656 1210 148 104 —
715 1210 355 104 DÉCEMBRE
952 1210 207 104 1857.

40 1385 176 74 2329.
158 1385 372 74 Abrantès
472 1385 157 74 (Mme
570 1385 118 74 la
628 1385 235 74 duchesse
805 1385 157 74 d’),
903 1385 196 74 auteur
1040 1385 118 74 de
1099 1385 392 74 Mémoires
1413 1385 78 74 L.

87 1444 163 64 aut.
189 1444 184 64 sig.,
311 1444 102 64 à
352 1444 122 64 sa
413 1444 184 64 chère
535 1444 286 64 Joséphine.
760 1444 306 64 Valladolid,
1004 1444 102 64 9
1045 1444 163 64 mars
1147 1444 184 64 1810.
1270 1444 102 64 2
1310 1444 122 64 p.
1351 1444 143 64 in

35 1503 728 56 Papier
545 1503 874 56 gauffré.
1201 1503 364 56 2
1273 1503 219 56 »

43 1530 176 82 2330.
161 1530 392 82 Aiguilles
494 1530 196 82 tirées
631 1530 118 82 du
690 1530 176 82 corps
808 1530 176 82 d’une
926 1530 176 82 jeune
1043 1530 196 82 fille.
1180 1530 118 82 L.
1239 1530 157 82 aut.
1337 1530 157 82 sig.
1416 1530 78 82 de

88 1590 130 62 M.
153 1590 259 62 Boucher,
348 1590 259 62 médecin,
542 1590 108 62 à
585 1590 216 62 Lille,
737 1590 108 62 à
780 1590 130 62 M.
845 1590 259 62 Macquer.
1039 1590 216 62 Lille,
1190 1590 130 62 23
1255 1590 173 62 juin
1342 1590 151 62 1752.

87 1641 107 59 4
129 1641 149 59 gr.
215 1641 128 59 p.
279 1641 149 59 pl.
364 1641 192 59 in-4,
492 1641 235 59 donnant
662 1641 171 59 dans
769 1641 128 59 de
833 1641 320 59 très-grands
1089 1641 235 59 détails
1238 1641 256 59 l’histoire

89 1690 192 58 d’une
216 1690 192 58 jeune
344 1690 192 58 fille
472 1690 128 58 de
536 1690 128 58 la
600 1690 256 58 campagne
791 1690 277 58 d’environ
1004 1690 213 58 trente
1153 1690 170 58 ans,
1260 1690 106 58 à
1302 1690 149 58 qui
1366 1690 128 58 l’on

88 1732 105 71 a
130 1732 168 71 tiré
235 1732 147 71 des
319 1732 273 71 aiguilles
528 1732 126 71 de
591 1732 210 71 toutes
738 1732 147 71 les
822 1732 231 71 parties
990 1732 126 71 du
1053 1732 189 71 corps
1178 1732 210 71 depuis
1325 1732 168 71 près
1409 1732 84 71 de

4 1788 850 66 neuf
535 1788 850 66 ans.
1067 1788 532 66 5
1173 1788 319 66 »

42 1821 182 91 2331.
163 1821 364 91 Alceste
466 1821 222 91 Mémoire
628 1821 242 91 détaillé
809 1821 141 91 sur
890 1821 141 91 les
971 1821 303 91 décorations
1213 1821 121 91 et
1274 1821 202 91 habits
1395 1821 101 91 en

89 1886 191 61 voyez
216 1886 106 61 à
258 1886 127 61 M.
322 1886 127 61 de
385 1886 212 61 Zibet,
534 1886 169 61 pour
640 1886 212 61 servir
788 1886 106 61 à
830 1886 212 61 mettre
979 1886 148 61 sur
1063 1886 127 61 le
1127 1886 233 61 théâtre
1296 1886 127 61 de
1360 1886 127 61 S.
1402 1886 85 61 M.

88 1923 128 62 le
152 1923 149 62 roy
237 1923 128 62 de
301 1923 214 62 Suède,
451 1923 235 62 l’Opéra
621 1923 299 62 d’Alceste,
856 1923 128 62 du
920 1923 278 62 chevalier
1134 1923 214 62 Gluck,
1283 1923 128 62 au
1348 1923 128 62 15
1390 1923 107 62 may

49 1983 542 53 1781.
410 1983 361 53 20
590 1983 361 53 p.
771 1983 662 53 in-fol.
1252 1983 301 53 6
1312 1983 181 53 »

43 2017 168 70 2332.
155 2017 335 70 Amélie,
435 2017 242 70 princesse
621 2017 280 70 d’Autriche.
845 2017 112 70 L.
901 2017 168 70 sig.:
1012 2017 317 70 Amalia
1273 2017 130 70 (en
1329 2017 168 70 latin),

88 2072 134 86 au
155 2072 223 86 prince
311 2072 379 86 Louis-Auguste
623 2072 134 86 de
690 2072 268 86 Bourbon.
891 2072 246 86 Vienne,
1070 2072 112 86 3
1115 2072 179 86 août
1226 2072 201 86 1728.
1360 2072 112 86 1
1382 2072 112 86 gr.

50 2127 362 58 p.
231 2127 664 58 in-fol.
713 2127 664 58 Cachet.
1196 2127 302 58 3
1257 2127 241 58 50

44 2162 184 67 2333.
166 2162 368 67 Arnauld
473 2162 287 67 conseiller
699 2162 102 67 à
740 2162 123 67 la
801 2162 164 67 Cour
903 2162 143 67 des
985 2162 246 67 comptes.
1169 2162 225 67 Extrait
1333 2162 164 67 fait
1415 2162 82 67 en

88 2211 140 64 la
158 2211 257 64 Chambre
345 2211 164 64 des
439 2211 257 64 comptes
626 2211 140 64 du
696 2211 164 64 roy
790 2211 187 64 pour
907 2211 164 64 une
1000 2211 257 64 recette
1188 2211 140 64 en
1235 2211 257 64 Picardie.

92 2260 211 58 1573.
232 2260 211 58 Pièce
373 2260 188 58 sig.
490 2260 188 58 (sur
607 2260 352 58 parchemin).
889 2260 117 58 1
935 2260 141 58 p.
1006 2260 141 58 et
1076 2260 211 58 demie
1217 2260 258 58 in-fol.
1404 2260 117 58 3
1428 2260 70 58 »

43 2305 201 73 2334.
177 2305 403 73 Arnauld
513 2305 448 73 (Charles-Henry),
893 2305 269 73 seigneur
1094 2305 134 73 de
1161 2305 269 73 Pomponne
1363 2305 134 73 et
1408 2305 90 73 de

85 2351 353 66 Luzancy.
349 2351 294 66 Quitt.
555 2351 235 66 sig.
703 2351 235 66 (sur
850 2351 441 66 parchemin).
1203 2351 265 66 1663.
1379 2351 147 66 2
1409 2351 88 66 »

42 2396 198 66 2335.
174 2396 396 66 Arnauld
504 2396 440 66 (Nicolas-Simon),
877 2396 242 66 marquis
1053 2396 132 66 de
1119 2396 286 66 Pomponne,
1317 2396 176 66 Quitt.

79 2454 284 52 sig.
256 2454 284 52 (sur
433 2454 532 52 parchemin).
859 2454 213 52 30
966 2454 284 52 oct.
1143 2454 319 52 1705.
1356 2454 177 52 2
1392 2454 106 52 »

43 2496 199 62 2336.
175 2496 221 62 Art
330 2496 133 62 de
396 2496 199 62 faire
529 2496 155 62 les
617 2496 177 62 vins
728 2496 331 62 rouges,
993 2496 155 62 par
1081 2496 199 62 Louis
1214 2496 243 62 Maupin.
1368 2496 133 62 Piè-

94 2546 145 56 ces
177 2546 269 56 diverses:
384 2546 124 56 1°
446 2546 207 56 Traité
590 2546 165 56 aut.
694 2546 165 56 sig.
797 2546 124 56 de
859 2546 124 56 L.
921 2546 227 56 Maupin,
1087 2546 145 56 sur
1169 2546 124 56 la
1231 2546 207 56 vigne.
1376 2546 124 56 26
1417 2546 83 56 p.

90 2596 205 64 in-4.
227 2596 114 64 —
273 2596 137 64 2°
341 2596 205 64 Moyen
478 2596 228 64 facile
637 2596 137 64 et
705 2596 251 64 éprouvé
888 2596 182 64 pour
1002 2596 273 64 soulager
1207 2596 137 64 et
1252 2596 251 64 améliorer

93 2644 154 55 les
181 2644 176 55 pays
291 2644 132 55 de
358 2644 287 55 vignoble,
578 2644 198 55 etc.,
710 2644 265 55 imprimé,
909 2644 132 55 de
975 2644 110 55 9
1019 2644 198 55 pages
1151 2644 198 55 in-4.
1284 2644 110 55 —
1328 2644 132 55 3°
1372 2644 132 55 Con-

93 2700 310 83 sidérations
341 2700 145 83 sur
424 2700 145 83 ses
507 2700 331 83 découvertes,
775 2700 103 83 3
817 2700 124 83 p.
879 2700 227 83 in-fol.
1044 2700 103 83 —
1086 2700 124 83 4°
1148 2700 186 83 Faits
1272 2700 124 83 et
1313 2700 186 83 gestes,
