1586 2918
99 138 245 77 Londres
277 138 134 77 en
344 138 200 77 4730.
477 138 178 77 Mort
588 138 111 77 à
633 138 200 77 Bril,
766 138 178 77 près
878 138 134 77 de
945 138 245 77 Vienne,
1123 138 134 77 en
1189 138 200 77 1805.
1323 138 134 77 L.
1367 138 134 77 aut.

96 202 195 59 sig.,
226 202 108 59 à
270 202 130 59 M.
335 202 282 59 d’Ennery,
552 202 108 59 à
595 202 217 59 Paris.
747 202 174 59 Sans
855 202 195 59 date.
986 202 108 59 1
1029 202 130 59 p.
1094 202 152 59 pl.
1181 202 130 59 et
1246 202 195 59 demie
1354 202 152 59 in

85 239 391 79 Cachet.
370 239 320 79 Jolie
584 239 391 79 lettre.
868 239 569 79 Rare
1331 239 214 79 12
1402 239 107 79 »

148 282 126 64 Il
211 282 105 64 a
253 282 188 64 trois
378 282 251 64 tableaux
567 282 147 64 qui
651 282 168 64 vont
755 282 230 64 partir,
923 282 126 64 et
986 282 126 64 il
1048 282 209 64 serait
1195 282 251 64 enchanté
1362 282 147 64 qu’il

100 337 162 74 les
192 337 185 74 vit,
308 337 162 74 non
400 337 162 74 pas
493 337 185 74 pour
608 337 139 74 en
678 337 277 74 recevoir
886 337 162 74 des
978 337 370 74 compliments,
1279 337 185 74 mais
1371 337 139 74 pour

100 400 240 52 pouvoir
275 400 262 52 profiter
471 400 131 52 de
536 400 153 52 son
624 400 262 52 jugement
820 400 153 52 sur
885 400 175 52 eux...

54 438 185 66 2348.
178 438 390 66 Casaubon
506 438 287 66 (Jacques),
732 438 185 66 garde
855 438 123 66 de
917 438 123 66 la
978 438 328 66 bibliothèque
1245 438 123 66 du
1307 438 164 66 Roi.
1389 438 123 66 Let

102 488 143 62 tre
183 488 123 62 en
245 488 184 62 grec,
367 488 164 62 aut,
470 488 164 62 sig.
572 488 123 62 en
633 488 184 62 tête,
756 488 123 62 au
817 488 164 62 Père
919 488 184 62 Denis
1042 488 204 62 Petau,
1185 488 102 62 à
1226 488 245 62 Orléans.
1410 488 102 62 2
1430 488 82 62 p.

54 537 764 56 in-fol.
609 537 764 56 Cachet.
1165 537 417 56 12
1304 537 208 56 »

54 588 196 62 2349.
185 588 414 62 Chavigny
533 588 218 62 (Renée
686 588 131 62 de
751 588 283 62 Bretagne,
969 588 174 62 dame
1078 588 174 62 de).
1186 588 196 62 Pièce
1317 588 196 62 sig.,
1426 588 87 62 au

103 643 202 58 sujet
237 643 202 58 d’une
371 643 202 58 somme
506 643 134 58 de
573 643 157 58 666
663 643 179 58 écus
775 643 157 58 qui
864 643 157 58 ont
954 643 157 58 été
1044 643 202 58 payés
1178 643 157 58 par
1268 643 179 58 elle
1380 643 112 58 à
1402 643 112 58 ma-

102 680 188 68 dame
220 680 376 68 d’Angoulême.
526 680 235 68 Paris,
690 680 141 68 17
761 680 259 68 juillet
949 680 212 68 1596,
1090 680 118 68 1
1137 680 141 68 p.
1207 680 259 68 in-fol.
1395 680 118 68 2
1419 680 94 68 50

58 731 179 61 2350.
178 731 378 61 Cormenin
496 731 139 61 (le
576 731 219 61 vicomte
735 731 159 61 de),
835 731 299 61 publiciste.
1074 731 199 61 Billet
1213 731 159 61 aut.
1313 731 159 61 sig.
1412 731 100 61 1
1432 731 80 61 p.

-0 787 1263 59 in-18.
884 787 631 59 4
1010 787 505 59 25

58 832 175 61 2351.
174 832 388 61 Deslandes
504 832 369 61 (Henri-François
815 832 408 61 Boureau)
1164 832 155 61 mort
1262 832 117 61 en
1320 832 175 61 1757.
1417 832 97 61 Au

111 885 145 50 teur
202 885 109 50 de
256 885 308 50 l'Histoire
510 885 218 50 critique
673 885 109 50 de
727 885 109 50 la
782 885 345 50 philosophie
1072 885 145 50 etc.
1163 885 127 50 Fin
1235 885 109 50 de
1289 885 181 50 lettre
1398 885 109 50 aut.

68 938 463 60 sig.
357 938 289 60 1
473 938 347 60 p.
647 938 405 60 pl.
878 938 521 60 in-4.
1225 938 289 60 2
1283 938 231 60 50

57 972 175 67 2352.
173 972 330 67 Deutz,
445 972 175 67 grand
561 972 194 67 rabbin
697 972 117 67 du
756 972 291 67 consistoire
989 972 214 67 central
1144 972 117 67 de
1202 972 194 67 Paris.
1338 972 117 67 L.
1377 972 136 67 sig.,

104 1032 121 48 à
152 1032 145 48 M.
225 1032 145 48 le
298 1032 194 48 juge
419 1032 145 48 de
492 1032 194 48 paix
613 1032 145 48 du
686 1032 291 48 septième
904 1032 461 48 arrondissement.
1292 1032 121 48 1
1340 1032 145 48 p.
1389 1032 121 48 pl.

-27 1070 1387 65 in-4.
898 1070 771 65 2
1052 1070 462 65 »

61 1117 182 62 2353.
182 1117 323 62 Dingé
444 1117 282 62 (Antoine),
666 1117 323 62 littérateur.
928 1117 121 62 Né
989 1117 101 62 à
1029 1117 222 62 Orléans
1190 1117 121 62 en
1251 1117 182 62 1759.
1372 1117 161 62 Mort
1452 1117 61 62 à

107 1169 191 61 Paris
234 1169 128 61 en
298 1169 191 61 1832.
426 1169 128 61 1°
489 1169 128 61 L.
553 1169 170 61 aut.
660 1169 170 61 sig.
766 1169 149 61 (la
851 1169 276 61 signature
1064 1169 106 61 a
1106 1169 149 61 été
1191 1169 255 61 biffée),
1382 1169 106 61 à
1404 1169 106 61 son

106 1218 242 60 cousin.
282 1218 110 60 8
326 1218 176 60 oct.
436 1218 198 60 1807.
569 1218 110 60 2
613 1218 132 60 p.
679 1218 198 60 in-4.
811 1218 110 60 —
855 1218 132 60 2°
921 1218 154 60 Sur
1009 1218 242 60 Jacques
1186 1218 220 60 Nompar
1340 1218 132 60 de
1384 1218 132 60 Cau-

106 1269 218 63 mont,
251 1269 170 63 duc
348 1269 145 63 de
421 1269 145 63 La
494 1269 242 63 Force,
663 1269 291 63 maréchal
882 1269 145 63 de
954 1269 267 63 France.
1148 1269 315 63 Manuscrit
1367 1269 145 63 aut.

83 1313 269 68 48
218 1313 404 68 pages
487 1313 224 68 à
576 1313 583 68 mi-marge,
1025 1313 404 68 in-4.
1294 1313 224 68 7
1339 1313 179 68 50

61 1363 195 67 2354.
191 1363 282 67 Dixmme
408 1363 347 67 Héoyale
691 1363 217 67 Quatre
842 1363 260 67 Mémoires
1038 1363 130 67 de
1103 1363 217 67 Jamon,
1255 1363 260 67 écrivain
1428 1363 87 67 du

108 1412 176 63 Roi,
218 1412 132 63 de
284 1412 132 63 la
350 1412 285 63 compagnie
569 1412 154 63 des
657 1412 220 63 gardes
811 1412 132 63 de
876 1412 132 63 la
942 1412 241 63 marine,
1118 1412 110 63 à
1162 1412 307 63 Rochefort,
1381 1412 132 63 1710

110 1462 134 63 et
177 1462 201 63 1711,
311 1462 246 63 envovés
489 1462 112 63 à
534 1462 134 63 M.
601 1462 134 63 de
668 1462 402 63 Pontchartrain;
1003 1462 223 63 titres
1159 1462 134 63 de
1226 1462 156 63 ces
1293 1462 223 63 Mémoires

109 1523 238 61 envoyés
283 1523 130 61 en
348 1523 195 61 1715,
478 1523 130 61 et
542 1523 130 61 L.
607 1523 173 61 aut.
716 1523 173 61 sig.
824 1523 130 61 du
889 1523 195 61 même,
1019 1523 195 61 datée
1149 1523 130 61 de
1214 1523 303 61 Rochefort,
1430 1523 87 61 le

97 1564 169 58 2
165 1564 270 58 nov.
334 1564 304 58 1715.
536 1564 439 58 Ensemble,
874 1564 203 58 29
976 1564 203 58 p.
1077 1564 372 58 in-fol.
1347 1564 169 58 7
1381 1564 135 58 50

62 1611 192 77 2355.
190 1611 257 77 Ecole
382 1611 128 77 du
447 1611 342 77 scandale
725 1611 192 77 (L’),
853 1611 235 77 comédie
1024 1611 257 77 traduite
1217 1611 128 77 de
1259 1611 257 77 l’anglais,

113 1665 134 60 par
189 1665 115 60 de
247 1665 306 60 Châteauneuf,
496 1665 268 60 traducteur
706 1665 172 60 aussi
821 1665 134 60 des
898 1665 287 60 Divorces
1127 1665 306 60 anglais
1357 1665 153 60 etc...

109 1712 289 58 Manuscrit
331 1712 178 58 (non
443 1712 134 58 de
509 1712 134 58 sa
576 1712 223 58 main),
732 1712 134 58 40
799 1712 134 58 p.
866 1712 245 58 in-fol.
1044 1712 111 58 —
1088 1712 134 58 Et
1155 1712 200 58 lett.
1288 1712 178 58 aut.
1377 1712 134 58 sig.

110 1757 281 56 adressée
321 1757 117 56 à
367 1757 305 56 Bernardin
602 1757 141 56 de
672 1757 398 56 Saint-Pierre.
1000 1757 117 56 3
1047 1757 164 56 gr.
1141 1757 141 56 p.
1211 1757 164 56 pl.
1305 1757 141 56 et
1352 1757 164 56 demie

-23 1807 1384 56 in-4.
900 1807 769 56 6
1054 1807 461 56 »

61 1861 199 61 2356.
193 1861 331 61 Emérigon
459 1861 133 61 de
525 1861 133 61 la
591 1861 309 61 Salle,
834 1861 243 61 avocat,
1011 1861 177 61 puis
1121 1861 287 61 président
1342 1861 133 61 du
1386 1861 133 61 Tri

112 1901 201 67 bunal
246 1901 134 67 de
313 1901 268 67 première
513 1901 268 67 instance
714 1901 134 67 de
781 1901 290 67 Bordeaux.
1005 1901 134 67 L.
1072 1901 179 67 aut.
1183 1901 201 67 sig.,
1317 1901 112 67 à
1362 1901 134 67 M.
1406 1901 112 67 dle

112 1955 195 58 comte
242 1955 238 58 Etienne
415 1955 130 58 de
480 1955 324 58 Damas-Crux.
740 1955 281 58 Bordeaux,
956 1955 130 58 19
1021 1955 238 58 juillet
1194 1955 195 58 1814.
1323 1955 108 58 3
1367 1955 130 58 p.
1410 1955 108 58 pl.

64 2002 623 58 in-4.
479 2002 900 58 Curieuse.
1172 2002 346 58 4
1241 2002 277 58 50

160 2043 134 61 Il
227 2043 111 61 y
271 2043 156 61 est
360 2043 267 61 question
561 2043 134 61 du
627 2043 156 61 duc
716 2043 356 61 d’Angoulême,
1006 2043 178 61 dont
1117 2043 134 61 le
1184 2043 223 61 départ
1340 2043 134 61 de
1384 2043 134 61 Bor-

111 2094 195 57 deaux
241 2094 174 57 fait
350 2094 217 57 couler
502 2094 174 57 bien
610 2094 152 57 des
697 2094 239 57 larmes,
870 2094 130 57 et
935 2094 217 57 plonge
1087 2094 195 57 cette
1217 2094 195 57 ville
1348 2094 174 57 dans
1434 2094 87 57 la

115 2139 268 85 tristesse
322 2139 124 85 la
383 2139 165 85 plus
466 2139 268 85 profonde...

67 2185 182 81 2357.
188 2185 364 81 Etienne
491 2185 141 81 (le
572 2185 162 81 Père
673 2185 242 81 Pierre),
854 2185 202 81 ancien
996 2185 263 81 cordelier
1198 2185 121 81 de
1258 2185 222 81 Nantes,
1400 2185 121 81 cha

116 2249 178 58 noine
235 2249 119 58 de
294 2249 119 58 la
353 2249 277 58 cathédrale
571 2249 119 58 de
630 2249 178 58 cette
749 2249 198 58 ville,
887 2249 198 58 auteur
1026 2249 119 58 du
1085 2249 277 58 Bonheur
1283 2249 237 58 rural

115 2303 192 55 1789.
243 2303 107 55 2
285 2303 170 55 vol.
392 2303 192 55 in-8.
520 2303 128 55 L.
583 2303 170 55 aut.
690 2303 192 55 sig.,
818 2303 149 55 aux
903 2303 320 55 citoyens...
1159 2303 234 55 Nantes,
1329 2303 128 55 29
1372 2303 149 55 ther-

94 2332 390 78 midor
354 2332 260 78 an
484 2332 303 78 IV.
657 2332 217 78 2
743 2332 260 78 p.
873 2332 303 78 pl.
1047 2332 390 78 in-4.
1306 2332 217 78 3
1350 2332 173 78 50

163 2385 226 66 Hommage
328 2385 164 66 d’un
430 2385 287 66 exemplaire
656 2385 123 66 de
717 2385 144 66 son
799 2385 246 66 ouvrage,
984 2385 123 66 le
1046 2385 287 66 Bonheur
1251 2385 246 66 rural

72 2418 165 78 2358.
182 2418 294 78 Fabre
421 2418 110 78 de
476 2418 312 78 l'Aude
733 2418 129 78 (le
807 2418 202 78 comte),
953 2418 110 78 du
1009 2418 202 78 conseil
1156 2418 129 78 des
1229 2418 276 78 Cinq-Cents,
1431 2418 92 78 sé

118 2488 231 66 nateur,
286 2488 168 66 etc.
391 2488 189 66 Pièce
518 2488 189 66 sig.,
644 2488 210 66 signée
791 2488 189 66 aussi
917 2488 147 66 par
1001 2488 231 66 Calaman
1169 2488 126 66 et
1233 2488 231 66 Périer,
1380 2488 147 66 dépu-

119 2537 151 54 tés
206 2537 129 54 de
270 2537 216 54 l’Aude
421 2537 151 54 aux
508 2537 323 54 Cinq-Cents,
766 2537 129 54 au
831 2537 194 54 sujet
960 2537 129 54 du
1025 2537 237 54 citoyen
1198 2537 216 54 Causse
1349 2537 129 54 de
1392 2537 129 54 Nar-

114 2584 230 64 bonne,
275 2584 299 64 acquéreur
505 2584 138 64 du
574 2584 253 64 domaine
758 2584 138 64 de
827 2584 322 64 Fonfroide.
1080 2584 138 64 26
1149 2584 322 64 thermidor.
1402 2584 115 64 1
1425 2584 92 64 p.

-14 2634 1384 60 in-4.
909 2634 769 60 3
1063 2634 461 60 »

65 2678 231 71 2359.
219 2678 308 71 Fanny
450 2678 257 71 Wright
630 2678 180 71 Ph.
733 2678 488 71 d’Arusmont,
1143 2678 257 71 auteur
1323 2678 154 71 de
1374 2678 154 71 nom

118 2736 198 65 breux
250 2736 286 65 jouvrages
470 2736 330 65 politiques,
734 2736 418 65 philosophiques,
1086 2736 132 65 de
1152 2736 308 65 tragédies,
1372 2736 154 65 etc.,
