1597 2941
95 133 105 79 é
137 133 146 79 lés
221 133 126 79 II
283 133 230 79 livroit
451 133 146 79 son
534 133 167 79 pays
639 133 105 79 à
681 133 126 79 la
744 133 230 79 France.
911 133 126 79 La
974 133 188 79 seule
1099 133 293 79 différencé
1330 133 146 79 est
1392 133 105 79 que

93 214 252 53 «Charles
282 214 126 53 II
345 214 126 53 se
408 214 231 53 faisoit
576 214 189 53 payer
702 214 147 53 par
786 214 189 53 Louis
913 214 168 53 XIV,
1018 214 126 53 et
1081 214 147 53 que
1165 214 126 53 Ls
1228 214 168 53 Ph.,
1312 214 189 53 s’esti-

96 256 186 59 «mant
220 256 103 59 à
262 256 145 59 son
344 256 186 59 juste
468 256 186 59 prix,
592 256 186 59 s’est
716 256 186 59 donné
840 256 165 59 pour
943 256 186 59 rien.
1067 256 124 59 Il
1129 256 207 59 vient,
1274 256 207 59 contre
1398 256 103 59 les

95 294 363 63 «engagements
390 294 182 63 pris
504 294 136 63 en
572 294 182 63 face
685 294 159 63 des
776 294 295 63 Chambres,
1003 294 295 63 d’achever
1230 294 136 63 le
1275 294 227 63 désarme-

96 345 194 67 «ment
226 345 130 67 de
291 345 194 67 notre
421 345 238 67 flotte.
593 345 130 67 Ne
658 345 173 67 vous
766 345 238 67 étonnez
939 345 151 67 pas
1026 345 130 67 si
1090 345 173 67 l’un
1198 345 130 67 de
1263 345 151 67 ces
1328 345 173 67 jours,

96 396 198 62 «vous
228 396 264 62 entendez
426 396 176 62 dire
535 396 198 62 qu’on
667 396 198 62 vient
799 396 132 62 de
865 396 132 62 la
931 396 220 62 mettre
1085 396 198 62 entre
1216 396 154 62 les
1304 396 198 62 mains
1414 396 88 62 de

94 445 411 66 «commissaires
408 445 266 66 anglois.»

52 472 184 81 2382.
174 472 429 81 Lapérouse,
542 472 225 81 célèbre
706 472 307 81 navigateur.
951 472 204 81 Lettre
1094 472 102 81 à
1135 472 143 81 lui
1217 472 266 81 adressée,
1401 472 102 81 par

95 542 141 65 M.
165 542 328 65 Chevalier,
423 542 141 65 en
493 542 188 65 date
611 542 141 65 de
681 542 399 65 Chandernagor,
1009 542 141 65 le
1080 542 141 65 30
1150 542 281 65 décembre
1338 542 164 65 1777.

78 601 203 69 3
160 601 285 69 gr.
322 601 244 69 p.
444 601 285 69 pl.
607 601 325 69 aut.
810 601 325 69 sig.
1013 601 447 69 in-fol.
1338 601 203 69 9
1379 601 122 69 »

145 619 134 79 Il
212 619 134 79 le
279 619 268 79 félicite
479 619 134 79 de
546 619 156 79 son
635 619 223 79 retour
791 619 134 79 en
858 619 290 79 France...
1081 619 156 79 «Il
1171 619 223 79 paroît
1327 619 156 79 que
1394 619 112 79 les

101 680 237 63 «bruits
274 680 129 63 de
339 680 216 63 guerre
490 680 173 63 sont
598 680 281 63 assoupis,
814 680 151 63 les
900 680 281 63 dernières
1116 680 281 63 nouvelles
1331 680 151 63 que
1396 680 108 63 les

98 737 291 59 «Anglois
316 737 291 59 viennent
534 737 145 59 de
607 737 291 59 recevoir
825 737 170 59 par
922 737 145 59 la
995 737 194 59 voie
1116 737 145 59 de
1189 737 194 59 Suez
1310 737 194 59 sont
1407 737 97 59 du

101 795 201 52 «mois
235 795 268 52 d’aoûst,
436 795 134 52 et
503 795 201 52 elles
637 795 290 52 annoncent
860 795 156 52 une
950 795 179 52 paix
1061 795 290 52 profonde.
1285 795 179 52 L’on
1374 795 134 52 doit

102 841 195 56 «sans
232 841 195 56 doute
362 841 173 56 s’en
470 841 238 56 réjouir
643 841 130 56 en
708 841 130 56 ne
773 841 325 56 considérant
1033 841 151 56 que
1119 841 303 56 l’humanité
1358 841 130 56 en
1401 841 108 56 gé-

103 879 241 74 «néral,
278 879 175 74 mais
388 879 175 74 nous
498 879 219 74 autres
651 879 241 74 pauvres
826 879 263 74 esclaves
1024 879 263 74 rampants
1221 879 175 74 sous
1331 879 132 74 le
1374 879 132 74 joug

106 921 345 63 «intolérable
387 921 129 63 de
451 921 323 63 l’insolence
710 921 345 63 britannique,
990 921 172 63 nous
1098 921 129 63 ne
1162 921 237 63 serions
1335 921 151 63 pas
1399 921 108 63 fâ-

102 971 211 62 «chés
242 971 141 62 de
312 971 141 62 le
383 971 281 62 secouer,
593 971 141 62 et
664 971 187 62 vous
781 971 211 62 savés
921 971 164 62 que
1015 971 187 62 nous
1132 971 211 62 avons
1273 971 164 62 une
1343 971 164 62 belle

104 1014 322 69 «vengeance
357 1014 115 69 à
403 1014 276 69 prendre.
610 1014 138 69 Je
679 1014 138 69 ne
748 1014 207 69 sçais
885 1014 161 69 pas
977 1014 230 69 encore
1138 1014 253 69 comment
1322 1014 138 69 le
1368 1014 138 69 gou-

106 1068 306 68 «vernement
347 1068 175 68 aura
456 1068 175 68 pris
566 1068 153 68 les
653 1068 197 68 coups
785 1068 131 68 de
850 1068 197 68 canon
982 1068 197 68 tirés
1113 1068 153 68 sur
1201 1068 153 68 nos
1266 1068 241 68 vaisseaux

106 1112 267 63 «l’année
306 1112 289 63 dernière,
528 1112 133 63 et
595 1112 222 63 toutes
751 1112 156 63 les
840 1112 267 63 insultes
1040 1112 267 63 répétées
1240 1112 156 63 que
1329 1112 178 63 nous
1418 1112 89 63 ne

106 1158 263 69 «cessons
303 1158 307 69 d’essuyer,
544 1158 175 69 mais
654 1158 131 69 je
719 1158 219 69 crains
873 1158 307 69 l’apathie,
1114 1158 197 69 cette
1245 1158 241 69 maladie
1398 1158 110 69 est

108 1209 197 62 «pour
240 1209 197 62 l’âme
371 1209 131 62 ce
437 1209 153 62 que
524 1209 175 62 sont
634 1209 175 62 pour
743 1209 131 62 le
809 1209 197 62 corps
940 1209 219 62 toutes
1094 1209 153 62 les
1181 1209 219 62 auires
1335 1209 153 62 qui
1400 1209 110 62 ont

109 1261 156 55 «la
198 1261 178 55 même
309 1261 356 55 terminaison,
598 1261 133 55 et
665 1261 133 55 il
732 1261 133 55 me
798 1261 222 55 paraît
954 1261 245 55 qu’elle
1132 1261 156 55 est
1199 1261 311 55 furieusement

110 1311 306 58 «enracinée
351 1311 131 58 et
416 1311 284 58 invétérée
635 1311 175 58 chés
744 1311 240 58 nous...
919 1311 197 58 Notre
1050 1311 284 58 situation
1269 1311 153 58 est
1356 1311 175 58 tout
1443 1311 66 58 à

112 1360 190 60 «fait
239 1360 275 60 gentille,
450 1360 169 60 nous
556 1360 233 60 n’avons
725 1360 127 60 ni
789 1360 233 60 argent,
958 1360 127 60 ni
1021 1360 233 60 crédit,
1191 1360 233 60 presque
1360 1360 148 60 pas
1423 1360 85 60 de

112 1399 275 65 «troupes,
323 1399 190 65 point
450 1399 127 65 de
514 1399 402 65 fortifications,
852 1399 127 65 et
916 1399 275 65 cependant
1127 1399 169 65 l’on
1233 1399 254 65 voudroit
1402 1399 106 65 que

112 1457 203 57 «nous
248 1457 271 57 fissions
451 1457 158 57 des
542 1457 294 57 miracles,
768 1457 136 57 et
835 1457 181 57 l’on
948 1457 181 57 nous
1061 1457 248 57 suppose
1219 1457 294 57 apparemment

113 1505 155 76 «le
202 1505 155 76 don
290 1505 133 76 du
357 1505 289 76 créateur,
579 1505 133 76 et
645 1505 155 76 que
734 1505 289 76 semblable
956 1505 111 76 à
1001 1505 155 76 lui
1089 1505 178 76 nous
1200 1505 244 76 pouvons
1356 1505 155 76 tirer

112 1549 133 66 «la
188 1549 209 66 matière
340 1549 114 66 du
397 1549 171 66 cahos
511 1549 133 66 par
588 1549 114 66 un
645 1549 209 66 fiat
778 1549 247 66 lux..»

60 1575 201 103 2383.
194 1575 201 103 La
328 1575 492 103 Rochejaquelein
753 1575 582 103 (Marie-Louise-Victoire
1268 1575 134 103 de
1313 1575 201 103 Donnis

109 1642 181 65 san,
222 1642 271 65 marquise
426 1642 181 65 de),
539 1642 158 65 née
629 1642 136 65 en
697 1642 203 65 1772,
833 1642 226 65 mariée
991 1642 113 65 à
1036 1642 136 65 19
1104 1642 158 65 ans
1195 1642 136 65 au
1262 1642 249 65 marquis
1421 1642 90 65 de

110 1696 259 50 Lescure,
305 1696 129 50 et
369 1696 108 50 à
413 1696 129 50 30
477 1696 129 50 au
542 1696 237 50 marquis
715 1696 194 50 Louis
844 1696 129 50 de
909 1696 129 50 La
974 1696 410 50 Rochejaquelein,
1319 1696 151 50 tué
1384 1696 129 50 dans

111 1737 129 69 la
176 1737 215 69 Vendée
327 1737 129 69 en
392 1737 194 69 1815.
521 1737 194 69 Morte
650 1737 129 69 en
715 1737 194 69 1857.
844 1737 129 69 L.
909 1737 194 69 sig.,
1038 1737 129 69 au
1103 1737 323 69 vicomte....
1340 1737 172 69 Paris,

95 1788 207 50 49
199 1788 311 50 sept.
406 1788 311 50 1817.
613 1788 173 50 1
682 1788 207 50 p.
786 1788 207 50 et
890 1788 311 50 demie
1097 1788 311 50 in-4.
1304 1788 173 50 5
1373 1788 173 50 3
1407 1788 104 50 »

64 1813 179 106 2384.
183 1813 179 106 Le
302 1813 238 106 Brun
481 1813 318 106 (Ponce-Denis
739 1813 437 106 Ecouchard),
1116 1813 179 106 poëte
1235 1813 238 106 lyrique,
1394 1813 119 106 sur

114 1883 182 55 nommé
235 1883 122 55 le
296 1883 284 55 Pindare
519 1883 345 55 Français
803 1883 122 55 1°
864 1883 162 55 Deux
965 1883 182 55 pages
1086 1883 162 55 in-8
1188 1883 162 55 aut.
1269 1883 243 55 (Fragments

112 1934 323 60 poétiques).
371 1934 108 60 —
414 1934 129 60 2°
479 1934 151 60 Ode
565 1934 345 60 républicaine
845 1934 129 60 au
909 1934 215 60 peuple
1060 1934 280 60 français,
1275 1934 151 60 sur
1340 1934 172 60 l’Etre

110 1981 281 57 suprême,
320 1981 281 57 composée
531 1981 140 57 en
601 1981 281 57 brumaire
811 1981 140 57 de
881 1981 187 57 l’an
998 1981 164 57 II,
1092 1981 164 57 par
1186 1981 140 57 le
1256 1981 257 57 citoyen
1419 1981 94 57 Le

110 2029 197 53 Brun,
242 2029 219 53 auteur
395 2029 131 53 de
461 2029 197 53 l’ode
592 2029 329 53 patriotique
855 2029 153 53 sur
942 2029 153 53 les
1030 2029 307 53 événements
1271 2029 131 53 de
1315 2029 197 53 l’année

111 2078 194 56 1792.
241 2078 108 56 8
284 2078 194 56 pages
413 2078 302 56 imprimées,
650 2078 194 56 in-8,
779 2078 172 56 avec
887 2078 129 56 un
952 2078 194 56 envoi
1081 2078 129 56 de
1146 2078 108 56 2
1189 2078 215 56 lignes
1340 2078 172 56 pour
1426 2078 86 56 le

113 2125 244 63 citoyen
291 2125 244 63 Carnot.
468 2125 111 63 —
513 2125 133 63 3°
580 2125 222 63 Lettre
735 2125 133 63 de
802 2125 289 63 Vinceslas
1024 2125 289 63 Jaquemont
1246 2125 267 63 adressée
1424 2125 89 63 au

112 2171 240 59 citoyen
287 2171 131 59 de
352 2171 305 59 Normandie,
592 2171 131 59 au
657 2171 196 59 sujet
788 2171 131 59 de
854 2171 131 59 la
919 2171 327 59 liquidation
1181 2171 131 59 de
1246 2171 131 59 sa
1290 2171 218 59 pension.

109 2221 260 56 Paris,
291 2221 156 56 23
369 2221 208 56 mars
499 2221 234 56 1793.
655 2221 130 56 1
707 2221 156 56 p.
785 2221 234 56 in-4.
941 2221 182 56 Les
1045 2221 234 56 trois
1201 2221 286 56 pièces.
1409 2221 130 56 6
1435 2221 78 56 »

65 2255 168 90 2385
170 2255 399 90 Lelewel
506 2255 210 90 savant
653 2255 273 90 numismate
862 2255 273 90 polonais.
1072 2255 126 90 L.
1135 2255 168 90 aut.
1240 2255 168 90 sig.
1345 2255 147 90 (en
1408 2255 105 90 po

112 2317 246 83 lonais),
297 2317 103 83 à
338 2317 123 83 M.
400 2317 246 83 Norblin,
584 2317 103 83 à
625 2317 205 83 Paris.
769 2317 287 83 Bruxelles,
994 2317 103 83 6
1035 2317 226 83 janvier
1199 2317 185 83 1836.
1322 2317 103 83 1
1363 2317 123 83 p.
1404 2317 103 83 pl.

-6 2365 1243 57 in-4.
823 2365 691 57 2
961 2365 552 57 50

64 2394 189 84 2386.
190 2394 189 84 Le
316 2394 273 84 MHelt
526 2394 252 84 (Félix),
715 2394 252 84 médécin,
905 2394 294 84 inspecteur
1136 2394 147 84 des
1220 2394 168 84 eaux
1325 2394 126 84 de
1367 2394 147 84 Bour

111 2456 219 59 bonne.
265 2456 132 59 L.
330 2456 197 59 sig.,
462 2456 110 59 à
506 2456 153 59 MM.
593 2456 153 59 les
681 2456 241 59 membres
856 2456 132 59 de
922 2456 307 59 l’Académie
1163 2456 219 59 royale
1317 2456 132 59 de
1361 2456 153 59 méde-

113 2512 190 53 cine.
240 2512 507 53 Bourbonne-les-Bains,
683 2512 127 53 28
746 2512 232 53 février
915 2512 190 53 1828.
1042 2512 127 53 17
1105 2512 148 53 gr.
1189 2512 127 53 p.
1253 2512 148 53 pl.
1316 2512 190 53 in

105 2559 281 64 d’une
292 2559 438 64 très-nette
636 2559 188 64 et
730 2559 438 64 très-jolie
1074 2559 407 64 écriture.
1387 2559 156 64 6
1418 2559 94 64 »

157 2593 348 85 Présentation
440 2593 174 85 d’un
527 2593 609 85 épithême

62 2637 198 81 2387.
194 2637 418 81 Léopold,
546 2637 154 81 duc
634 2637 132 81 de
700 2637 264 81 Lorraine
898 2637 132 81 et
964 2637 132 81 de
1030 2637 176 81 Bar.
1140 2637 132 81 Né
1206 2637 110 81 à
1250 2637 264 81 Inspruck
1426 2637 88 81 en

114 2700 194 66 1679.
243 2700 172 66 Mort
350 2700 108 66 à
393 2700 280 66 Luneville
608 2700 129 66 en
673 2700 194 66 1729.
802 2700 129 66 L.
866 2700 172 66 aut.
974 2700 194 66 sig.,
1103 2700 108 66 à
1146 2700 129 66 M.
1210 2700 280 66 Fournier.
1404 2700 108 66 Lu-

109 2759 300 66 néville,
334 2759 150 66 25
409 2759 200 66 oct.
534 2759 225 66 1704.
684 2759 125 66 3
734 2759 175 66 gr.
833 2759 150 66 p.
908 2759 175 66 pl.
1008 2759 150 66 et
1083 2759 225 66 demie
1233 2759 225 66 in-4.
1383 2759 150 66 12
1433 2759 75 66 »
