1560 2845
693 33 248 76 183
799 33 106 76 —

132 115 188 75 «Sur
250 115 235 75 l’auis
415 115 165 75 que
509 115 165 75 jay
603 115 141 75 eu
673 115 165 75 que
767 115 235 75 milord
932 115 306 75 Malberoug
1167 115 282 75 marchoit
1355 115 141 75 auec

86 184 164 53 «72
179 184 352 53 battallions
461 184 188 53 pour
579 184 305 53 s’emparer
814 184 141 53 de
884 184 235 53 Treue,
1049 184 399 53 Saint-Wendek,
1354 184 141 53 Hom-

87 229 242 54 «bourg,
263 229 132 54 et
329 229 308 54 peut-estre
571 229 198 54 encor
703 229 198 54 faire
834 229 132 54 le
900 229 198 54 siege
1032 229 132 54 de
1098 229 286 54 Trarbach,
1318 229 132 54 je
1362 229 132 54 uous

87 281 231 55 «enuoye
255 281 126 55 la
318 281 126 55 sy
381 281 210 55 jointe
528 281 168 55 pour
633 281 126 55 se
696 281 210 55 milord
842 281 189 55 affin
968 281 147 55 que
1052 281 168 55 uous
1157 281 252 55 l’alliés
1325 281 168 55 trouué

88 329 211 53 «pour
228 329 164 53 luy
322 329 351 53 recommender
603 329 164 53 mes
696 329 234 53 estats
860 329 187 53 uous
977 329 211 53 uérés
1117 329 164 53 par
1211 329 140 53 la
1281 329 211 53 copie
1398 329 94 53 ce

87 371 171 61 «que
193 371 128 61 je
258 371 150 61 luy
343 371 235 61 escrist
514 371 128 61 la
578 371 214 61 dessus
728 371 128 61 je
792 371 171 61 suis
899 371 256 61 persuadé
1091 371 150 61 que
1176 371 192 61 quand
1305 371 171 61 uous
1390 371 107 61 luy

85 421 228 55 «aures
245 421 205 55 parle
381 421 182 55 uous
495 421 342 55 obtienderés
768 421 137 55 de
837 421 159 55 luy
928 421 182 55 pour
1042 421 159 55 que
1133 421 182 55 nous
1247 421 182 55 nous
1338 421 159 55 puis-

128 475 196 56 sions
259 475 174 56 pare
368 475 131 56 le
433 475 174 56 coup
542 475 152 56 qui
629 475 174 56 nous
738 475 305 56 menasse...
977 475 196 56 etc.,
1108 475 218 56 etc...
1239 475 65 56 »

40 517 177 75 2388.
158 517 276 75 Liberté
375 517 118 75 du
434 517 335 75 commerce
710 517 276 75 Extrait
926 517 157 75 d’un
1025 517 217 75 ouvrage
1182 517 197 75 inédit
1300 517 197 75 sur

92 565 156 57 la
196 565 191 57 liberté
335 565 104 57 du
387 565 226 57 commerce,
560 565 191 57 ch
699 565 139 57 III,
786 565 139 57 <par
872 565 104 57 le
924 565 104 57 C.
976 565 104 57 A.
1029 565 104 57 L.
1081 565 121 57 Es.
1150 565 191 57 Sinety,
1271 565 226 57 ex

86 616 293 62 stituant,
324 616 256 62 secrétaire
525 616 238 62 perpétuel
708 616 110 62 de
763 616 256 62 l’Académie
965 616 110 62 de
1020 616 385 62 Marseille...
1349 616 110 62 Lu
1404 616 92 62 à
1423 616 73 62 la

85 665 213 57 séance
234 665 256 57 publique
426 665 128 57 de
490 665 299 57 l’Académie
725 665 128 57 de
789 665 299 57 Marseille,
1024 665 128 57 le
1088 665 128 57 21
1152 665 256 57 messidor
1344 665 128 57 an
1386 665 107 57 XI.

67 712 308 60 Aut.
260 712 308 60 sig.
453 712 231 60 12
568 712 270 60 gr.
722 712 231 60 p.
838 712 270 60 pl.
992 712 424 60 in-fol.
1300 712 231 60 10
1377 712 116 60 »

39 764 176 69 2389.
157 764 353 69 MHaffei
451 764 451 69 (François-Scipion),
843 764 294 69 littérateur
1078 764 118 69 et
1137 764 176 69 poëte
1235 764 255 69 dramatique.

83 817 132 52 L.
149 817 176 52 aut.
259 817 176 52 sig.
369 817 154 52 (en
457 817 286 52 italien).
677 817 242 52 Vérone,
853 817 132 52 13
919 817 176 52 oct.
1029 817 198 52 1740.
1161 817 110 52 1
1205 817 132 52 p.
1271 817 198 52 in-4.
1403 817 110 52 4
1425 817 66 52 »

36 860 180 84 2390.
156 860 440 84 Magliabechi
536 860 280 84 (Antonio),
756 860 200 84 savant
896 860 220 84 érudit.
1056 860 120 84 L.
1116 860 160 84 aut.
1216 860 160 84 sig.
1316 860 140 84 (en
1376 860 120 84 ita

82 917 228 75 lien),
242 917 114 75 à
287 917 251 75 Germain
470 917 319 75 Montanari,
721 917 319 75 professeur
972 917 228 75 public
1131 917 388 75 d’astronomie,
1428 917 68 75 à

77 964 305 53 Padoue.
299 964 361 53 Florence,
577 964 166 53 29
660 964 222 53 mars
798 964 250 53 1681.
965 964 139 53 2
1020 964 166 53 p.
1104 964 194 53 pl.
1215 964 250 53 in-4.
1381 964 139 53 6
1409 964 83 53 »

37 1017 190 69 2391.
164 1017 338 69 Maho,
438 1017 253 69 mèdecin,
628 1017 211 69 membre
776 1017 127 69 de
839 1017 127 69 la
902 1017 232 69 Société
1071 1017 148 69 des
1155 1017 253 69 Sciences
1345 1017 127 69 et
1387 1017 106 69 des

81 1062 188 71 Arts
199 1062 141 71 du
270 1062 353 71 département
552 1062 141 71 de
623 1062 141 71 la
693 1062 494 71 Loire-Inférieure.
1117 1062 141 71 L.
1187 1062 188 71 aut.
1305 1062 212 71 sig.,
1422 1062 71 71 à

81 1115 132 57 M.
147 1115 330 57 Desessarts.
411 1115 242 57 Nantes,
587 1115 154 57 1er
675 1115 242 57 janvier
851 1115 198 57 1807.
983 1115 286 57 Médicale.
1203 1115 264 57 Intéres.
1401 1115 110 57 3
1423 1115 66 57 »

40 1143 179 82 2392.
159 1143 278 82 Mai
378 1143 258 82 (Angelo),
576 1143 258 82 cardinal,
775 1143 199 82 savant
914 1143 298 82 philologue.
1152 1143 119 82 L.
1212 1143 159 82 aut.
1311 1143 159 82 sig.
1391 1143 99 82 (en

84 1202 268 93 italien),
290 1202 103 93 à
331 1202 123 93 M.
393 1202 226 93 Charles
558 1202 206 93 Salvi,
702 1202 103 93 à
743 1202 206 93 Paris.
887 1202 185 93 Rome,
1011 1202 103 93 6
1052 1202 185 93 sept.
1175 1202 185 93 1823.
1299 1202 103 93 1
1340 1202 144 93 gr.
1402 1202 82 93 p.

-0 1258 745 57 pl.
425 1258 958 57 in-4.
1064 1258 532 57 5
1171 1258 319 57 »

38 1305 192 65 2393.
166 1305 385 65 Majault
487 1305 428 65 (Michel-Joseph),
850 1305 128 65 de
915 1305 214 65 Douai,
1064 1305 235 65 médecin
1235 1305 128 65 de
1278 1305 214 65 l’Hôtel-

82 1353 168 55 Dieu
187 1353 126 55 de
250 1353 210 55 Paris.
397 1353 273 55 Quittance
607 1353 168 55 aut.
712 1353 168 55 sig.
817 1353 336 55 d’honoraires
1090 1353 126 55 de
1153 1353 252 55 visites.
1321 1353 168 55 Paris,

60 1400 211 50 2
144 1400 295 50 mai
313 1400 379 50 1764.
565 1400 337 50 In-8
776 1400 253 50 en
902 1400 505 50 travers.
1281 1400 211 50 2
1324 1400 168 50 25

37 1424 176 83 2394.
155 1424 352 83 Mallet,
449 1424 215 83 médecin
605 1424 117 83 de
664 1424 313 83 l’Hôtel-Dieu
918 1424 117 83 de
977 1424 196 83 Paris.
1114 1424 274 83 Certificat
1310 1424 176 83 médical

78 1504 201 52 aut.
204 1504 201 52 sig.
329 1504 252 52 Paris,
506 1504 151 52 16
581 1504 302 52 prairial
808 1504 151 52 an
883 1504 176 52 XI.
984 1504 126 52 1
1034 1504 151 52 p.
1110 1504 176 52 pl.
1210 1504 226 52 in-4.
1361 1504 126 52 2
1386 1504 101 52 50

32 1532 193 71 2395.
160 1532 364 71 Maloet
460 1532 278 71 (Pierre),
674 1532 236 71 médecin
845 1532 129 71 en
910 1532 171 71 chef
1017 1532 150 71 des
1102 1532 300 71 Invalides,
1317 1532 171 71 membre

80 1604 130 66 de
145 1604 303 66 l’Académie
383 1604 151 66 des
470 1604 281 66 sciences.
686 1604 130 66 L.
751 1604 173 66 aut.
859 1604 195 66 sig.,
989 1604 130 66 au
1054 1604 195 66 doyen
1184 1604 130 66 de
1227 1604 260 66 l’Académie

74 1641 173 69 de
161 1641 375 69 médecine.
449 1641 144 69 5
506 1641 231 69 mars
650 1641 259 69 1786.
823 1641 144 69 3
881 1641 202 69 gr.
996 1641 173 69 p.
1083 1641 202 69 pl.
1198 1641 259 69 in-4.
1371 1641 144 69 5
1400 1641 86 69 »

129 1685 123 70 Au
191 1685 185 70 sujet
315 1685 123 70 de
376 1685 123 70 la
438 1685 185 70 thèse
561 1685 123 70 du
623 1685 267 70 bachelier
829 1685 206 70 Borie,
973 1685 144 70 qui
1055 1685 144 70 lui
1137 1685 103 70 a
1178 1685 144 70 été
1261 1685 226 70 dédiée,
1405 1685 82 70 et

81 1746 149 49 qui
166 1746 106 49 a
208 1746 149 49 été
293 1746 255 49 imprimée
485 1746 128 49 et
549 1746 298 49 distribuée
783 1746 170 49 sans
889 1746 149 49 son
974 1746 362 49 autorisation,
1272 1746 170 49 sans
1357 1746 128 49 même

82 1792 234 71 qu’elle
252 1792 149 71 lui
337 1792 149 71 ait
422 1792 149 71 été
507 1792 340 71 communiquée,
783 1792 234 71 suivant
953 1792 255 71 l’usage,
1144 1792 191 71 avant
1272 1792 127 71 sa
1314 1792 170 71 publi

54 1832 203 66 cation.

31 1869 187 88 2396.
156 1869 332 88 Marc,
425 1869 249 88 médecin.
612 1869 124 88 L.
674 1869 166 88 aut.
778 1869 187 88 sig.,
902 1869 124 88 au
965 1869 270 88 rédacteur
1172 1869 124 88 du
1234 1869 228 88 journal
1379 1869 104 88 des

71 1927 301 86 curés.
281 1927 301 86 Paris,
492 1927 180 86 23
582 1927 331 86 juillet
823 1927 271 86 1809.
1003 1927 150 86 1
1063 1927 180 86 p.
1153 1927 271 86 in-4.
1334 1927 150 86 2
1364 1927 120 86 50

124 1974 256 65 Hommage
310 1974 140 65 de
380 1974 163 65 son
473 1974 256 65 ouvrage
659 1974 163 65 sur
753 1974 140 65 la
799 1974 233 65 vaccine.

30 2021 198 66 2397.
162 2021 418 66 Maréchal
514 2021 308 66 (Georges),
756 2021 242 66 premier
931 2021 308 66 chirurgien
1173 2021 132 66 de
1239 2021 198 66 Louis
1349 2021 132 66 XIV.

77 2081 241 61 Mémoire
252 2081 197 61 aut.,
384 2081 132 61 au
450 2081 197 61 sujet
581 2081 197 61 d’une
713 2081 307 61 ordonnance
954 2081 132 61 de
1020 2081 153 61 dix
1107 2081 197 61 mille
1239 2081 219 61 francs
1370 2081 110 61 qui

79 2126 146 66 lui
163 2126 105 66 a
205 2126 146 66 été
288 2126 251 66 accordée
476 2126 167 66 pour
581 2126 146 66 son
665 2126 188 66 fils.
790 2126 251 66 Décembre
978 2126 188 66 1710.
1104 2126 105 66 1
1145 2126 125 66 p.
1208 2126 146 66 pl.
1292 2126 188 66 in-4,
1396 2126 84 66 en

67 2173 404 61 travers.
370 2173 303 61 Rare.
572 2173 337 61 Notice
808 2173 404 61 imprimée
1111 2173 303 61 in-8.
1313 2173 168 61 7
1346 2173 135 61 50

33 2213 181 75 2398.
153 2213 321 75 Marel
415 2213 281 75 secrétaire
635 2213 261 75 perpétuel
836 2213 121 75 de
897 2213 281 75 l’Académie
1117 2213 121 75 de
1178 2213 201 75 Dijon.
1318 2213 121 75 L.
1358 2213 121 75 aut.

75 2271 197 62 sig.,
206 2271 109 62 à
250 2271 131 62 M,
316 2271 131 62 de
381 2271 284 62 Beaunoir.
600 2271 219 62 Dijon,
753 2271 131 62 14
819 2271 175 62 juin
928 2271 197 62 1784.
1059 2271 109 62 2
1103 2271 153 62 gr.
1191 2271 131 62 p.
1256 2271 153 62 pl.
1322 2271 153 62 in

16 2319 1381 49 Intéressante.
1153 2319 406 49 3
1234 2319 244 49 »

27 2343 198 89 2399.
159 2343 286 89 Mfarie
379 2343 132 89 de
445 2343 440 89 Saint-Ursin,
820 2343 242 89 premier
996 2343 242 89 médecin
1172 2343 132 89 de
1238 2343 242 89 l’armée
1392 2343 88 89 du

78 2417 170 55 Nord,
191 2417 245 55 rédacteur
380 2417 113 55 de
436 2417 113 55 la
493 2417 264 55 Gaxette
700 2417 113 55 de
757 2417 264 55 santé
964 2417 113 55 L.
1021 2417 151 55 aut.
1115 2417 170 55 sig.,
1228 2417 94 55 à
1266 2417 151 55 M...
1341 2417 132 55 1811.

40 2463 288 48 3
156 2463 403 48 gr.
386 2463 345 48 p.
558 2463 403 48 pl.
789 2463 633 48 in-fol.
1249 2463 288 48 4
1306 2463 173 48 »

27 2497 198 77 2400.
159 2497 419 77 Marjolin
512 2497 309 77 chirurgien
754 2497 132 77 de
821 2497 375 77 l’Hôtel-Dieu.
1129 2497 132 77 L.
1195 2497 176 77 aut.
1306 2497 198 77 sig.,
1416 2497 66 77 à

71 2559 157 62 M.
149 2559 313 62 Matthieu
384 2559 157 62 de
462 2559 418 62 Montmorency.
802 2559 209 62 Sans
932 2559 235 62 date.
1089 2559 130 62 3
1141 2559 157 62 p.
1219 2559 235 62 in-4.
1376 2559 130 62 3
1402 2559 78 62 »

29 2608 176 58 2401.
147 2608 352 58 Marmont
441 2608 137 58 (le
519 2608 274 58 maréchal),
734 2608 137 58 duc
812 2608 117 58 de
871 2608 352 58 Raguse
1165 2608 117 58 L.
1224 2608 157 58 aut.
1321 2608 176 58 sig.,
1419 2608 59 58 à

74 2663 288 80 madame...
295 2663 111 80 4
340 2663 266 80 juillet.
539 2663 111 80 2
584 2663 133 80 p.
650 2663 155 80 pl.
739 2663 133 80 et
805 2663 199 80 demie
938 2663 199 80 in-4,
1071 2663 133 80 un
1138 2663 155 80 peu
1204 2663 266 80 fatiguées.

15 2709 1383 57 Intéressante.
1154 2709 407 57 6
1235 2709 244 57 »
