1643 2873
662 66 181 72 —
734 66 254 72 184
843 66 109 72 —

88 160 184 71 2402.
210 160 388 71 Marmont,
537 160 490 71 chirurgien-dentiste.
965 160 122 71 L.
1027 160 163 71 aut.
1129 160 163 71 sig.
1231 160 204 71 Paris,
1374 160 122 71 21
1415 160 122 71 nov.

89 213 593 59 1814.
484 213 329 59 2
616 213 395 59 p.
814 213 593 59 in-4.
1209 213 329 59 2
1275 213 263 59 50

89 269 183 55 2403.
211 269 367 55 Marron,
517 269 245 55 pasteur,
700 269 265 55 président
904 269 122 55 du
965 269 306 55 consistoire
1210 269 122 55 de
1271 269 245 55 l’Eglise
1434 269 102 55 ré

137 302 219 65 formée
290 302 131 65 de
356 302 219 65 Paris.
509 302 131 65 L.
575 302 175 65 aut.
684 302 197 65 sig.,
815 302 109 65 à
859 302 131 65 M.
925 302 306 65 Villenave.
1165 302 109 65 8
1209 302 262 65 décembre
1384 302 153 65 1827.

58 367 495 49 1
256 367 594 49 p.
553 367 890 49 in-8.
1146 367 495 49 2
1245 367 297 49 »

89 408 184 68 2404.
211 408 410 68 Martignac
560 408 143 68 (le
642 408 225 68 vicomte
806 408 164 68 de),
908 408 164 68 chef
1010 408 123 68 du
1072 408 266 68 ministère
1277 408 123 68 de
1338 408 184 68 1828,
1441 408 102 68 dé

139 455 240 60 fenseur
314 455 131 60 du
379 455 218 60 prince
532 455 131 60 de
598 455 262 60 Polignac
794 455 218 60 devant
947 455 131 60 la
1013 455 175 60 cour
1122 455 153 60 des
1209 455 197 60 Pairs
1340 455 131 60 en
1384 455 153 60 1830.

138 497 131 58 L.
204 497 175 58 aut.
313 497 197 58 sig.,
445 497 110 58 à
489 497 131 58 M.
554 497 285 58 Barateau.
773 497 285 58 Miramont,
992 497 110 58 5
1036 497 241 58 octobre
1211 497 197 58 1829.
1343 497 110 58 3
1387 497 153 58 gr.
1452 497 88 58 p.

97 552 440 57 pl.
349 552 566 57 in-4.
726 552 692 57 Cachet.
1229 552 314 57 4
1292 552 251 57 50

92 590 168 72 2405
197 590 400 72 Martinez
534 590 421 72 (Jean-François),
892 590 231 72 médecin
1060 590 147 72 des
1144 590 168 72 eaux
1249 590 126 72 et
1313 590 126 72 de
1355 590 189 72 l’hôpi

143 637 157 66 tal
232 637 135 66 de
300 637 337 66 Plombières,
570 637 315 66 ex-médecin
817 637 157 66 des
907 637 225 66 armées
1064 637 135 66 de
1131 637 135 66 la
1199 637 337 66 République.
1446 637 90 66 L.

140 691 197 63 aut.
263 691 197 63 sig.
386 691 369 63 Plombières,
682 691 148 63 19
756 691 246 63 nivôse
928 691 148 63 an
1002 691 172 63 II.
1100 691 172 63 1/2
1199 691 148 63 p.
1272 691 221 63 in-4.
1420 691 123 63 2
1445 691 98 63 25

92 714 195 83 2406.
222 714 411 83 Mascardi
569 714 325 83 (Augustin),
828 714 303 83 professeur
1067 714 346 83 d’éloquence,
1326 714 217 83 orateur,

140 783 219 65 poëte,
294 783 175 65 etc.
403 783 132 65 L.
469 783 219 65 latine
622 783 175 65 aut.
732 783 197 65 sig.,
863 783 110 65 à
907 783 241 65 Gabriel
1083 783 219 65 Naudé.
1236 783 197 65 Rome,
1368 783 132 65 29
1411 783 132 65 mars

95 832 621 62 1638.
509 832 345 62 1
647 832 414 62 p.
853 832 621 62 in-4.
1267 832 345 62 6
1336 832 207 62 »

90 872 226 80 2407.
240 872 351 80 Mauduit
516 872 151 80 de
592 872 151 80 La
667 872 401 80 Varenne,
993 872 301 80 médecin,
1219 872 251 80 membre
1394 872 151 80 de
1445 872 100 80 la

139 914 241 102 Société
314 914 219 102 royale
468 914 131 102 de
533 914 285 102 médecine.
752 914 175 102 Mort
862 914 131 102 en
928 914 197 102 1792.
1059 914 131 102 L.
1125 914 175 102 aut.
1234 914 197 102 sig.,
1366 914 110 102 à
1388 914 153 102 M....

114 974 286 64 22
257 974 382 64 déc.
496 974 429 64 1784.
782 974 238 64 4
877 974 286 64 p.
1020 974 429 64 in-4.
1307 974 238 64 4
1354 974 191 64 50

187 1005 234 75 Moyens
351 1005 281 75 employés
561 1005 141 75 et
632 1005 117 75 à
678 1005 281 75 employer
889 1005 187 75 pour
1006 1005 234 75 guérir
1170 1005 164 75 les
1264 1005 258 75 malades
1428 1005 117 75 par

128 1068 294 69 l’électricité.

91 1100 185 102 2408
206 1100 300 102 Mayeur
437 1100 139 102 de
507 1100 416 102 Saint-Paul
853 1100 485 102 (André-François),
1269 1100 231 102 auteur
1407 1100 139 102 dra

143 1172 247 60 matique,
329 1172 206 60 acteur
473 1172 124 60 et
535 1172 268 60 directeur
741 1172 124 60 de
803 1172 268 60 théâtres.
1009 1172 124 60 L.
1071 1172 165 60 aut.
1174 1172 186 60 sig.,
1298 1172 103 60 à
1339 1172 124 60 M.
1380 1172 165 60 Dorez,

129 1219 327 53 lundi
347 1219 254 53 13.
492 1219 182 53 1
565 1219 218 53 p.
674 1219 254 53 pl.
819 1219 327 53 in-4.
1037 1219 472 53 Curieuse.
1401 1219 182 53 3
1437 1219 109 53 »

96 1259 195 63 2409.
226 1259 476 63 Maysonnabe,
638 1259 260 63 médecin,
832 1259 303 63 professeur
1071 1259 217 63 agrégé
1222 1259 130 63 en
1287 1259 281 63 exercice,
1482 1259 65 63 à

143 1313 134 62 la
210 1313 245 62 Faculté
388 1313 134 62 de
455 1313 223 62 Paris,
610 1313 134 62 L.
677 1313 178 62 aut.
789 1313 200 62 sig.,
922 1313 111 62 à
967 1313 156 62 son
1056 1313 312 62 confrère..
1301 1313 245 62 Anvers,
1457 1313 89 62 le

120 1366 259 62 10
249 1366 518 62 décembre
638 1366 388 62 1809.
897 1366 216 62 1
983 1366 259 62 p.
1112 1366 388 62 in-4.
1371 1366 216 62 2
1415 1366 129 62 »

97 1390 198 93 2410.
229 1390 396 93 Mazères
559 1390 286 93 (Édmond),
779 1390 220 93 auteur
932 1390 330 93 dramatique.
1196 1390 132 93 L.
1262 1390 176 93 aut.
1372 1390 198 93 sig.,
1482 1390 66 93 à

138 1459 281 54 madame
335 1459 169 54 de
419 1459 169 54 La
504 1459 281 54 Grave,
701 1459 197 54 1er
813 1459 225 54 mars
954 1459 253 54 1827.
1123 1459 141 54 1
1179 1459 169 54 p.
1264 1459 253 54 in-8.
1432 1459 141 54 2
1461 1459 84 54 »

98 1485 188 83 2411.
224 1485 418 83 Mazurier,
579 1485 230 83 médecin
746 1485 125 83 de
809 1485 125 83 la
872 1485 230 83 Faculté
1039 1485 125 83 de
1102 1485 335 83 Montpellier.
1374 1485 125 83 L.
1416 1485 125 83 aut.

144 1553 188 51 sig.,
269 1553 125 51 au
332 1553 229 51 docteur
498 1553 229 51 Bourru,
665 1553 104 51 à
707 1553 208 51 Paris.
852 1553 208 51 Dijon,
998 1553 125 51 15
1061 1553 229 51 janvier
1228 1553 188 51 1785.
1353 1553 104 51 3
1394 1553 125 51 p.
1436 1553 104 51 pl.

89 1598 692 59 in-4.
550 1598 845 59 Cachet.
1165 1598 384 59 4
1242 1598 307 59 50

195 1631 111 70 Au
251 1631 167 70 sujet
362 1631 111 70 de
418 1631 111 70 la
474 1631 260 70 traduction
678 1631 111 70 et
734 1631 111 70 de
789 1631 111 70 la
845 1631 278 70 publication
1068 1631 130 70 des
1142 1631 260 70 Medical
1327 1631 223 70 obser

145 1699 257 53 vations
346 1699 128 53 and
420 1699 239 53 inquiries
603 1699 110 53 by
658 1699 92 53 a
695 1699 202 53 Society
842 1699 110 53 of
897 1699 275 53 Physicians.
1117 1699 275 53 London
1319 1699 110 53 etc.

92 1731 222 74 2412.
241 1731 371 74 Mémoires
537 1731 173 74 sur
636 1731 173 74 les
735 1731 272 74 grandes
932 1731 346 74 Foires
1204 1731 296 74 Question
1402 1731 148 74 pro

141 1788 208 66 posée
279 1788 162 66 par
372 1788 323 66 l’Académie
626 1788 139 66 du
695 1788 208 66 Gard.
833 1788 185 66 Pour
949 1788 208 66 1813.
1087 1788 162 66 Par
1180 1788 139 66 P.
1249 1788 139 66 J.
1295 1788 254 66 Chédeaux,

143 1850 290 51 président
366 1850 134 51 du
433 1850 268 51 Tribunal
634 1850 134 51 de
701 1850 268 51 commerce
902 1850 134 51 de
969 1850 201 51 Metz.
1103 1850 290 51 Manuscrit
1327 1850 134 51 de
1394 1850 134 51 32
1438 1850 112 51 pa-

129 1884 255 64 ges
274 1884 328 64 sig..
493 1884 400 64 in-fol.
784 1884 328 64 Belle
1002 1884 473 64 écriture.
1366 1884 182 64 8
1402 1884 146 64 50

96 1918 184 82 2413.
218 1918 348 82 Ménard
505 1918 307 82 (J.-L.-M.),
751 1918 225 82 docteur
914 1918 123 82 en
976 1918 266 82 médecine,
1181 1918 368 82 bibliothécaire
1467 1918 82 82 de

142 1982 134 54 la
209 1982 246 54 Faculté
388 1982 134 54 de
455 1982 268 54 médecine
656 1982 134 54 de
723 1982 358 54 Montpellier.
1014 1982 134 54 L.
1081 1982 179 54 aut.
1193 1982 201 54 sig.,
1327 1982 134 54 au
1372 1982 179 54 grand-

145 2029 218 53 maître
298 2029 131 53 de
363 2029 349 53 l’Université
647 2029 131 53 de
712 2029 240 53 France.
887 2029 349 53 Montpellier.
1170 2029 131 53 27
1236 2029 240 53 janvier
1388 2029 153 53 1815.

109 2081 277 58 8
219 2081 387 58 gr.
441 2081 332 58 p.
607 2081 387 58 pl.
828 2081 609 58 in-fol.
1270 2081 332 58 10
1381 2081 166 58 »

192 2138 246 46 Curieuse
376 2138 205 46 lettre
519 2138 123 46 au
581 2138 184 46 sujet
704 2138 123 46 de
765 2138 123 46 sa
827 2138 266 46 situation
1032 2138 102 46 à
1073 2138 123 46 la
1134 2138 328 46 Bibliothèque
1380 2138 164 46 vis-

143 2164 154 71 vis
231 2164 132 71 de
297 2164 132 71 M.
363 2164 286 71 Prunelle.
583 2164 176 71 «...
693 2164 154 71 Ses
781 2164 264 71 services
978 2164 220 71 rendus
1132 2164 110 71 à
1176 2164 132 71 la
1220 2164 330 71 Bibliothèque?

142 2222 156 55 «Je
231 2222 134 55 le
298 2222 201 55 sais,
432 2222 134 55 M.
499 2222 268 55 Prunelle
699 2222 201 55 reçut
833 2222 134 55 du
900 2222 379 55 gouvernement,
1212 2222 178 55 dans
1324 2222 134 55 le
1369 2222 178 55 temps,

145 2277 147 48 «la
229 2277 231 48 missive
397 2277 168 48 (peu
501 2277 293 48 honorable,
732 2277 105 48 à
774 2277 147 48 mon
858 2277 210 48 avis),
1004 2277 231 48 d’aller
1172 2277 251 48 fouiller
1360 2277 168 48 dans
1444 2277 105 48 les

143 2313 395 57 «Bibliothèques
473 2313 154 57 des
560 2313 286 57 couvents,
780 2313 154 57 des
868 2313 308 57 malheureux
1110 2313 264 57 émigrés,
1307 2313 176 57 pour
1395 2313 154 57 enri-

141 2365 195 53 «chir
271 2365 130 53 de
336 2365 195 53 leurs
466 2365 303 53 dépouilles
704 2365 195 53 celle
834 2365 130 53 de
899 2365 347 53 Montpellier;
1181 2365 173 53 mais
1289 2365 130 53 il
1354 2365 130 53 en
1419 2365 108 53 a
1441 2365 108 53 été

141 2416 204 61 «bien
277 2416 340 61 récompensé,
550 2416 250 61 puisque
731 2416 159 61 ces
822 2416 272 61 services
1026 2416 159 61 lui
1117 2416 159 61 ont
1208 2416 204 61 vallu
1344 2416 136 61 la
1389 2416 159 61 place

139 2456 351 69 «distinguée
419 2456 140 69 de
466 2456 374 69 professeur...»

92 2496 189 60 2414.
218 2496 357 60 Menot,
512 2496 231 60 médecin
680 2496 147 60 des
764 2496 252 60 Facultés
954 2496 126 60 de
1017 2496 189 60 Paris
1143 2496 126 60 et
1206 2496 126 60 de
1248 2496 294 60 Montpellier.

142 2549 127 60 L.
205 2549 170 60 aut.
312 2549 191 60 sig.,
439 2549 106 60 à
481 2549 149 60 MM.
566 2549 255 60 Bossange
757 2549 127 60 et
821 2549 234 60 Masson.
991 2549 234 60 Nantes,
1161 2549 127 60 19
1225 2549 234 60 floréal
1394 2549 127 60 an
1437 2549 106 60 XI.

111 2598 256 62 1
213 2598 308 62 p.
367 2598 359 62 pl.
572 2598 308 62 et
726 2598 461 62 demie
1033 2598 461 62 in-4.
1341 2598 256 62 3
1392 2598 154 62 »

190 2646 334 59 Proposition
457 2646 178 59 pour
568 2646 134 59 la
635 2646 223 59 vente,
791 2646 111 59 à
835 2646 223 59 Paris,
991 2646 134 59 de
1058 2646 156 59 son
1147 2646 267 59 ouvrage;
1325 2646 223 59 opuscule

139 2703 249 59 médical,
326 2703 186 59 fondé
450 2703 145 59 sur
533 2703 145 59 les
616 2703 269 59 princines
823 2703 331 59 élémentaires
1092 2703 124 59 de
1154 2703 228 59 théorie
1320 2703 124 59 et
1382 2703 124 59 de
1424 2703 124 59 pra-

138 2741 202 86 tique
272 2741 135 86 de
340 2741 270 86 médecine
542 2741 270 86 moderne,
722 2741 135 86 etc.
