<?xml version='1.0' encoding='UTF8'?>
<alto xmlns:xsi="http://www.w3.org/2001/XMLSchema-instance" xmlns="http://www.loc.gov/standards/alto/ns-v2#" xmlns:page="http://schema.primaresearch.org/PAGE/gts/pagecontent/2013-07-15" xsi:schemaLocation="http://www.loc.gov/standards/alto/ns-v2# http://www.loc.gov/standards/alto/alto.xsd">
  <Description>
    <MeasurementUnit>mm10</MeasurementUnit>
    <sourceImageInformation>
         <fileName>213.jpg</fileName>
      </sourceImageInformation>
    <OCRProcessing ID="IdOcr">
      <ocrProcessingStep>
        <processingDateTime>2020-10-13T13:55:13.602+02:00</processingDateTime>
        <processingSoftware>
               <softwareCreator>CONTRIBUTORS</softwareCreator>
               <softwareName>pdfalto</softwareName>
               <softwareVersion>0.1</softwareVersion>
            </processingSoftware>
      </ocrProcessingStep>
    </OCRProcessing>
  </Description>
  <Styles>
     <TextStyle ID="FONT0" FONTSTYLE=""/>
     <TextStyle ID="FONT1" FONTSTYLE="bold"/>
     <TextStyle ID="FONT2" FONTSTYLE="italics"/>
</Styles>
  <Tags/>
  <Layout>
    <Page ID="Page1" PHYSICAL_IMG_NR="1" HEIGHT="2886" WIDTH="1604">
      <PrintSpace HEIGHT="2739" WIDTH="1440" VPOS="74" HPOS="47">
        <TextBlock ID="r_1_1" HEIGHT="41" WIDTH="152" VPOS="81" HPOS="735">
          <TextLine ID="tl_1" BASELINE="136" HEIGHT="91" WIDTH="171" VPOS="45" HPOS="724">
            <String HEIGHT="91" WIDTH="239" VPOS="45" HPOS="690" CONTENT="185" ID="tl_1_1" STYLEREFS="FONT0"/>
            <SP HEIGHT="91" WIDTH="34" VPOS="45" HPOS="929"/>
            <String HEIGHT="91" WIDTH="103" VPOS="45" HPOS="792" CONTENT="—" ID="tl_1_2" STYLEREFS="FONT0"/>
          </TextLine>
        </TextBlock>
        <TextBlock ID="r_2_1" HEIGHT="146" WIDTH="1420" VPOS="167" HPOS="59">
          <TextLine ID="tl_2" BASELINE="225" HEIGHT="96" WIDTH="1435" VPOS="129" HPOS="52">
            <String HEIGHT="96" WIDTH="208" VPOS="129" HPOS="29" CONTENT="2415." ID="tl_2_1" STYLEREFS="FONT0"/>
            <SP HEIGHT="96" WIDTH="23" VPOS="129" HPOS="237"/>
            <String HEIGHT="96" WIDTH="324" VPOS="129" HPOS="168" CONTENT="Menuret" ID="tl_2_2" STYLEREFS="FONT1"/>
            <SP HEIGHT="96" WIDTH="23" VPOS="129" HPOS="492"/>
            <String HEIGHT="96" WIDTH="139" VPOS="129" HPOS="422" CONTENT="de" ID="tl_2_3" STYLEREFS="FONT1"/>
            <SP HEIGHT="96" WIDTH="23" VPOS="129" HPOS="561"/>
            <String HEIGHT="96" WIDTH="370" VPOS="129" HPOS="492" CONTENT="Chambaud" ID="tl_2_4" STYLEREFS="FONT1"/>
            <SP HEIGHT="96" WIDTH="23" VPOS="129" HPOS="862"/>
            <String HEIGHT="96" WIDTH="278" VPOS="129" HPOS="793" CONTENT="(J.-J.)," ID="tl_2_5" STYLEREFS="FONT0"/>
            <SP HEIGHT="96" WIDTH="23" VPOS="129" HPOS="1070"/>
            <String HEIGHT="96" WIDTH="255" VPOS="129" HPOS="1001" CONTENT="docteur" ID="tl_2_6" STYLEREFS="FONT0"/>
            <SP HEIGHT="96" WIDTH="23" VPOS="129" HPOS="1256"/>
            <String HEIGHT="96" WIDTH="139" VPOS="129" HPOS="1186" CONTENT="en" ID="tl_2_7" STYLEREFS="FONT0"/>
            <SP HEIGHT="96" WIDTH="23" VPOS="129" HPOS="1325"/>
            <String HEIGHT="96" WIDTH="255" VPOS="129" HPOS="1232" CONTENT="médecine;" ID="tl_2_8" STYLEREFS="FONT0"/>
          </TextLine>
          <TextLine ID="tl_3" BASELINE="272" HEIGHT="68" WIDTH="1387" VPOS="204" HPOS="99">
            <String HEIGHT="68" WIDTH="112" VPOS="204" HPOS="77" CONTENT="a" ID="tl_3_1" STYLEREFS="FONT0"/>
            <SP HEIGHT="68" WIDTH="22" VPOS="204" HPOS="188"/>
            <String HEIGHT="68" WIDTH="268" VPOS="204" HPOS="121" CONTENT="beaucoup" ID="tl_3_2" STYLEREFS="FONT0"/>
            <SP HEIGHT="68" WIDTH="22" VPOS="204" HPOS="390"/>
            <String HEIGHT="68" WIDTH="201" VPOS="204" HPOS="323" CONTENT="écrit" ID="tl_3_3" STYLEREFS="FONT0"/>
            <SP HEIGHT="68" WIDTH="22" VPOS="204" HPOS="524"/>
            <String HEIGHT="68" WIDTH="157" VPOS="204" HPOS="457" CONTENT="sur" ID="tl_3_4" STYLEREFS="FONT0"/>
            <SP HEIGHT="68" WIDTH="22" VPOS="204" HPOS="614"/>
            <String HEIGHT="68" WIDTH="157" VPOS="204" HPOS="546" CONTENT="son" ID="tl_3_5" STYLEREFS="FONT0"/>
            <SP HEIGHT="68" WIDTH="22" VPOS="204" HPOS="703"/>
            <String HEIGHT="68" WIDTH="179" VPOS="204" HPOS="636" CONTENT="art." ID="tl_3_6" STYLEREFS="FONT0"/>
            <SP HEIGHT="68" WIDTH="22" VPOS="204" HPOS="815"/>
            <String HEIGHT="68" WIDTH="134" VPOS="204" HPOS="748" CONTENT="L." ID="tl_3_7" STYLEREFS="FONT0"/>
            <SP HEIGHT="68" WIDTH="22" VPOS="204" HPOS="882"/>
            <String HEIGHT="68" WIDTH="179" VPOS="204" HPOS="815" CONTENT="aut." ID="tl_3_8" STYLEREFS="FONT0"/>
            <SP HEIGHT="68" WIDTH="22" VPOS="204" HPOS="994"/>
            <String HEIGHT="68" WIDTH="201" VPOS="204" HPOS="927" CONTENT="sig.," ID="tl_3_9" STYLEREFS="FONT0"/>
            <SP HEIGHT="68" WIDTH="22" VPOS="204" HPOS="1128"/>
            <String HEIGHT="68" WIDTH="112" VPOS="204" HPOS="1061" CONTENT="à" ID="tl_3_10" STYLEREFS="FONT0"/>
            <SP HEIGHT="68" WIDTH="22" VPOS="204" HPOS="1173"/>
            <String HEIGHT="68" WIDTH="179" VPOS="204" HPOS="1106" CONTENT="M..." ID="tl_3_11" STYLEREFS="FONT0"/>
            <SP HEIGHT="68" WIDTH="22" VPOS="204" HPOS="1285"/>
            <String HEIGHT="68" WIDTH="134" VPOS="204" HPOS="1218" CONTENT="22" ID="tl_3_12" STYLEREFS="FONT0"/>
            <SP HEIGHT="68" WIDTH="22" VPOS="204" HPOS="1352"/>
            <String HEIGHT="68" WIDTH="224" VPOS="204" HPOS="1262" CONTENT="novembre" ID="tl_3_13" STYLEREFS="FONT0"/>
          </TextLine>
          <TextLine ID="tl_4" BASELINE="311" HEIGHT="52" WIDTH="1387" VPOS="259" HPOS="100">
            <String HEIGHT="52" WIDTH="215" VPOS="259" HPOS="76" CONTENT="1812." ID="tl_4_1" STYLEREFS="FONT0"/>
            <SP HEIGHT="52" WIDTH="24" VPOS="259" HPOS="291"/>
            <String HEIGHT="52" WIDTH="120" VPOS="259" HPOS="220" CONTENT="4" ID="tl_4_2" STYLEREFS="FONT0"/>
            <SP HEIGHT="52" WIDTH="24" VPOS="259" HPOS="339"/>
            <String HEIGHT="52" WIDTH="167" VPOS="259" HPOS="267" CONTENT="gr." ID="tl_4_3" STYLEREFS="FONT0"/>
            <SP HEIGHT="52" WIDTH="24" VPOS="259" HPOS="435"/>
            <String HEIGHT="52" WIDTH="143" VPOS="259" HPOS="363" CONTENT="p." ID="tl_4_4" STYLEREFS="FONT0"/>
            <SP HEIGHT="52" WIDTH="24" VPOS="259" HPOS="507"/>
            <String HEIGHT="52" WIDTH="167" VPOS="259" HPOS="435" CONTENT="pl." ID="tl_4_5" STYLEREFS="FONT0"/>
            <SP HEIGHT="52" WIDTH="24" VPOS="259" HPOS="602"/>
            <String HEIGHT="52" WIDTH="215" VPOS="259" HPOS="530" CONTENT="in-4." ID="tl_4_6" STYLEREFS="FONT0"/>
            <SP HEIGHT="52" WIDTH="24" VPOS="259" HPOS="746"/>
            <String HEIGHT="52" WIDTH="215" VPOS="259" HPOS="674" CONTENT="Toute" ID="tl_4_7" STYLEREFS="FONT0"/>
            <SP HEIGHT="52" WIDTH="24" VPOS="259" HPOS="889"/>
            <String HEIGHT="52" WIDTH="311" VPOS="259" HPOS="817" CONTENT="médicale." ID="tl_4_8" STYLEREFS="FONT0"/>
            <SP HEIGHT="52" WIDTH="24" VPOS="259" HPOS="1128"/>
            <String HEIGHT="52" WIDTH="407" VPOS="259" HPOS="1057" CONTENT="Intéressante." ID="tl_4_9" STYLEREFS="FONT0"/>
            <SP HEIGHT="52" WIDTH="24" VPOS="259" HPOS="1463"/>
            <String HEIGHT="52" WIDTH="120" VPOS="259" HPOS="1391" CONTENT="4" ID="tl_4_10" STYLEREFS="FONT0"/>
            <SP HEIGHT="52" WIDTH="24" VPOS="259" HPOS="1511"/>
            <String HEIGHT="52" WIDTH="72" VPOS="259" HPOS="1415" CONTENT="»" ID="tl_4_11" STYLEREFS="FONT0"/>
          </TextLine>
        </TextBlock>
        <TextBlock ID="r_2_2" HEIGHT="54" WIDTH="1415" VPOS="309" HPOS="65">
          <TextLine ID="tl_5" BASELINE="367" HEIGHT="85" WIDTH="1432" VPOS="282" HPOS="57">
            <String HEIGHT="85" WIDTH="182" VPOS="282" HPOS="37" CONTENT="2416." ID="tl_5_1" STYLEREFS="FONT0"/>
            <SP HEIGHT="85" WIDTH="20" VPOS="282" HPOS="218"/>
            <String HEIGHT="85" WIDTH="323" VPOS="282" HPOS="158" CONTENT="Mérat" ID="tl_5_2" STYLEREFS="FONT1"/>
            <SP HEIGHT="85" WIDTH="20" VPOS="282" HPOS="481"/>
            <String HEIGHT="85" WIDTH="262" VPOS="282" HPOS="420" CONTENT="(François" ID="tl_5_3" STYLEREFS="FONT0"/>
            <SP HEIGHT="85" WIDTH="20" VPOS="282" HPOS="682"/>
            <String HEIGHT="85" WIDTH="262" VPOS="282" HPOS="622" CONTENT="-Victor)," ID="tl_5_4" STYLEREFS="FONT0"/>
            <SP HEIGHT="85" WIDTH="20" VPOS="282" HPOS="884"/>
            <String HEIGHT="85" WIDTH="242" VPOS="282" HPOS="823" CONTENT="médecin," ID="tl_5_5" STYLEREFS="FONT0"/>
            <SP HEIGHT="85" WIDTH="20" VPOS="282" HPOS="1065"/>
            <String HEIGHT="85" WIDTH="202" VPOS="282" HPOS="1005" CONTENT="ancien" ID="tl_5_6" STYLEREFS="FONT0"/>
            <SP HEIGHT="85" WIDTH="20" VPOS="282" HPOS="1207"/>
            <String HEIGHT="85" WIDTH="161" VPOS="282" HPOS="1146" CONTENT="chef" ID="tl_5_7" STYLEREFS="FONT0"/>
            <SP HEIGHT="85" WIDTH="20" VPOS="282" HPOS="1307"/>
            <String HEIGHT="85" WIDTH="121" VPOS="282" HPOS="1247" CONTENT="de" ID="tl_5_8" STYLEREFS="FONT0"/>
            <SP HEIGHT="85" WIDTH="20" VPOS="282" HPOS="1368"/>
            <String HEIGHT="85" WIDTH="202" VPOS="282" HPOS="1287" CONTENT="clinique" ID="tl_5_9" STYLEREFS="FONT0"/>
          </TextLine>
        </TextBlock>
        <TextBlock ID="r_2_3" HEIGHT="96" WIDTH="1370" VPOS="358" HPOS="109">
          <TextLine ID="tl_6" BASELINE="438" HEIGHT="86" WIDTH="1382" VPOS="352" HPOS="101">
            <String HEIGHT="86" WIDTH="230" VPOS="352" HPOS="80" CONTENT="interne" ID="tl_6_1" STYLEREFS="FONT0"/>
            <SP HEIGHT="86" WIDTH="21" VPOS="352" HPOS="310"/>
            <String HEIGHT="86" WIDTH="105" VPOS="352" HPOS="248" CONTENT="à" ID="tl_6_2" STYLEREFS="FONT0"/>
            <SP HEIGHT="86" WIDTH="21" VPOS="352" HPOS="352"/>
            <String HEIGHT="86" WIDTH="126" VPOS="352" HPOS="289" CONTENT="la" ID="tl_6_3" STYLEREFS="FONT0"/>
            <SP HEIGHT="86" WIDTH="21" VPOS="352" HPOS="415"/>
            <String HEIGHT="86" WIDTH="230" VPOS="352" HPOS="352" CONTENT="Faculté" ID="tl_6_4" STYLEREFS="FONT0"/>
            <SP HEIGHT="86" WIDTH="21" VPOS="352" HPOS="583"/>
            <String HEIGHT="86" WIDTH="126" VPOS="352" HPOS="520" CONTENT="de" ID="tl_6_5" STYLEREFS="FONT0"/>
            <SP HEIGHT="86" WIDTH="21" VPOS="352" HPOS="645"/>
            <String HEIGHT="86" WIDTH="272" VPOS="352" HPOS="583" CONTENT="médecine." ID="tl_6_6" STYLEREFS="FONT0"/>
            <SP HEIGHT="86" WIDTH="21" VPOS="352" HPOS="855"/>
            <String HEIGHT="86" WIDTH="126" VPOS="352" HPOS="792" CONTENT="L." ID="tl_6_7" STYLEREFS="FONT0"/>
            <SP HEIGHT="86" WIDTH="21" VPOS="352" HPOS="918"/>
            <String HEIGHT="86" WIDTH="168" VPOS="352" HPOS="855" CONTENT="aut." ID="tl_6_8" STYLEREFS="FONT0"/>
            <SP HEIGHT="86" WIDTH="21" VPOS="352" HPOS="1022"/>
            <String HEIGHT="86" WIDTH="168" VPOS="352" HPOS="960" CONTENT="sig." ID="tl_6_9" STYLEREFS="FONT0"/>
            <SP HEIGHT="86" WIDTH="21" VPOS="352" HPOS="1127"/>
            <String HEIGHT="86" WIDTH="209" VPOS="352" HPOS="1064" CONTENT="Paris," ID="tl_6_10" STYLEREFS="FONT0"/>
            <SP HEIGHT="86" WIDTH="21" VPOS="352" HPOS="1274"/>
            <String HEIGHT="86" WIDTH="126" VPOS="352" HPOS="1211" CONTENT="17" ID="tl_6_11" STYLEREFS="FONT0"/>
            <SP HEIGHT="86" WIDTH="21" VPOS="352" HPOS="1336"/>
            <String HEIGHT="86" WIDTH="147" VPOS="352" HPOS="1274" CONTENT="mai" ID="tl_6_12" STYLEREFS="FONT0"/>
            <SP HEIGHT="86" WIDTH="21" VPOS="352" HPOS="1420"/>
            <String HEIGHT="86" WIDTH="147" VPOS="352" HPOS="1336" CONTENT="1822." ID="tl_6_13" STYLEREFS="FONT0"/>
          </TextLine>
          <TextLine ID="tl_7" BASELINE="466" HEIGHT="63" WIDTH="1386" VPOS="403" HPOS="101">
            <String HEIGHT="63" WIDTH="462" VPOS="403" HPOS="9" CONTENT="2" ID="tl_7_1" STYLEREFS="FONT0"/>
            <SP HEIGHT="63" WIDTH="92" VPOS="403" HPOS="471"/>
            <String HEIGHT="63" WIDTH="554" VPOS="403" HPOS="193" CONTENT="p." ID="tl_7_2" STYLEREFS="FONT0"/>
            <SP HEIGHT="63" WIDTH="92" VPOS="403" HPOS="748"/>
            <String HEIGHT="63" WIDTH="832" VPOS="403" HPOS="471" CONTENT="in-8." ID="tl_7_3" STYLEREFS="FONT0"/>
            <SP HEIGHT="63" WIDTH="92" VPOS="403" HPOS="1302"/>
            <String HEIGHT="63" WIDTH="462" VPOS="403" HPOS="1025" CONTENT="2" ID="tl_7_4" STYLEREFS="FONT0"/>
            <SP HEIGHT="63" WIDTH="92" VPOS="403" HPOS="1487"/>
            <String HEIGHT="63" WIDTH="370" VPOS="403" HPOS="1117" CONTENT="50" ID="tl_7_5" STYLEREFS="FONT0"/>
          </TextLine>
        </TextBlock>
        <TextBlock ID="r_2_4" HEIGHT="51" WIDTH="1197" VPOS="452" HPOS="63">
          <TextLine ID="tl_8" BASELINE="510" HEIGHT="68" WIDTH="1213" VPOS="442" HPOS="55">
            <String HEIGHT="68" WIDTH="171" VPOS="442" HPOS="36" CONTENT="2417." ID="tl_8_1" STYLEREFS="FONT0"/>
            <SP HEIGHT="68" WIDTH="19" VPOS="442" HPOS="207"/>
            <String HEIGHT="68" WIDTH="341" VPOS="442" HPOS="150" CONTENT="Mercœur" ID="tl_8_2" STYLEREFS="FONT1"/>
            <SP HEIGHT="68" WIDTH="19" VPOS="442" HPOS="491"/>
            <String HEIGHT="68" WIDTH="227" VPOS="442" HPOS="434" CONTENT="(Élisa)," ID="tl_8_3" STYLEREFS="FONT0"/>
            <SP HEIGHT="68" WIDTH="19" VPOS="442" HPOS="662"/>
            <String HEIGHT="68" WIDTH="246" VPOS="442" HPOS="605" CONTENT="surnommée" ID="tl_8_4" STYLEREFS="FONT0"/>
            <SP HEIGHT="68" WIDTH="19" VPOS="442" HPOS="851"/>
            <String HEIGHT="68" WIDTH="114" VPOS="442" HPOS="794" CONTENT="la" ID="tl_8_5" STYLEREFS="FONT0"/>
            <SP HEIGHT="68" WIDTH="19" VPOS="442" HPOS="908"/>
            <String HEIGHT="68" WIDTH="208" VPOS="442" HPOS="851" CONTENT="Muse" ID="tl_8_6" STYLEREFS="FONT2"/>
            <SP HEIGHT="68" WIDTH="19" VPOS="442" HPOS="1060"/>
            <String HEIGHT="68" WIDTH="284" VPOS="442" HPOS="984" CONTENT="Nantaise" ID="tl_8_7" STYLEREFS="FONT2"/>
          </TextLine>
        </TextBlock>
        <TextBlock ID="r_2_5" HEIGHT="52" WIDTH="1321" VPOS="501" HPOS="156">
          <TextLine ID="tl_9" BASELINE="568" HEIGHT="69" WIDTH="1338" VPOS="499" HPOS="148">
            <String HEIGHT="69" WIDTH="291" VPOS="499" HPOS="129" CONTENT="Boabdil," ID="tl_9_1" STYLEREFS="FONT2"/>
            <SP HEIGHT="69" WIDTH="19" VPOS="499" HPOS="419"/>
            <String HEIGHT="69" WIDTH="136" VPOS="499" HPOS="361" CONTENT="roi" ID="tl_9_2" STYLEREFS="FONT2"/>
            <SP HEIGHT="69" WIDTH="19" VPOS="499" HPOS="497"/>
            <String HEIGHT="69" WIDTH="116" VPOS="499" HPOS="439" CONTENT="de" ID="tl_9_3" STYLEREFS="FONT2"/>
            <SP HEIGHT="69" WIDTH="19" VPOS="499" HPOS="555"/>
            <String HEIGHT="69" WIDTH="310" VPOS="499" HPOS="497" CONTENT="Grenade" ID="tl_9_4" STYLEREFS="FONT2"/>
            <SP HEIGHT="69" WIDTH="19" VPOS="499" HPOS="807"/>
            <String HEIGHT="69" WIDTH="233" VPOS="499" HPOS="749" CONTENT="tragédie" ID="tl_9_5" STYLEREFS="FONT0"/>
            <SP HEIGHT="69" WIDTH="19" VPOS="499" HPOS="982"/>
            <String HEIGHT="69" WIDTH="116" VPOS="499" HPOS="924" CONTENT="en" ID="tl_9_6" STYLEREFS="FONT0"/>
            <SP HEIGHT="69" WIDTH="19" VPOS="499" HPOS="1040"/>
            <String HEIGHT="69" WIDTH="97" VPOS="499" HPOS="982" CONTENT="5" ID="tl_9_7" STYLEREFS="FONT0"/>
            <SP HEIGHT="69" WIDTH="19" VPOS="499" HPOS="1079"/>
            <String HEIGHT="69" WIDTH="175" VPOS="499" HPOS="1021" CONTENT="actes" ID="tl_9_8" STYLEREFS="FONT0"/>
            <SP HEIGHT="69" WIDTH="19" VPOS="499" HPOS="1195"/>
            <String HEIGHT="69" WIDTH="116" VPOS="499" HPOS="1137" CONTENT="et" ID="tl_9_9" STYLEREFS="FONT0"/>
            <SP HEIGHT="69" WIDTH="19" VPOS="499" HPOS="1253"/>
            <String HEIGHT="69" WIDTH="116" VPOS="499" HPOS="1195" CONTENT="en" ID="tl_9_10" STYLEREFS="FONT0"/>
            <SP HEIGHT="69" WIDTH="19" VPOS="499" HPOS="1311"/>
            <String HEIGHT="69" WIDTH="175" VPOS="499" HPOS="1253" CONTENT="vers," ID="tl_9_11" STYLEREFS="FONT0"/>
            <SP HEIGHT="69" WIDTH="19" VPOS="499" HPOS="1428"/>
            <String HEIGHT="69" WIDTH="136" VPOS="499" HPOS="1350" CONTENT="jouée" ID="tl_9_12" STYLEREFS="FONT0"/>
          </TextLine>
        </TextBlock>
        <TextBlock ID="r_2_6" HEIGHT="338" WIDTH="1371" VPOS="548" HPOS="106">
          <TextLine ID="tl_10" BASELINE="612" HEIGHT="64" WIDTH="1386" VPOS="548" HPOS="100">
            <String HEIGHT="64" WIDTH="124" VPOS="548" HPOS="79" CONTENT="au" ID="tl_10_1" STYLEREFS="FONT0"/>
            <SP HEIGHT="64" WIDTH="21" VPOS="548" HPOS="203"/>
            <String HEIGHT="64" WIDTH="414" VPOS="548" HPOS="141" CONTENT="Théâtre-Français" ID="tl_10_2" STYLEREFS="FONT0"/>
            <SP HEIGHT="64" WIDTH="21" VPOS="548" HPOS="555"/>
            <String HEIGHT="64" WIDTH="124" VPOS="548" HPOS="493" CONTENT="le" ID="tl_10_3" STYLEREFS="FONT0"/>
            <SP HEIGHT="64" WIDTH="21" VPOS="548" HPOS="617"/>
            <String HEIGHT="64" WIDTH="103" VPOS="548" HPOS="555" CONTENT="3" ID="tl_10_4" STYLEREFS="FONT0"/>
            <SP HEIGHT="64" WIDTH="21" VPOS="548" HPOS="659"/>
            <String HEIGHT="64" WIDTH="145" VPOS="548" HPOS="596" CONTENT="mai" ID="tl_10_5" STYLEREFS="FONT0"/>
            <SP HEIGHT="64" WIDTH="21" VPOS="548" HPOS="741"/>
            <String HEIGHT="64" WIDTH="186" VPOS="548" HPOS="679" CONTENT="1831," ID="tl_10_6" STYLEREFS="FONT0"/>
            <SP HEIGHT="64" WIDTH="21" VPOS="548" HPOS="865"/>
            <String HEIGHT="64" WIDTH="165" VPOS="548" HPOS="803" CONTENT="aut." ID="tl_10_7" STYLEREFS="FONT0"/>
            <SP HEIGHT="64" WIDTH="21" VPOS="548" HPOS="969"/>
            <String HEIGHT="64" WIDTH="186" VPOS="548" HPOS="907" CONTENT="sig.," ID="tl_10_8" STYLEREFS="FONT0"/>
            <SP HEIGHT="64" WIDTH="21" VPOS="548" HPOS="1093"/>
            <String HEIGHT="64" WIDTH="165" VPOS="548" HPOS="1031" CONTENT="avec" ID="tl_10_9" STYLEREFS="FONT0"/>
            <SP HEIGHT="64" WIDTH="21" VPOS="548" HPOS="1196"/>
            <String HEIGHT="64" WIDTH="186" VPOS="548" HPOS="1134" CONTENT="envoi" ID="tl_10_10" STYLEREFS="FONT0"/>
            <SP HEIGHT="64" WIDTH="21" VPOS="548" HPOS="1321"/>
            <String HEIGHT="64" WIDTH="186" VPOS="548" HPOS="1258" CONTENT="aussi" ID="tl_10_11" STYLEREFS="FONT0"/>
            <SP HEIGHT="64" WIDTH="21" VPOS="548" HPOS="1445"/>
            <String HEIGHT="64" WIDTH="124" VPOS="548" HPOS="1362" CONTENT="aut." ID="tl_10_12" STYLEREFS="FONT0"/>
          </TextLine>
          <TextLine ID="tl_11" BASELINE="648" HEIGHT="55" WIDTH="1382" VPOS="593" HPOS="102">
            <String HEIGHT="55" WIDTH="201" VPOS="593" HPOS="80" CONTENT="sig.," ID="tl_11_1" STYLEREFS="FONT0"/>
            <SP HEIGHT="55" WIDTH="22" VPOS="593" HPOS="280"/>
            <String HEIGHT="55" WIDTH="111" VPOS="593" HPOS="213" CONTENT="à" ID="tl_11_2" STYLEREFS="FONT0"/>
            <SP HEIGHT="55" WIDTH="22" VPOS="593" HPOS="325"/>
            <String HEIGHT="55" WIDTH="156" VPOS="593" HPOS="258" CONTENT="Mme" ID="tl_11_3" STYLEREFS="FONT0"/>
            <SP HEIGHT="55" WIDTH="22" VPOS="593" HPOS="414"/>
            <String HEIGHT="55" WIDTH="290" VPOS="593" HPOS="347" CONTENT="Récamier." ID="tl_11_4" STYLEREFS="FONT0"/>
            <SP HEIGHT="55" WIDTH="22" VPOS="593" HPOS="637"/>
            <String HEIGHT="55" WIDTH="111" VPOS="593" HPOS="570" CONTENT="—" ID="tl_11_5" STYLEREFS="FONT0"/>
            <SP HEIGHT="55" WIDTH="22" VPOS="593" HPOS="682"/>
            <String HEIGHT="55" WIDTH="134" VPOS="593" HPOS="615" CONTENT="Il" ID="tl_11_6" STYLEREFS="FONT0"/>
            <SP HEIGHT="55" WIDTH="22" VPOS="593" HPOS="748"/>
            <String HEIGHT="55" WIDTH="111" VPOS="593" HPOS="682" CONTENT="y" ID="tl_11_7" STYLEREFS="FONT0"/>
            <SP HEIGHT="55" WIDTH="22" VPOS="593" HPOS="793"/>
            <String HEIGHT="55" WIDTH="111" VPOS="593" HPOS="726" CONTENT="a" ID="tl_11_8" STYLEREFS="FONT0"/>
            <SP HEIGHT="55" WIDTH="22" VPOS="593" HPOS="838"/>
            <String HEIGHT="55" WIDTH="178" VPOS="593" HPOS="771" CONTENT="deux" ID="tl_11_9" STYLEREFS="FONT0"/>
            <SP HEIGHT="55" WIDTH="22" VPOS="593" HPOS="949"/>
            <String HEIGHT="55" WIDTH="312" VPOS="593" HPOS="882" CONTENT="manuscrits" ID="tl_11_10" STYLEREFS="FONT0"/>
            <SP HEIGHT="55" WIDTH="22" VPOS="593" HPOS="1194"/>
            <String HEIGHT="55" WIDTH="134" VPOS="593" HPOS="1127" CONTENT="de" ID="tl_11_11" STYLEREFS="FONT0"/>
            <SP HEIGHT="55" WIDTH="22" VPOS="593" HPOS="1261"/>
            <String HEIGHT="55" WIDTH="201" VPOS="593" HPOS="1194" CONTENT="cette" ID="tl_11_12" STYLEREFS="FONT0"/>
            <SP HEIGHT="55" WIDTH="22" VPOS="593" HPOS="1395"/>
            <String HEIGHT="55" WIDTH="178" VPOS="593" HPOS="1306" CONTENT="pièce," ID="tl_11_13" STYLEREFS="FONT0"/>
          </TextLine>
          <TextLine ID="tl_12" BASELINE="697" HEIGHT="58" WIDTH="1385" VPOS="639" HPOS="99">
            <String HEIGHT="58" WIDTH="170" VPOS="639" HPOS="78" CONTENT="l’un" ID="tl_12_1" STYLEREFS="FONT0"/>
            <SP HEIGHT="58" WIDTH="21" VPOS="639" HPOS="248"/>
            <String HEIGHT="58" WIDTH="128" VPOS="639" HPOS="184" CONTENT="du" ID="tl_12_2" STYLEREFS="FONT0"/>
            <SP HEIGHT="58" WIDTH="21" VPOS="639" HPOS="312"/>
            <String HEIGHT="58" WIDTH="298" VPOS="639" HPOS="248" CONTENT="brouillon," ID="tl_12_3" STYLEREFS="FONT0"/>
            <SP HEIGHT="58" WIDTH="21" VPOS="639" HPOS="546"/>
            <String HEIGHT="58" WIDTH="128" VPOS="639" HPOS="483" CONTENT="de" ID="tl_12_4" STYLEREFS="FONT0"/>
            <SP HEIGHT="58" WIDTH="21" VPOS="639" HPOS="610"/>
            <String HEIGHT="58" WIDTH="128" VPOS="639" HPOS="546" CONTENT="83" ID="tl_12_5" STYLEREFS="FONT0"/>
            <SP HEIGHT="58" WIDTH="21" VPOS="639" HPOS="674"/>
            <String HEIGHT="58" WIDTH="192" VPOS="639" HPOS="610" CONTENT="pages" ID="tl_12_6" STYLEREFS="FONT0"/>
            <SP HEIGHT="58" WIDTH="21" VPOS="639" HPOS="802"/>
            <String HEIGHT="58" WIDTH="277" VPOS="639" HPOS="738" CONTENT="in-folio," ID="tl_12_7" STYLEREFS="FONT0"/>
            <SP HEIGHT="58" WIDTH="21" VPOS="639" HPOS="1015"/>
            <String HEIGHT="58" WIDTH="128" VPOS="639" HPOS="951" CONTENT="et" ID="tl_12_8" STYLEREFS="FONT0"/>
            <SP HEIGHT="58" WIDTH="21" VPOS="639" HPOS="1079"/>
            <String HEIGHT="58" WIDTH="234" VPOS="639" HPOS="1015" CONTENT="l’autre" ID="tl_12_9" STYLEREFS="FONT0"/>
            <SP HEIGHT="58" WIDTH="21" VPOS="639" HPOS="1250"/>
            <String HEIGHT="58" WIDTH="128" VPOS="639" HPOS="1186" CONTENT="de" ID="tl_12_10" STYLEREFS="FONT0"/>
            <SP HEIGHT="58" WIDTH="21" VPOS="639" HPOS="1314"/>
            <String HEIGHT="58" WIDTH="128" VPOS="639" HPOS="1250" CONTENT="la" ID="tl_12_11" STYLEREFS="FONT0"/>
            <SP HEIGHT="58" WIDTH="21" VPOS="639" HPOS="1377"/>
            <String HEIGHT="58" WIDTH="170" VPOS="639" HPOS="1314" CONTENT="mise" ID="tl_12_12" STYLEREFS="FONT0"/>
            <SP HEIGHT="58" WIDTH="21" VPOS="639" HPOS="1484"/>
            <String HEIGHT="58" WIDTH="85" VPOS="639" HPOS="1399" CONTENT="au" ID="tl_12_13" STYLEREFS="FONT0"/>
          </TextLine>
          <TextLine ID="tl_13" BASELINE="737" HEIGHT="46" WIDTH="1383" VPOS="691" HPOS="100">
            <String HEIGHT="46" WIDTH="165" VPOS="691" HPOS="79" CONTENT="net," ID="tl_13_1" STYLEREFS="FONT0"/>
            <SP HEIGHT="46" WIDTH="21" VPOS="691" HPOS="244"/>
            <String HEIGHT="46" WIDTH="124" VPOS="691" HPOS="183" CONTENT="de" ID="tl_13_2" STYLEREFS="FONT0"/>
            <SP HEIGHT="46" WIDTH="21" VPOS="691" HPOS="306"/>
            <String HEIGHT="46" WIDTH="144" VPOS="691" HPOS="244" CONTENT="109" ID="tl_13_3" STYLEREFS="FONT0"/>
            <SP HEIGHT="46" WIDTH="21" VPOS="691" HPOS="389"/>
            <String HEIGHT="46" WIDTH="186" VPOS="691" HPOS="327" CONTENT="pages" ID="tl_13_4" STYLEREFS="FONT0"/>
            <SP HEIGHT="46" WIDTH="21" VPOS="691" HPOS="513"/>
            <String HEIGHT="46" WIDTH="186" VPOS="691" HPOS="451" CONTENT="in-4." ID="tl_13_5" STYLEREFS="FONT0"/>
            <SP HEIGHT="46" WIDTH="21" VPOS="691" HPOS="637"/>
            <String HEIGHT="46" WIDTH="144" VPOS="691" HPOS="575" CONTENT="Sur" ID="tl_13_6" STYLEREFS="FONT0"/>
            <SP HEIGHT="46" WIDTH="21" VPOS="691" HPOS="719"/>
            <String HEIGHT="46" WIDTH="124" VPOS="691" HPOS="657" CONTENT="le" ID="tl_13_7" STYLEREFS="FONT0"/>
            <SP HEIGHT="46" WIDTH="21" VPOS="691" HPOS="781"/>
            <String HEIGHT="46" WIDTH="268" VPOS="691" HPOS="719" CONTENT="brouillon" ID="tl_13_8" STYLEREFS="FONT0"/>
            <SP HEIGHT="46" WIDTH="21" VPOS="691" HPOS="988"/>
            <String HEIGHT="46" WIDTH="165" VPOS="691" HPOS="926" CONTENT="sont" ID="tl_13_9" STYLEREFS="FONT0"/>
            <SP HEIGHT="46" WIDTH="21" VPOS="691" HPOS="1091"/>
            <String HEIGHT="46" WIDTH="248" VPOS="691" HPOS="1029" CONTENT="dessinés" ID="tl_13_10" STYLEREFS="FONT0"/>
            <SP HEIGHT="46" WIDTH="21" VPOS="691" HPOS="1277"/>
            <String HEIGHT="46" WIDTH="144" VPOS="691" HPOS="1215" CONTENT="par" ID="tl_13_11" STYLEREFS="FONT0"/>
            <SP HEIGHT="46" WIDTH="21" VPOS="691" HPOS="1359"/>
            <String HEIGHT="46" WIDTH="165" VPOS="691" HPOS="1297" CONTENT="elle" ID="tl_13_12" STYLEREFS="FONT0"/>
            <SP HEIGHT="46" WIDTH="21" VPOS="691" HPOS="1462"/>
            <String HEIGHT="46" WIDTH="103" VPOS="691" HPOS="1380" CONTENT="une" ID="tl_13_13" STYLEREFS="FONT0"/>
          </TextLine>
          <TextLine ID="tl_14" BASELINE="799" HEIGHT="61" WIDTH="1383" VPOS="738" HPOS="100">
            <String HEIGHT="61" WIDTH="255" VPOS="738" HPOS="79" CONTENT="quantité" ID="tl_14_1" STYLEREFS="FONT0"/>
            <SP HEIGHT="61" WIDTH="21" VPOS="738" HPOS="334"/>
            <String HEIGHT="61" WIDTH="128" VPOS="738" HPOS="270" CONTENT="de" ID="tl_14_2" STYLEREFS="FONT0"/>
            <SP HEIGHT="61" WIDTH="21" VPOS="738" HPOS="398"/>
            <String HEIGHT="61" WIDTH="213" VPOS="738" HPOS="334" CONTENT="petits" ID="tl_14_3" STYLEREFS="FONT0"/>
            <SP HEIGHT="61" WIDTH="21" VPOS="738" HPOS="547"/>
            <String HEIGHT="61" WIDTH="277" VPOS="738" HPOS="483" CONTENT="portraits" ID="tl_14_4" STYLEREFS="FONT0"/>
            <SP HEIGHT="61" WIDTH="21" VPOS="738" HPOS="760"/>
            <String HEIGHT="61" WIDTH="106" VPOS="738" HPOS="696" CONTENT="à" ID="tl_14_5" STYLEREFS="FONT0"/>
            <SP HEIGHT="61" WIDTH="21" VPOS="738" HPOS="802"/>
            <String HEIGHT="61" WIDTH="128" VPOS="738" HPOS="738" CONTENT="la" ID="tl_14_6" STYLEREFS="FONT0"/>
            <SP HEIGHT="61" WIDTH="21" VPOS="738" HPOS="866"/>
            <String HEIGHT="61" WIDTH="213" VPOS="738" HPOS="802" CONTENT="plume," ID="tl_14_7" STYLEREFS="FONT0"/>
            <SP HEIGHT="61" WIDTH="21" VPOS="738" HPOS="1015"/>
            <String HEIGHT="61" WIDTH="128" VPOS="738" HPOS="951" CONTENT="la" ID="tl_14_8" STYLEREFS="FONT0"/>
            <SP HEIGHT="61" WIDTH="21" VPOS="738" HPOS="1079"/>
            <String HEIGHT="61" WIDTH="340" VPOS="738" HPOS="1015" CONTENT="représentant" ID="tl_14_9" STYLEREFS="FONT0"/>
            <SP HEIGHT="61" WIDTH="21" VPOS="738" HPOS="1355"/>
            <String HEIGHT="61" WIDTH="170" VPOS="738" HPOS="1292" CONTENT="dans" ID="tl_14_10" STYLEREFS="FONT0"/>
            <SP HEIGHT="61" WIDTH="21" VPOS="738" HPOS="1462"/>
            <String HEIGHT="61" WIDTH="106" VPOS="738" HPOS="1377" CONTENT="les" ID="tl_14_11" STYLEREFS="FONT0"/>
          </TextLine>
          <TextLine ID="tl_15" BASELINE="834" HEIGHT="52" WIDTH="1386" VPOS="782" HPOS="98">
            <String HEIGHT="52" WIDTH="277" VPOS="782" HPOS="75" CONTENT="costumes" ID="tl_15_1" STYLEREFS="FONT0"/>
            <SP HEIGHT="52" WIDTH="23" VPOS="782" HPOS="352"/>
            <String HEIGHT="52" WIDTH="139" VPOS="782" HPOS="283" CONTENT="de" ID="tl_15_2" STYLEREFS="FONT0"/>
            <SP HEIGHT="52" WIDTH="23" VPOS="782" HPOS="421"/>
            <String HEIGHT="52" WIDTH="277" VPOS="782" HPOS="352" CONTENT="quelques" ID="tl_15_3" STYLEREFS="FONT0"/>
            <SP HEIGHT="52" WIDTH="23" VPOS="782" HPOS="629"/>
            <String HEIGHT="52" WIDTH="347" VPOS="782" HPOS="560" CONTENT="personnages" ID="tl_15_4" STYLEREFS="FONT0"/>
            <SP HEIGHT="52" WIDTH="23" VPOS="782" HPOS="907"/>
            <String HEIGHT="52" WIDTH="139" VPOS="782" HPOS="837" CONTENT="de" ID="tl_15_5" STYLEREFS="FONT0"/>
            <SP HEIGHT="52" WIDTH="23" VPOS="782" HPOS="976"/>
            <String HEIGHT="52" WIDTH="139" VPOS="782" HPOS="906" CONTENT="sa" ID="tl_15_6" STYLEREFS="FONT0"/>
            <SP HEIGHT="52" WIDTH="23" VPOS="782" HPOS="1045"/>
            <String HEIGHT="52" WIDTH="231" VPOS="782" HPOS="976" CONTENT="pièce." ID="tl_15_7" STYLEREFS="FONT0"/>
            <SP HEIGHT="52" WIDTH="23" VPOS="782" HPOS="1207"/>
            <String HEIGHT="52" WIDTH="116" VPOS="782" HPOS="1138" CONTENT="A" ID="tl_15_8" STYLEREFS="FONT0"/>
            <SP HEIGHT="52" WIDTH="23" VPOS="782" HPOS="1253"/>
            <String HEIGHT="52" WIDTH="162" VPOS="782" HPOS="1184" CONTENT="ces" ID="tl_15_9" STYLEREFS="FONT0"/>
            <SP HEIGHT="52" WIDTH="23" VPOS="782" HPOS="1345"/>
            <String HEIGHT="52" WIDTH="185" VPOS="782" HPOS="1276" CONTENT="deux" ID="tl_15_10" STYLEREFS="FONT0"/>
            <SP HEIGHT="52" WIDTH="23" VPOS="782" HPOS="1461"/>
            <String HEIGHT="52" WIDTH="116" VPOS="782" HPOS="1369" CONTENT="ma" SUBS_TYPE="HypPart1" SUBS_CONTENT="manuscrits" ID="tl_15_11" STYLEREFS="FONT0"/>
            <HYP CONTENT="-"/>
          </TextLine>
          <TextLine ID="tl_16" BASELINE="893" HEIGHT="53" WIDTH="882" VPOS="840" HPOS="100">
            <String HEIGHT="53" WIDTH="246" VPOS="840" HPOS="79" CONTENT="nuscrits" SUBS_TYPE="HypPart2" SUBS_CONTENT="manuscrits" ID="tl_16_1" STYLEREFS="FONT0"/>
            <SP HEIGHT="53" WIDTH="21" VPOS="840" HPOS="326"/>
            <String HEIGHT="53" WIDTH="164" VPOS="840" HPOS="264" CONTENT="sont" ID="tl_16_2" STYLEREFS="FONT0"/>
            <SP HEIGHT="53" WIDTH="21" VPOS="840" HPOS="428"/>
            <String HEIGHT="53" WIDTH="226" VPOS="840" HPOS="367" CONTENT="jointes" ID="tl_16_3" STYLEREFS="FONT0"/>
            <SP HEIGHT="53" WIDTH="21" VPOS="840" HPOS="592"/>
            <String HEIGHT="53" WIDTH="144" VPOS="840" HPOS="531" CONTENT="les" ID="tl_16_4" STYLEREFS="FONT0"/>
            <SP HEIGHT="53" WIDTH="21" VPOS="840" HPOS="674"/>
            <String HEIGHT="53" WIDTH="205" VPOS="840" HPOS="613" CONTENT="pièces" ID="tl_16_5" STYLEREFS="FONT0"/>
            <SP HEIGHT="53" WIDTH="21" VPOS="840" HPOS="818"/>
            <String HEIGHT="53" WIDTH="246" VPOS="840" HPOS="736" CONTENT="suivantes:" ID="tl_16_6" STYLEREFS="FONT0"/>
          </TextLine>
        </TextBlock>
        <TextBlock ID="r_2_7" HEIGHT="96" WIDTH="1370" VPOS="885" HPOS="107">
          <TextLine ID="tl_17" BASELINE="956" HEIGHT="98" WIDTH="1342" VPOS="858" HPOS="144">
            <String HEIGHT="98" WIDTH="130" VPOS="858" HPOS="122" CONTENT="1°" ID="tl_17_1" STYLEREFS="FONT0"/>
            <SP HEIGHT="98" WIDTH="22" VPOS="858" HPOS="252"/>
            <String HEIGHT="98" WIDTH="238" VPOS="858" HPOS="187" CONTENT="Détails" ID="tl_17_2" STYLEREFS="FONT0"/>
            <SP HEIGHT="98" WIDTH="22" VPOS="858" HPOS="425"/>
            <String HEIGHT="98" WIDTH="173" VPOS="858" HPOS="360" CONTENT="aut." ID="tl_17_3" STYLEREFS="FONT0"/>
            <SP HEIGHT="98" WIDTH="22" VPOS="858" HPOS="534"/>
            <String HEIGHT="98" WIDTH="152" VPOS="858" HPOS="469" CONTENT="sur" ID="tl_17_4" STYLEREFS="FONT0"/>
            <SP HEIGHT="98" WIDTH="22" VPOS="858" HPOS="620"/>
            <String HEIGHT="98" WIDTH="130" VPOS="858" HPOS="555" CONTENT="la" ID="tl_17_5" STYLEREFS="FONT0"/>
            <SP HEIGHT="98" WIDTH="22" VPOS="858" HPOS="685"/>
            <String HEIGHT="98" WIDTH="346" VPOS="858" HPOS="620" CONTENT="présentation" ID="tl_17_6" STYLEREFS="FONT0"/>
            <SP HEIGHT="98" WIDTH="22" VPOS="858" HPOS="967"/>
            <String HEIGHT="98" WIDTH="130" VPOS="858" HPOS="902" CONTENT="de" ID="tl_17_7" STYLEREFS="FONT0"/>
            <SP HEIGHT="98" WIDTH="22" VPOS="858" HPOS="1031"/>
            <String HEIGHT="98" WIDTH="130" VPOS="858" HPOS="967" CONTENT="sa" ID="tl_17_8" STYLEREFS="FONT0"/>
            <SP HEIGHT="98" WIDTH="22" VPOS="858" HPOS="1096"/>
            <String HEIGHT="98" WIDTH="260" VPOS="858" HPOS="1031" CONTENT="tragédie" ID="tl_17_9" STYLEREFS="FONT0"/>
            <SP HEIGHT="98" WIDTH="22" VPOS="858" HPOS="1291"/>
            <String HEIGHT="98" WIDTH="130" VPOS="858" HPOS="1226" CONTENT="au" ID="tl_17_10" STYLEREFS="FONT0"/>
            <SP HEIGHT="98" WIDTH="22" VPOS="858" HPOS="1356"/>
            <String HEIGHT="98" WIDTH="216" VPOS="858" HPOS="1270" CONTENT="Théâtre" SUBS_TYPE="HypPart1" SUBS_CONTENT="ThéâtreFrançais." ID="tl_17_11" STYLEREFS="FONT0"/>
            <HYP CONTENT="-"/>
          </TextLine>
          <TextLine ID="tl_18" BASELINE="1000" HEIGHT="101" WIDTH="424" VPOS="899" HPOS="99">
            <String HEIGHT="101" WIDTH="276" VPOS="899" HPOS="78" CONTENT="Français." SUBS_TYPE="HypPart2" SUBS_CONTENT="ThéâtreFrançais." ID="tl_18_1" STYLEREFS="FONT0"/>
            <SP HEIGHT="101" WIDTH="21" VPOS="899" HPOS="353"/>
            <String HEIGHT="101" WIDTH="106" VPOS="899" HPOS="290" CONTENT="4" ID="tl_18_2" STYLEREFS="FONT0"/>
            <SP HEIGHT="101" WIDTH="21" VPOS="899" HPOS="396"/>
            <String HEIGHT="101" WIDTH="127" VPOS="899" HPOS="332" CONTENT="p." ID="tl_18_3" STYLEREFS="FONT0"/>
            <SP HEIGHT="101" WIDTH="21" VPOS="899" HPOS="459"/>
            <String HEIGHT="101" WIDTH="148" VPOS="899" HPOS="375" CONTENT="in" ID="tl_18_4" STYLEREFS="FONT0"/>
          </TextLine>
        </TextBlock>
        <TextBlock ID="r_2_8" HEIGHT="99" WIDTH="1369" VPOS="981" HPOS="107">
          <TextLine ID="tl_19" BASELINE="1031" HEIGHT="75" WIDTH="1340" VPOS="956" HPOS="145">
            <String HEIGHT="75" WIDTH="124" VPOS="956" HPOS="124" CONTENT="2°" ID="tl_19_1" STYLEREFS="FONT0"/>
            <SP HEIGHT="75" WIDTH="21" VPOS="956" HPOS="248"/>
            <String HEIGHT="75" WIDTH="124" VPOS="956" HPOS="186" CONTENT="L." ID="tl_19_2" STYLEREFS="FONT0"/>
            <SP HEIGHT="75" WIDTH="21" VPOS="956" HPOS="310"/>
            <String HEIGHT="75" WIDTH="186" VPOS="956" HPOS="248" CONTENT="aut.," ID="tl_19_3" STYLEREFS="FONT0"/>
            <SP HEIGHT="75" WIDTH="21" VPOS="956" HPOS="434"/>
            <String HEIGHT="75" WIDTH="124" VPOS="956" HPOS="372" CONTENT="au" ID="tl_19_4" STYLEREFS="FONT0"/>
            <SP HEIGHT="75" WIDTH="21" VPOS="956" HPOS="495"/>
            <String HEIGHT="75" WIDTH="268" VPOS="956" HPOS="434" CONTENT="directeur" ID="tl_19_5" STYLEREFS="FONT0"/>
            <SP HEIGHT="75" WIDTH="21" VPOS="956" HPOS="702"/>
            <String HEIGHT="75" WIDTH="124" VPOS="956" HPOS="640" CONTENT="du" ID="tl_19_6" STYLEREFS="FONT0"/>
            <SP HEIGHT="75" WIDTH="21" VPOS="956" HPOS="763"/>
            <String HEIGHT="75" WIDTH="433" VPOS="956" HPOS="702" CONTENT="Théâtre-Français," ID="tl_19_7" STYLEREFS="FONT0"/>
            <SP HEIGHT="75" WIDTH="21" VPOS="956" HPOS="1135"/>
            <String HEIGHT="75" WIDTH="124" VPOS="956" HPOS="1073" CONTENT="où" ID="tl_19_8" STYLEREFS="FONT0"/>
            <SP HEIGHT="75" WIDTH="21" VPOS="956" HPOS="1196"/>
            <String HEIGHT="75" WIDTH="165" VPOS="956" HPOS="1135" CONTENT="elle" ID="tl_19_9" STYLEREFS="FONT0"/>
            <SP HEIGHT="75" WIDTH="21" VPOS="956" HPOS="1299"/>
            <String HEIGHT="75" WIDTH="165" VPOS="956" HPOS="1238" CONTENT="fait" ID="tl_19_10" STYLEREFS="FONT0"/>
            <SP HEIGHT="75" WIDTH="21" VPOS="956" HPOS="1403"/>
            <String HEIGHT="75" WIDTH="165" VPOS="956" HPOS="1320" CONTENT="l’ana" SUBS_TYPE="HypPart1" SUBS_CONTENT="l’analyse" ID="tl_19_11" STYLEREFS="FONT0"/>
            <HYP CONTENT="-"/>
          </TextLine>
          <TextLine ID="tl_20" BASELINE="1075" HEIGHT="69" WIDTH="1263" VPOS="1006" HPOS="99">
            <String HEIGHT="69" WIDTH="166" VPOS="1006" HPOS="78" CONTENT="lyse" SUBS_TYPE="HypPart2" SUBS_CONTENT="l’analyse" ID="tl_20_1" STYLEREFS="FONT0"/>
            <SP HEIGHT="69" WIDTH="21" VPOS="1006" HPOS="244"/>
            <String HEIGHT="69" WIDTH="145" VPOS="1006" HPOS="182" CONTENT="des" ID="tl_20_2" STYLEREFS="FONT0"/>
            <SP HEIGHT="69" WIDTH="21" VPOS="1006" HPOS="327"/>
            <String HEIGHT="69" WIDTH="248" VPOS="1006" HPOS="265" CONTENT="diverses" ID="tl_20_3" STYLEREFS="FONT0"/>
            <SP HEIGHT="69" WIDTH="21" VPOS="1006" HPOS="513"/>
            <String HEIGHT="69" WIDTH="311" VPOS="1006" HPOS="451" CONTENT="situations," ID="tl_20_4" STYLEREFS="FONT0"/>
            <SP HEIGHT="69" WIDTH="21" VPOS="1006" HPOS="762"/>
            <String HEIGHT="69" WIDTH="124" VPOS="1006" HPOS="699" CONTENT="et" ID="tl_20_5" STYLEREFS="FONT0"/>
            <SP HEIGHT="69" WIDTH="21" VPOS="1006" HPOS="824"/>
            <String HEIGHT="69" WIDTH="145" VPOS="1006" HPOS="762" CONTENT="des" ID="tl_20_6" STYLEREFS="FONT0"/>
            <SP HEIGHT="69" WIDTH="21" VPOS="1006" HPOS="906"/>
            <String HEIGHT="69" WIDTH="311" VPOS="1006" HPOS="844" CONTENT="personnages" ID="tl_20_7" STYLEREFS="FONT0"/>
            <SP HEIGHT="69" WIDTH="21" VPOS="1006" HPOS="1155"/>
            <String HEIGHT="69" WIDTH="124" VPOS="1006" HPOS="1093" CONTENT="de" ID="tl_20_8" STYLEREFS="FONT0"/>
            <SP HEIGHT="69" WIDTH="21" VPOS="1006" HPOS="1217"/>
            <String HEIGHT="69" WIDTH="124" VPOS="1006" HPOS="1155" CONTENT="sa" ID="tl_20_9" STYLEREFS="FONT0"/>
            <SP HEIGHT="69" WIDTH="21" VPOS="1006" HPOS="1279"/>
            <String HEIGHT="69" WIDTH="166" VPOS="1006" HPOS="1196" CONTENT="pièce." ID="tl_20_10" STYLEREFS="FONT0"/>
          </TextLine>
        </TextBlock>
        <TextBlock ID="r_2_9" HEIGHT="189" WIDTH="1371" VPOS="1077" HPOS="105">
          <TextLine ID="tl_21" BASELINE="1135" HEIGHT="67" WIDTH="1340" VPOS="1068" HPOS="145">
            <String HEIGHT="67" WIDTH="128" VPOS="1068" HPOS="124" CONTENT="3°" ID="tl_21_1" STYLEREFS="FONT0"/>
            <SP HEIGHT="67" WIDTH="21" VPOS="1068" HPOS="251"/>
            <String HEIGHT="67" WIDTH="234" VPOS="1068" HPOS="188" CONTENT="Lettres" ID="tl_21_2" STYLEREFS="FONT0"/>
            <SP HEIGHT="67" WIDTH="21" VPOS="1068" HPOS="422"/>
            <String HEIGHT="67" WIDTH="213" VPOS="1068" HPOS="358" CONTENT="(sept)" ID="tl_21_3" STYLEREFS="FONT0"/>
            <SP HEIGHT="67" WIDTH="21" VPOS="1068" HPOS="570"/>
            <String HEIGHT="67" WIDTH="170" VPOS="1068" HPOS="507" CONTENT="aut." ID="tl_21_4" STYLEREFS="FONT0"/>
            <SP HEIGHT="67" WIDTH="21" VPOS="1068" HPOS="677"/>
            <String HEIGHT="67" WIDTH="170" VPOS="1068" HPOS="613" CONTENT="sig." ID="tl_21_5" STYLEREFS="FONT0"/>
            <SP HEIGHT="67" WIDTH="21" VPOS="1068" HPOS="783"/>
            <String HEIGHT="67" WIDTH="128" VPOS="1068" HPOS="719" CONTENT="de" ID="tl_21_6" STYLEREFS="FONT0"/>
            <SP HEIGHT="67" WIDTH="21" VPOS="1068" HPOS="847"/>
            <String HEIGHT="67" WIDTH="149" VPOS="1068" HPOS="783" CONTENT="MM." ID="tl_21_7" STYLEREFS="FONT0"/>
            <SP HEIGHT="67" WIDTH="21" VPOS="1068" HPOS="932"/>
            <String HEIGHT="67" WIDTH="191" VPOS="1068" HPOS="868" CONTENT="Emile" ID="tl_21_8" STYLEREFS="FONT0"/>
            <SP HEIGHT="67" WIDTH="21" VPOS="1068" HPOS="1060"/>
            <String HEIGHT="67" WIDTH="277" VPOS="1068" HPOS="996" CONTENT="Barateau," ID="tl_21_9" STYLEREFS="FONT0"/>
            <SP HEIGHT="67" WIDTH="21" VPOS="1068" HPOS="1272"/>
            <String HEIGHT="67" WIDTH="213" VPOS="1068" HPOS="1208" CONTENT="Joanny" ID="tl_21_10" STYLEREFS="FONT0"/>
            <SP HEIGHT="67" WIDTH="21" VPOS="1068" HPOS="1421"/>
            <String HEIGHT="67" WIDTH="149" VPOS="1068" HPOS="1336" CONTENT="(avec" ID="tl_21_11" STYLEREFS="FONT0"/>
          </TextLine>
          <TextLine ID="tl_22" BASELINE="1180" HEIGHT="75" WIDTH="1382" VPOS="1105" HPOS="98">
            <String HEIGHT="75" WIDTH="168" VPOS="1105" HPOS="77" CONTENT="deux" ID="tl_22_1" STYLEREFS="FONT0"/>
            <SP HEIGHT="75" WIDTH="21" VPOS="1105" HPOS="245"/>
            <String HEIGHT="75" WIDTH="251" VPOS="1105" HPOS="182" CONTENT="portr.)," ID="tl_22_2" STYLEREFS="FONT0"/>
            <SP HEIGHT="75" WIDTH="21" VPOS="1105" HPOS="433"/>
            <String HEIGHT="75" WIDTH="251" VPOS="1105" HPOS="370" CONTENT="Lambert," ID="tl_22_3" STYLEREFS="FONT0"/>
            <SP HEIGHT="75" WIDTH="21" VPOS="1105" HPOS="621"/>
            <String HEIGHT="75" WIDTH="126" VPOS="1105" HPOS="559" CONTENT="de" ID="tl_22_4" STYLEREFS="FONT0"/>
            <SP HEIGHT="75" WIDTH="21" VPOS="1105" HPOS="684"/>
            <String HEIGHT="75" WIDTH="251" VPOS="1105" HPOS="621" CONTENT="Lasalle," ID="tl_22_5" STYLEREFS="FONT0"/>
            <SP HEIGHT="75" WIDTH="21" VPOS="1105" HPOS="873"/>
            <String HEIGHT="75" WIDTH="209" VPOS="1105" HPOS="810" CONTENT="Masson" ID="tl_22_6" STYLEREFS="FONT0"/>
            <SP HEIGHT="75" WIDTH="21" VPOS="1105" HPOS="1019"/>
            <String HEIGHT="75" WIDTH="188" VPOS="1105" HPOS="957" CONTENT="(deux" ID="tl_22_7" STYLEREFS="FONT0"/>
            <SP HEIGHT="75" WIDTH="21" VPOS="1105" HPOS="1145"/>
            <String HEIGHT="75" WIDTH="209" VPOS="1105" HPOS="1082" CONTENT="lett.)" ID="tl_22_8" STYLEREFS="FONT0"/>
            <SP HEIGHT="75" WIDTH="21" VPOS="1105" HPOS="1292"/>
            <String HEIGHT="75" WIDTH="126" VPOS="1105" HPOS="1229" CONTENT="et" ID="tl_22_9" STYLEREFS="FONT0"/>
            <SP HEIGHT="75" WIDTH="21" VPOS="1105" HPOS="1354"/>
            <String HEIGHT="75" WIDTH="209" VPOS="1105" HPOS="1271" CONTENT="Monrose," ID="tl_22_10" STYLEREFS="FONT0"/>
          </TextLine>
          <TextLine ID="tl_23" BASELINE="1214" HEIGHT="51" WIDTH="1386" VPOS="1163" HPOS="98">
            <String HEIGHT="51" WIDTH="282" VPOS="1163" HPOS="76" CONTENT="relatives" ID="tl_23_1" STYLEREFS="FONT0"/>
            <SP HEIGHT="51" WIDTH="22" VPOS="1163" HPOS="358"/>
            <String HEIGHT="51" WIDTH="108" VPOS="1163" HPOS="293" CONTENT="à" ID="tl_23_2" STYLEREFS="FONT0"/>
            <SP HEIGHT="51" WIDTH="22" VPOS="1163" HPOS="401"/>
            <String HEIGHT="51" WIDTH="130" VPOS="1163" HPOS="336" CONTENT="la" ID="tl_23_3" STYLEREFS="FONT0"/>
            <SP HEIGHT="51" WIDTH="22" VPOS="1163" HPOS="466"/>
            <String HEIGHT="51" WIDTH="238" VPOS="1163" HPOS="401" CONTENT="lecture" ID="tl_23_4" STYLEREFS="FONT0"/>
            <SP HEIGHT="51" WIDTH="22" VPOS="1163" HPOS="639"/>
            <String HEIGHT="51" WIDTH="130" VPOS="1163" HPOS="574" CONTENT="de" ID="tl_23_5" STYLEREFS="FONT0"/>
            <SP HEIGHT="51" WIDTH="22" VPOS="1163" HPOS="704"/>
            <String HEIGHT="51" WIDTH="130" VPOS="1163" HPOS="639" CONTENT="sa" ID="tl_23_6" STYLEREFS="FONT0"/>
            <SP HEIGHT="51" WIDTH="22" VPOS="1163" HPOS="769"/>
            <String HEIGHT="51" WIDTH="217" VPOS="1163" HPOS="704" CONTENT="pièce," ID="tl_23_7" STYLEREFS="FONT0"/>
            <SP HEIGHT="51" WIDTH="22" VPOS="1163" HPOS="921"/>
            <String HEIGHT="51" WIDTH="217" VPOS="1163" HPOS="856" CONTENT="devant" ID="tl_23_8" STYLEREFS="FONT0"/>
            <SP HEIGHT="51" WIDTH="22" VPOS="1163" HPOS="1073"/>
            <String HEIGHT="51" WIDTH="130" VPOS="1163" HPOS="1008" CONTENT="le" ID="tl_23_9" STYLEREFS="FONT0"/>
            <SP HEIGHT="51" WIDTH="22" VPOS="1163" HPOS="1138"/>
            <String HEIGHT="51" WIDTH="217" VPOS="1163" HPOS="1073" CONTENT="comité" ID="tl_23_10" STYLEREFS="FONT0"/>
            <SP HEIGHT="51" WIDTH="22" VPOS="1163" HPOS="1289"/>
            <String HEIGHT="51" WIDTH="130" VPOS="1163" HPOS="1224" CONTENT="du" ID="tl_23_11" STYLEREFS="FONT0"/>
            <SP HEIGHT="51" WIDTH="22" VPOS="1163" HPOS="1354"/>
            <String HEIGHT="51" WIDTH="217" VPOS="1163" HPOS="1267" CONTENT="Théâtre" ID="tl_23_12" STYLEREFS="FONT0"/>
          </TextLine>
          <TextLine ID="tl_24" BASELINE="1271" HEIGHT="60" WIDTH="205" VPOS="1211" HPOS="96">
            <String HEIGHT="60" WIDTH="251" VPOS="1211" HPOS="50" CONTENT="Français." ID="tl_24_1" STYLEREFS="FONT0"/>
          </TextLine>
        </TextBlock>
        <TextBlock ID="r_2_10" HEIGHT="95" WIDTH="1369" VPOS="1269" HPOS="104">
          <TextLine ID="tl_25" BASELINE="1347" HEIGHT="86" WIDTH="1338" VPOS="1261" HPOS="143">
            <String HEIGHT="86" WIDTH="122" VPOS="1261" HPOS="123" CONTENT="4°" ID="tl_25_1" STYLEREFS="FONT0"/>
            <SP HEIGHT="86" WIDTH="20" VPOS="1261" HPOS="244"/>
            <String HEIGHT="86" WIDTH="264" VPOS="1261" HPOS="184" CONTENT="Remarques" ID="tl_25_2" STYLEREFS="FONT0"/>
            <SP HEIGHT="86" WIDTH="20" VPOS="1261" HPOS="447"/>
            <String HEIGHT="86" WIDTH="142" VPOS="1261" HPOS="386" CONTENT="sur" ID="tl_25_3" STYLEREFS="FONT0"/>
            <SP HEIGHT="86" WIDTH="20" VPOS="1261" HPOS="528"/>
            <String HEIGHT="86" WIDTH="122" VPOS="1261" HPOS="467" CONTENT="la" ID="tl_25_4" STYLEREFS="FONT0"/>
            <SP HEIGHT="86" WIDTH="20" VPOS="1261" HPOS="589"/>
            <String HEIGHT="86" WIDTH="243" VPOS="1261" HPOS="528" CONTENT="tragédie" ID="tl_25_5" STYLEREFS="FONT0"/>
            <SP HEIGHT="86" WIDTH="20" VPOS="1261" HPOS="771"/>
            <String HEIGHT="86" WIDTH="122" VPOS="1261" HPOS="711" CONTENT="de" ID="tl_25_6" STYLEREFS="FONT0"/>
            <SP HEIGHT="86" WIDTH="20" VPOS="1261" HPOS="832"/>
            <String HEIGHT="86" WIDTH="365" VPOS="1261" HPOS="771" CONTENT="Boabdil" ID="tl_25_7" STYLEREFS="FONT2"/>
            <SP HEIGHT="86" WIDTH="20" VPOS="1261" HPOS="1136"/>
            <String HEIGHT="86" WIDTH="203" VPOS="1261" HPOS="1076" CONTENT="(copie" ID="tl_25_8" STYLEREFS="FONT0"/>
            <SP HEIGHT="86" WIDTH="20" VPOS="1261" HPOS="1278"/>
            <String HEIGHT="86" WIDTH="284" VPOS="1261" HPOS="1197" CONTENT="manuscrite)," ID="tl_25_9" STYLEREFS="FONT0"/>
          </TextLine>
          <TextLine ID="tl_26" BASELINE="1372" HEIGHT="69" WIDTH="221" VPOS="1303" HPOS="96">
            <String HEIGHT="69" WIDTH="111" VPOS="1303" HPOS="74" CONTENT="6" ID="tl_26_1" STYLEREFS="FONT0"/>
            <SP HEIGHT="69" WIDTH="22" VPOS="1303" HPOS="184"/>
            <String HEIGHT="69" WIDTH="133" VPOS="1303" HPOS="118" CONTENT="p." ID="tl_26_2" STYLEREFS="FONT0"/>
            <SP HEIGHT="69" WIDTH="22" VPOS="1303" HPOS="251"/>
            <String HEIGHT="69" WIDTH="155" VPOS="1303" HPOS="162" CONTENT="in" ID="tl_26_3" STYLEREFS="FONT0"/>
          </TextLine>
        </TextBlock>
        <TextBlock ID="r_2_11" HEIGHT="94" WIDTH="1367" VPOS="1364" HPOS="105">
          <TextLine ID="tl_27" BASELINE="1416" HEIGHT="66" WIDTH="1336" VPOS="1350" HPOS="143">
            <String HEIGHT="66" WIDTH="134" VPOS="1350" HPOS="121" CONTENT="5°" ID="tl_27_1" STYLEREFS="FONT0"/>
            <SP HEIGHT="66" WIDTH="22" VPOS="1350" HPOS="254"/>
            <String HEIGHT="66" WIDTH="178" VPOS="1350" HPOS="188" CONTENT="Deux" ID="tl_27_2" STYLEREFS="FONT0"/>
            <SP HEIGHT="66" WIDTH="22" VPOS="1350" HPOS="366"/>
            <String HEIGHT="66" WIDTH="245" VPOS="1350" HPOS="299" CONTENT="lettres" ID="tl_27_3" STYLEREFS="FONT0"/>
            <SP HEIGHT="66" WIDTH="22" VPOS="1350" HPOS="544"/>
            <String HEIGHT="66" WIDTH="267" VPOS="1350" HPOS="477" CONTENT="signées," ID="tl_27_4" STYLEREFS="FONT0"/>
            <SP HEIGHT="66" WIDTH="22" VPOS="1350" HPOS="744"/>
            <String HEIGHT="66" WIDTH="200" VPOS="1350" HPOS="677" CONTENT="l’une" ID="tl_27_5" STYLEREFS="FONT0"/>
            <SP HEIGHT="66" WIDTH="22" VPOS="1350" HPOS="878"/>
            <String HEIGHT="66" WIDTH="134" VPOS="1350" HPOS="811" CONTENT="du" ID="tl_27_6" STYLEREFS="FONT0"/>
            <SP HEIGHT="66" WIDTH="22" VPOS="1350" HPOS="945"/>
            <String HEIGHT="66" WIDTH="200" VPOS="1350" HPOS="878" CONTENT="comte" ID="tl_27_7" STYLEREFS="FONT0"/>
            <SP HEIGHT="66" WIDTH="22" VPOS="1350" HPOS="1078"/>
            <String HEIGHT="66" WIDTH="289" VPOS="1350" HPOS="1011" CONTENT="d’Argout," ID="tl_27_8" STYLEREFS="FONT0"/>
            <SP HEIGHT="66" WIDTH="22" VPOS="1350" HPOS="1301"/>
            <String HEIGHT="66" WIDTH="245" VPOS="1350" HPOS="1234" CONTENT="l’autre" ID="tl_27_9" STYLEREFS="FONT0"/>
            <SP HEIGHT="66" WIDTH="22" VPOS="1350" HPOS="1479"/>
            <String HEIGHT="66" WIDTH="89" VPOS="1350" HPOS="1390" CONTENT="du" ID="tl_27_10" STYLEREFS="FONT0"/>
          </TextLine>
          <TextLine ID="tl_28" BASELINE="1462" HEIGHT="56" WIDTH="1242" VPOS="1406" HPOS="96">
            <String HEIGHT="56" WIDTH="189" VPOS="1406" HPOS="75" CONTENT="comte" ID="tl_28_1" STYLEREFS="FONT0"/>
            <SP HEIGHT="56" WIDTH="21" VPOS="1406" HPOS="264"/>
            <String HEIGHT="56" WIDTH="126" VPOS="1406" HPOS="201" CONTENT="de" ID="tl_28_2" STYLEREFS="FONT0"/>
            <SP HEIGHT="56" WIDTH="21" VPOS="1406" HPOS="328"/>
            <String HEIGHT="56" WIDTH="316" VPOS="1406" HPOS="264" CONTENT="Montalivet," ID="tl_28_3" STYLEREFS="FONT0"/>
            <SP HEIGHT="56" WIDTH="21" VPOS="1406" HPOS="580"/>
            <String HEIGHT="56" WIDTH="147" VPOS="1406" HPOS="517" CONTENT="sur" ID="tl_28_4" STYLEREFS="FONT0"/>
            <SP HEIGHT="56" WIDTH="21" VPOS="1406" HPOS="664"/>
            <String HEIGHT="56" WIDTH="147" VPOS="1406" HPOS="601" CONTENT="des" ID="tl_28_5" STYLEREFS="FONT0"/>
            <SP HEIGHT="56" WIDTH="21" VPOS="1406" HPOS="749"/>
            <String HEIGHT="56" WIDTH="232" VPOS="1406" HPOS="685" CONTENT="secours" ID="tl_28_6" STYLEREFS="FONT0"/>
            <SP HEIGHT="56" WIDTH="21" VPOS="1406" HPOS="917"/>
            <String HEIGHT="56" WIDTH="105" VPOS="1406" HPOS="854" CONTENT="à" ID="tl_28_7" STYLEREFS="FONT0"/>
            <SP HEIGHT="56" WIDTH="21" VPOS="1406" HPOS="959"/>
            <String HEIGHT="56" WIDTH="253" VPOS="1406" HPOS="896" CONTENT="accorder" ID="tl_28_8" STYLEREFS="FONT0"/>
            <SP HEIGHT="56" WIDTH="21" VPOS="1406" HPOS="1149"/>
            <String HEIGHT="56" WIDTH="105" VPOS="1406" HPOS="1085" CONTENT="à" ID="tl_28_9" STYLEREFS="FONT0"/>
            <SP HEIGHT="56" WIDTH="21" VPOS="1406" HPOS="1191"/>
            <String HEIGHT="56" WIDTH="232" VPOS="1406" HPOS="1106" CONTENT="l’auteur." ID="tl_28_10" STYLEREFS="FONT0"/>
          </TextLine>
        </TextBlock>
        <TextBlock ID="r_2_12" HEIGHT="288" WIDTH="1372" VPOS="1460" HPOS="104">
          <TextLine ID="tl_29" BASELINE="1528" HEIGHT="71" WIDTH="1341" VPOS="1457" HPOS="143">
            <String HEIGHT="71" WIDTH="124" VPOS="1457" HPOS="122" CONTENT="6°" ID="tl_29_1" STYLEREFS="FONT0"/>
            <SP HEIGHT="71" WIDTH="21" VPOS="1457" HPOS="246"/>
            <String HEIGHT="71" WIDTH="124" VPOS="1457" HPOS="184" CONTENT="L." ID="tl_29_2" STYLEREFS="FONT0"/>
            <SP HEIGHT="71" WIDTH="21" VPOS="1457" HPOS="308"/>
            <String HEIGHT="71" WIDTH="165" VPOS="1457" HPOS="246" CONTENT="aut." ID="tl_29_3" STYLEREFS="FONT0"/>
            <SP HEIGHT="71" WIDTH="21" VPOS="1457" HPOS="411"/>
            <String HEIGHT="71" WIDTH="206" VPOS="1457" HPOS="349" CONTENT="écrite" ID="tl_29_4" STYLEREFS="FONT0"/>
            <SP HEIGHT="71" WIDTH="21" VPOS="1457" HPOS="556"/>
            <String HEIGHT="71" WIDTH="144" VPOS="1457" HPOS="494" CONTENT="par" ID="tl_29_5" STYLEREFS="FONT0"/>
            <SP HEIGHT="71" WIDTH="21" VPOS="1457" HPOS="638"/>
            <String HEIGHT="71" WIDTH="124" VPOS="1457" HPOS="576" CONTENT="un" ID="tl_29_6" STYLEREFS="FONT0"/>
            <SP HEIGHT="71" WIDTH="21" VPOS="1457" HPOS="700"/>
            <String HEIGHT="71" WIDTH="330" VPOS="1457" HPOS="638" CONTENT="compatriote," ID="tl_29_7" STYLEREFS="FONT0"/>
            <SP HEIGHT="71" WIDTH="21" VPOS="1457" HPOS="968"/>
            <String HEIGHT="71" WIDTH="124" VPOS="1457" HPOS="906" CONTENT="et" ID="tl_29_8" STYLEREFS="FONT0"/>
            <SP HEIGHT="71" WIDTH="21" VPOS="1457" HPOS="1030"/>
            <String HEIGHT="71" WIDTH="165" VPOS="1457" HPOS="968" CONTENT="d’un" ID="tl_29_9" STYLEREFS="FONT0"/>
            <SP HEIGHT="71" WIDTH="21" VPOS="1457" HPOS="1133"/>
            <String HEIGHT="71" WIDTH="186" VPOS="1457" HPOS="1071" CONTENT="grand" ID="tl_29_10" STYLEREFS="FONT0"/>
            <SP HEIGHT="71" WIDTH="21" VPOS="1457" HPOS="1257"/>
            <String HEIGHT="71" WIDTH="248" VPOS="1457" HPOS="1195" CONTENT="intérêt;" ID="tl_29_11" STYLEREFS="FONT0"/>
            <SP HEIGHT="71" WIDTH="21" VPOS="1457" HPOS="1443"/>
            <String HEIGHT="71" WIDTH="124" VPOS="1457" HPOS="1360" CONTENT="con" SUBS_TYPE="HypPart1" SUBS_CONTENT="conseils" ID="tl_29_12" STYLEREFS="FONT0"/>
            <HYP CONTENT="-"/>
          </TextLine>
          <TextLine ID="tl_30" BASELINE="1563" HEIGHT="61" WIDTH="1375" VPOS="1502" HPOS="97">
            <String HEIGHT="61" WIDTH="190" VPOS="1502" HPOS="76" CONTENT="seils" SUBS_TYPE="HypPart2" SUBS_CONTENT="conseils" ID="tl_30_1" STYLEREFS="FONT0"/>
            <SP HEIGHT="61" WIDTH="21" VPOS="1502" HPOS="266"/>
            <String HEIGHT="61" WIDTH="296" VPOS="1502" HPOS="203" CONTENT="concernant" ID="tl_30_2" STYLEREFS="FONT0"/>
            <SP HEIGHT="61" WIDTH="21" VPOS="1502" HPOS="499"/>
            <String HEIGHT="61" WIDTH="127" VPOS="1502" HPOS="435" CONTENT="sa" ID="tl_30_3" STYLEREFS="FONT0"/>
            <SP HEIGHT="61" WIDTH="21" VPOS="1502" HPOS="562"/>
            <String HEIGHT="61" WIDTH="212" VPOS="1502" HPOS="499" CONTENT="pièce." ID="tl_30_4" STYLEREFS="FONT0"/>
            <SP HEIGHT="61" WIDTH="21" VPOS="1502" HPOS="710"/>
            <String HEIGHT="61" WIDTH="190" VPOS="1502" HPOS="647" CONTENT="Datée" ID="tl_30_5" STYLEREFS="FONT0"/>
            <SP HEIGHT="61" WIDTH="21" VPOS="1502" HPOS="837"/>
            <String HEIGHT="61" WIDTH="127" VPOS="1502" HPOS="774" CONTENT="de" ID="tl_30_6" STYLEREFS="FONT0"/>
            <SP HEIGHT="61" WIDTH="21" VPOS="1502" HPOS="901"/>
            <String HEIGHT="61" WIDTH="233" VPOS="1502" HPOS="837" CONTENT="Nantes," ID="tl_30_7" STYLEREFS="FONT0"/>
            <SP HEIGHT="61" WIDTH="21" VPOS="1502" HPOS="1070"/>
            <String HEIGHT="61" WIDTH="127" VPOS="1502" HPOS="1007" CONTENT="le" ID="tl_30_8" STYLEREFS="FONT0"/>
            <SP HEIGHT="61" WIDTH="21" VPOS="1502" HPOS="1134"/>
            <String HEIGHT="61" WIDTH="106" VPOS="1502" HPOS="1070" CONTENT="5" ID="tl_30_9" STYLEREFS="FONT0"/>
            <SP HEIGHT="61" WIDTH="21" VPOS="1502" HPOS="1176"/>
            <String HEIGHT="61" WIDTH="169" VPOS="1502" HPOS="1112" CONTENT="août" ID="tl_30_10" STYLEREFS="FONT0"/>
            <SP HEIGHT="61" WIDTH="21" VPOS="1502" HPOS="1282"/>
            <String HEIGHT="61" WIDTH="190" VPOS="1502" HPOS="1218" CONTENT="1829." ID="tl_30_11" STYLEREFS="FONT0"/>
            <SP HEIGHT="61" WIDTH="21" VPOS="1502" HPOS="1409"/>
            <String HEIGHT="61" WIDTH="106" VPOS="1502" HPOS="1345" CONTENT="3" ID="tl_30_12" STYLEREFS="FONT0"/>
            <SP HEIGHT="61" WIDTH="21" VPOS="1502" HPOS="1451"/>
            <String HEIGHT="61" WIDTH="106" VPOS="1502" HPOS="1366" CONTENT="gr." ID="tl_30_13" STYLEREFS="FONT0"/>
          </TextLine>
          <TextLine ID="tl_31" BASELINE="1615" HEIGHT="64" WIDTH="1380" VPOS="1551" HPOS="98">
            <String HEIGHT="64" WIDTH="124" VPOS="1551" HPOS="77" CONTENT="p." ID="tl_31_1" STYLEREFS="FONT0"/>
            <SP HEIGHT="64" WIDTH="21" VPOS="1551" HPOS="201"/>
            <String HEIGHT="64" WIDTH="144" VPOS="1551" HPOS="139" CONTENT="pl." ID="tl_31_2" STYLEREFS="FONT0"/>
            <SP HEIGHT="64" WIDTH="21" VPOS="1551" HPOS="283"/>
            <String HEIGHT="64" WIDTH="185" VPOS="1551" HPOS="222" CONTENT="in-4." ID="tl_31_3" STYLEREFS="FONT0"/>
            <SP HEIGHT="64" WIDTH="21" VPOS="1551" HPOS="407"/>
            <String HEIGHT="64" WIDTH="103" VPOS="1551" HPOS="345" CONTENT="—" ID="tl_31_4" STYLEREFS="FONT0"/>
            <SP HEIGHT="64" WIDTH="21" VPOS="1551" HPOS="448"/>
            <String HEIGHT="64" WIDTH="124" VPOS="1551" HPOS="386" CONTENT="L." ID="tl_31_5" STYLEREFS="FONT0"/>
            <SP HEIGHT="64" WIDTH="21" VPOS="1551" HPOS="510"/>
            <String HEIGHT="64" WIDTH="165" VPOS="1551" HPOS="448" CONTENT="aut." ID="tl_31_6" STYLEREFS="FONT0"/>
            <SP HEIGHT="64" WIDTH="21" VPOS="1551" HPOS="613"/>
            <String HEIGHT="64" WIDTH="165" VPOS="1551" HPOS="551" CONTENT="sig." ID="tl_31_7" STYLEREFS="FONT0"/>
            <SP HEIGHT="64" WIDTH="21" VPOS="1551" HPOS="716"/>
            <String HEIGHT="64" WIDTH="124" VPOS="1551" HPOS="654" CONTENT="de" ID="tl_31_8" STYLEREFS="FONT0"/>
            <SP HEIGHT="64" WIDTH="21" VPOS="1551" HPOS="778"/>
            <String HEIGHT="64" WIDTH="247" VPOS="1551" HPOS="716" CONTENT="François" ID="tl_31_9" STYLEREFS="FONT0"/>
            <SP HEIGHT="64" WIDTH="21" VPOS="1551" HPOS="963"/>
            <String HEIGHT="64" WIDTH="288" VPOS="1551" HPOS="901" CONTENT="Broussais," ID="tl_31_10" STYLEREFS="FONT0"/>
            <SP HEIGHT="64" WIDTH="21" VPOS="1551" HPOS="1190"/>
            <String HEIGHT="64" WIDTH="144" VPOS="1551" HPOS="1128" CONTENT="sur" ID="tl_31_11" STYLEREFS="FONT0"/>
            <SP HEIGHT="64" WIDTH="21" VPOS="1551" HPOS="1272"/>
            <String HEIGHT="64" WIDTH="144" VPOS="1551" HPOS="1210" CONTENT="ses" ID="tl_31_12" STYLEREFS="FONT0"/>
            <SP HEIGHT="64" WIDTH="21" VPOS="1551" HPOS="1354"/>
            <String HEIGHT="64" WIDTH="206" VPOS="1551" HPOS="1272" CONTENT="OEuvres." ID="tl_31_13" STYLEREFS="FONT0"/>
          </TextLine>
          <TextLine ID="tl_32" BASELINE="1669" HEIGHT="71" WIDTH="1387" VPOS="1598" HPOS="95">
            <String HEIGHT="71" WIDTH="124" VPOS="1598" HPOS="74" CONTENT="24" ID="tl_32_1" STYLEREFS="FONT0"/>
            <SP HEIGHT="71" WIDTH="21" VPOS="1598" HPOS="199"/>
            <String HEIGHT="71" WIDTH="228" VPOS="1598" HPOS="136" CONTENT="juillet" ID="tl_32_2" STYLEREFS="FONT0"/>
            <SP HEIGHT="71" WIDTH="21" VPOS="1598" HPOS="364"/>
            <String HEIGHT="71" WIDTH="186" VPOS="1598" HPOS="302" CONTENT="1839." ID="tl_32_3" STYLEREFS="FONT0"/>
            <SP HEIGHT="71" WIDTH="21" VPOS="1598" HPOS="488"/>
            <String HEIGHT="71" WIDTH="104" VPOS="1598" HPOS="426" CONTENT="1" ID="tl_32_4" STYLEREFS="FONT0"/>
            <SP HEIGHT="71" WIDTH="21" VPOS="1598" HPOS="530"/>
            <String HEIGHT="71" WIDTH="124" VPOS="1598" HPOS="468" CONTENT="p." ID="tl_32_5" STYLEREFS="FONT0"/>
            <SP HEIGHT="71" WIDTH="21" VPOS="1598" HPOS="592"/>
            <String HEIGHT="71" WIDTH="186" VPOS="1598" HPOS="530" CONTENT="in-4." ID="tl_32_6" STYLEREFS="FONT0"/>
            <SP HEIGHT="71" WIDTH="21" VPOS="1598" HPOS="716"/>
            <String HEIGHT="71" WIDTH="104" VPOS="1598" HPOS="654" CONTENT="—" ID="tl_32_7" STYLEREFS="FONT0"/>
            <SP HEIGHT="71" WIDTH="21" VPOS="1598" HPOS="757"/>
            <String HEIGHT="71" WIDTH="124" VPOS="1598" HPOS="695" CONTENT="L." ID="tl_32_8" STYLEREFS="FONT0"/>
            <SP HEIGHT="71" WIDTH="21" VPOS="1598" HPOS="820"/>
            <String HEIGHT="71" WIDTH="166" VPOS="1598" HPOS="757" CONTENT="aut." ID="tl_32_9" STYLEREFS="FONT0"/>
            <SP HEIGHT="71" WIDTH="21" VPOS="1598" HPOS="923"/>
            <String HEIGHT="71" WIDTH="166" VPOS="1598" HPOS="861" CONTENT="sig." ID="tl_32_10" STYLEREFS="FONT0"/>
            <SP HEIGHT="71" WIDTH="21" VPOS="1598" HPOS="1027"/>
            <String HEIGHT="71" WIDTH="166" VPOS="1598" HPOS="964" CONTENT="d’un" ID="tl_32_11" STYLEREFS="FONT0"/>
            <SP HEIGHT="71" WIDTH="21" VPOS="1598" HPOS="1130"/>
            <String HEIGHT="71" WIDTH="166" VPOS="1598" HPOS="1068" CONTENT="ami," ID="tl_32_12" STYLEREFS="FONT0"/>
            <SP HEIGHT="71" WIDTH="21" VPOS="1598" HPOS="1234"/>
            <String HEIGHT="71" WIDTH="207" VPOS="1598" HPOS="1171" CONTENT="pleine" ID="tl_32_13" STYLEREFS="FONT0"/>
            <SP HEIGHT="71" WIDTH="21" VPOS="1598" HPOS="1378"/>
            <String HEIGHT="71" WIDTH="124" VPOS="1598" HPOS="1316" CONTENT="de" ID="tl_32_14" STYLEREFS="FONT0"/>
            <SP HEIGHT="71" WIDTH="21" VPOS="1598" HPOS="1441"/>
            <String HEIGHT="71" WIDTH="124" VPOS="1598" HPOS="1358" CONTENT="con" SUBS_TYPE="HypPart1" SUBS_CONTENT="conseils" ID="tl_32_15" STYLEREFS="FONT0"/>
            <HYP CONTENT="-"/>
          </TextLine>
          <TextLine ID="tl_33" BASELINE="1706" HEIGHT="63" WIDTH="1383" VPOS="1643" HPOS="98">
            <String HEIGHT="63" WIDTH="194" VPOS="1643" HPOS="76" CONTENT="seils" SUBS_TYPE="HypPart2" SUBS_CONTENT="conseils" ID="tl_33_1" STYLEREFS="FONT0"/>
            <SP HEIGHT="63" WIDTH="22" VPOS="1643" HPOS="271"/>
            <String HEIGHT="63" WIDTH="281" VPOS="1643" HPOS="206" CONTENT="judicieux" ID="tl_33_2" STYLEREFS="FONT0"/>
            <SP HEIGHT="63" WIDTH="22" VPOS="1643" HPOS="487"/>
            <String HEIGHT="63" WIDTH="151" VPOS="1643" HPOS="422" CONTENT="sur" ID="tl_33_3" STYLEREFS="FONT0"/>
            <SP HEIGHT="63" WIDTH="22" VPOS="1643" HPOS="573"/>
            <String HEIGHT="63" WIDTH="259" VPOS="1643" HPOS="509" CONTENT="l’avenir" ID="tl_33_4" STYLEREFS="FONT0"/>
            <SP HEIGHT="63" WIDTH="22" VPOS="1643" HPOS="768"/>
            <String HEIGHT="63" WIDTH="238" VPOS="1643" HPOS="703" CONTENT="d’Elisa" ID="tl_33_5" STYLEREFS="FONT0"/>
            <SP HEIGHT="63" WIDTH="22" VPOS="1643" HPOS="941"/>
            <String HEIGHT="63" WIDTH="238" VPOS="1643" HPOS="876" CONTENT="Mercœur" ID="tl_33_6" STYLEREFS="FONT0"/>
            <SP HEIGHT="63" WIDTH="22" VPOS="1643" HPOS="1114"/>
            <String HEIGHT="63" WIDTH="130" VPOS="1643" HPOS="1049" CONTENT="au" ID="tl_33_7" STYLEREFS="FONT0"/>
            <SP HEIGHT="63" WIDTH="22" VPOS="1643" HPOS="1178"/>
            <String HEIGHT="63" WIDTH="259" VPOS="1643" HPOS="1114" CONTENT="Théâtre." ID="tl_33_8" STYLEREFS="FONT0"/>
            <SP HEIGHT="63" WIDTH="22" VPOS="1643" HPOS="1373"/>
            <String HEIGHT="63" WIDTH="194" VPOS="1643" HPOS="1287" CONTENT="Nantes," ID="tl_33_9" STYLEREFS="FONT0"/>
          </TextLine>
          <TextLine ID="tl_34" BASELINE="1755" HEIGHT="63" WIDTH="342" VPOS="1692" HPOS="99">
            <String HEIGHT="63" WIDTH="192" VPOS="1692" HPOS="78" CONTENT="1829." ID="tl_34_1" STYLEREFS="FONT0"/>
            <SP HEIGHT="63" WIDTH="21" VPOS="1692" HPOS="270"/>
            <String HEIGHT="63" WIDTH="107" VPOS="1692" HPOS="206" CONTENT="3" ID="tl_34_2" STYLEREFS="FONT0"/>
            <SP HEIGHT="63" WIDTH="21" VPOS="1692" HPOS="313"/>
            <String HEIGHT="63" WIDTH="128" VPOS="1692" HPOS="249" CONTENT="p." ID="tl_34_3" STYLEREFS="FONT0"/>
            <SP HEIGHT="63" WIDTH="21" VPOS="1692" HPOS="377"/>
            <String HEIGHT="63" WIDTH="150" VPOS="1692" HPOS="291" CONTENT="in" ID="tl_34_4" STYLEREFS="FONT0"/>
          </TextLine>
        </TextBlock>
        <TextBlock ID="r_2_13" HEIGHT="291" WIDTH="1369" VPOS="1747" HPOS="104">
          <TextLine ID="tl_35" BASELINE="1798" HEIGHT="95" WIDTH="1337" VPOS="1703" HPOS="144">
            <String HEIGHT="95" WIDTH="134" VPOS="1703" HPOS="122" CONTENT="7°" ID="tl_35_1" STYLEREFS="FONT0"/>
            <SP HEIGHT="95" WIDTH="22" VPOS="1703" HPOS="255"/>
            <String HEIGHT="95" WIDTH="178" VPOS="1703" HPOS="189" CONTENT="Deux" ID="tl_35_2" STYLEREFS="FONT0"/>
            <SP HEIGHT="95" WIDTH="22" VPOS="1703" HPOS="367"/>
            <String HEIGHT="95" WIDTH="245" VPOS="1703" HPOS="300" CONTENT="lettres" ID="tl_35_3" STYLEREFS="FONT0"/>
            <SP HEIGHT="95" WIDTH="22" VPOS="1703" HPOS="545"/>
            <String HEIGHT="95" WIDTH="178" VPOS="1703" HPOS="478" CONTENT="aut." ID="tl_35_4" STYLEREFS="FONT0"/>
            <SP HEIGHT="95" WIDTH="22" VPOS="1703" HPOS="657"/>
            <String HEIGHT="95" WIDTH="178" VPOS="1703" HPOS="590" CONTENT="sig." ID="tl_35_5" STYLEREFS="FONT0"/>
            <SP HEIGHT="95" WIDTH="22" VPOS="1703" HPOS="768"/>
            <String HEIGHT="95" WIDTH="134" VPOS="1703" HPOS="701" CONTENT="de" ID="tl_35_6" STYLEREFS="FONT0"/>
            <SP HEIGHT="95" WIDTH="22" VPOS="1703" HPOS="835"/>
            <String HEIGHT="95" WIDTH="156" VPOS="1703" HPOS="768" CONTENT="Mme" ID="tl_35_7" STYLEREFS="FONT0"/>
            <SP HEIGHT="95" WIDTH="22" VPOS="1703" HPOS="924"/>
            <String HEIGHT="95" WIDTH="312" VPOS="1703" HPOS="857" CONTENT="Mainvielle" ID="tl_35_8" STYLEREFS="FONT0"/>
            <SP HEIGHT="95" WIDTH="22" VPOS="1703" HPOS="1169"/>
            <String HEIGHT="95" WIDTH="223" VPOS="1703" HPOS="1102" CONTENT="Fodor," ID="tl_35_9" STYLEREFS="FONT0"/>
            <SP HEIGHT="95" WIDTH="22" VPOS="1703" HPOS="1325"/>
            <String HEIGHT="95" WIDTH="223" VPOS="1703" HPOS="1258" CONTENT="datées" ID="tl_35_10" STYLEREFS="FONT0"/>
            <SP HEIGHT="95" WIDTH="22" VPOS="1703" HPOS="1481"/>
            <String HEIGHT="95" WIDTH="89" VPOS="1703" HPOS="1392" CONTENT="de" ID="tl_35_11" STYLEREFS="FONT0"/>
          </TextLine>
          <TextLine ID="tl_36" BASELINE="1851" HEIGHT="65" WIDTH="1377" VPOS="1786" HPOS="98">
            <String HEIGHT="65" WIDTH="233" VPOS="1786" HPOS="77" CONTENT="Nantes," ID="tl_36_1" STYLEREFS="FONT0"/>
            <SP HEIGHT="65" WIDTH="21" VPOS="1786" HPOS="310"/>
            <String HEIGHT="65" WIDTH="191" VPOS="1786" HPOS="246" CONTENT="1829." ID="tl_36_2" STYLEREFS="FONT0"/>
            <SP HEIGHT="65" WIDTH="21" VPOS="1786" HPOS="437"/>
            <String HEIGHT="65" WIDTH="106" VPOS="1786" HPOS="373" CONTENT="5" ID="tl_36_3" STYLEREFS="FONT0"/>
            <SP HEIGHT="65" WIDTH="21" VPOS="1786" HPOS="479"/>
            <String HEIGHT="65" WIDTH="127" VPOS="1786" HPOS="416" CONTENT="p." ID="tl_36_4" STYLEREFS="FONT0"/>
            <SP HEIGHT="65" WIDTH="21" VPOS="1786" HPOS="543"/>
            <String HEIGHT="65" WIDTH="191" VPOS="1786" HPOS="479" CONTENT="in-4." ID="tl_36_5" STYLEREFS="FONT0"/>
            <SP HEIGHT="65" WIDTH="21" VPOS="1786" HPOS="670"/>
            <String HEIGHT="65" WIDTH="381" VPOS="1786" HPOS="606" CONTENT="Intéressantes." ID="tl_36_6" STYLEREFS="FONT0"/>
            <SP HEIGHT="65" WIDTH="21" VPOS="1786" HPOS="988"/>
            <String HEIGHT="65" WIDTH="106" VPOS="1786" HPOS="924" CONTENT="—" ID="tl_36_7" STYLEREFS="FONT0"/>
            <SP HEIGHT="65" WIDTH="21" VPOS="1786" HPOS="1030"/>
            <String HEIGHT="65" WIDTH="127" VPOS="1786" HPOS="967" CONTENT="Et" ID="tl_36_8" STYLEREFS="FONT0"/>
            <SP HEIGHT="65" WIDTH="21" VPOS="1786" HPOS="1094"/>
            <String HEIGHT="65" WIDTH="169" VPOS="1786" HPOS="1030" CONTENT="sept" ID="tl_36_9" STYLEREFS="FONT0"/>
            <SP HEIGHT="65" WIDTH="21" VPOS="1786" HPOS="1200"/>
            <String HEIGHT="65" WIDTH="191" VPOS="1786" HPOS="1136" CONTENT="lett." ID="tl_36_10" STYLEREFS="FONT0"/>
            <SP HEIGHT="65" WIDTH="21" VPOS="1786" HPOS="1327"/>
            <String HEIGHT="65" WIDTH="169" VPOS="1786" HPOS="1263" CONTENT="aut." ID="tl_36_11" STYLEREFS="FONT0"/>
            <SP HEIGHT="65" WIDTH="21" VPOS="1786" HPOS="1433"/>
            <String HEIGHT="65" WIDTH="127" VPOS="1786" HPOS="1348" CONTENT="sig." ID="tl_36_12" STYLEREFS="FONT0"/>
          </TextLine>
          <TextLine ID="tl_37" BASELINE="1900" HEIGHT="70" WIDTH="1386" VPOS="1830" HPOS="95">
            <String HEIGHT="70" WIDTH="231" VPOS="1830" HPOS="72" CONTENT="d’Aimé" ID="tl_37_1" STYLEREFS="FONT0"/>
            <SP HEIGHT="70" WIDTH="23" VPOS="1830" HPOS="303"/>
            <String HEIGHT="70" WIDTH="139" VPOS="1830" HPOS="234" CONTENT="de" ID="tl_37_2" STYLEREFS="FONT0"/>
            <SP HEIGHT="70" WIDTH="23" VPOS="1830" HPOS="372"/>
            <String HEIGHT="70" WIDTH="185" VPOS="1830" HPOS="303" CONTENT="Loy," ID="tl_37_3" STYLEREFS="FONT0"/>
            <SP HEIGHT="70" WIDTH="23" VPOS="1830" HPOS="488"/>
            <String HEIGHT="70" WIDTH="208" VPOS="1830" HPOS="418" CONTENT="poëte" ID="tl_37_4" STYLEREFS="FONT0"/>
            <SP HEIGHT="70" WIDTH="23" VPOS="1830" HPOS="626"/>
            <String HEIGHT="70" WIDTH="277" VPOS="1830" HPOS="557" CONTENT="Nantais," ID="tl_37_5" STYLEREFS="FONT0"/>
            <SP HEIGHT="70" WIDTH="23" VPOS="1830" HPOS="834"/>
            <String HEIGHT="70" WIDTH="231" VPOS="1830" HPOS="765" CONTENT="auteur" ID="tl_37_6" STYLEREFS="FONT0"/>
            <SP HEIGHT="70" WIDTH="23" VPOS="1830" HPOS="996"/>
            <String HEIGHT="70" WIDTH="162" VPOS="1830" HPOS="927" CONTENT="des" ID="tl_37_7" STYLEREFS="FONT0"/>
            <SP HEIGHT="70" WIDTH="23" VPOS="1830" HPOS="1088"/>
            <String HEIGHT="70" WIDTH="277" VPOS="1830" HPOS="1019" CONTENT="Préludes" ID="tl_37_8" STYLEREFS="FONT0"/>
            <SP HEIGHT="70" WIDTH="23" VPOS="1830" HPOS="1296"/>
            <String HEIGHT="70" WIDTH="277" VPOS="1830" HPOS="1204" CONTENT="poétiques," ID="tl_37_9" STYLEREFS="FONT0"/>
          </TextLine>
          <TextLine ID="tl_38" BASELINE="1944" HEIGHT="55" WIDTH="1382" VPOS="1889" HPOS="98">
            <String HEIGHT="55" WIDTH="276" VPOS="1889" HPOS="77" CONTENT="adressées" ID="tl_38_1" STYLEREFS="FONT0"/>
            <SP HEIGHT="55" WIDTH="21" VPOS="1889" HPOS="353"/>
            <String HEIGHT="55" WIDTH="106" VPOS="1889" HPOS="289" CONTENT="à" ID="tl_38_2" STYLEREFS="FONT0"/>
            <SP HEIGHT="55" WIDTH="21" VPOS="1889" HPOS="396"/>
            <String HEIGHT="55" WIDTH="191" VPOS="1889" HPOS="332" CONTENT="Élisa" ID="tl_38_3" STYLEREFS="FONT0"/>
            <SP HEIGHT="55" WIDTH="21" VPOS="1889" HPOS="523"/>
            <String HEIGHT="55" WIDTH="255" VPOS="1889" HPOS="459" CONTENT="Mercœur," ID="tl_38_4" STYLEREFS="FONT0"/>
            <SP HEIGHT="55" WIDTH="21" VPOS="1889" HPOS="715"/>
            <String HEIGHT="55" WIDTH="213" VPOS="1889" HPOS="651" CONTENT="toutes" ID="tl_38_5" STYLEREFS="FONT0"/>
            <SP HEIGHT="55" WIDTH="21" VPOS="1889" HPOS="863"/>
            <String HEIGHT="55" WIDTH="340" VPOS="1889" HPOS="800" CONTENT="littéraires," ID="tl_38_6" STYLEREFS="FONT0"/>
            <SP HEIGHT="55" WIDTH="21" VPOS="1889" HPOS="1140"/>
            <String HEIGHT="55" WIDTH="128" VPOS="1889" HPOS="1076" CONTENT="et" ID="tl_38_7" STYLEREFS="FONT0"/>
            <SP HEIGHT="55" WIDTH="21" VPOS="1889" HPOS="1204"/>
            <String HEIGHT="55" WIDTH="149" VPOS="1889" HPOS="1140" CONTENT="lui" ID="tl_38_8" STYLEREFS="FONT0"/>
            <SP HEIGHT="55" WIDTH="21" VPOS="1889" HPOS="1289"/>
            <String HEIGHT="55" WIDTH="234" VPOS="1889" HPOS="1225" CONTENT="donnant" ID="tl_38_9" STYLEREFS="FONT0"/>
            <SP HEIGHT="55" WIDTH="21" VPOS="1889" HPOS="1459"/>
            <String HEIGHT="55" WIDTH="106" VPOS="1889" HPOS="1374" CONTENT="des" ID="tl_38_10" STYLEREFS="FONT0"/>
          </TextLine>
          <TextLine ID="tl_39" BASELINE="1994" HEIGHT="64" WIDTH="1386" VPOS="1930" HPOS="95">
            <String HEIGHT="64" WIDTH="336" VPOS="1930" HPOS="74" CONTENT="instructions" ID="tl_39_1" STYLEREFS="FONT0"/>
            <SP HEIGHT="64" WIDTH="21" VPOS="1930" HPOS="410"/>
            <String HEIGHT="64" WIDTH="294" VPOS="1930" HPOS="347" CONTENT="précieuses" ID="tl_39_2" STYLEREFS="FONT0"/>
            <SP HEIGHT="64" WIDTH="21" VPOS="1930" HPOS="641"/>
            <String HEIGHT="64" WIDTH="168" VPOS="1930" HPOS="578" CONTENT="pour" ID="tl_39_3" STYLEREFS="FONT0"/>
            <SP HEIGHT="64" WIDTH="21" VPOS="1930" HPOS="746"/>
            <String HEIGHT="64" WIDTH="126" VPOS="1930" HPOS="683" CONTENT="sa" ID="tl_39_4" STYLEREFS="FONT0"/>
            <SP HEIGHT="64" WIDTH="21" VPOS="1930" HPOS="809"/>
            <String HEIGHT="64" WIDTH="252" VPOS="1930" HPOS="746" CONTENT="carrière" ID="tl_39_5" STYLEREFS="FONT0"/>
            <SP HEIGHT="64" WIDTH="21" VPOS="1930" HPOS="998"/>
            <String HEIGHT="64" WIDTH="126" VPOS="1930" HPOS="935" CONTENT="de" ID="tl_39_6" STYLEREFS="FONT0"/>
            <SP HEIGHT="64" WIDTH="21" VPOS="1930" HPOS="1061"/>
            <String HEIGHT="64" WIDTH="189" VPOS="1930" HPOS="998" CONTENT="poëte" ID="tl_39_7" STYLEREFS="FONT0"/>
            <SP HEIGHT="64" WIDTH="21" VPOS="1930" HPOS="1187"/>
            <String HEIGHT="64" WIDTH="126" VPOS="1930" HPOS="1124" CONTENT="et" ID="tl_39_8" STYLEREFS="FONT0"/>
            <SP HEIGHT="64" WIDTH="21" VPOS="1930" HPOS="1250"/>
            <String HEIGHT="64" WIDTH="252" VPOS="1930" HPOS="1187" CONTENT="d’auteur" ID="tl_39_9" STYLEREFS="FONT0"/>
            <SP HEIGHT="64" WIDTH="21" VPOS="1930" HPOS="1439"/>
            <String HEIGHT="64" WIDTH="126" VPOS="1930" HPOS="1355" CONTENT="dra" SUBS_TYPE="HypPart1" SUBS_CONTENT="dramatique." ID="tl_39_10" STYLEREFS="FONT0"/>
            <HYP CONTENT="-"/>
          </TextLine>
          <TextLine ID="tl_40" BASELINE="2054" HEIGHT="66" WIDTH="965" VPOS="1988" HPOS="99">
            <String HEIGHT="66" WIDTH="257" VPOS="1988" HPOS="78" CONTENT="matique." SUBS_TYPE="HypPart2" SUBS_CONTENT="dramatique." ID="tl_40_1" STYLEREFS="FONT0"/>
            <SP HEIGHT="66" WIDTH="21" VPOS="1988" HPOS="335"/>
            <String HEIGHT="66" WIDTH="129" VPOS="1988" HPOS="271" CONTENT="17" ID="tl_40_2" STYLEREFS="FONT0"/>
            <SP HEIGHT="66" WIDTH="21" VPOS="1988" HPOS="399"/>
            <String HEIGHT="66" WIDTH="193" VPOS="1988" HPOS="335" CONTENT="pages" ID="tl_40_3" STYLEREFS="FONT0"/>
            <SP HEIGHT="66" WIDTH="21" VPOS="1988" HPOS="528"/>
            <String HEIGHT="66" WIDTH="172" VPOS="1988" HPOS="464" CONTENT="pour" ID="tl_40_4" STYLEREFS="FONT0"/>
            <SP HEIGHT="66" WIDTH="21" VPOS="1988" HPOS="635"/>
            <String HEIGHT="66" WIDTH="129" VPOS="1988" HPOS="571" CONTENT="la" ID="tl_40_5" STYLEREFS="FONT0"/>
            <SP HEIGHT="66" WIDTH="21" VPOS="1988" HPOS="699"/>
            <String HEIGHT="66" WIDTH="236" VPOS="1988" HPOS="635" CONTENT="plupart" ID="tl_40_6" STYLEREFS="FONT0"/>
            <SP HEIGHT="66" WIDTH="21" VPOS="1988" HPOS="871"/>
            <String HEIGHT="66" WIDTH="193" VPOS="1988" HPOS="807" CONTENT="grand" ID="tl_40_7" STYLEREFS="FONT0"/>
            <SP HEIGHT="66" WIDTH="21" VPOS="1988" HPOS="1000"/>
            <String HEIGHT="66" WIDTH="150" VPOS="1988" HPOS="914" CONTENT="in" ID="tl_40_8" STYLEREFS="FONT0"/>
          </TextLine>
        </TextBlock>
        <TextBlock ID="r_2_14" HEIGHT="51" WIDTH="1319" VPOS="2035" HPOS="151">
          <TextLine ID="tl_41" BASELINE="2093" HEIGHT="87" WIDTH="1336" VPOS="2006" HPOS="143">
            <String HEIGHT="87" WIDTH="387" VPOS="2006" HPOS="108" CONTENT="Dossier" ID="tl_41_1" STYLEREFS="FONT0"/>
            <SP HEIGHT="87" WIDTH="35" VPOS="2006" HPOS="495"/>
            <String HEIGHT="87" WIDTH="281" VPOS="2006" HPOS="389" CONTENT="d’un" ID="tl_41_2" STYLEREFS="FONT0"/>
            <SP HEIGHT="87" WIDTH="35" VPOS="2006" HPOS="670"/>
            <String HEIGHT="87" WIDTH="492" VPOS="2006" HPOS="565" CONTENT="très-grand" ID="tl_41_3" STYLEREFS="FONT0"/>
            <SP HEIGHT="87" WIDTH="35" VPOS="2006" HPOS="1057"/>
            <String HEIGHT="87" WIDTH="422" VPOS="2006" HPOS="952" CONTENT="intérêt." ID="tl_41_4" STYLEREFS="FONT0"/>
            <SP HEIGHT="87" WIDTH="35" VPOS="2006" HPOS="1374"/>
            <String HEIGHT="87" WIDTH="246" VPOS="2006" HPOS="1268" CONTENT="100" ID="tl_41_5" STYLEREFS="FONT0"/>
            <SP HEIGHT="87" WIDTH="35" VPOS="2006" HPOS="1514"/>
            <String HEIGHT="87" WIDTH="105" VPOS="2006" HPOS="1374" CONTENT="»" ID="tl_41_6" STYLEREFS="FONT0"/>
          </TextLine>
        </TextBlock>
        <TextBlock ID="r_2_15" HEIGHT="51" WIDTH="1410" VPOS="2082" HPOS="56">
          <TextLine ID="tl_42" BASELINE="2143" HEIGHT="91" WIDTH="1427" VPOS="2052" HPOS="47">
            <String HEIGHT="91" WIDTH="201" VPOS="2052" HPOS="25" CONTENT="2418." ID="tl_42_1" STYLEREFS="FONT0"/>
            <SP HEIGHT="91" WIDTH="22" VPOS="2052" HPOS="225"/>
            <String HEIGHT="91" WIDTH="468" VPOS="2052" HPOS="158" CONTENT="Reyerbeer," ID="tl_42_2" STYLEREFS="FONT1"/>
            <SP HEIGHT="91" WIDTH="22" VPOS="2052" HPOS="627"/>
            <String HEIGHT="91" WIDTH="245" VPOS="2052" HPOS="560" CONTENT="célèbre" ID="tl_42_3" STYLEREFS="FONT0"/>
            <SP HEIGHT="91" WIDTH="22" VPOS="2052" HPOS="805"/>
            <String HEIGHT="91" WIDTH="357" VPOS="2052" HPOS="738" CONTENT="compositeur." ID="tl_42_4" STYLEREFS="FONT0"/>
            <SP HEIGHT="91" WIDTH="22" VPOS="2052" HPOS="1095"/>
            <String HEIGHT="91" WIDTH="134" VPOS="2052" HPOS="1028" CONTENT="L." ID="tl_42_5" STYLEREFS="FONT0"/>
            <SP HEIGHT="91" WIDTH="22" VPOS="2052" HPOS="1162"/>
            <String HEIGHT="91" WIDTH="178" VPOS="2052" HPOS="1095" CONTENT="aut." ID="tl_42_6" STYLEREFS="FONT0"/>
            <SP HEIGHT="91" WIDTH="22" VPOS="2052" HPOS="1273"/>
            <String HEIGHT="91" WIDTH="178" VPOS="2052" HPOS="1206" CONTENT="sig." ID="tl_42_7" STYLEREFS="FONT0"/>
            <SP HEIGHT="91" WIDTH="22" VPOS="2052" HPOS="1385"/>
            <String HEIGHT="91" WIDTH="178" VPOS="2052" HPOS="1296" CONTENT="Jeudi." ID="tl_42_8" STYLEREFS="FONT0"/>
          </TextLine>
        </TextBlock>
        <TextBlock ID="r_2_16" HEIGHT="48" WIDTH="1371" VPOS="2131" HPOS="102">
          <TextLine ID="tl_43" BASELINE="2187" HEIGHT="64" WIDTH="1387" VPOS="2123" HPOS="94">
            <String HEIGHT="64" WIDTH="462" VPOS="2123" HPOS="2" CONTENT="1" ID="tl_43_1" STYLEREFS="FONT0"/>
            <SP HEIGHT="64" WIDTH="92" VPOS="2123" HPOS="464"/>
            <String HEIGHT="64" WIDTH="555" VPOS="2123" HPOS="186" CONTENT="p." ID="tl_43_2" STYLEREFS="FONT0"/>
            <SP HEIGHT="64" WIDTH="92" VPOS="2123" HPOS="741"/>
            <String HEIGHT="64" WIDTH="832" VPOS="2123" HPOS="464" CONTENT="in-8." ID="tl_43_3" STYLEREFS="FONT0"/>
            <SP HEIGHT="64" WIDTH="92" VPOS="2123" HPOS="1296"/>
            <String HEIGHT="64" WIDTH="462" VPOS="2123" HPOS="1019" CONTENT="1" ID="tl_43_4" STYLEREFS="FONT0"/>
            <SP HEIGHT="64" WIDTH="92" VPOS="2123" HPOS="1481"/>
            <String HEIGHT="64" WIDTH="370" VPOS="2123" HPOS="1111" CONTENT="50" ID="tl_43_5" STYLEREFS="FONT0"/>
          </TextLine>
        </TextBlock>
        <TextBlock ID="r_2_17" HEIGHT="195" WIDTH="1417" VPOS="2178" HPOS="56">
          <TextLine ID="tl_44" BASELINE="2249" HEIGHT="92" WIDTH="1434" VPOS="2157" HPOS="47">
            <String HEIGHT="92" WIDTH="190" VPOS="2157" HPOS="26" CONTENT="2419." ID="tl_44_1" STYLEREFS="FONT0"/>
            <SP HEIGHT="92" WIDTH="21" VPOS="2157" HPOS="216"/>
            <String HEIGHT="92" WIDTH="464" VPOS="2157" HPOS="152" CONTENT="Miingarelli" ID="tl_44_2" STYLEREFS="FONT1"/>
            <SP HEIGHT="92" WIDTH="21" VPOS="2157" HPOS="616"/>
            <String HEIGHT="92" WIDTH="337" VPOS="2157" HPOS="553" CONTENT="(Ferdinand)," ID="tl_44_3" STYLEREFS="FONT0"/>
            <SP HEIGHT="92" WIDTH="21" VPOS="2157" HPOS="891"/>
            <String HEIGHT="92" WIDTH="295" VPOS="2157" HPOS="827" CONTENT="camaldule," ID="tl_44_4" STYLEREFS="FONT0"/>
            <SP HEIGHT="92" WIDTH="21" VPOS="2157" HPOS="1123"/>
            <String HEIGHT="92" WIDTH="295" VPOS="2157" HPOS="1059" CONTENT="professeur" ID="tl_44_5" STYLEREFS="FONT0"/>
            <SP HEIGHT="92" WIDTH="21" VPOS="2157" HPOS="1354"/>
            <String HEIGHT="92" WIDTH="127" VPOS="2157" HPOS="1291" CONTENT="de" ID="tl_44_6" STYLEREFS="FONT0"/>
            <SP HEIGHT="92" WIDTH="21" VPOS="2157" HPOS="1418"/>
            <String HEIGHT="92" WIDTH="148" VPOS="2157" HPOS="1333" CONTENT="théo" SUBS_TYPE="HypPart1" SUBS_CONTENT="théologie," ID="tl_44_7" STYLEREFS="FONT0"/>
            <HYP CONTENT="-"/>
          </TextLine>
          <TextLine ID="tl_45" BASELINE="2276" HEIGHT="62" WIDTH="1383" VPOS="2214" HPOS="95">
            <String HEIGHT="62" WIDTH="198" VPOS="2214" HPOS="75" CONTENT="logie," SUBS_TYPE="HypPart2" SUBS_CONTENT="théologie," ID="tl_45_1" STYLEREFS="FONT0"/>
            <SP HEIGHT="62" WIDTH="20" VPOS="2214" HPOS="273"/>
            <String HEIGHT="62" WIDTH="119" VPOS="2214" HPOS="214" CONTENT="de" ID="tl_45_2" STYLEREFS="FONT0"/>
            <SP HEIGHT="62" WIDTH="20" VPOS="2214" HPOS="332"/>
            <String HEIGHT="62" WIDTH="257" VPOS="2214" HPOS="273" CONTENT="grammaire" ID="tl_45_3" STYLEREFS="FONT0"/>
            <SP HEIGHT="62" WIDTH="20" VPOS="2214" HPOS="530"/>
            <String HEIGHT="62" WIDTH="119" VPOS="2214" HPOS="470" CONTENT="et" ID="tl_45_4" STYLEREFS="FONT0"/>
            <SP HEIGHT="62" WIDTH="20" VPOS="2214" HPOS="589"/>
            <String HEIGHT="62" WIDTH="119" VPOS="2214" HPOS="530" CONTENT="de" ID="tl_45_5" STYLEREFS="FONT0"/>
            <SP HEIGHT="62" WIDTH="20" VPOS="2214" HPOS="648"/>
            <String HEIGHT="62" WIDTH="375" VPOS="2214" HPOS="589" CONTENT="belles-lettrés," ID="tl_45_6" STYLEREFS="FONT0"/>
            <SP HEIGHT="62" WIDTH="20" VPOS="2214" HPOS="964"/>
            <String HEIGHT="62" WIDTH="99" VPOS="2214" HPOS="905" CONTENT="à" ID="tl_45_7" STYLEREFS="FONT0"/>
            <SP HEIGHT="62" WIDTH="20" VPOS="2214" HPOS="1004"/>
            <String HEIGHT="62" WIDTH="217" VPOS="2214" HPOS="945" CONTENT="Faenza." ID="tl_45_8" STYLEREFS="FONT0"/>
            <SP HEIGHT="62" WIDTH="20" VPOS="2214" HPOS="1162"/>
            <String HEIGHT="62" WIDTH="119" VPOS="2214" HPOS="1103" CONTENT="L." ID="tl_45_9" STYLEREFS="FONT0"/>
            <SP HEIGHT="62" WIDTH="20" VPOS="2214" HPOS="1221"/>
            <String HEIGHT="62" WIDTH="119" VPOS="2214" HPOS="1162" CONTENT="a." ID="tl_45_10" STYLEREFS="FONT0"/>
            <SP HEIGHT="62" WIDTH="20" VPOS="2214" HPOS="1280"/>
            <String HEIGHT="62" WIDTH="138" VPOS="2214" HPOS="1221" CONTENT="s.," ID="tl_45_11" STYLEREFS="FONT0"/>
            <SP HEIGHT="62" WIDTH="20" VPOS="2214" HPOS="1359"/>
            <String HEIGHT="62" WIDTH="99" VPOS="2214" HPOS="1300" CONTENT="à" ID="tl_45_12" STYLEREFS="FONT0"/>
            <SP HEIGHT="62" WIDTH="20" VPOS="2214" HPOS="1399"/>
            <String HEIGHT="62" WIDTH="158" VPOS="2214" HPOS="1320" CONTENT="l’abbé" ID="tl_45_13" STYLEREFS="FONT0"/>
          </TextLine>
          <TextLine ID="tl_46" BASELINE="2321" HEIGHT="57" WIDTH="1384" VPOS="2264" HPOS="94">
            <String HEIGHT="57" WIDTH="258" VPOS="2264" HPOS="71" CONTENT="Mercier" ID="tl_46_1" STYLEREFS="FONT0"/>
            <SP HEIGHT="57" WIDTH="23" VPOS="2264" HPOS="329"/>
            <String HEIGHT="57" WIDTH="141" VPOS="2264" HPOS="258" CONTENT="de" ID="tl_46_2" STYLEREFS="FONT0"/>
            <SP HEIGHT="57" WIDTH="23" VPOS="2264" HPOS="399"/>
            <String HEIGHT="57" WIDTH="375" VPOS="2264" HPOS="329" CONTENT="Saint-Léger," ID="tl_46_3" STYLEREFS="FONT0"/>
            <SP HEIGHT="57" WIDTH="23" VPOS="2264" HPOS="704"/>
            <String HEIGHT="57" WIDTH="422" VPOS="2264" HPOS="634" CONTENT="bibliothécaire" ID="tl_46_4" STYLEREFS="FONT0"/>
            <SP HEIGHT="57" WIDTH="23" VPOS="2264" HPOS="1056"/>
            <String HEIGHT="57" WIDTH="141" VPOS="2264" HPOS="985" CONTENT="de" ID="tl_46_5" STYLEREFS="FONT0"/>
            <SP HEIGHT="57" WIDTH="23" VPOS="2264" HPOS="1126"/>
            <String HEIGHT="57" WIDTH="446" VPOS="2264" HPOS="1032" CONTENT="Sainte" ID="tl_46_6" STYLEREFS="FONT0"/>
          </TextLine>
          <TextLine ID="tl_47" BASELINE="2389" HEIGHT="78" WIDTH="1381" VPOS="2311" HPOS="98">
            <String HEIGHT="78" WIDTH="211" VPOS="2311" HPOS="75" CONTENT="Rome," ID="tl_47_1" STYLEREFS="FONT0"/>
            <SP HEIGHT="78" WIDTH="23" VPOS="2311" HPOS="285"/>
            <String HEIGHT="78" WIDTH="140" VPOS="2311" HPOS="215" CONTENT="17" ID="tl_47_2" STYLEREFS="FONT0"/>
            <SP HEIGHT="78" WIDTH="23" VPOS="2311" HPOS="355"/>
            <String HEIGHT="78" WIDTH="187" VPOS="2311" HPOS="285" CONTENT="mars" ID="tl_47_3" STYLEREFS="FONT0"/>
            <SP HEIGHT="78" WIDTH="23" VPOS="2311" HPOS="473"/>
            <String HEIGHT="78" WIDTH="211" VPOS="2311" HPOS="402" CONTENT="1765." ID="tl_47_4" STYLEREFS="FONT0"/>
            <SP HEIGHT="78" WIDTH="23" VPOS="2311" HPOS="613"/>
            <String HEIGHT="78" WIDTH="117" VPOS="2311" HPOS="543" CONTENT="3" ID="tl_47_5" STYLEREFS="FONT0"/>
            <SP HEIGHT="78" WIDTH="23" VPOS="2311" HPOS="660"/>
            <String HEIGHT="78" WIDTH="164" VPOS="2311" HPOS="590" CONTENT="gr." ID="tl_47_6" STYLEREFS="FONT0"/>
            <SP HEIGHT="78" WIDTH="23" VPOS="2311" HPOS="753"/>
            <String HEIGHT="78" WIDTH="140" VPOS="2311" HPOS="683" CONTENT="p." ID="tl_47_7" STYLEREFS="FONT0"/>
            <SP HEIGHT="78" WIDTH="23" VPOS="2311" HPOS="824"/>
            <String HEIGHT="78" WIDTH="164" VPOS="2311" HPOS="753" CONTENT="pl." ID="tl_47_8" STYLEREFS="FONT0"/>
            <SP HEIGHT="78" WIDTH="23" VPOS="2311" HPOS="917"/>
            <String HEIGHT="78" WIDTH="140" VPOS="2311" HPOS="847" CONTENT="et" ID="tl_47_9" STYLEREFS="FONT0"/>
            <SP HEIGHT="78" WIDTH="23" VPOS="2311" HPOS="987"/>
            <String HEIGHT="78" WIDTH="211" VPOS="2311" HPOS="917" CONTENT="quart" ID="tl_47_10" STYLEREFS="FONT0"/>
            <SP HEIGHT="78" WIDTH="23" VPOS="2311" HPOS="1128"/>
            <String HEIGHT="78" WIDTH="211" VPOS="2311" HPOS="1058" CONTENT="in-4." ID="tl_47_11" STYLEREFS="FONT0"/>
            <SP HEIGHT="78" WIDTH="23" VPOS="2311" HPOS="1268"/>
            <String HEIGHT="78" WIDTH="257" VPOS="2311" HPOS="1198" CONTENT="Cachet." ID="tl_47_12" STYLEREFS="FONT0"/>
            <SP HEIGHT="78" WIDTH="23" VPOS="2311" HPOS="1456"/>
            <String HEIGHT="78" WIDTH="117" VPOS="2311" HPOS="1385" CONTENT="6" ID="tl_47_13" STYLEREFS="FONT0"/>
            <SP HEIGHT="78" WIDTH="23" VPOS="2311" HPOS="1502"/>
            <String HEIGHT="78" WIDTH="70" VPOS="2311" HPOS="1409" CONTENT="»" ID="tl_47_14" STYLEREFS="FONT0"/>
          </TextLine>
        </TextBlock>
        <TextBlock ID="r_2_18" HEIGHT="50" WIDTH="1079" VPOS="2370" HPOS="153">
          <TextLine ID="tl_48" BASELINE="2428" HEIGHT="69" WIDTH="1095" VPOS="2359" HPOS="145">
            <String HEIGHT="69" WIDTH="179" VPOS="2359" HPOS="125" CONTENT="Belle" ID="tl_48_1" STYLEREFS="FONT0"/>
            <SP HEIGHT="69" WIDTH="20" VPOS="2359" HPOS="304"/>
            <String HEIGHT="69" WIDTH="199" VPOS="2359" HPOS="245" CONTENT="lettre" ID="tl_48_2" STYLEREFS="FONT0"/>
            <SP HEIGHT="69" WIDTH="20" VPOS="2359" HPOS="444"/>
            <String HEIGHT="69" WIDTH="299" VPOS="2359" HPOS="384" CONTENT="historique," ID="tl_48_3" STYLEREFS="FONT0"/>
            <SP HEIGHT="69" WIDTH="20" VPOS="2359" HPOS="683"/>
            <String HEIGHT="69" WIDTH="378" VPOS="2359" HPOS="623" CONTENT="bibliographique" ID="tl_48_4" STYLEREFS="FONT0"/>
            <SP HEIGHT="69" WIDTH="20" VPOS="2359" HPOS="1001"/>
            <String HEIGHT="69" WIDTH="119" VPOS="2359" HPOS="941" CONTENT="et" ID="tl_48_5" STYLEREFS="FONT0"/>
            <SP HEIGHT="69" WIDTH="20" VPOS="2359" HPOS="1061"/>
            <String HEIGHT="69" WIDTH="259" VPOS="2359" HPOS="981" CONTENT="littéraire." ID="tl_48_6" STYLEREFS="FONT0"/>
          </TextLine>
        </TextBlock>
        <TextBlock ID="r_2_19" HEIGHT="50" WIDTH="1412" VPOS="2418" HPOS="56">
          <TextLine ID="tl_49" BASELINE="2478" HEIGHT="89" WIDTH="1428" VPOS="2389" HPOS="48">
            <String HEIGHT="89" WIDTH="173" VPOS="2389" HPOS="26" CONTENT="2420" ID="tl_49_1" STYLEREFS="FONT0"/>
            <SP HEIGHT="89" WIDTH="22" VPOS="2389" HPOS="199"/>
            <String HEIGHT="89" WIDTH="368" VPOS="2389" HPOS="135" CONTENT="Morand" ID="tl_49_2" STYLEREFS="FONT1"/>
            <SP HEIGHT="89" WIDTH="22" VPOS="2389" HPOS="502"/>
            <String HEIGHT="89" WIDTH="498" VPOS="2389" HPOS="437" CONTENT="(Sauveur-François)," ID="tl_49_3" STYLEREFS="FONT0"/>
            <SP HEIGHT="89" WIDTH="22" VPOS="2389" HPOS="935"/>
            <String HEIGHT="89" WIDTH="433" VPOS="2389" HPOS="870" CONTENT="chirurgien-major" ID="tl_49_4" STYLEREFS="FONT0"/>
            <SP HEIGHT="89" WIDTH="22" VPOS="2389" HPOS="1303"/>
            <String HEIGHT="89" WIDTH="130" VPOS="2389" HPOS="1238" CONTENT="de" ID="tl_49_5" STYLEREFS="FONT0"/>
            <SP HEIGHT="89" WIDTH="22" VPOS="2389" HPOS="1368"/>
            <String HEIGHT="89" WIDTH="195" VPOS="2389" HPOS="1281" CONTENT="l’hôtel" ID="tl_49_6" STYLEREFS="FONT0"/>
          </TextLine>
        </TextBlock>
        <TextBlock ID="r_2_20" HEIGHT="240" WIDTH="1369" VPOS="2466" HPOS="101">
          <TextLine ID="tl_50" BASELINE="2508" HEIGHT="53" WIDTH="1382" VPOS="2455" HPOS="96">
            <String HEIGHT="53" WIDTH="197" VPOS="2455" HPOS="74" CONTENT="royal" ID="tl_50_1" STYLEREFS="FONT0"/>
            <SP HEIGHT="53" WIDTH="22" VPOS="2455" HPOS="271"/>
            <String HEIGHT="53" WIDTH="154" VPOS="2455" HPOS="206" CONTENT="des" ID="tl_50_2" STYLEREFS="FONT0"/>
            <SP HEIGHT="53" WIDTH="22" VPOS="2455" HPOS="359"/>
            <String HEIGHT="53" WIDTH="307" VPOS="2455" HPOS="293" CONTENT="Invalides," ID="tl_50_3" STYLEREFS="FONT0"/>
            <SP HEIGHT="53" WIDTH="22" VPOS="2455" HPOS="601"/>
            <String HEIGHT="53" WIDTH="219" VPOS="2455" HPOS="535" CONTENT="membre" ID="tl_50_4" STYLEREFS="FONT0"/>
            <SP HEIGHT="53" WIDTH="22" VPOS="2455" HPOS="754"/>
            <String HEIGHT="53" WIDTH="132" VPOS="2455" HPOS="688" CONTENT="de" ID="tl_50_5" STYLEREFS="FONT0"/>
            <SP HEIGHT="53" WIDTH="22" VPOS="2455" HPOS="820"/>
            <String HEIGHT="53" WIDTH="307" VPOS="2455" HPOS="754" CONTENT="l’Académie" ID="tl_50_6" STYLEREFS="FONT0"/>
            <SP HEIGHT="53" WIDTH="22" VPOS="2455" HPOS="1061"/>
            <String HEIGHT="53" WIDTH="154" VPOS="2455" HPOS="995" CONTENT="des" ID="tl_50_7" STYLEREFS="FONT0"/>
            <SP HEIGHT="53" WIDTH="22" VPOS="2455" HPOS="1149"/>
            <String HEIGHT="53" WIDTH="285" VPOS="2455" HPOS="1083" CONTENT="Sciences." ID="tl_50_8" STYLEREFS="FONT0"/>
            <SP HEIGHT="53" WIDTH="22" VPOS="2455" HPOS="1368"/>
            <String HEIGHT="53" WIDTH="175" VPOS="2455" HPOS="1303" CONTENT="Mort" ID="tl_50_9" STYLEREFS="FONT0"/>
            <SP HEIGHT="53" WIDTH="22" VPOS="2455" HPOS="1478"/>
            <String HEIGHT="53" WIDTH="88" VPOS="2455" HPOS="1390" CONTENT="en" ID="tl_50_10" STYLEREFS="FONT0"/>
          </TextLine>
          <TextLine ID="tl_51" BASELINE="2557" HEIGHT="58" WIDTH="1381" VPOS="2499" HPOS="95">
            <String HEIGHT="58" WIDTH="175" VPOS="2499" HPOS="76" CONTENT="1726." ID="tl_51_1" STYLEREFS="FONT0"/>
            <SP HEIGHT="58" WIDTH="19" VPOS="2499" HPOS="251"/>
            <String HEIGHT="58" WIDTH="272" VPOS="2499" HPOS="192" CONTENT="Certificat" ID="tl_51_2" STYLEREFS="FONT0"/>
            <SP HEIGHT="58" WIDTH="19" VPOS="2499" HPOS="465"/>
            <String HEIGHT="58" WIDTH="214" VPOS="2499" HPOS="406" CONTENT="médical" ID="tl_51_3" STYLEREFS="FONT0"/>
            <SP HEIGHT="58" WIDTH="19" VPOS="2499" HPOS="620"/>
            <String HEIGHT="58" WIDTH="156" VPOS="2499" HPOS="562" CONTENT="aut." ID="tl_51_4" STYLEREFS="FONT0"/>
            <SP HEIGHT="58" WIDTH="19" VPOS="2499" HPOS="717"/>
            <String HEIGHT="58" WIDTH="175" VPOS="2499" HPOS="659" CONTENT="sig.," ID="tl_51_5" STYLEREFS="FONT0"/>
            <SP HEIGHT="58" WIDTH="19" VPOS="2499" HPOS="834"/>
            <String HEIGHT="58" WIDTH="175" VPOS="2499" HPOS="776" CONTENT="écrit" ID="tl_51_6" STYLEREFS="FONT0"/>
            <SP HEIGHT="58" WIDTH="19" VPOS="2499" HPOS="951"/>
            <String HEIGHT="58" WIDTH="233" VPOS="2499" HPOS="892" CONTENT="derrière" ID="tl_51_7" STYLEREFS="FONT0"/>
            <SP HEIGHT="58" WIDTH="19" VPOS="2499" HPOS="1126"/>
            <String HEIGHT="58" WIDTH="136" VPOS="2499" HPOS="1068" CONTENT="une" ID="tl_51_8" STYLEREFS="FONT0"/>
            <SP HEIGHT="58" WIDTH="19" VPOS="2499" HPOS="1204"/>
            <String HEIGHT="58" WIDTH="195" VPOS="2499" HPOS="1145" CONTENT="lettre" ID="tl_51_9" STYLEREFS="FONT0"/>
            <SP HEIGHT="58" WIDTH="19" VPOS="2499" HPOS="1340"/>
            <String HEIGHT="58" WIDTH="156" VPOS="2499" HPOS="1281" CONTENT="aut." ID="tl_51_10" STYLEREFS="FONT0"/>
            <SP HEIGHT="58" WIDTH="19" VPOS="2499" HPOS="1437"/>
            <String HEIGHT="58" WIDTH="117" VPOS="2499" HPOS="1359" CONTENT="sig." ID="tl_51_11" STYLEREFS="FONT0"/>
          </TextLine>
          <TextLine ID="tl_52" BASELINE="2611" HEIGHT="60" WIDTH="1383" VPOS="2551" HPOS="94">
            <String HEIGHT="60" WIDTH="110" VPOS="2551" HPOS="72" CONTENT="à" ID="tl_52_1" STYLEREFS="FONT0"/>
            <SP HEIGHT="60" WIDTH="22" VPOS="2551" HPOS="182"/>
            <String HEIGHT="60" WIDTH="154" VPOS="2551" HPOS="116" CONTENT="lui" ID="tl_52_2" STYLEREFS="FONT0"/>
            <SP HEIGHT="60" WIDTH="22" VPOS="2551" HPOS="270"/>
            <String HEIGHT="60" WIDTH="263" VPOS="2551" HPOS="204" CONTENT="adressée" ID="tl_52_3" STYLEREFS="FONT0"/>
            <SP HEIGHT="60" WIDTH="22" VPOS="2551" HPOS="467"/>
            <String HEIGHT="60" WIDTH="132" VPOS="2551" HPOS="401" CONTENT="le" ID="tl_52_4" STYLEREFS="FONT0"/>
            <SP HEIGHT="60" WIDTH="22" VPOS="2551" HPOS="533"/>
            <String HEIGHT="60" WIDTH="176" VPOS="2551" HPOS="467" CONTENT="même" ID="tl_52_5" STYLEREFS="FONT0"/>
            <SP HEIGHT="60" WIDTH="22" VPOS="2551" HPOS="643"/>
            <String HEIGHT="60" WIDTH="176" VPOS="2551" HPOS="577" CONTENT="jour" ID="tl_52_6" STYLEREFS="FONT0"/>
            <SP HEIGHT="60" WIDTH="22" VPOS="2551" HPOS="753"/>
            <String HEIGHT="60" WIDTH="154" VPOS="2551" HPOS="687" CONTENT="par" ID="tl_52_7" STYLEREFS="FONT0"/>
            <SP HEIGHT="60" WIDTH="22" VPOS="2551" HPOS="840"/>
            <String HEIGHT="60" WIDTH="132" VPOS="2551" HPOS="775" CONTENT="un" ID="tl_52_8" STYLEREFS="FONT0"/>
            <SP HEIGHT="60" WIDTH="22" VPOS="2551" HPOS="906"/>
            <String HEIGHT="60" WIDTH="132" VPOS="2551" HPOS="840" CONTENT="M." ID="tl_52_9" STYLEREFS="FONT0"/>
            <SP HEIGHT="60" WIDTH="22" VPOS="2551" HPOS="972"/>
            <String HEIGHT="60" WIDTH="307" VPOS="2551" HPOS="906" CONTENT="d’Ornaison" ID="tl_52_10" STYLEREFS="FONT0"/>
            <SP HEIGHT="60" WIDTH="22" VPOS="2551" HPOS="1214"/>
            <String HEIGHT="60" WIDTH="176" VPOS="2551" HPOS="1148" CONTENT="Fait" ID="tl_52_11" STYLEREFS="FONT0"/>
            <SP HEIGHT="60" WIDTH="22" VPOS="2551" HPOS="1323"/>
            <String HEIGHT="60" WIDTH="110" VPOS="2551" HPOS="1257" CONTENT="à" ID="tl_52_12" STYLEREFS="FONT0"/>
            <SP HEIGHT="60" WIDTH="22" VPOS="2551" HPOS="1367"/>
            <String HEIGHT="60" WIDTH="198" VPOS="2551" HPOS="1279" CONTENT="l’hôtel" ID="tl_52_13" STYLEREFS="FONT0"/>
          </TextLine>
          <TextLine ID="tl_53" BASELINE="2681" HEIGHT="78" WIDTH="1385" VPOS="2603" HPOS="93">
            <String HEIGHT="78" WIDTH="198" VPOS="2603" HPOS="71" CONTENT="royal" ID="tl_53_1" STYLEREFS="FONT0"/>
            <SP HEIGHT="78" WIDTH="22" VPOS="2603" HPOS="269"/>
            <String HEIGHT="78" WIDTH="154" VPOS="2603" HPOS="203" CONTENT="des" ID="tl_53_2" STYLEREFS="FONT0"/>
            <SP HEIGHT="78" WIDTH="22" VPOS="2603" HPOS="357"/>
            <String HEIGHT="78" WIDTH="308" VPOS="2603" HPOS="291" CONTENT="Invalides," ID="tl_53_3" STYLEREFS="FONT0"/>
            <SP HEIGHT="78" WIDTH="22" VPOS="2603" HPOS="599"/>
            <String HEIGHT="78" WIDTH="132" VPOS="2603" HPOS="533" CONTENT="le" ID="tl_53_4" STYLEREFS="FONT0"/>
            <SP HEIGHT="78" WIDTH="22" VPOS="2603" HPOS="665"/>
            <String HEIGHT="78" WIDTH="110" VPOS="2603" HPOS="599" CONTENT="8" ID="tl_53_5" STYLEREFS="FONT0"/>
            <SP HEIGHT="78" WIDTH="22" VPOS="2603" HPOS="709"/>
            <String HEIGHT="78" WIDTH="176" VPOS="2603" HPOS="643" CONTENT="déc." ID="tl_53_6" STYLEREFS="FONT0"/>
            <SP HEIGHT="78" WIDTH="22" VPOS="2603" HPOS="818"/>
            <String HEIGHT="78" WIDTH="198" VPOS="2603" HPOS="753" CONTENT="1706." ID="tl_53_7" STYLEREFS="FONT0"/>
            <SP HEIGHT="78" WIDTH="22" VPOS="2603" HPOS="950"/>
            <String HEIGHT="78" WIDTH="110" VPOS="2603" HPOS="884" CONTENT="1" ID="tl_53_8" STYLEREFS="FONT0"/>
            <SP HEIGHT="78" WIDTH="22" VPOS="2603" HPOS="994"/>
            <String HEIGHT="78" WIDTH="132" VPOS="2603" HPOS="928" CONTENT="p." ID="tl_53_9" STYLEREFS="FONT0"/>
            <SP HEIGHT="78" WIDTH="22" VPOS="2603" HPOS="1060"/>
            <String HEIGHT="78" WIDTH="176" VPOS="2603" HPOS="994" CONTENT="in-8" ID="tl_53_10" STYLEREFS="FONT0"/>
            <SP HEIGHT="78" WIDTH="22" VPOS="2603" HPOS="1170"/>
            <String HEIGHT="78" WIDTH="132" VPOS="2603" HPOS="1104" CONTENT="en" ID="tl_53_11" STYLEREFS="FONT0"/>
            <SP HEIGHT="78" WIDTH="22" VPOS="2603" HPOS="1236"/>
            <String HEIGHT="78" WIDTH="264" VPOS="2603" HPOS="1170" CONTENT="travers." ID="tl_53_12" STYLEREFS="FONT0"/>
            <SP HEIGHT="78" WIDTH="22" VPOS="2603" HPOS="1434"/>
            <String HEIGHT="78" WIDTH="132" VPOS="2603" HPOS="1346" CONTENT="Joli" ID="tl_53_13" STYLEREFS="FONT0"/>
          </TextLine>
          <TextLine ID="tl_54" BASELINE="2705" HEIGHT="57" WIDTH="1382" VPOS="2648" HPOS="93">
            <String HEIGHT="57" WIDTH="364" VPOS="2648" HPOS="57" CONTENT="portr." ID="tl_54_1" STYLEREFS="FONT0"/>
            <SP HEIGHT="57" WIDTH="36" VPOS="2648" HPOS="420"/>
            <String HEIGHT="57" WIDTH="327" VPOS="2648" HPOS="311" CONTENT="gravé" ID="tl_54_2" STYLEREFS="FONT0"/>
            <SP HEIGHT="57" WIDTH="36" VPOS="2648" HPOS="639"/>
            <String HEIGHT="57" WIDTH="218" VPOS="2648" HPOS="529" CONTENT="de" ID="tl_54_3" STYLEREFS="FONT0"/>
            <SP HEIGHT="57" WIDTH="36" VPOS="2648" HPOS="748"/>
            <String HEIGHT="57" WIDTH="291" VPOS="2648" HPOS="639" CONTENT="C.N." ID="tl_54_4" STYLEREFS="FONT0"/>
            <SP HEIGHT="57" WIDTH="36" VPOS="2648" HPOS="929"/>
            <String HEIGHT="57" WIDTH="400" VPOS="2648" HPOS="820" CONTENT="Cochin," ID="tl_54_5" STYLEREFS="FONT0"/>
            <SP HEIGHT="57" WIDTH="36" VPOS="2648" HPOS="1220"/>
            <String HEIGHT="57" WIDTH="327" VPOS="2648" HPOS="1111" CONTENT="in-4." ID="tl_54_6" STYLEREFS="FONT0"/>
            <SP HEIGHT="57" WIDTH="36" VPOS="2648" HPOS="1439"/>
            <String HEIGHT="57" WIDTH="182" VPOS="2648" HPOS="1330" CONTENT="6" ID="tl_54_7" STYLEREFS="FONT0"/>
            <SP HEIGHT="57" WIDTH="36" VPOS="2648" HPOS="1511"/>
            <String HEIGHT="57" WIDTH="109" VPOS="2648" HPOS="1366" CONTENT="»" ID="tl_54_8" STYLEREFS="FONT0"/>
          </TextLine>
        </TextBlock>
        <TextBlock ID="r_2_21" HEIGHT="103" WIDTH="1417" VPOS="2703" HPOS="55">
          <TextLine ID="tl_55" BASELINE="2744" HEIGHT="67" WIDTH="1433" VPOS="2677" HPOS="47">
            <String HEIGHT="67" WIDTH="187" VPOS="2677" HPOS="26" CONTENT="2421." ID="tl_55_1" STYLEREFS="FONT0"/>
            <SP HEIGHT="67" WIDTH="21" VPOS="2677" HPOS="213"/>
            <String HEIGHT="67" WIDTH="353" VPOS="2677" HPOS="151" CONTENT="Morand" ID="tl_55_2" STYLEREFS="FONT1"/>
            <SP HEIGHT="67" WIDTH="21" VPOS="2677" HPOS="504"/>
            <String HEIGHT="67" WIDTH="478" VPOS="2677" HPOS="442" CONTENT="(Sauveur-François)," ID="tl_55_3" STYLEREFS="FONT0"/>
            <SP HEIGHT="67" WIDTH="21" VPOS="2677" HPOS="919"/>
            <String HEIGHT="67" WIDTH="457" VPOS="2677" HPOS="857" CONTENT="médecin-chirurgien" ID="tl_55_4" STYLEREFS="FONT0"/>
            <SP HEIGHT="67" WIDTH="21" VPOS="2677" HPOS="1314"/>
            <String HEIGHT="67" WIDTH="125" VPOS="2677" HPOS="1252" CONTENT="de" ID="tl_55_5" STYLEREFS="FONT0"/>
            <SP HEIGHT="67" WIDTH="21" VPOS="2677" HPOS="1376"/>
            <String HEIGHT="67" WIDTH="187" VPOS="2677" HPOS="1293" CONTENT="l’hôpi" SUBS_TYPE="HypPart1" SUBS_CONTENT="l’hôpital" ID="tl_55_6" STYLEREFS="FONT0"/>
            <HYP CONTENT="-"/>
          </TextLine>
          <TextLine ID="tl_56" BASELINE="2822" HEIGHT="83" WIDTH="1380" VPOS="2739" HPOS="97">
            <String HEIGHT="83" WIDTH="149" VPOS="2739" HPOS="76" CONTENT="tal" SUBS_TYPE="HypPart2" SUBS_CONTENT="l’hôpital" ID="tl_56_1" STYLEREFS="FONT0"/>
            <SP HEIGHT="83" WIDTH="21" VPOS="2739" HPOS="224"/>
            <String HEIGHT="83" WIDTH="127" VPOS="2739" HPOS="161" CONTENT="de" ID="tl_56_2" STYLEREFS="FONT0"/>
            <SP HEIGHT="83" WIDTH="21" VPOS="2739" HPOS="288"/>
            <String HEIGHT="83" WIDTH="127" VPOS="2739" HPOS="224" CONTENT="la" ID="tl_56_3" STYLEREFS="FONT0"/>
            <SP HEIGHT="83" WIDTH="21" VPOS="2739" HPOS="352"/>
            <String HEIGHT="83" WIDTH="255" VPOS="2739" HPOS="288" CONTENT="Charité," ID="tl_56_4" STYLEREFS="FONT0"/>
            <SP HEIGHT="83" WIDTH="21" VPOS="2739" HPOS="543"/>
            <String HEIGHT="83" WIDTH="425" VPOS="2739" HPOS="479" CONTENT="chirurgien-major" ID="tl_56_5" STYLEREFS="FONT0"/>
            <SP HEIGHT="83" WIDTH="21" VPOS="2739" HPOS="904"/>
            <String HEIGHT="83" WIDTH="149" VPOS="2739" HPOS="840" CONTENT="des" ID="tl_56_6" STYLEREFS="FONT0"/>
            <SP HEIGHT="83" WIDTH="21" VPOS="2739" HPOS="989"/>
            <String HEIGHT="83" WIDTH="212" VPOS="2739" HPOS="925" CONTENT="gardes" ID="tl_56_7" STYLEREFS="FONT0"/>
            <SP HEIGHT="83" WIDTH="21" VPOS="2739" HPOS="1137"/>
            <String HEIGHT="83" WIDTH="318" VPOS="2739" HPOS="1074" CONTENT="françaises," ID="tl_56_8" STYLEREFS="FONT0"/>
            <SP HEIGHT="83" WIDTH="21" VPOS="2739" HPOS="1392"/>
            <String HEIGHT="83" WIDTH="170" VPOS="2739" HPOS="1307" CONTENT="membre" ID="tl_56_9" STYLEREFS="FONT0"/>
          </TextLine>
        </TextBlock>
      </PrintSpace>
    </Page>
  </Layout>
</alto>
