1610 2949
586 58 182 91 —
658 58 255 91 187
768 58 109 91 —

59 159 152 72 «Il
146 159 260 72 faudrait
341 159 173 72 pour
449 159 173 72 cela
558 159 260 72 composer
753 159 108 72 à
796 159 217 72 froid,
948 159 130 72 et
1013 159 195 72 c’est
1143 159 130 72 ce
1208 159 152 72 que
1295 159 130 72 je
1338 159 130 72 n’ai

61 212 252 65 «jamais
221 212 229 65 fait...»

16 229 194 91 2432.
146 229 389 91 Orléans
470 229 735 91 (Louise-Marie-Thérèse-Isabelle
1140 229 173 91 d’),
1248 229 194 91 reine
1356 229 108 91 des

70 302 192 68 Belges.
209 302 105 68 L.
262 302 140 68 aut.
349 302 140 68 sig.
437 302 297 68 Louise
682 302 122 68 (en
752 302 227 68 anglais),
927 302 87 68 à
962 302 122 68 son
1032 302 280 68 papa
1259 302 175 68 Devoir
1364 302 105 68 d’é-

40 354 490 61 criture
397 354 267 61 en
530 354 401 61 gros.
797 354 223 61 1
886 354 267 61 p.
1020 354 401 61 in-4.
1287 354 223 61 5
1331 354 134 61 »

21 386 195 83 2433.
151 386 368 83 Pibrac
454 386 217 83 (Eloge
606 386 130 83 de
671 386 152 83 Guy
758 386 238 83 Dufaur,
931 386 260 83 seigneur
1126 386 173 83 de),
1234 386 152 83 par
1299 386 173 83 Louis-

67 449 215 62 Pierre
217 449 236 62 Martin,
389 449 215 62 avocat
539 449 129 62 au
604 449 279 62 parlement
818 449 129 62 de
883 449 215 62 Paris.
1033 449 172 62 Aut.
1141 449 172 62 sig.
1248 449 129 62 24
1313 449 129 62 p.
1356 449 107 62 pl.

67 503 175 57 in-4
177 503 197 57 (nous
308 503 132 57 le
374 503 241 57 croyons
550 503 241 57 inédit,
725 503 175 57 sans
835 503 285 57 cependant
1054 503 132 57 le
1120 503 307 57 garantir).
1361 503 132 57 10
1405 503 66 57 »

24 548 184 59 2434.
146 548 388 59 Quiberon
472 548 245 59 (Annonce
656 548 122 59 de
717 548 122 59 la
778 548 245 59 victoire
962 548 163 59 de).
1064 548 122 59 L.
1125 548 163 59 aut.
1227 548 163 59 sig.
1329 548 122 59 du
1370 548 102 59 ci

69 590 194 74 toyen
199 590 259 74 Gambier,
393 590 130 74 au
458 590 238 74 citoyen
631 590 216 74 Sivry,
782 590 216 74 payeur
933 590 259 74 général.
1128 590 238 74 Rennes,
1300 590 108 74 7
1322 590 151 74 ther-

50 635 389 69 midor
309 635 259 69 an
439 635 303 69 II.
612 635 216 69 3
698 635 259 69 p.
828 635 303 69 pl.
1001 635 389 69 in-4.
1260 635 216 69 7
1303 635 173 69 50

120 690 175 59 «...
229 690 197 59 Voicy
360 690 262 59 quelques
557 690 240 59 détails
732 690 153 59 sur
819 690 284 59 l’affaire
1037 690 131 59 de
1103 690 328 59 Quiberon...
1343 690 131 59 Daru

75 728 241 70 «estime
251 728 154 70 les
338 728 263 70 magazins
536 728 154 70 que
623 728 175 70 nous
733 728 197 70 avons
865 728 175 70 pris
974 728 154 70 aux
1062 728 241 70 Anglais
1238 728 110 70 à
1260 728 219 70 dix

74 785 194 62 «cent
204 785 281 62 millions;
420 785 130 62 en
485 785 302 62 vregardant
722 785 130 62 de
787 785 194 62 près,
917 785 173 62 cela
1025 785 216 62 pourra
1176 785 194 62 aller
1284 785 194 62 jusqu’à

75 843 204 48 «deux
211 843 317 48 milliards.
460 843 249 48 Tallien
642 843 159 48 est
732 843 204 48 passé
868 843 317 48 avant-hier
1118 843 181 48 avec
1231 843 159 48 son
1299 843 181 48 secré-

77 875 192 67 «taire
211 875 173 67 Rougé
327 875 115 67 de
384 875 192 67 Lille,
519 875 192 67 auteur
653 875 115 67 de
711 875 269 67 l'Hymne
923 875 135 67 des
999 875 384 67 Marseillais
1307 875 173 67 paroles

76 923 151 69 «et
163 923 258 69 musique,
356 923 172 69 pour
464 923 215 69 porter
615 923 129 69 la
679 923 258 69 nouvelle
873 923 129 69 de
938 923 194 69 cette
1067 923 258 69 victoire
1261 923 108 69 à
1304 923 129 69 la
1347 923 129 69 Con-

77 988 299 45 «vention.
307 988 207 45 Comme
445 988 138 45 il
514 988 161 45 est
606 988 138 45 un
675 988 161 45 des
767 988 276 45 premiers
974 988 138 45 et
1043 988 161 45 des
1135 988 322 45 principaux
1365 988 115 45 au-

79 1011 219 75 «teurs
233 1011 132 75 du
298 1011 110 75 9
342 1011 307 75 thermidor,
584 1011 175 75 juge
693 1011 197 75 comme
825 1011 132 75 la
891 1011 263 75 victoire
1088 1011 197 75 qu’il
1220 1011 132 75 va
1264 1011 219 75 annoncer

77 1062 155 72 «ce
165 1062 243 72 jour-là
342 1062 199 72 même,
475 1062 133 72 va
541 1062 309 72 électriser
784 1062 155 72 les
850 1062 332 72 Parisiens...»

32 1115 187 69 2435.
157 1115 374 69 Regnard
468 1115 415 69 (Jean-François),
821 1115 228 69 célèbre
988 1115 187 69 poëte
1112 1115 312 69 dramatique.
1341 1115 145 69 Quit

80 1169 197 64 tance
212 1169 175 64 aut.
321 1169 175 64 sig.
431 1169 175 64 (sur
541 1169 329 64 parchemin),
804 1169 132 64 de
870 1169 132 64 la
936 1169 197 64 somme
1067 1169 132 64 de
1133 1169 175 64 deux
1243 1169 197 64 mille
1352 1169 132 64 deux

81 1215 178 66 cent
192 1215 267 66 dix-sept
392 1215 245 66 livres,
570 1215 178 66 pour
682 1215 156 66 ses
771 1215 200 66 gages
904 1215 134 66 de
971 1215 245 66 l’année
1149 1215 200 66 1675,
1260 1215 223 66 employés

84 1256 162 66 dans
185 1256 203 66 l’Etat
327 1256 122 66 du
388 1256 142 66 roi
470 1256 122 66 de
530 1256 203 66 ladite
673 1256 203 66 année.
815 1256 203 66 Paris,
957 1256 122 66 12
1018 1256 142 66 mai
1099 1256 183 66 1696.
1201 1256 284 66 Très

21 1301 1303 70 rare
1079 1301 488 70 60
1242 1301 244 70 »

34 1359 208 63 2436.
172 1359 323 63 Bégnier
427 1359 139 63 de
496 1359 139 63 la
565 1359 323 63 Brière
796 1359 693 63 (François

86 1412 404 56 acteur-sociétaire
432 1412 115 56 du
489 1412 404 56 Théâtre-Français.
835 1412 115 56 1°
893 1412 115 56 L.
951 1412 154 56 aut.
1047 1412 173 56 sig.:
1143 1412 346 56 Philoclès

85 1448 366 65 Régnier
393 1448 96 65 à
431 1448 250 65 Ferville.
624 1448 212 65 Nantes.
778 1448 116 65 28
836 1448 231 65 novembre
1009 1448 173 65 1830.
1124 1448 96 65 1
1163 1448 135 65 gr.
1240 1448 116 65 p.
1298 1448 135 65 pl.
1355 1448 135 65 in

81 1499 113 62 —
127 1499 135 62 2°
194 1499 135 62 L.
262 1499 180 62 aut.
374 1499 203 62 sig.,
510 1499 135 62 au
577 1499 203 62 même.
713 1499 248 62 Nantes,
893 1499 135 62 30
961 1499 248 62 janvier
1141 1499 203 62 1834.
1276 1499 113 62 3
1321 1499 135 62 p.
1366 1499 113 62 pl.

90 1542 154 71 in-8.
192 1542 324 71 Portrait
466 1542 188 71 colorié
602 1542 154 71 (dans
705 1542 102 71 la
756 1542 188 71 Joie
892 1542 137 71 fait
978 1542 239 71 peur),
1166 1542 171 71 biogr.
1285 1542 154 71 impr.
1370 1542 120 71 in

69 1589 231 67 et
184 1589 307 67 deux
376 1589 384 67 biogr.
645 1589 346 67 impr.
875 1589 192 67 8
952 1589 231 67 p.
1067 1589 346 67 in-4.
1298 1589 231 67 15
1375 1589 115 67 »

133 1656 143 51 Ces
214 1656 164 51 deux
317 1656 225 51 lettres
480 1656 164 51 sont
583 1656 286 51 théâtrales
808 1656 123 51 et
848 1656 430 51 très

36 1699 215 72 2437.
180 1699 311 72 Roland
419 1699 144 72 de
491 1699 144 72 la
562 1699 383 72 Platière
873 1699 407 72 (Jean-Marie),
1208 1699 287 72 ministre
1399 1699 96 72 de

89 1745 179 59 Louis
208 1745 159 59 XVI,
308 1745 119 59 1°
367 1745 199 59 Billet
506 1745 159 59 aut.
606 1745 119 59 (à
665 1745 119 59 M.
725 1745 199 59 Bosc).
864 1745 159 59 Sans
963 1745 179 59 date.
1082 1745 99 59 1
1122 1745 119 59 p.
1162 1745 139 59 in

138 1766 122 93 Il
199 1766 203 93 reçoit
340 1766 122 93 la
401 1766 203 93 lettre
543 1766 122 93 de
604 1766 142 93 son
685 1766 142 93 ami
766 1766 284 93 Lanthenas,
989 1766 122 93 et
1050 1766 142 93 lui
1131 1766 203 93 envoie
1273 1766 122 93 la
1314 1766 182 93 réponse

86 1845 145 56 de
158 1845 145 56 sa
206 1845 193 56 femme.

137 1853 127 99 2°
200 1853 170 99 Note
307 1853 127 99 de
370 1853 127 99 17
434 1853 233 99 grandes
604 1853 212 99 lignes
752 1853 170 99 aut.
858 1853 127 99 au
922 1853 149 99 bas
1007 1853 170 99 d’un
1113 1853 212 99 billet
1262 1853 127 99 de
1304 1853 191 99 Cambon,

93 1943 146 52 qui
177 1943 251 52 l’invite
365 1943 105 52 à
407 1943 125 52 un
469 1943 188 52 dîner
595 1943 125 52 de
658 1943 272 52 patriotes
867 1943 146 52 qui
950 1943 167 52 aura
1055 1943 167 52 lieu
1159 1943 209 52 lundi,
1306 1943 125 52 11
1348 1943 146 52 mars,

92 1970 231 80 chex
260 1970 189 80 Lami,
386 1970 336 80 restaurateur
658 1970 126 80 au
721 1970 210 80 perron
868 1970 126 80 du
931 1970 356 80 Palais-Royal,
1224 1970 105 80 à
1266 1970 105 80 à
1287 1970 210 80 heures,

97 2032 231 60 après
270 2032 115 60 la
327 2032 211 60 séance.
481 2032 96 60 —
519 2032 231 60 Brissot,
692 2032 307 60 Grangeneuve,
942 2032 173 60 Buzot
1057 2032 115 60 et
1115 2032 192 60 autres
1230 2032 269 60 comptent

90 2078 243 60 sur
260 2078 146 60 M.
333 2078 438 60 Roland...
698 2078 122 60 8
747 2078 195 60 mars
868 2078 219 60 1793.
1014 2078 122 60 1
1063 2078 146 60 p.
1136 2078 170 60 pl.
1233 2078 219 60 in-4.
1379 2078 122 60 7
1404 2078 97 60 50

53 2117 161 71 2438.
160 2117 375 71 RRousseau,
482 2117 268 71 chansonnier
697 2117 125 71 des
768 2117 250 71 Soupers
965 2117 107 71 de
1018 2117 232 71 Momus
1197 2117 107 71 et
1251 2117 107 71 du
1287 2117 215 71 Ré

99 2168 186 78 veil
234 2168 101 78 du
285 2168 236 78 Caveau
470 2168 186 78 (1815);
605 2168 203 78 Voilà
757 2168 152 78 comme
859 2168 101 78 on
909 2168 152 78 écrit
1011 2168 304 78 l’histoire
1281 2168 186 78 chanson
1399 2168 101 78 aut.

91 2210 217 73 sig.
227 2210 136 73 3
281 2210 163 73 p.
362 2210 190 73 pl.
471 2210 163 73 et
553 2210 244 73 demie
715 2210 244 73 in-8.
878 2210 272 73 Portr.
1068 2210 380 73 (découpé).
1367 2210 136 73 3
1394 2210 109 73 50

54 2259 184 76 2439.
176 2259 347 76 Rozier
462 2259 266 76 (l’abbé),
666 2259 204 76 savant
809 2259 266 76 agronome.
1014 2259 143 76 Tué
1095 2259 225 76 pendant
1259 2259 123 76 le
1320 2259 184 76 siège
1422 2259 82 76 de

100 2328 168 63 Lvon
205 2328 230 63 (1793).
372 2328 126 63 L.
435 2328 168 63 aut.
540 2328 188 63 sig..
665 2328 105 63 à
707 2328 126 63 M.
770 2328 230 63 Gérard,
938 2328 251 63 médecin,
1126 2328 105 63 à
1168 2328 272 63 Cotignac.
1356 2328 147 63 Lyon,

83 2377 231 55 18
198 2377 308 55 juin
390 2377 346 55 1764.
621 2377 192 55 2
698 2377 231 55 p.
813 2377 346 55 in-4.
1044 2377 423 55 Cachet.
1351 2377 192 55 3
1390 2377 115 55 »

54 2403 170 71 2440.
167 2403 433 71 Saint-Aignan
544 2403 396 71 (François-Honorat
883 2403 113 71 de
940 2403 452 71 Beauvilliers
1335 2403 132 71 duc
1392 2403 113 71 de),

103 2463 210 70 membre
250 2463 126 70 de
313 2463 231 70 l’Acad.
480 2463 293 70 française.
711 2463 126 70 L.
774 2463 168 70 aut.
878 2463 189 70 sig.,
1004 2463 105 70 à
1046 2463 126 70 M.
1109 2463 126 70 le
1172 2463 231 70 marquis
1339 2463 126 70 de
1381 2463 126 70 Sei-

99 2511 267 80 gnelay.
293 2511 145 80 Du
365 2511 242 80 Havre,
535 2511 145 80 le
608 2511 170 80 1er
705 2511 218 80 sept.
850 2511 218 80 1672.
996 2511 145 80 17
1069 2511 145 80 p.
1141 2511 170 80 pl.
1238 2511 218 80 in-4.
1384 2511 145 80 12
1432 2511 73 80 »

150 2547 262 70 Curieuse
347 2547 131 70 et
413 2547 306 70 importante
653 2547 219 70 lettre
806 2547 131 70 de
872 2547 372 70 justification
1178 2547 131 70 de
1244 2547 131 70 sa
1287 2547 219 70 conduite

107 2601 172 63 dans
215 2601 129 63 le
280 2601 345 63 gouvernement
560 2601 259 63 maritime
754 2601 151 63 qui
840 2601 151 63 lui
926 2601 151 63 est
1012 2601 237 63 confié,
1185 2601 237 63 surtout
1357 2601 129 63 au
1400 2601 108 63 mo-

106 2652 173 63 ment
214 2652 129 63 où
279 2652 129 63 le
344 2652 237 63 marquis
516 2652 129 63 de
581 2652 216 63 Kerjan
732 2652 216 63 arrive
883 2652 129 63 en
947 2652 194 63 cette
1077 2652 173 63 rade
1185 2652 173 63 avec
1292 2652 151 63 les
1357 2652 151 63 vais-

104 2711 191 56 seaux
231 2711 148 56 des
316 2711 191 56 Indes
443 2711 297 56 orientales
676 2711 127 56 et
740 2711 276 56 l’escadre
952 2711 127 56 de
994 2711 233 56 Bretagne.

55 2737 222 83 2441.
203 2737 838 83 SailandrousesLamornaix,
968 2737 247 83 membre
1140 2737 148 83 du
1214 2737 271 83 Conseil
1387 2737 123 83 gé
