1566 2895
726 51 246 85 188
831 51 106 85 —

114 140 206 81 néral
251 140 160 81 des
343 140 388 81 Manufactures.
662 140 137 81 L.
731 140 183 81 aut.
845 140 206 81 sig.,
982 140 114 81 à
1028 140 137 81 M.
1096 140 206 81 Fazy.
1210 140 297 81 Montevideo,

114 219 127 63 30
177 219 169 63 août
283 219 190 63 1828.
410 219 106 63 3
452 219 127 63 p.
515 219 148 63 pl.
600 219 190 63 in-4.
727 219 254 63 Curieuse
917 219 148 63 par
1002 219 127 63 le
1065 219 190 63 sujet
1192 219 127 63 et
1255 219 148 63 par
1319 219 190 63 l’orto-

22 256 1258 70 graphe.
936 256 572 70 2
1051 256 457 70 50

66 302 188 62 2442.
192 302 397 62 Salverte
526 302 272 62 (Eusèbe),
735 302 230 62 député,
903 302 335 62 littérateur.
1174 302 125 62 L.
1237 302 167 62 aut.
1342 302 188 62 sig.,
1446 302 63 62 à

114 352 125 66 M.
177 352 250 66 Auguier.
364 352 229 66 Nogent,
531 352 125 66 16
593 352 167 66 août
697 352 187 66 1834.
822 352 104 66 3
864 352 125 66 p.
926 352 146 66 pl.
1009 352 187 66 in-4.
1134 352 187 66 Jolie
1259 352 208 66 lettre
1384 352 125 66 lit-

23 408 1369 58 téraire.
1050 408 570 58 3
1164 408 342 58 »

68 445 164 62 2443.
177 445 182 62 San
305 445 237 62 Gallo
487 445 383 62 (Antoine-Baptiste
815 445 146 62 de),
906 445 128 62 dit
979 445 109 62 le
1033 445 310 62 Bossu
1288 445 200 62 célèbre
1416 445 91 62 ar

113 494 271 65 chitecte,
321 494 271 65 traduisit
530 494 229 65 Vitruve
696 494 167 65 avec
800 494 146 65 des
883 494 187 65 notes
1008 494 125 65 et
1071 494 146 65 des
1154 494 229 65 dessins
1300 494 208 65 précieux

115 542 150 57 non
200 542 257 57 publiés.
393 542 128 57 Il
457 542 192 57 était
585 542 192 57 frère
713 542 128 57 du
777 542 235 57 célèbre
948 542 235 57 Antoine
1119 542 128 57 de
1183 542 150 57 San
1269 542 214 57 Gallo,
1397 542 107 57 ar-

117 596 249 61 chitecte
304 596 145 61 des
387 596 186 61 papes
511 596 166 61 Léon
614 596 124 61 X,
677 596 228 61 Clément
842 596 166 61 VIII
946 596 124 61 et
1008 596 166 61 Paul
1111 596 166 61 III,
1215 596 124 61 et
1277 596 104 61 à
1319 596 145 61 qui
1381 596 124 61 l’on

114 645 174 54 doit
223 645 131 54 le
288 645 239 54 château
462 645 326 54 Saint-Ange.
724 645 131 54 L.
789 645 174 54 aut.
898 645 174 54 sig.
1006 645 152 54 (en
1094 645 283 54 italien),
1311 645 109 54 à
1333 645 174 54 Pierre

117 686 269 61 Sodérini,
324 686 331 61 gonfalonnier
594 686 124 61 de
656 686 269 61 Florence.
863 686 104 61 6
904 686 228 61 février
1070 686 186 61 1508.
1194 686 104 61 1
1236 686 124 61 p.
1298 686 145 61 pl.
1360 686 145 61 in

111 743 279 53 Cachet.
313 743 228 53 Belle
466 743 152 53 et
542 743 203 53 rare
668 743 279 53 lettre,
871 743 228 53 bonne
1023 743 431 53 conservation.
1378 743 152 53 75
1429 743 76 53 »

162 788 255 55 Relative
353 788 149 55 aux
438 788 340 55 forteresses,
714 788 170 55 près
820 788 127 55 de
862 788 234 55 Florence.

68 823 184 70 2444.
190 823 348 70 Saulcy
477 823 184 70 (de),
600 823 205 70 membre
743 823 123 70 de
804 823 307 70 l’Institut.
1050 823 123 70 L.
1111 823 164 70 aut.
1214 823 184 70 sig.,
1336 823 102 70 à
1357 823 143 70 M....

97 882 362 60 Paris,
350 882 181 60 6
422 882 398 60 janvier
712 882 325 60 1843.
928 882 181 60 1
1001 882 217 60 p.
1109 882 325 60 in-8.
1326 882 181 60 2
1362 882 145 60 50

62 933 185 67 2445.
186 933 412 67 Schubert,
536 933 350 67 mathématicien
825 933 268 67 allemand.
1031 933 124 67 L.
1093 933 165 67 aut.
1196 933 165 67 sig.
1299 933 144 67 (en
1361 933 144 67 alle-

68 975 625 57 mand).
506 975 313 57 1
631 975 375 57 p.
819 975 563 57 in-4.
1194 975 313 57 2
1257 975 250 57 50

62 1026 191 60 2446.
189 1026 383 60 Sédaine
508 1026 276 60 (madame),
721 1026 191 60 veuve
849 1026 128 60 de
912 1026 319 60 Michel-Jean
1168 1026 255 60 Sédaine,
1338 1026 170 60 auteur

110 1077 332 57 dramatique,
376 1077 222 57 membre
531 1077 133 57 de
597 1077 310 57 l’Académie
841 1077 310 57 française.
1085 1077 133 57 L.
1151 1077 199 57 sig.,
1284 1077 133 57 au
1329 1077 177 57 minis-

112 1120 152 62 tre
199 1120 131 62 de
265 1120 348 62 l’Intérieur.
548 1120 240 62 Demande
722 1120 196 62 d’une
853 1120 240 62 pension
1027 1120 109 62 à
1070 1120 261 62 laquelle
1266 1120 174 62 elle
1354 1120 152 62 croit

114 1166 189 57 avoir
240 1166 210 57 droit,
387 1166 105 57 à
429 1166 189 57 cause
556 1166 147 57 des
640 1166 231 57 travaux
808 1166 126 57 de
871 1166 147 57 son
955 1166 189 57 mari,
1081 1166 147 57 qui
1166 1166 105 57 a
1208 1166 210 57 laissé
1355 1166 126 57 39
1397 1166 105 57 ou-

112 1215 211 54 vrages
260 1215 211 54 restés
408 1215 148 54 aux
492 1215 190 54 trois
619 1215 275 54 théâtres,
831 1215 127 54 et
894 1215 148 54 fut
979 1215 127 54 le
1042 1215 275 54 fondateur
1253 1215 127 54 de
1296 1215 211 54 l’Opèra-

80 1262 634 62 Comique.
555 1262 264 62 2
661 1262 317 62 p.
820 1262 581 62 in-fol.
1242 1262 264 62 3
1295 1262 211 62 50

63 1317 188 58 2447.
189 1317 544 58 Sept-Fontaines,
670 1317 293 58 physicien.
900 1317 126 58 L.
963 1317 167 58 aut.
1068 1317 188 58 sig.,
1193 1317 126 58 au
1256 1317 230 58 citoyen
1402 1317 105 58 De

113 1357 229 67 lambre.
280 1357 229 67 Calais,
446 1357 104 67 5
487 1357 249 67 prairial
674 1357 125 67 an
737 1357 146 67 XI.
820 1357 104 67 2
862 1357 146 67 gr.
945 1357 125 67 p.
1007 1357 146 67 pl.
1090 1357 125 67 et
1153 1357 187 67 demie
1277 1357 187 67 in-4.
1402 1357 125 67 Il
1444 1357 62 67 y

109 1405 137 67 a
163 1405 164 67 en
245 1405 219 67 tête
382 1405 246 67 trois
546 1405 274 67 lignes
738 1405 219 67 aut.
875 1405 219 67 sig.
1012 1405 164 67 de
1094 1405 356 67 Delambre.
1367 1405 137 67 3
1395 1405 109 67 .»

161 1451 129 65 Au
225 1451 194 65 sujet
354 1451 129 65 de
419 1451 151 65 ses
505 1451 344 65 observations
784 1451 151 65 sur
870 1451 151 65 les
935 1451 194 65 marées.

67 1503 182 60 2448.
188 1503 364 60 Sévigné
492 1503 202 60 (Marie
634 1503 121 60 de
694 1503 405 60 Rabutin-Chantal,
1038 1503 243 60 marquise
1221 1503 162 60 de).
1322 1503 121 60 L.
1362 1503 142 60 aut.,

113 1550 109 55 à
157 1550 130 55 M.
222 1550 130 55 Du
287 1550 239 55 Plessy,
461 1550 304 55 gouverneur
700 1550 130 55 de
766 1550 130 55 M.
831 1550 130 55 le
896 1550 196 55 comte
1027 1550 130 55 de
1092 1550 196 55 Vins,
1222 1550 109 55 à
1266 1550 217 55 Paris.
1396 1550 109 55 Des

113 1596 261 69 Rochers,
309 1596 261 69 dimanche
505 1596 109 69 4
548 1596 196 69 juin.
679 1596 109 69 3
723 1596 131 69 p.
788 1596 152 69 pl.
875 1596 196 69 in-4.
1005 1596 218 69 Cachet
1158 1596 218 69 enlevé
1288 1596 218 69 touchant

114 1645 205 60 trois
251 1645 251 60 lettres
434 1645 183 60 d’un
548 1645 183 60 mot,
662 1645 365 60 raccommodage
958 1645 183 60 dans
1072 1645 137 60 le
1141 1645 183 60 fond
1232 1645 274 60 n’endomma-

111 1694 182 79 geant
232 1694 142 79 pas
313 1694 303 79 l’écriture.
556 1694 283 79 Fac-simile
778 1694 182 79 d’une
899 1694 202 79 lettre
1041 1694 162 79 aut.
1142 1694 162 79 sig.
1243 1694 202 79 Portr.
1364 1694 142 79 gravé

-3 1751 1233 50 in-8.
819 1751 822 50 90
1093 1751 411 50 »

63 1790 193 58 2449.
191 1790 536 58 Staël-Holstein
663 1790 172 58 (Mme
770 1790 129 58 la
834 1790 236 58 baronne
1006 1790 172 58 de).
1113 1790 129 58 N.
1177 1790 193 58 1766.
1306 1790 129 58 M.
1349 1790 150 58 1817.

114 1839 125 50 L.
177 1839 187 50 aut.,
301 1839 104 50 à
343 1839 125 50 M.
405 1839 125 50 de
467 1839 208 50 Tracy.
613 1839 229 50 Coppet,
779 1839 125 50 31
841 1839 145 50 mai
924 1839 187 50 1807.
1049 1839 104 50 3
1091 1839 125 50 p.
1153 1839 145 50 pl.
1236 1839 187 50 in-8.
1340 1839 166 50 Portr.

109 1884 340 67 lithographié
363 1884 149 67 in

161 1939 115 58 Il
218 1939 135 58 lui
295 1939 96 58 a
334 1939 173 58 écrit
449 1939 135 58 une
526 1939 192 58 lettre
660 1939 192 58 (celle
795 1939 135 58 qui
872 1939 192 58 suit),
1006 1939 115 58 et
1064 1939 115 58 il
1122 1939 154 58 sait
1218 1939 154 58 quel
1314 1939 154 58 prix
1391 1939 115 58 elle

110 1982 144 62 met
193 1982 103 62 à
234 1982 144 62 son
316 1982 329 62 suffrage....
583 1982 123 62 Il
644 1982 144 62 lui
727 1982 144 62 dit
809 1982 185 62 qu’il
932 1982 123 62 ne
994 1982 123 62 la
1055 1982 164 62 suit
1158 1982 144 62 pas
1240 1982 164 62 dans
1343 1982 123 62 le
1384 1982 123 62 ciel

112 2028 129 59 ni
176 2028 172 59 dans
283 2028 150 59 les
369 2028 279 59 tombeaux,
584 2028 150 59 «Il
670 2028 129 59 me
735 2028 215 59 semble
885 2028 193 59 qu’un
1014 2028 215 59 esprit
1164 2028 193 59 aussi
1272 2028 236 59 supérieur

111 2078 169 60 «que
216 2078 127 60 le
280 2078 190 60 vôtre
407 2078 127 60 et
470 2078 148 60 qui
554 2078 148 60 est
639 2078 169 60 déjà
745 2078 232 60 détaché
914 2078 127 60 de
977 2078 169 60 tout
1083 2078 127 60 ce
1146 2078 148 60 qui
1230 2078 148 60 est
1294 2078 211 60 matériel

107 2126 204 51 «par
234 2126 153 51 la
310 2126 254 51 nature
488 2126 204 51 même
615 2126 153 51 de
692 2126 178 51 ses
794 2126 382 51 recherches,
1099 2126 204 51 doit
1226 2126 153 51 un
1302 2126 204 51 jour
1404 2126 102 51 se

112 2177 236 58 «plaire
283 2177 172 58 dans
390 2177 150 58 les
476 2177 193 58 idées
605 2177 343 58 religieuses,
883 2177 193 58 elles
1012 2177 300 58 complètent
1248 2177 172 58 tout
1355 2177 129 58 ce
1398 2177 107 58 qui

112 2224 162 60 «est
213 2224 202 60 grand,
354 2224 182 60 elles
476 2224 242 60 apaisent
657 2224 162 60 tout
758 2224 121 60 ce
819 2224 141 60 qui
900 2224 141 60 est
981 2224 263 60 sensible,
1183 2224 121 60 et
1243 2224 162 60 sans
1344 2224 141 60 cet
1405 2224 101 60 es-

110 2273 205 56 «poir,
254 2273 123 56 il
316 2273 123 56 me
377 2273 267 56 prendroit
582 2273 123 56 je
644 2273 123 56 ne
705 2273 164 56 sais
808 2273 164 56 quel
910 2273 287 56 invincible
1136 2273 226 56 terreur
1300 2273 123 56 de
1361 2273 123 56 la
1402 2273 103 56 vie

108 2323 237 60 «comme
274 2323 142 60 de
345 2323 142 60 la
416 2323 190 60 mort
535 2323 166 60 qui
630 2323 403 60 bouleveseroit
962 2323 166 60 mon
1033 2323 450 60 imagination.....»

63 2344 173 88 TRACY
178 2344 327 88 (A.-L.-Claude
448 2344 346 88 Destutt
736 2344 154 88 de),
832 2344 212 88 éélèbre
986 2344 269 88 idéologue.
1198 2344 115 88 L.
1256 2344 154 88 aut.
1352 2344 173 88 sig.,
1448 2344 58 88 à

110 2415 149 49 Mme
195 2415 128 49 de
259 2415 213 49 Staël.
408 2415 128 49 10
472 2415 149 49 mai
557 2415 192 49 1807.
685 2415 107 49 2
727 2415 128 49 p.
791 2415 149 49 pl.
877 2415 128 49 et
940 2415 192 49 demie
1047 2415 149 49 in

156 2457 177 58 Elle
266 2457 111 58 a
311 2457 133 58 eu
377 2457 133 58 la
443 2457 199 58 bonté
576 2457 133 58 de
642 2457 155 58 lui
731 2457 221 58 donner
885 2457 133 58 en
952 2457 177 58 même
1062 2457 199 58 temps
1195 2457 155 58 une
1283 2457 221 58 marque
1416 2457 88 58 de

109 2509 266 48 souvenir
308 2509 155 48 qui
397 2509 155 48 lui
486 2509 155 48 est
574 2509 421 48 très-prècieuse,
929 2509 133 48 et
995 2509 133 48 un
1062 2509 244 48 ouvrage
1239 2509 266 48 (Corinne
1416 2509 89 48 ou

110 2557 259 47 l’Italie)
310 2557 140 47 qui
389 2557 140 47 l’a
469 2557 239 47 vivement
649 2557 259 47 intéressé
848 2557 120 47 et
908 2557 239 47 beaucoup
1088 2557 259 47 instruit.
1287 2557 120 47 Il
1347 2557 120 47 ne
1387 2557 120 47 peut

112 2602 143 54 lui
193 2602 164 54 dire
296 2602 184 54 assez
418 2602 225 54 combien
582 2602 123 54 il
643 2602 143 54 est
725 2602 348 54 reconnaissant
1011 2602 123 54 de
1073 2602 184 54 l’une
1195 2602 123 54 et
1257 2602 123 54 de
1298 2602 204 54 l’autre.

113 2651 125 54 La
176 2651 291 54 magnifique
404 2651 208 54 Italie
549 2651 145 54 est
632 2651 291 54 ravissante
861 2651 187 54 quand
985 2651 187 54 c’est
1110 2651 166 54 elle
1213 2651 145 54 qui
1296 2651 187 54 peint
1400 2651 104 54 ses

111 2698 246 61 charmes,
295 2698 143 61 car
377 2698 184 61 c’est
500 2698 287 61 réellement
725 2698 164 61 elle
828 2698 143 61 qui
910 2698 184 61 monte
1033 2698 123 61 au
1094 2698 266 61 Capitole,
1299 2698 102 61 y
1320 2698 184 61 cueille

109 2745 202 72 toutes
250 2745 141 72 les
331 2745 222 72 palmes,
493 2745 121 72 et
553 2745 101 72 y
594 2745 202 72 trouve
735 2745 162 72 tous
836 2745 141 72 les
917 2745 202 72 genres
1058 2745 121 72 de
1119 2745 202 72 gloire
1261 2745 141 72 des
1321 2745 182 72 beautés
