1470 2308
629 240 123 82 —
678 240 147 82 95
727 240 74 82 —

467 341 311 74 CASSAGNE
675 341 285 74 (Armand),

565 419 89 49 Né
610 419 89 49 au
654 419 148 49 Landin
743 419 133 49 (Eure).

449 464 178 55 Médailles
586 464 178 55 d’argent,
723 464 137 55 Rouen,
805 464 191 55 Montpellier.

551 507 102 59 Rue
610 507 87 59 du
653 507 116 59 Bac,
726 507 102 59 12,
770 507 116 59 Paris.

282 553 143 69 417.
372 553 161 69 Sites
479 553 287 69 pittoresques
712 553 108 69 de
766 553 108 69 la
820 553 161 69 forêt
927 553 108 69 de
963 553 197 69 Fontaine

422 607 167 58 bleau.
522 607 250 58 (Aquarelles.)

281 655 143 76 418.
371 655 108 76 La
424 655 161 76 forêt
532 655 125 76 des
604 655 197 76 Sapins,
747 655 161 76 effet
854 655 108 76 du
908 655 179 76 matin.
1016 655 143 76 (Aqua

403 698 147 53 relle.)

281 738 144 73 419.
371 738 126 73 Les
443 738 180 73 Chênes
569 738 108 73 du
623 738 144 73 bois
713 738 108 73 de
766 738 216 73 Boulogne
910 738 252 73 (Aquarelle.)

798 802 135 78 (Voir
899 802 56 78 à
922 802 68 78 la
944 802 180 78 peinture)

418 932 386 92 CHARPENTIER
701 932 309 92 (Édouard),

423 1014 78 56 Né
462 1014 65 56 à
488 1014 130 56 Rouen,
579 1014 156 56 élève
696 1014 78 56 de
736 1014 78 56 M.
775 1014 143 56 Gustave
866 1014 156 56 Morin

506 1061 111 64 Rue
569 1061 237 64 Pemme-d'Or,
759 1061 111 64 23,
807 1061 126 64 Rouen.

282 1106 143 67 420.
371 1106 161 67 Forêt
478 1106 161 67 verte
585 1106 196 67 (Dessin
728 1106 107 67 au
764 1106 178 67 crayon.)

282 1166 145 69 421.
373 1166 163 69 Etude
481 1166 290 69 d’intérieur.
699 1166 91 69 de.

275 1219 198 64 422.
399 1219 149 64 La
473 1219 297 64 Veillée.
671 1219 124 64 de.

383 1357 283 74 COURAYE
589 1357 154 74 DU
666 1357 206 74 PARC
769 1357 283 74 (Léonor),

421 1427 75 54 Né
458 1427 62 54 à
483 1427 150 54 Saint-Lô
595 1427 162 54 (Manche),
720 1427 150 54 élève
832 1427 75 54 de
869 1427 75 54 M.
894 1427 137 54 Huet

335 1470 186 54 Médailles
478 1470 186 54 d’argent,
621 1470 129 54 Caen,
707 1470 129 54 1862;
792 1470 129 54 d’or,
878 1470 186 54 Saint-Lô,
1007 1470 100 54 1866.

445 1517 89 59 Au
490 1517 118 59 Tot,
564 1517 163 59 commune
682 1517 222 59 d’Annoville
845 1517 163 59 (Manche).

284 1565 163 73 423.
385 1565 224 73 Rochers
548 1565 122 73 du
609 1565 387 73 Mont-St-Michel,
935 1565 163 73 côté
1017 1565 143 73 nord.

403 1617 194 56 (Fusain)

287 1654 149 70 424.
380 1654 223 70 Chapelle
548 1654 112 70 de
603 1654 260 70 St-Aubert,
808 1654 112 70 au
845 1654 316 70 Mont

409 1710 194 59 (Fusain.)

288 1758 140 69 425.
376 1758 193 69 Roches,
516 1758 123 69 vue
586 1758 158 69 prise
691 1758 88 69 à
726 1758 210 69 Mortain.
866 1758 193 69 (Fusain.)
