1476 2346
705 261 147 76 96
754 261 74 76 —

506 359 281 94 DÉGLISE
685 359 281 94 (Edmond),

527 438 69 65 Né
561 438 57 65 à
584 438 114 65 Paris,
664 438 137 65 élève
766 438 69 65 de
801 438 69 65 M.
823 438 126 65 Yvon

481 479 109 73 Rue
544 479 109 73 des
606 479 264 73 Saints-Pères,
823 479 109 73 17,
870 479 124 73 Paris.

297 529 150 87 426.
391 529 112 87 Le
447 529 206 87 Clocher
596 529 112 87 de
653 529 224 87 St-Cloud
821 529 112 87 et
877 529 112 87 la
933 529 187 87 vallée
1064 529 112 87 de
1101 529 75 87 la

439 576 171 66 Seine.
541 576 188 66 (Fusain.)

297 616 139 90 427.
384 616 191 90 Dessous
523 616 104 90 de
575 616 157 90 bois,
679 616 87 90 à
714 616 191 90 Sèvres.
836 616 191 90 (Fusain.)

811 699 136 72 (Voir
913 699 57 72 à
935 699 68 72 la
958 699 181 72 peinture)

490 911 299 85 DELAMARE
690 911 274 85 (Victor),

296 980 76 78 Né
334 980 63 78 à
360 980 127 78 Rouen,
448 980 76 78 en
486 980 114 78 1811,
562 980 101 78 mort
626 980 63 78 à
651 980 127 78 Vitré,
740 980 76 78 en
777 980 114 78 1868,
853 980 152 78 élève
967 980 76 78 de
993 980 177 78 Chaumont

326 1032 121 81 et
406 1032 80 81 H.
446 1032 174 81 Langlois,
580 1032 228 81 ex-directeurs
768 1032 80 81 de
808 1032 188 81 l'Académie
956 1032 80 81 de
982 1032 188 81 peinture

327 1068 84 51 de
374 1068 113 51 Rouen

287 1131 146 73 428.
378 1131 182 73 Chemin
506 1131 128 73 des
579 1131 164 73 Bains
688 1131 91 73 à
724 1131 274 73 Villerville
925 1131 237 73 (Calvados).

412 1173 185 56 (Dessin.)

286 1219 141 83 429.
374 1219 176 83 Ruines
498 1219 88 83 à
533 1219 370 83 Beaumont-le-Roger
850 1219 194 83 (Eure).
973 1219 194 83 (Dessin.)

457 1281 255 55 (Appartiennent
669 1281 85 55 au
712 1281 127 55 Musée
797 1281 85 55 de
825 1281 170 55 Peinture).

467 1478 313 86 DUQUESNE
675 1478 287 86 (Eugène),

626 1557 97 61 Né
674 1557 81 61 à
691 1557 129 61 Rouen.

501 1602 101 92 Rue
558 1602 260 92 Saint-Nicolas,
775 1602 101 92 48,
818 1602 116 92 Rouen.

280 1648 148 83 430.
372 1648 111 83 Un
427 1648 203 83 Marché.
557 1648 203 83 (Dessin.)

276 1700 151 78 431.
370 1700 188 78 Chemin
502 1700 188 78 creux.
615 1700 94 78 de.

275 1753 144 83 432.
365 1753 180 83 Vallée
491 1753 234 83 normande.
652 1753 252 83 (Aquarelle.)
