1476 2346
718 278 116 60 —
764 278 163 60 102
834 278 70 60 —

604 370 239 83 OUVRIÉ
748 370 263 83 (Justin),

564 450 71 50 Né
600 450 59 50 à
623 450 119 50 Paris,
706 450 142 50 élève
813 450 119 50 d’Abel
896 450 71 50 de
920 450 142 50 Pujol

417 496 176 65 Médailles
553 496 81 65 de
594 496 108 65 1re,
661 496 81 65 2e
702 496 81 65 et
743 496 81 65 3e
783 496 149 65 classe;
891 496 176 65 Chevalier
1027 496 81 65 de
1068 496 81 65 la
1095 496 108 65 Légion

620 547 206 52 d'honneur;
782 547 117 52 hors
841 547 161 52 concours.

369 584 143 60 465.
458 584 107 60 Le
512 584 196 60 château
655 584 107 60 de
708 584 268 60 Pierrefonds
922 584 107 60 en
976 584 161 60 1865,
1083 584 161 60 avant
1172 584 71 60 sa

513 634 202 61 complète
665 634 287 61 restauration.
884 634 219 61 (Aquarelle)

888 683 137 60 (Voir
990 683 57 60 à
1013 683 69 60 la
1036 683 183 60 peinture)

420 818 341 69 PARMENTIER
687 818 195 69 (Mme
809 818 268 69 Eugénie
979 818 219 69 MORIN),

407 882 100 85 Née
464 882 72 85 à
493 882 143 85 Rouen,
593 882 172 85 élève
722 882 86 85 de
765 882 86 85 M.
808 882 158 85 Gusiave
922 882 143 85 Morin,
1023 882 100 85 son
1065 882 158 85 père

718 940 83 52 et
773 940 55 52 de
791 940 120 52 Belloc

377 976 178 64 Médaille
510 976 74 64 à
540 976 133 64 Caen;
629 976 178 64 Médaille
762 976 118 64 d’or
836 976 89 64 de
881 976 207 64 l’Académie
1044 976 104 64 des
1088 976 163 64 Sciences,

410 1020 249 39 Belles-Lettres
618 1020 83 39 et
659 1020 111 39 Arts
729 1020 83 39 de
770 1020 139 39 Rouen;
867 1020 166 39 Médaille
992 1020 111 39 d’or
1061 1020 83 39 de
1103 1020 83 39 la
1130 1020 125 39 Société

409 1051 98 39 des
465 1051 239 39 Amis-des-Arts
662 1051 84 39 de
704 1051 141 39 Rouen;
802 1051 169 39 Médaille
929 1051 126 39 d'or,
1013 1051 141 39 Paris,
1111 1051 126 39 1864.
1182 1051 70 39 Ex.

590 1086 183 54 Boulevard
731 1086 85 54 de
773 1086 155 54 Clichy,
886 1086 99 54 49,
928 1086 113 54 Paris.

375 1120 143 67 466.
464 1120 214 67 Portrait
625 1120 125 67 des
697 1120 196 67 enfants
839 1120 107 67 de
893 1120 107 67 M.
946 1120 107 67 R.
1000 1120 125 67 G.,
1071 1120 107 67 du
1107 1120 143 67 Havre.

493 1183 241 64 (Aquarelle)

375 1231 139 68 467.
462 1231 209 68 Etretat.
601 1231 244 68 (Aquarelle.)

376 1286 151 60 468.
471 1286 265 60 Trouville.
660 1286 94 60 de.

890 1327 136 74 (Voir
992 1327 57 74 à
1014 1327 68 74 la
1037 1327 181 74 peinture)

420 1469 573 79 PIETTE-MONFOUCAULT
889 1469 312 79 (Ludovic),

423 1550 77 61 Né
462 1550 64 61 à
487 1550 116 61 Niort
564 1550 231 61 (Deux-Sèvres),
757 1550 154 61 élève
872 1550 77 61 de
911 1550 77 61 M.
949 1550 141 61 Faustin
1039 1550 167 61 Besson

474 1600 157 58 Mention
588 1600 185 58 honorable
730 1600 85 58 et
773 1600 171 58 Médaille
901 1600 171 58 d'argent
1029 1600 71 58 à
1043 1600 114 58 Rouen.

563 1637 72 61 A
591 1637 187 61 Melleray,
735 1637 115 61 près
807 1637 144 61 Lassay
893 1637 172 61 (Mayenne).

413 1685 127 101 9.
476 1685 127 101 1,
540 1685 148 101 Les
625 1685 212 101 Foins.
773 1685 106 101 J
795 1685 254 101 Aquareles.

482 1734 199 86 avant
592 1734 243 86 l’orage.)

887 1780 137 69 (Voir
989 1780 57 69 à
1012 1780 68 69 la
1035 1780 182 69 peinture)
