1470 2308
313 424 372 61 ARRÈTÉ
536 424 558 61 RÉGLEMENTAIRE

530 480 113 114 DU
587 480 113 114 16
643 480 207 114 JANVIER
774 480 132 114 1869.

330 786 197 73 Nous,
477 786 148 73 Maire
576 786 99 73 de
609 786 197 73 Rouen

321 922 107 84 Vu
375 922 160 84 notre
481 922 196 84 arrêté,
624 922 107 84 en
677 922 142 84 date
766 922 107 84 du
819 922 89 84 4
855 922 196 84 janvier
979 922 178 84 courant,

283 990 179 58 fixant,
413 990 97 58 au
461 990 81 58 8
494 990 146 58 avril
591 990 211 58 prochain,
754 990 244 58 l’ouverture
949 990 97 58 de
981 990 179 58 l’Exposi-

283 1049 137 57 tion
369 1049 241 57 municipale
558 1049 120 57 des
626 1049 258 57 Beaux-Arts,
833 1049 137 57 pour
918 1049 189 57 l’année
1039 1049 120 57 1869;

323 1098 99 75 Vu
372 1098 99 75 le
421 1098 165 75 budget
537 1098 99 75 de
586 1098 99 75 la
635 1098 165 75 Ville,
751 1098 132 75 pour
833 1098 230 75 l’exercice
1014 1098 148 75 1869,
1096 1098 66 75 et

284 1158 102 88 la
335 1158 271 88 délibération
555 1158 102 88 du
606 1158 186 88 Conseil
741 1158 237 88 municipal,
927 1158 102 88 du
978 1158 102 88 15
1012 1158 152 88 janvier

262 1215 188 52 courant;

321 1234 281 85 Considérant
546 1234 131 85 que
621 1234 112 85 le
677 1234 206 85 Conseil
827 1234 262 85 municipal,
1033 1234 131 85 par
1089 1234 75 85 sa

283 1313 276 64 délibération
507 1313 104 64 du
559 1313 104 64 15
611 1313 207 64 janvier,
766 1313 86 64 a
801 1313 207 64 augmenté
939 1313 224 64 notablement

286 1362 112 57 les
350 1362 224 57 ressources
526 1362 208 57 affectées
686 1362 80 57 à
718 1362 256 57 l’Exposition
926 1362 224 57 municipale
1086 1362 80 57 des

286 1416 243 63 Beaux-Arts,
480 1416 97 63 et
529 1416 178 63 décidé:
659 1416 162 63 qu’une
772 1416 227 63 allocation
950 1416 97 63 de
999 1416 146 63 1,500
1080 1416 81 63 fr.

284 1467 169 64 serait
403 1467 203 64 accordée
555 1467 85 64 à
589 1467 102 64 la
640 1467 186 64 Société
775 1467 119 64 des
843 1467 136 64 Amis
928 1467 119 64 des
996 1467 152 64 Arts,
1080 1467 85 64 les

286 1519 130 59 deux
367 1519 147 59 tiers
465 1519 81 59 à
497 1519 147 59 titre
595 1519 195 59 purement
742 1519 195 59 gratuit,
888 1519 98 59 le
937 1519 179 59 dernier
1051 1519 114 59 tiers

285 1577 249 53 moyennant
476 1577 115 53 la
534 1577 192 53 remise
668 1577 153 53 d’un
764 1577 192 53 nombre
879 1577 287 53 correspondant

285 1631 101 54 de
336 1631 185 54 billets
471 1631 101 54 de
521 1631 101 54 sa
572 1631 202 54 loterie;
724 1631 169 54 qu’une
842 1631 152 54 somme
943 1631 101 54 de
993 1631 152 54 1,500
1078 1631 84 54 fr.

287 1676 157 54 serait
397 1676 188 54 affectée
538 1676 78 54 à
569 1676 94 54 la
616 1676 251 54 distribution
820 1676 110 54 des
883 1676 219 54 médailles,
1055 1676 94 54 et
1087 1676 78 54 en-

286 1729 149 69 fin,
380 1729 187 69 qu’une
510 1729 168 69 somme
622 1729 112 69 de
678 1729 168 69 4,500
791 1729 131 69 fr.
865 1729 112 69 et
921 1729 112 69 la
977 1729 187 69 moitié
1089 1729 75 69 du
