1470 2308
591 222 119 61 —
639 222 166 61 105
710 222 71 61 —

373 325 284 69 CARPEAUX
563 325 426 69 (Jean

308 385 76 58 Né
346 385 63 58 à
371 385 202 58 Valenciennes
535 385 139 58 (Nord),
636 385 151 58 élève
750 385 76 58 de
788 385 101 58 Rude
851 385 76 58 et
888 385 76 58 de
914 385 151 58 Duret

341 440 185 50 Chevalier
483 440 85 50 de
526 440 85 50 la
568 440 142 50 Légion
668 440 199 50 d'honneur;
824 440 114 50 hors
881 440 156 50 concours.

471 474 97 58 Rue
526 474 166 58 Boileau,
651 474 97 58 71,
692 474 221 58 Auteuil

250 517 142 69 483.
339 517 195 69 Pêcheur
481 517 266 69 napolitain.
676 517 195 69 (Bronze.)

253 569 132 63 484.
335 569 148 63 Jeune
434 569 148 63 fille
532 569 82 63 à
565 569 99 63 la
615 569 214 63 coquille.
763 569 181 63 (Bronze.)

254 623 144 66 485.
344 623 198 66 Rieuse.
470 623 198 66 (Bronze.)

423 719 307 73 DENÉCHAU
628 719 333 73 (Séraphin),

292 786 87 59 Né
335 786 72 59 à
364 786 159 59 Angers,
479 786 173 59 élève
610 786 87 59 de
653 786 130 59 David
740 786 188 59 d’Angers,
884 786 87 59 de
928 786 87 59 F.
956 786 145 59 Rude

564 824 99 61 et
630 824 66 61 de
663 824 66 61 M.
685 824 153 61 Mercier

443 865 100 73 Rue
500 865 86 73 de
543 865 86 73 la
586 865 257 73 Rochefoucauld,
800 865 100 73 46,
843 865 114 73 Paris.

259 922 141 57 486.
348 922 247 57 Bacchante.
524 922 283 57 (Terre

408 1035 385 62 DOUBLEMARD
683 1035 303 62 (Amédée),

428 1094 73 55 Né
464 1094 61 55 à
489 1094 146 55 Beaurain
598 1094 134 55 (Nord),
695 1094 146 55 élève
804 1094 73 55 de
828 1094 146 55 Duret

377 1136 114 59 Prix
448 1136 85 59 de
491 1136 128 59 Rome,
576 1136 128 59 1855;
661 1136 171 59 Médaille
789 1136 85 59 3e
832 1136 156 59 classe,
931 1136 100 59 1863.

484 1185 189 61 Boulevard
629 1185 276 61 Richard-Lenoir,
846 1185 87 61 109.

263 1230 147 68 487.
354 1230 165 68 Buste
465 1230 110 68 de
520 1230 220 68 l’amiral
666 1230 184 68 Hamelin.

263 1281 146 56 488.
354 1281 165 56 Buste
464 1281 110 56 de
519 1281 110 56 M.
574 1281 201 56 Thomas,
720 1281 238 56 Président
903 1281 128 56 des
958 1281 183 56 Notaires

406 1340 86 53 à
423 1340 138 53 Paris.

265 1384 149 58 489.
359 1384 242 58 Education
545 1384 112 58 de
601 1384 224 58 Bacchus.
768 1384 205 58 (Groupe
917 1384 112 58 en
955 1384 186 58 bronze.)

509 1487 251 80 HÉBERT
659 1487 251 80 (Émile),

619 1552 91 55 Né
664 1552 76 55 à
680 1552 121 55 Paris.

461 1584 157 65 Impasse
575 1584 86 65 du
618 1584 229 65 Moulin-Joly,
804 1584 100 65 11,
847 1584 114 65 Paris.

268 1644 142 63 490.
357 1644 106 63 La
410 1644 212 63 Pologne.
569 1644 248 63 (Médaillon
764 1644 106 63 en
799 1644 177 63 bronze).

267 1696 160 62 491.
367 1696 120 62 Et
427 1696 320 62 toujours!...
687 1696 120 62 Et
746 1696 240 62 jamais!I
926 1696 220 62 (Groupe
1066 1696 80 62 en

396 1741 183 57 bronze.)
