1476 2346
578 263 115 65 —
624 263 161 65 108
693 263 69 65 —

325 358 283 79 DELAUNEY
514 358 495 79 (Alexandre

500 422 86 60 Né
543 422 72 60 à
571 422 172 60 Gouville
686 422 158 60 (Manche).

466 470 115 48 Rue
531 470 99 48 de
581 470 165 48 Seine,
696 470 115 48 39,
745 470 132 48 Paris.

227 496 141 96 503.
316 496 124 96 Dix
386 496 141 96 vues
475 496 106 96 de
528 496 159 96 Paris
634 496 106 96 et
687 496 124 96 une
758 496 124 96 vue
828 496 106 96 de
881 496 247 96 St-Pierre,
1058 496 53 96 à

351 560 140 63 Caen.

378 676 286 76 FRANÇOIS
569 676 381 76 (Henry

281 740 74 61 Né
318 740 62 61 à
343 740 211 61 Vers-le-Petit
516 740 248 61 (Seine-et-Oise),
727 740 149 61 élève
839 740 74 61 de
876 740 87 61 MM.
913 740 149 61 Bonnat

591 790 85 52 et
638 790 113 52 Chapu

432 817 163 62 Médaille
554 817 176 62 d'argent,
690 817 81 62 le
731 817 136 62 Havre,
812 817 95 62 1868.

403 866 113 65 Rue
467 866 113 65 des
532 866 274 65 Trois-Frères,
758 866 113 65 39,
806 866 129 65 Paiis.

331 914 189 73 «Vénus
463 914 189 73 venant
596 914 113 73 de
652 914 227 73 désarmer
823 914 227 73 l’Amour.
974 914 132 73 (Gra-

496 969 136 65 vuré
581 969 119 65 sur
649 969 187 65 pierres
768 969 136 65 fines)

372 1014 116 90 S.
430 1014 155 90 Exc.
526 1014 116 90 le
584 1014 135 90 duc
662 1014 116 90 de
720 1014 193 90 Morny.
855 1014 232 90 (Gravure
1009 1014 97 90 sur

495 1074 179 64 pierres
609 1074 146 64 fines.)

373 1118 113 67 Le
430 1118 206 67 Départ,
580 1118 206 67 d'après
730 1118 263 67 Gerometti.
917 1118 188 67 (Gravure

329 1176 109 78 V
373 1176 153 78 sur
460 1176 240 78 pierres
613 1176 196 78 fines.)

455 1287 224 86 HAMEL
580 1287 274 86 (Victor),

367 1365 83 61 Né
409 1365 69 61 à
436 1365 152 61 Fécamp,
547 1365 166 61 élève
671 1365 83 61 de
712 1365 83 61 P.
740 1365 207 61 Vasselin

432 1415 158 53 Mention
546 1415 201 53 honcrable,
704 1415 143 53 Rouen,
790 1415 100 53 1862.

404 1453 126 62 Quai
483 1453 110 62 des
546 1453 189 62 Pilotes,
688 1453 110 62 54,
751 1453 79 62 à
767 1453 142 62 Fécamp.

215 1496 147 58 505.
306 1496 202 58 Vieille
453 1496 202 58 Fileuse
600 1496 239 58 normande.
784 1496 220 58 (Gravure
949 1496 92 58 à
967 1496 129 58 l’eau

359 1550 125 65 forte
443 1550 111 65 pour
512 1550 292 65 l'Illustration
748 1550 223 65 nouvelle).

215 1604 142 62 506.
304 1604 106 62 Le
357 1604 159 62 Singe
463 1604 283 62 photographe.
693 1604 212 62 (gravure
852 1604 88 62 à
870 1604 230 62 l’eau

353 1655 195 68 d’après
495 1655 106 68 le
548 1655 195 68 tableau
690 1655 106 68 de
743 1655 124 68 Ph.
796 1655 212 68 Rousseau.)

213 1701 147 95 507.
304 1701 220 95 Pêcheurs
470 1701 257 95 d’Etretat.
672 1701 220 95 (Gravure
837 1701 92 95 à
855 1701 239 95 l’eau

352 1761 194 78 d’après
493 1761 106 78 Le
529 1761 211 78 Poitevin.)
