1470 2308
638 214 118 69 —
662 214 118 69 109

494 309 227 80 JACOTT
631 309 341 80 (Jean

451 390 73 61 Né
487 390 61 61 à
512 390 98 61 Metz
573 390 171 61 (Moselle),
707 390 147 61 élève
817 390 73 61 de
842 390 183 61 Maréchal

528 444 96 60 Rue
583 444 164 60 Bellini,
706 444 110 60 1er,
761 444 178 60 Passy

296 485 152 78 508.
391 485 114 78 La
448 485 209 78 Luxure,
601 485 305 78 lithographie
848 485 209 78 d’après
1001 485 114 78 A.
1039 485 133 78 Yvon,

440 552 156 56 (tiré
544 552 104 56 de
596 552 191 56 l’enfer
734 552 104 56 de
769 552 156 56 Dante.)

285 597 253 75 509.
443 597 443 75 L’Orgueil,
791 597 221 75 de.
886 597 158 75 de.

492 830 349 82 JACQUEMART
741 830 249 82 (Jules),

537 896 93 68 Né
584 896 78 68 à
615 896 155 68 Paris;
724 896 124 68 hors
786 896 171 68 concours.

570 954 94 55 Rue
623 954 188 55 Pergolèse,
771 954 108 55 1er,
825 954 108 55 Paris.

311 1003 123 66 510.
388 1003 185 66 Gravures
526 1003 77 66 à
557 1003 231 66 l’eau-forte
742 1003 139 66 (pour
835 1003 200 66 l’ouvrage
989 1003 77 66 «
1004 1003 185 66 les

452 1061 212 66 gemmes
615 1061 98 66 et
664 1061 163 66 joyaux
778 1061 98 66 de
828 1061 98 66 la
877 1061 294 66 Couronne»
1105 1061 82 66 par

449 1116 100 65 M
489 1116 199 65 Barbet
629 1116 120 65 de
668 1116 160 65 Jouy).

312 1166 140 80 511.
400 1166 228 80 Portrait,
576 1166 193 80 d’après
716 1166 158 80 Franz
804 1166 105 80 Hals

511 1394 291 85 LALANNE
696 1394 291 85 (Maxime),

513 1476 74 53 Né
550 1476 62 53 à
574 1476 160 53 Bordeaux,
698 1476 148 53 élève
809 1476 74 53 de
834 1476 160 53 Gigoux

350 1512 168 80 Médaille
476 1512 70 80 à
504 1512 140 80 Paris,
602 1512 126 80 1866;
686 1512 182 80 Chevalier
827 1512 98 80 des
883 1512 140 80 ordres
981 1512 84 80 du
1023 1512 140 80 Christ
1107 1512 56 80 de

387 1561 170 64 Portugal
514 1561 85 64 et
557 1561 85 64 de
599 1561 382 64 Saint-Grégoire-le-Grand
938 1561 85 64 de
981 1561 127 64 Rome.
1051 1561 71 64 Ex.

529 1608 186 67 Boulevard
672 1608 214 67 Montmartre,
843 1608 86 67 5,
872 1608 114 67 Paris.

317 1664 142 85 512.
406 1664 195 85 Animaux
548 1664 106 85 au
601 1664 231 85 pâturage.
761 1664 248 85 (Eau

851 1721 137 70 (Voir
953 1721 80 70 aux
988 1721 171 70 dessins)
