1446 2316
680 251 134 64 —
734 251 134 64 6
761 251 80 64 —

324 358 197 71 produit
467 358 125 71 des
539 358 179 71 droits
664 358 215 71 d’entrée
825 358 215 71 seraient
986 358 233 71 employées
1147 358 54 71 à

324 407 188 65 l’achat
460 407 102 65 de
512 407 205 65 tableaux
665 407 136 65 pour
750 407 102 65 le
785 407 136 65 Musée;

364 459 251 55 Considérant
565 459 151 55 qu’il
666 459 84 55 y
699 459 84 55 a
733 459 134 55 lieu
817 459 101 55 de
867 459 235 55 déterminer
1051 459 117 55 les
1101 459 101 55 con-

323 515 186 50 ditions
458 515 254 50 d’admission
662 515 118 50 des
729 515 203 50 artistes
881 515 102 50 et
932 515 203 50 d’entrée
1085 515 102 50 du
1118 515 85 50 pu-

322 560 128 55 blic
402 560 80 55 à
434 560 144 55 cette
530 560 240 55 exhibition,
722 560 144 55 ainsi
819 560 112 55 que
883 560 112 55 les
947 560 176 55 mesures
1059 560 144 55 propres

321 619 92 65 à
357 619 92 65 y
394 619 238 65 maintenir
577 619 128 65 une
651 619 183 65 exacte
779 619 293 65 surveillance
1018 619 110 65 et
1073 619 110 65 le
1109 619 92 65 bon

301 667 152 58 ordre;

396 785 227 85 AVONS
522 785 227 85 ARRÉTÉ:

658 901 168 75 TITRE
752 901 112 75 Ier.

493 1002 263 72 Ouverture
706 1002 99 72 de
739 1002 296 72 l’Exposition

365 1085 139 80 ART.
452 1085 139 80 1er.
539 1085 87 80 —
574 1085 105 80 La
626 1085 157 80 XXIIe
731 1085 244 80 Exposition
922 1085 209 80 d’œuvres
1062 1085 139 80 d’art,

324 1135 233 70 organisée
503 1135 126 70 par
575 1135 108 70 la
629 1135 161 70 Ville
737 1135 108 70 de
790 1135 179 70 Rouen,
916 1135 144 70 sera
1006 1135 197 70 ouverte
1131 1135 72 70 le

325 1195 82 57 8
357 1195 148 57 avril
456 1195 214 57 prochain,
621 1195 99 57 et
670 1195 148 57 close
769 1195 99 57 le
819 1195 99 57 23
868 1195 115 57 mai
917 1195 165 57 suivant.

364 1237 143 72 ART.
453 1237 107 72 2.
507 1237 89 72 —
542 1237 160 72 Cette
649 1237 250 72 exhibition
845 1237 143 72 sera
935 1237 232 72 installée
1095 1237 107 72 dans

326 1299 125 65 les
398 1299 179 65 salons
523 1299 107 65 et
577 1299 143 65 dans
666 1299 107 65 la
720 1299 179 65 grande
845 1299 197 65 galerie
988 1299 107 65 du
1042 1299 179 65 Musée,
1149 1299 54 65 à

311 1350 303 75 l’Hôtel

659 1429 183 72 TITRE
760 1429 102 72 II.

348 1492 285 101 Conditions
583 1492 318 101 d’admissibilité
851 1492 101 101 et
884 1492 302 101 dispositions

547 1570 239 75 relatives
742 1570 105 75 aux
786 1570 195 75 envois

368 1642 139 56 ART.
454 1642 104 56 3.
507 1642 87 56 —
541 1642 122 56 Les
611 1642 174 56 œuvres
732 1642 174 56 d’art,
854 1642 243 56 peintures,
1027 1642 174 56 dessins,

325 1698 246 62 sculptures
519 1698 105 62 et
571 1698 211 62 gravures
729 1698 176 62 seront
852 1698 193 62 admises
992 1698 88 62 à
1010 1698 193 62 l’Exposi-

329 1758 143 59 tion,
425 1758 159 59 quelle
536 1758 112 59 que
600 1758 128 59 soit
680 1758 207 59 l’origine
839 1758 96 59 de
887 1758 143 59 leurs
967 1758 159 59 auteurs.
