1446 2316
731 220 150 67 10
781 220 75 67 —

332 303 227 87 scriptions
510 303 97 87 de
559 303 97 87 la
608 303 162 87 Ville,
722 303 97 87 de
770 303 162 87 celles
884 303 97 87 de
933 303 162 87 ladite
1030 303 179 87 Compagnie

331 369 95 62 et
379 369 111 62 des
426 369 237 62 particuliers.

368 420 115 81 La
425 420 211 81 seconde
579 420 192 81 moitié
713 420 115 81 du
770 420 211 81 produit
923 420 134 81 des
1000 420 211 81 entrées
1134 420 134 81 sera»

327 478 204 72 affectée
480 478 119 72 aux
548 478 153 72 mêmes
633 478 255 72 acquisitions.

655 596 192 75 TITRE
761 596 107 75 IV.

538 697 201 73 Entrée
692 697 77 73 à
707 697 278 73 l’Exposition

363 821 137 66 ART.
449 821 120 66 17.
517 821 86 66 —
551 821 206 66 L’entrée
706 821 86 66 à
740 821 274 66 l’Exposition
963 821 240 66 municipale
1134 821 69 66 de

323 874 199 52 tableaux
473 874 100 52 et
523 874 166 52 objets
639 874 149 52 d’art
738 874 133 52 sera
821 874 183 52 soumise
954 874 83 52 à
987 874 116 52 une
1037 874 166 52 rétribu

307 919 115 57 tion.

362 967 137 73 ART.
447 967 120 73 18.
516 967 85 73 —
550 967 154 73 Cette
652 967 273 73 rétribution,
874 967 103 73 ou
926 967 154 73 droit
1011 967 188 73 d’entrée,

322 1019 116 70 est
389 1019 149 70 fixée
488 1019 83 70 à
522 1019 100 70 25
571 1019 199 70 centimes
721 1019 116 70 par
770 1019 183 70 personne.

361 1078 125 59 Les
433 1078 196 59 enfants
575 1078 250 59 au-dessous
772 1078 107 59 de
825 1078 125 59 six
897 1078 143 59 ans,
968 1078 232 59 accompagnés

321 1137 96 52 de
369 1137 145 52 leurs
466 1137 193 52 parents,
610 1137 193 52 jouiront
755 1137 96 52 de
803 1137 193 52 l’entrée
931 1137 177 52 gratuite.

360 1188 135 61 ART.
444 1188 118 61 19.
512 1188 84 61 —
545 1188 101 61 Le
596 1188 185 61 produit
730 1188 118 61 net
797 1188 118 61 des
865 1188 168 61 droits
982 1188 202 61 d’entrée
1117 1188 84 61 est

321 1228 110 68 dès
384 1228 79 68 à
416 1228 173 68 présent
541 1228 189 68 affecté,
683 1228 126 68 pour
761 1228 173 68 moitié,
887 1228 141 68 ainsi
981 1228 141 68 qu’il
1075 1228 110 68 est
1122 1228 79 68 dit

320 1292 242 53 ci-dessus,
510 1292 138 53 art.
596 1292 121 53 15,
665 1292 86 53 à
699 1292 190 53 l’achat
838 1292 207 53 d’œuvres
993 1292 224 53 destinées
1148 1292 52 53 à

320 1333 152 58 faire
421 1333 169 58 partie
539 1333 101 58 du
573 1333 135 58 Musée.

360 1385 137 77 ART.
445 1385 137 77 20.—
531 1385 188 77 L’autre
668 1385 171 77 moitié
788 1385 171 77 pourra
907 1385 137 77 être
993 1385 171 77 remise
1112 1385 86 77 à
1130 1385 68 77 la

320 1448 183 49 Société
453 1448 116 49 des
520 1448 133 49 Amis
603 1448 116 49 des
669 1448 149 49 Arts,
769 1448 133 49 pour
851 1448 133 49 être
934 1448 199 49 employée
1067 1448 133 49 égale-

319 1506 141 56 ment
407 1506 88 56 à
443 1506 299 56 l’acquisition
689 1506 106 56 de
742 1506 211 56 tableaux
900 1506 211 56 exposés,
1041 1506 158 56 confor-

320 1560 162 54 mément
433 1560 81 54 à
466 1560 211 54 l’article
628 1560 97 54 16
677 1560 227 54 ci-dessus;
856 1560 162 54 ladite
970 1560 179 54 Société
1083 1560 114 54 déli-

316 1605 182 59 vrerait
449 1605 99 59 en
499 1605 182 59 échange
631 1605 99 59 un
681 1605 166 59 nombre
797 1605 99 59 de
847 1605 116 59 ses
913 1605 182 59 billets
1029 1605 166 59 d’action

316 1660 299 59 correspondant
562 1660 105 59 au
615 1660 193 59 produit
756 1660 105 59 de
808 1660 158 59 cette
914 1660 176 59 moitié
1037 1660 105 59 du
1072 1660 123 59 droit

319 1708 219 70 d’entrée.
488 1708 118 70 Les
555 1708 169 70 œuvres
673 1708 185 70 gagnées
808 1708 118 70 par
876 1708 118 70 ces
943 1708 185 70 billets
1061 1708 135 70 seront
