1470 2308
662 219 131 65 —
688 219 105 65 13

315 321 82 70 à
347 321 197 70 laquelle
495 321 164 70 auront
609 321 147 70 droit
708 321 98 70 de
757 321 229 70 participer
937 321 115 70 les
1002 321 197 70 porteurs
1133 321 66 70 de

318 365 170 82 billets
441 365 92 82 de
487 365 170 82 loterie
610 365 185 82 détachés
749 365 92 82 du
795 365 154 82 billet
903 365 185 82 d’entrée
1042 365 92 82 de
1073 365 123 82 vingt-

313 429 133 62 cinq
397 429 216 62 centimes,
563 429 133 62 sera
646 429 150 62 tirée
746 429 150 62 après
846 429 266 62 l’Exposition
1062 429 100 62 et
1095 429 100 62 sous

314 476 104 75 la
366 476 277 75 surveillance
591 476 242 75 accoutumée
781 476 104 75 de
833 476 346 75 l’Administration
1110 476 87 75 mu

295 523 181 62 nicipale.

350 577 150 62 ART.
444 577 131 62 30.
519 577 94 62 —
557 577 131 62 Les
632 577 206 62 numéros
782 577 188 62 sortis
913 577 188 62 seront
1025 577 169 62 publiés

313 632 282 75 immédiatement
546 632 149 75 après
645 632 100 75 le
695 632 183 75 tirage,
828 632 116 75 par
894 632 100 75 la
944 632 133 75 voie
1027 632 116 75 des
1077 632 116 75 jour-

311 690 162 58 naux,
419 690 144 58 afin
509 690 108 58 de
562 690 180 58 mettre
688 690 126 58 les
760 690 216 58 porteurs
922 690 126 58 des
993 690 198 58 billets
1119 690 72 58 en

312 744 168 53 mesure
430 744 101 53 de
480 744 202 53 réclamer
631 744 151 53 leurs
715 744 118 53 lots.

348 790 143 77 Tout
438 790 125 77 lot
509 790 125 77 non
581 790 197 77 réclamé
724 790 143 77 dans
814 790 215 77 l’année,
975 790 90 77 à
1011 790 179 77 partir
1118 790 72 77 du

311 842 180 73 tirage,
441 842 262 73 appartiendra
654 842 82 73 à
687 842 98 73 la
719 842 131 73 Ville.

634 965 196 64 TITRE
743 965 109 64 VI.

366 1083 242 80 Mesures
556 1083 104 80 de
608 1083 276 80 surveillance
832 1083 104 80 et
884 1083 104 80 de
919 1083 207 80 police

344 1202 144 77 ART.
434 1202 126 77 31.
506 1202 90 77 —
542 1202 126 77 Les
613 1202 215 77 galeries
775 1202 108 77 de
829 1202 287 77 l’Exposition
1044 1202 144 77 seront

303 1264 216 64 ouvertes
465 1264 90 64 à
501 1264 126 64 dix
573 1264 180 64 heures
699 1264 108 64 du
753 1264 162 64 matin
861 1264 108 64 et
915 1264 198 64 fermées
1059 1264 90 64 à
1077 1264 108 64 cinq

304 1307 170 69 heures
423 1307 102 69 de
457 1307 255 69 l’après

345 1359 137 66 ART.
431 1359 120 66 32.
499 1359 86 66 —
533 1359 103 66 Il
585 1359 120 66 est
653 1359 274 66 expressément
876 1359 189 66 défendu
1014 1359 120 66 aux
1065 1359 120 66 visi-

302 1419 152 52 teurs
404 1419 102 52 de
455 1419 186 52 toucher
590 1419 119 52 aux
658 1419 169 52 œuvres
776 1419 220 52 exposées,
946 1419 102 52 ou
997 1419 136 52 d’en
1064 1419 119 52 pren-

302 1468 110 66 dre
365 1468 157 66 copie,
475 1468 125 66 sans
553 1468 282 66 l’autorisation
788 1468 94 66 du
835 1468 141 66 Maire
929 1468 94 66 et
975 1468 94 66 de
1007 1468 172 66 l'auteur.

341 1519 146 66 ART.
432 1519 128 66 33.
505 1519 91 66 —
542 1519 110 66 Il
596 1519 128 66 est
670 1519 237 66 également
852 1519 201 66 défendu
980 1519 201 66 d’entrer,

300 1570 140 69 dans
388 1570 123 69 les
458 1570 176 69 salons
581 1570 105 69 et
634 1570 123 69 les
704 1570 228 69 galeries,
880 1570 140 69 avec
967 1570 123 69 des
1020 1570 158 69 cannes,

302 1630 222 58 parapluies
477 1630 95 58 ou
525 1630 159 58 autres
636 1630 159 58 objets
747 1630 286 58 préjudiciables
985 1630 95 58 en
1033 1630 95 58 ce
1065 1630 111 58 lieu.

341 1676 112 70 Ces
405 1676 161 70 objets
518 1676 161 70 seront
630 1676 145 70 remis
726 1676 80 70 à
758 1676 96 70 la
807 1676 145 70 porte
903 1676 96 70 de
935 1676 241 70 l’Exposition,

297 1736 108 51 en
351 1736 198 51 échange
495 1736 144 51 d’un
584 1736 180 51 numéro
710 1736 198 51 délivré
854 1736 126 51 aux
926 1736 233 51 visiteurs
1087 1736 90 51 qui
