1446 2316
277 303 121 72 les
346 303 259 72 déposeront,
553 303 104 72 et
605 303 121 72 ils
674 303 173 72 seront
795 303 190 72 rendus,
933 303 86 72 à
968 303 207 72 ceux-ci,
1106 303 52 72 à

278 359 131 66 leur
360 359 181 66 sortie,
491 359 213 66 moyennant
655 359 98 66 la
704 359 246 66 rétribution
885 359 131 66 fixée.

313 420 157 60 ART.
411 420 137 60 34.
490 420 98 60 —
529 420 137 60 Les
608 420 235 60 gardiens
784 420 118 60 du
843 420 177 60 Musée
961 420 118 60 et
1000 420 157 60 autres

275 472 169 62 agents
394 472 102 62 de
444 472 102 62 la
495 472 152 62 Ville
597 472 237 62 veilleront
783 472 85 62 à
817 472 102 62 ce
867 472 118 62 que
935 472 102 62 le
986 472 118 62 bon
1037 472 118 62 ordre

273 523 86 68 y
307 523 156 68 règne
411 523 328 68 continuellement
687 523 190 68 pendant
826 523 294 68 l’Exposition,
1068 523 104 68 et
1102 523 52 68 à

273 578 104 54 ce
325 578 224 54 qu’aucune
497 578 207 54 personne
652 578 104 54 ne
704 578 173 54 puisse
825 578 121 54 s’y
894 578 224 54 présenter
1049 578 104 54 dans

273 636 118 54 une
341 636 152 54 tenue
442 636 118 54 qui
509 636 169 54 blesse
627 636 101 54 la
678 636 185 54 décence
813 636 101 54 ou
863 636 118 54 les
914 636 236 54 convenances.

307 682 161 54 ART.
408 682 141 54 35.
488 682 101 54 —
528 682 121 54 M.
589 682 121 54 le
649 682 322 54 Conservateur
911 682 121 54 du
972 682 181 54 Musée
1072 682 81 54 et

268 718 113 75 M.
325 718 113 75 le
381 718 282 75 Commissaire
607 718 113 75 de
663 718 113 75 la
720 718 188 75 Police
851 718 263 75 municipale
1039 718 113 75 sont

270 782 206 53 chargés,
424 782 172 53 chacun
545 782 103 53 en
596 782 103 53 ce
648 782 120 53 qui
716 782 103 53 le
768 782 223 53 concerne,
940 782 103 53 de
974 782 172 53 l’exécu-

273 833 130 64 tion
354 833 114 64 des
419 833 261 64 dispositions
631 833 98 64 du
664 833 163 64 présent.

368 905 136 68 Fait
453 905 85 68 à
487 905 170 68 Rouen,
605 905 102 68 en
656 905 356 68 l’Hôtel-de-Ville,
961 905 102 68 le
1012 905 102 68 16
1046 905 102 68 jan-

267 958 142 58 vier
338 958 124 58 1869.

611 1040 145 82 Le
708 1040 145 82 Maire
804 1040 97 82 de
837 1040 193 82 Rouen,

687 1114 156 65 E.
739 1114 208 65 NIOIV,

534 1171 180 81 Chevalier
673 1171 83 81 de
714 1171 83 81 la
756 1171 139 81 Légion
853 1171 194 81 d’honneur,
991 1171 139 81 Adjoint.
