1470 2308
630 227 128 72 —
682 227 154 72 19
733 227 77 72 —

285 331 176 68 Bureau:
413 331 208 68 Acquis
572 331 112 68 par
636 331 96 68 la
684 331 176 68 Société
812 331 112 68 des
876 331 128 68 Amis
955 331 112 68 des
1003 331 160 68 Arts

289 374 96 53 de
343 374 128 53 Rouen

521 423 385 81 CHAPITRE
778 423 128 81 5.

318 485 327 89 Distribution
593 485 120 89 des
662 485 206 89 ouvrages
816 485 172 89 acquis
937 485 120 89 par
988 485 138 89 la

624 536 185 75 Société

614 601 203 62 ARTICLE
743 601 92 62 17.

318 647 143 75 Tous
408 647 125 75 les
479 647 215 75 ouvrages
641 647 179 75 acquis
766 647 125 75 par
838 647 107 75 la
891 647 197 75 Société
1017 647 143 75 seront

282 703 149 55 tirés
382 703 99 55 au
431 703 149 55 sort,
530 703 132 55 dans
613 703 99 55 le
662 703 132 55 mois
745 703 116 55 qui
811 703 165 55 suivra
927 703 99 55 la
976 703 182 55 clôture
1092 703 66 55 de

284 747 280 66 l’Exposition,
514 747 132 66 avec
596 747 99 66 un
646 747 148 66 droit
744 747 132 66 égal
827 747 132 66 pour
909 747 165 66 chaque
1008 747 148 66 billet.

611 801 204 72 ARTICLE
741 801 93 72 18.

317 874 101 75 Le
368 874 168 75 tirage
485 874 101 75 de
536 874 101 75 la
586 874 185 75 loterie
720 874 134 75 aura
804 874 134 75 lieu
888 874 134 75 dans
972 874 118 75 une
1023 874 134 75 séance

261 912 214 66 solennelle.

318 951 115 96 Les
383 951 181 96 Membres
515 951 230 96 titulaires
696 951 99 96 et
746 951 115 96 les
811 951 280 96 Souscripteurs
1025 951 132 96 seront

278 1013 190 72 invités,
421 1013 111 72 par
484 1013 95 72 la
532 1013 127 72 voie
611 1013 111 72 des
675 1013 206 72 journaux,
833 1013 79 72 à
865 1013 79 72 y
881 1013 174 72 assister.

607 1079 205 66 ARTICLE
738 1079 93 66 19.

319 1140 95 57 Le
367 1140 159 57 tirage
478 1140 95 57 au
526 1140 127 57 sort
605 1140 127 57 aura
685 1140 127 57 lieu
765 1140 143 57 ainsi
860 1140 143 57 qu’il
940 1140 111 57 suit:

316 1189 114 51 Une
381 1189 131 51 urne
463 1189 98 51 et
512 1189 114 51 une
577 1189 131 51 roue
659 1189 163 51 seront
773 1189 180 51 placées
904 1189 114 51 sur
969 1189 98 51 le
1002 1189 147 51 Bureau.

314 1231 134 49 Dans
398 1231 151 49 l’une
499 1231 168 49 seront
616 1231 201 49 déposés,
767 1231 101 49 en
817 1231 168 49 nombre
934 1231 134 49 égal
1018 1231 84 49 à
1035 1231 117 49 celui

274 1262 112 56 des
338 1262 160 56 objets
450 1262 160 56 acquis
562 1262 112 56 par
626 1262 96 56 la
674 1262 192 56 Société,
818 1262 112 56 des
882 1262 176 56 billets
994 1262 160 56 enfermés

273 1312 138 57 dans
359 1312 121 57 des
428 1312 155 57 étuis
531 1312 103 57 et
583 1312 189 57 portant
721 1312 172 57 chacun
841 1312 276 57 l’indication
1048 1312 103 57 d’un

274 1347 98 56 de
323 1347 114 56 ces
371 1347 147 56 objets.

314 1372 140 74 Dans
401 1372 105 74 la
453 1372 140 74 roue
541 1372 175 74 seront
663 1372 192 74 déposés
803 1372 122 74 des
873 1372 192 74 numéros
996 1372 157 74 corres-

275 1439 184 55 pondant
409 1439 84 55 à
443 1439 134 55 ceux
526 1439 117 55 des
593 1439 184 55 billets
727 1439 134 55 émis
810 1439 117 55 par
877 1439 100 55 la
911 1439 167 55 Société.

309 1481 168 60 Après
421 1481 168 60 quoi,
533 1481 112 60 on
589 1481 242 60 procédera
775 1481 112 60 au
831 1481 186 60 tirage
961 1481 149 60 d’un
1035 1481 112 60 étui

270 1525 138 48 dans
356 1525 190 48 l’urne.
494 1525 86 48 —
528 1525 121 48 Cet
597 1525 138 48 étui
684 1525 138 48 sera
770 1525 172 48 ouvert
890 1525 121 48 par
959 1525 103 48 M.
1011 1525 103 48 le
1046 1525 103 48 Pré-

273 1569 178 59 sident,
402 1569 113 59 qui
467 1569 178 59 donnera
597 1569 259 59 l’indication
807 1569 97 59 de
856 1569 178 59 l’objet
985 1569 81 59 à
1001 1569 146 59 gagner.

312 1613 107 57 La
366 1613 142 57 roue
454 1613 142 57 sera
543 1613 160 57 alors
650 1613 142 57 mise
739 1613 107 57 en
792 1613 249 57 mouvement,
988 1613 107 57 et
1041 1613 107 57 il
1077 1613 71 57 en

271 1669 138 44 sera
357 1669 189 44 extrait
495 1669 103 44 un
546 1669 172 44 numéro
667 1669 121 44 qui
736 1669 138 44 sera
822 1669 207 44 proclamé
977 1669 121 44 par
1046 1669 103 44 M.
1080 1669 69 44 le

267 1696 274 54 Président,
483 1696 176 54 comme
600 1696 216 54 gagnant
757 1696 118 54 le
816 1696 137 54 lot
875 1696 274 54 précédemment

254 1737 175 62 indiqué.
