1446 2346
336 342 151 81 Cette
437 342 219 81 opération
605 342 135 81 sera
689 342 185 81 répétée
824 342 168 81 autant
942 342 101 81 de
992 342 135 81 fois
1059 342 118 81 qu’il

295 396 83 61 y
329 396 132 61 aura
411 396 182 61 d’etuis
544 396 132 61 dans
610 396 149 61 l'urne.

626 463 210 75 ARTICLE
760 463 95 75 20.

330 523 134 91 Les
407 523 153 91 lots
502 523 134 91 qui
579 523 115 91 ne
637 523 192 91 seront
771 523 134 91 pas
848 523 230 91 réclamés
1021 523 134 91 par
1078 523 96 91 les

292 588 219 64 gagnants,
461 588 135 64 dans
545 588 118 64 les
613 588 118 64 six
680 588 135 64 mois
765 588 118 64 qui
832 588 203 64 suivront
984 588 101 64 le
1018 588 152 64 tirage,

292 625 245 61 deviendront
488 625 98 61 de
536 625 147 61 droit
634 625 98 61 la
683 625 212 61 propriété
847 625 98 61 de
896 625 98 61 la
945 625 196 61 Société,
1075 625 98 61 pour

291 655 132 92 être
374 655 165 92 réunis
490 655 116 92 aux
556 655 132 92 lots
638 655 99 92 de
688 655 264 92 l’Exposition
886 655 182 92 suivante.

529 741 387 88 CHAPITRE
787 741 129 88 6.

456 819 296 74 Constitution
705 819 93 74 de
752 819 93 74 la
783 819 218 74 Société.

617 886 208 86 ARTICLE
749 886 95 86 21.

330 959 102 80 Le
381 959 171 80 Bureau
501 959 102 80 et
552 959 102 80 le
603 959 137 80 Jurv
688 959 119 80 des
757 959 273 80 acquisitions
978 959 188 80 forment
1098 959 68 80 la

286 995 266 96 constitution
503 995 200 96 complète
652 995 100 96 de
702 995 100 96 la
736 995 166 96 Société.

523 1093 386 73 CHAPITRE
780 1093 129 73 7.

283 1155 378 102 Administration
607 1155 108 102 de
661 1155 108 102 la
697 1155 468 102 Société.—Composition

319 1219 165 82 du
429 1219 385 82 Bureau.—Fonctions
758 1219 110 82 de
813 1219 128 82 ses
868 1219 257 82 Membres.

614 1318 205 63 ARTICLE
745 1318 93 63 22.

320 1369 109 79 La
374 1369 201 79 Société
520 1369 128 79 est
593 1369 274 79 administrée
812 1369 128 79 par
885 1369 109 79 un
940 1369 182 79 Bureau
1050 1369 109 79 com-

280 1426 168 74 posé:
392 1426 149 74 d’un
486 1426 261 74 Président,
691 1426 112 74 de
747 1426 149 74 deux
821 1426 336 74 Vice

281 1471 138 60 d’un
367 1471 241 60 Secrétaire
556 1471 103 60 du
608 1471 189 60 Bureau,
746 1471 138 60 d’un
832 1471 241 60 Secrétaire
1021 1471 103 60 de
1056 1471 103 60 Cor-

279 1509 292 64 respondance,
516 1509 146 64 d’un
608 1509 457 64 Secrétaire-Archiviste
1010 1509 110 64 et
1046 1509 110 64 d’un

260 1542 205 62 Trésorier.

606 1588 208 103 ARTICLE
738 1588 95 103 23.

317 1673 130 65 Les
392 1673 205 65 Membres
541 1673 112 65 du
596 1673 186 65 Bureau
726 1673 149 65 sont
819 1673 205 65 nommés,
968 1673 112 65 en
1005 1673 149 65 Assem-

278 1714 132 55 blée
361 1714 199 55 générale
510 1714 116 55 des
576 1714 182 55 Membres
709 1714 248 55 titulaires,
908 1714 116 55 par
974 1714 182 55 scrutin
1090 1714 66 55 de

278 1753 159 81 liste,
389 1753 95 81 et
437 1753 79 81 à
468 1753 95 81 la
516 1753 190 81 majorité
659 1753 190 81 relative
801 1753 111 81 des
865 1753 174 81 Membres
976 1753 174 81 présents.
