1446 2346
627 364 203 64 ARTICLE
756 364 92 64 30.

334 420 109 81 La
388 420 200 81 Société
534 420 109 81 ne
589 420 109 81 se
644 420 182 81 réunit
771 420 109 81 en
826 420 237 81 Assemblée
990 420 182 81 générale

295 475 116 54 que
362 475 249 54 lorsqu’elle
561 475 83 54 a
594 475 116 54 été
661 475 216 54 convoquée
827 475 116 54 par
893 475 100 54 le
927 475 199 54 Président.

331 516 171 55 Cette
445 516 210 55 réunion
598 516 152 55 peut
693 516 171 55 aussi
807 516 171 55 avoir
921 516 152 55 lieu
1017 516 133 55 sur
1074 516 95 55 une

293 547 185 73 demande
428 547 118 73 par
495 547 151 73 écrit
596 547 101 73 de
646 547 236 73 vingt-cinq
832 547 185 73 Membres
949 547 219 73 titulaires,

290 594 210 62 adressée
448 594 105 62 au
483 594 193 62 Président

625 665 203 69 ARTICLE
754 665 92 69 31.

331 726 117 64 Les
398 726 267 64 convocations
615 726 167 64 auront
732 726 134 64 lieu
816 726 150 64 trois
916 726 150 64 jours
1017 726 100 64 au
1050 726 117 64 moins

292 771 143 53 avant
387 771 95 53 la
435 771 191 53 réunion,
578 771 95 53 et
626 771 159 53 seront
737 771 159 53 faites
848 771 111 53 par
912 771 175 53 lettres
1023 771 143 53 indivi-

289 818 197 68 duelles
432 818 107 68 et
486 818 125 68 par
558 818 143 68 avis
647 818 197 68 insérés
790 818 143 68 dans
880 818 125 68 les
951 818 215 68 journaux
1094 818 72 68 de

268 849 161 72 Rouen.

614 917 207 70 ARTICLE
746 917 94 70 32.

326 960 107 76 En
380 960 125 76 cas
451 960 107 76 de
504 960 160 76 décès
611 960 107 76 ou
665 960 107 76 de
718 960 232 76 démission
897 960 143 76 d’un
986 960 178 76 Membre
1093 960 71 76 du

285 1014 202 83 Bureau,
431 1014 110 83 le
486 1014 183 83 Bureau
614 1014 238 83 pourvoira
798 1014 220 83 lui-même
962 1014 92 83 à
999 1014 128 83 son
1054 1014 110 83 rem

263 1063 227 56 placement.

327 1111 151 71 Cette
428 1111 234 71 nomination
612 1111 151 71 devra
712 1111 134 71 être
796 1111 201 71 ratifiée
946 1111 134 71 dans
1030 1111 100 71 la
1064 1111 100 71 plus

286 1160 230 52 prochaine
463 1160 230 52 Assemblée
622 1160 194 52 générale.

520 1232 387 79 CHAPITRE
778 1232 129 79 8.

339 1323 315 70 Composition
601 1323 105 70 du
653 1323 140 70 Jury
741 1323 122 70 des
793 1323 315 70 Acquisitions

553 1371 121 65 et
633 1371 94 65 ses
674 1371 215 65 fonctions.

613 1439 205 86 ARTICLE
744 1439 93 86 33.

324 1513 127 63 Une
397 1513 254 63 Commission
596 1513 109 63 de
651 1513 182 63 treize
778 1513 218 63 Membres,
942 1513 127 63 non
996 1513 164 63 compris

284 1549 87 67 le
328 1549 204 67 Président,
488 1549 117 67 sera
561 1549 204 67 constituée
722 1549 117 67 sous
795 1549 87 67 le
838 1549 131 67 titre
926 1549 102 67 de:
970 1549 189 67 Jury

285 1600 118 57 des
356 1600 224 57 acquisitions

321 1641 157 62 Cette
425 1641 244 62 Commission
617 1641 105 62 se
669 1641 192 62 compose
809 1641 105 62 du
861 1641 227 62 Président
1036 1641 105 62 et
1071 1641 87 62 des

280 1693 125 49 six
352 1693 197 49 Membres
495 1693 107 49 du
549 1693 197 49 Bureau,
692 1693 107 49 et
745 1693 107 49 de
799 1693 143 49 sept
889 1693 179 49 autres
996 1693 161 49 Membres

279 1732 175 57 nommés
402 1732 123 57 par
472 1732 105 57 M.
525 1732 105 57 le
577 1732 175 57 Maire,
700 1732 105 57 et
753 1732 140 57 pris
840 1732 158 57 parmi
946 1732 123 57 les
998 1732 158 57 Membres

265 1768 197 55 titulaires.
