1446 2346
312 367 176 63 Toutes
435 367 123 63 les
506 367 228 63 décisions
681 367 176 63 seront
804 367 176 63 prises
927 367 123 63 par
997 367 158 63 assis
1085 367 70 63 et

272 412 169 76 levé,
385 412 94 76 à
422 412 169 76 moins
535 412 131 76 que
610 412 150 76 cinq
704 412 206 76 Membres
854 412 113 76 ne
910 412 244 76 réclament
1079 412 75 76 le

275 453 176 57 scrutin
387 453 144 57 secret.

313 503 105 75 En
366 503 123 75 cas
436 503 105 75 de
489 503 175 75 doute,
611 503 105 75 le
664 503 228 75 Président
839 503 140 75 peut
926 503 210 75 lui-même
1066 503 88 75 de-

276 552 168 44 mander
394 552 101 44 le
444 552 184 44 scrutin
561 552 151 44 secret.

493 595 391 81 CHAPITRE
754 595 163 81 10.

441 666 307 71 Dispositions
683 666 307 71 particulières

612 733 203 61 ARTICLE
741 733 92 61 39.

312 781 144 55 Tous
402 781 215 55 pouvoirs
563 781 144 55 sont
653 781 180 55 donnés
779 781 108 55 au
833 781 180 55 Bureau
958 781 144 55 pour
1030 781 126 55 faire

274 838 320 50 autoriser
546 838 96 50 la
594 838 176 50 Société
722 838 112 50 des
786 838 128 50 Amis
866 838 112 50 des
930 838 128 50 Arts
1010 838 96 50 de
1042 838 112 50 Rouen

276 877 114 62 par
341 877 97 62 M.
389 877 97 62 le
438 877 195 62 Ministre
584 877 97 62 de
617 877 227 62 l’Intérieur.

602 920 210 60 ARTICLE
736 920 95 60 40.

317 976 109 57 La
371 976 164 57 liste
481 976 219 57 générale
645 976 128 57 des
718 976 200 57 Membres
863 976 255 57 titulaires
1046 976 109 57 sera

277 1008 174 60 placée
398 1008 139 60 dans
485 1008 104 60 un
537 1008 122 60 des
607 1008 174 60 salons
728 1008 104 60 du
763 1008 139 60 Musée.

499 1067 385 77 CHAPITRE
756 1067 160 77 11.

447 1128 304 67 Dissolution
700 1128 101 67 de
751 1128 101 67 la
785 1128 202 67 Société

613 1189 206 71 ARTICLE
744 1189 94 71 41.

317 1256 101 56 En
368 1256 118 56 cas
435 1256 101 56 de
485 1256 252 56 dissolution
687 1256 101 56 de
738 1256 101 56 la
788 1256 202 56 Société,
939 1256 118 56 les
990 1256 168 56 archives

276 1299 175 54 seront
399 1299 210 54 déposées
557 1299 105 54 au
609 1299 158 54 Musée
714 1299 105 54 de
767 1299 210 54 Peinture
924 1299 105 54 de
977 1299 105 54 la
1012 1299 140 54 Ville,

278 1336 139 66 pour
364 1336 87 66 y
399 1336 139 66 être
469 1336 208 66 conservées

322 1422 115 71 Les
387 1422 197 71 présents
535 1422 180 71 Statuts
666 1422 115 71 ont
731 1422 115 71 été
797 1422 180 71 adoptés
928 1422 82 71 à
944 1422 213 71 l’unanimité

279 1485 116 50 par
346 1485 116 50 MM.
412 1485 116 50 les
478 1485 182 50 Membres
611 1485 232 50 titulaires
793 1485 99 50 de
842 1485 99 50 la
892 1485 199 50 Société,
1025 1485 132 50 réunis

275 1535 115 57 en
332 1535 249 57 Assemblée
524 1535 249 57 générale,
716 1535 115 57 le
773 1535 115 57 22
831 1535 211 57 janvier
984 1535 173 57 1861,
1080 1535 77 57 et

276 1567 231 55 approuvés
454 1567 124 55 par
525 1567 106 55 M.
578 1567 106 55 le
631 1567 160 55 Maire
738 1567 106 55 de
773 1567 142 55 Rouen.

847 1596 106 77 Le
906 1596 189 77 Président

760 1660 221 65 ERNEST
892 1660 221 65 LEFÈVRE.

324 1717 108 58 Le
384 1717 205 58 Secrétaire

352 1765 136 77 E.
398 1765 204 77 DEBONS.
