1446 2346
739 228 128 75 —
790 228 153 75 32
841 228 77 75 —

642 318 219 97 ANDRÉ
763 318 243 97 (Jules),

619 400 68 74 Né
653 400 56 74 à
675 400 113 74 Paris,
754 400 135 74 élève
855 400 68 74 de
878 400 158 74 Watelet

484 435 181 94 Chevalier
623 435 83 94 de
665 435 83 94 la
706 435 139 94 Légion
804 435 195 94 d'honneur;
957 435 111 94 hors
1012 435 153 94 concours.

607 489 97 65 Rue
663 489 83 65 du
704 489 125 65 Buis,
788 489 83 65 8,
816 489 222 65 Paris

424 526 109 83 3.
478 526 181 83 Moulin
605 526 91 83 à
641 526 181 83 Ségret
750 526 344 83 (Seine

423 582 107 88 4.
477 582 249 88 Embouchure
672 582 107 88 de
725 582 107 88 la
778 582 195 88 Gironde
921 582 89 88 à
956 582 160 88 Royan
1045 582 213 88 (Charente

502 629 240 77 Inférieure).

551 827 267 85 ANTIGNA
721 827 340 85 (Alexandre),

528 892 73 80 Né
564 892 61 80 à
589 892 147 80 Orléans,
699 892 147 80 élève
809 892 73 80 de
846 892 98 80 Paul
894 892 196 80 Delaroche

377 929 168 85 Médailles
507 929 78 85 de
545 929 91 85 3e,
597 929 78 85 2e
636 929 78 85 et
675 929 91 85 1re
727 929 143 85 classe,
830 929 65 85 à
856 929 130 85 Paris,
947 929 168 85 Chevalier
1077 929 78 85 de
1115 929 78 85 la
1141 929 104 85 Légion

608 988 209 58 d’honneur;
773 988 120 58 hors
832 988 165 58 concours.

647 1028 98 61 Rue
703 1028 155 61 Trézel,
816 1028 98 61 17,
858 1028 112 61 Paris.

408 1055 110 76 5.
463 1055 220 76 L’Enfant
628 1055 110 76 et
683 1055 129 76 son
738 1055 147 76 Ombre.

408 1114 105 66 6.
460 1114 105 66 La
495 1114 157 66 Sieste.

406 1163 101 68 7.
457 1163 134 68 Tête
541 1163 101 68 de
574 1163 202 68 fantaisie.

384 1355 501 106 ARMAND-DUMARESQ
779 1355 422 106 (Ch.

553 1433 73 72 Né
589 1433 61 72 à
614 1433 122 72 Paris,
699 1433 146 72 élève
808 1433 73 72 de
845 1433 73 72 M.
869 1433 170 72 Couture

360 1475 186 109 Médailles
503 1475 129 109 1861,
589 1475 129 109 1863;
675 1475 186 109 Chevalier
818 1475 86 109 de
861 1475 86 109 la
904 1475 143 109 Légion
1005 1475 201 109 d'honneur;
1148 1475 86 109 hors

371 1522 164 57 concours.

613 1559 100 79 Rue
670 1559 86 79 de
713 1559 143 79 Laval,
813 1559 100 79 33,
856 1559 115 79 Paris.

393 1613 100 86 8.
443 1613 100 86 Le
494 1613 167 86 Retour
611 1613 100 86 de
661 1613 151 86 l’île
744 1613 151 86 d’Elbe.

356 1658 194 98 L’Empereur
509 1658 180 98 rencontre
647 1658 69 98 à
675 1658 83 98 La
716 1658 125 98 Mure,
799 1658 111 98 près
869 1658 83 98 de
910 1658 166 98 Vizille,
1021 1658 208 98 l'avant

386 1715 83 82 de
428 1715 152 82 l’armée
538 1715 152 82 envoyée
649 1715 111 82 pour
718 1715 194 82 l’arrêter;
870 1715 69 82 7
898 1715 111 82 mars
953 1715 97 82 1815.
