1446 2346
541 299 355 88 BALFOURIER
794 299 305 88 (Adolphe),

430 367 77 67 Né
469 367 64 67 à
494 367 193 67 Montmorency
649 367 257 67 (Seine-et-Oise),
868 367 154 67 élève
983 367 77 67 de
1022 367 77 67 M.
1048 367 167 67 Rémond

479 408 169 63 Médailles
609 408 117 63 d’or,
687 408 78 63 2e
726 408 78 63 et
765 408 78 63 3e
804 408 143 63 classe,
909 408 130 63 Paris;
1000 408 104 63 hors
1052 408 143 63 concours.

661 460 100 56 Rue
718 460 172 56 Frochot,
847 460 86 56 8,
875 460 115 56 Paris.

402 495 126 79 15.
474 495 108 79 Le
528 495 180 79 Coudon
654 495 108 79 et
708 495 108 79 le
762 495 162 79 Cours
870 495 108 79 du
924 495 180 79 Gapeau
1032 495 144 79 (Var).

597 598 239 90 BALLIN
741 598 287 90 (Auguste),

481 668 75 68 Né
518 668 62 68 à
543 668 262 68 Boulogne-sur-Mer,
767 668 150 68 élève
880 668 75 68 de
917 668 75 68 M.
954 668 112 68 Jules
1017 668 137 68 Noël

554 714 174 58 Médaille
685 714 87 58 de
729 714 160 58 bronze,
845 714 87 58 Le
889 714 131 58 Havre
961 714 102 58 1868.

566 764 101 49 Rue
623 764 275 49 Sainte-Adresse,
855 764 101 49 19,
913 764 87 49 au
942 764 116 49 Havre.

397 798 125 70 16.
468 798 178 70 Bateau
593 798 107 70 de
647 798 178 70 Pêche,
772 798 160 70 Lever
879 798 107 70 de
914 798 125 70 Lune.

393 852 126 71 17.
465 852 126 71 Vue
537 852 108 71 de
590 852 287 71 l’Avant-Port
824 852 108 71 du
859 852 144 71 Havre.

405 959 195 89 BECQ
527 959 146 89 DE
600 959 342 89 FOUQUIÈRES
868 959 195 89 (Mme
966 959 244 89 Louise),

570 1025 80 53 Née
615 1025 57 53 à
638 1025 114 53 Paris,
718 1025 137 53 élève
821 1025 148 53 d’Isidore
923 1025 126 53 Pils

420 1064 183 72 Médailles
561 1064 84 72 de
603 1064 155 72 bronze,
715 1064 127 72 Rouen
800 1064 127 72 1862,
884 1064 183 72 d'argent,
1025 1064 127 72 Rouen
1095 1064 99 72 1864.

545 1114 100 69 Rue
602 1114 357 69 d’Anjou-Saint-Honoré,
916 1114 100 69 19,
959 1114 114 69 Paris.

392 1147 122 81 18.
461 1147 105 81 Le
496 1147 227 81 Bencdicite.

552 1242 311 83 BELLANGÉ
759 1242 285 83 (Eugène),

483 1314 72 61 Né
519 1314 60 61 à
543 1314 121 61 Rouen,
628 1314 145 61 élève
736 1314 72 61 de
772 1314 84 61 feu
821 1314 84 61 son
869 1314 96 61 père
929 1314 72 61 et
965 1314 72 61 de
989 1314 145 61 Picot

407 1352 183 76 Médailles
548 1352 70 76 à
576 1352 141 76 Rouen,
674 1352 155 76 Nantes,
787 1352 84 76 Le
829 1352 141 76 Havre,
928 1352 169 76 Boulogne
1054 1352 84 76 et
1082 1352 113 76 Porto.

618 1401 103 56 Rue
677 1401 88 56 de
721 1401 147 56 Douai,
824 1401 103 56 57,
868 1401 117 56 Paris.

385 1442 122 73 19.
454 1442 122 73 Vue
524 1442 105 73 du
576 1442 139 73 Port
663 1442 105 73 de
716 1442 366 73 Trouville-sur-Mer
1012 1442 226 73 (Calvados).

380 1491 118 74 20.
448 1491 102 74 Un
498 1491 169 74 Écarté
617 1491 85 74 à
651 1491 102 74 la
702 1491 186 74 Cantine
820 1491 186 74 (Italie).

376 1549 123 67 21.
447 1549 193 67 Épisode
587 1549 105 67 de
640 1549 105 67 la
693 1549 211 67 Bataille
851 1549 105 67 de
904 1549 176 67 l’Alma
1009 1549 176 67 (Crimée)

364 1599 159 52 Arrivant
483 1599 79 52 au
523 1599 146 52 secours
629 1599 93 52 des
682 1599 159 52 Zouaves,
801 1599 79 52 le
841 1599 93 52 39e
894 1599 79 52 de
933 1599 119 52 Ligne
1013 1599 159 52 s’élance
1132 1599 66 52 à
1145 1599 93 52 l’at-

392 1638 125 70 taque
475 1638 97 70 des
531 1638 166 70 hauteurs
655 1638 166 70 voisines
780 1638 83 70 du
821 1638 194 70 télégraphe
973 1638 97 70 que
1029 1638 152 70 protége
1125 1638 111 70 encore

393 1664 192 49 l’artillerie
537 1664 96 49 russe.

512 1683 167 88 (Tableau
638 1683 153 88 composé
749 1683 98 88 par
805 1683 98 88 feu
861 1683 112 88 Hip.
917 1683 167 88 Bellangé).
