1446 2346
695 225 128 66 —
746 225 153 66 36
797 225 77 66 —

521 323 373 81 BERTHÉLEMY
788 323 266 81 (Emile),

436 396 76 64 Né
474 396 63 64 à
500 396 127 64 Rouen,
588 396 152 64 élève
702 396 76 64 de
740 396 89 64 MM.
791 396 76 64 G.
829 396 114 64 Morin
905 396 76 64 et
943 396 76 64 L.
969 396 177 64 Cogniet

355 439 182 71 Médailles
495 439 168 71 d’argent
621 439 84 71 et
663 439 84 71 de
705 439 154 71 vermeil
818 439 70 71 à
846 439 182 71 Boulogne,
986 439 154 71 Amiens,
1084 439 140 71 Alençon,

655 491 155 53 Rouen,
763 491 93 53 Le
794 491 124 53 Havre.

627 527 101 60 Rue
684 527 159 60 Berthe,
800 527 101 60 13,
843 527 115 60 Paris.

371 587 122 80 29.
440 587 208 80 Naufrage
596 587 104 80 de
649 587 313 80 l’Evening-Star
909 587 122 80 (28
979 587 139 80 oct.
1048 587 139 80 1868).

355 652 86 54 Le
398 652 143 54 navire
498 652 114 54 sans
569 652 214 54 gouvernail,
740 652 114 54 sans
812 652 129 54 mâts,
897 652 114 54 sans
969 652 157 54 vapeur,
1083 652 143 54 devint
1169 652 57 54 le

381 690 122 56 jouet
463 690 122 56 d’une
544 690 217 56 épouvantable
721 690 163 56 tempête.
843 690 68 56 A
870 690 95 56 six
924 690 149 56 heures,
1033 690 81 56 il
1074 690 136 56 sembla
1155 690 68 56 que

381 739 149 52 l’Océan
490 739 81 52 se
531 739 176 52 soulevait
666 739 81 52 en
707 739 95 52 une
761 739 122 52 seule
843 739 149 52 vague..
952 739 136 52 .....,
1047 739 81 52 le
1087 739 136 52 navire
1169 739 54 52 se

383 777 151 72 coucha,
493 777 165 72 l’énorme
616 777 165 72 montagne
740 777 123 72 d’eau
822 777 247 72 s’écroula.....
1028 777 151 72 C’était
1124 777 96 72 fini.

370 835 120 78 30.
438 835 120 78 Une
507 835 188 78 Matinée
644 835 120 78 sur
712 835 120 78 les
780 835 154 78 Dunes
883 835 86 78 à
900 835 325 78 Bernières

463 885 245 74 (Calvados).

549 1054 270 85 BERTHON
720 1054 294 85 (Nicolas),

510 1129 74 79 Né
547 1129 62 79 à
571 1129 123 79 Paris,
658 1129 148 79 élève
769 1129 74 79 de
806 1129 74 79 M.
843 1129 99 79 Léon
892 1129 173 79 Cogniet

622 1171 186 61 Médlaille,
768 1171 119 61 Paris
847 1171 119 61 1866.
914 1171 66 61 Ex.

624 1219 100 73 Rue
681 1219 157 73 Turgot,
795 1219 100 73 23,
838 1219 114 73 Paris.

365 1261 125 94 31.
437 1261 107 94 La
490 1261 197 94 Prière,
633 1261 215 94 souvenir
776 1261 233 94 d’Auvergne.

490 1475 298 85 BESENVAL
714 1475 298 85 (Léopold
912 1475 149 85 de),

503 1551 70 67 Né
538 1551 58 67 à
562 1551 128 67 Soleure
655 1551 152 67 (Suisse),
772 1551 140 67 élève
877 1551 70 67 de
900 1551 164 67 Chartet

591 1603 99 67 Rue
647 1603 85 67 de
690 1603 169 67 Navarin,
817 1603 99 67 21,
859 1603 113 67 Paris.

361 1653 131 66 32.
436 1653 113 66 La
474 1653 225 66 Rencontre.

363 1707 126 71 33.
435 1707 180 71 Départ
561 1707 144 71 pour
650 1707 108 71 la
686 1707 162 71 Chasse.
