1470 2308
630 196 125 55 —
680 196 150 55 39
730 196 75 55 —

461 283 309 74 BOUGOURD
668 283 309 74 (Auguste),

433 347 74 61 Né
470 347 62 61 à
495 347 210 61 Pont-Audemer,
668 347 149 61 élève
779 347 74 61 de
816 347 74 61 M.
841 347 161 61 Bellel

483 394 135 60 Route
573 394 90 60 de
618 394 150 60 Rouen,
723 394 75 60 à
739 394 225 60 Pont

306 438 117 59 45.
373 438 151 59 Bords
474 438 101 59 de
524 438 101 59 la
574 438 151 59 Seine
675 438 84 59 à
692 438 168 59 Aiziers.

305 485 132 63 46.
380 485 150 63 Cour
474 485 113 63 de
531 485 169 63 Ferme
644 485 113 63 en
681 485 226 63 Normandie.

503 612 270 67 BOUQUET
675 612 270 67 (Michel),

557 675 83 50 Né
599 675 69 50 à
626 675 151 50 Lorient
722 675 179 50 (Morbihan).

359 712 83 57 2e
401 712 83 57 et
442 712 83 57 3e
483 712 179 57 Médailles
621 712 69 57 à
649 712 138 57 Paris;
746 712 166 57 Médaille
870 712 124 57 d’or,
952 712 124 57 Rouen
1021 712 97 57 1841;

466 761 162 55 Rappel,
584 761 148 55 Rouen,
688 761 133 55 1860.
776 761 118 55 Hors
836 761 162 55 conceurs.

312 803 119 62 47.
380 803 152 62 Bords
481 803 102 62 de
532 803 203 62 Rivière.
685 803 203 62 (Faïence
837 803 119 62 sur
905 803 152 62 émail
990 803 135 62 cru').

311 854 123 63 48.
382 854 211 63 L’Hiver,
540 854 158 63 Effet
646 854 106 63 de
698 854 176 63 Neige.
804 854 88 63 Id.

314 907 134 69 49.
390 907 134 69 Une
467 907 153 69 Mare
563 907 115 69 en
620 907 249 69 Bretagne.
792 907 96 69 Id.

453 1028 256 73 BOURGES
639 1028 210 73 (Mlle
756 1028 256 73 Léonide),

391 1088 90 72 Née
443 1088 64 72 à
468 1088 128 72 Paris,
558 1088 154 72 élève
674 1088 77 72 de
712 1088 90 72 MM.
764 1088 90 72 Th.
815 1088 128 72 Salmon
905 1088 77 72 et
931 1088 154 72 Frère

488 1138 181 52 Médailles
627 1138 70 52 à
655 1138 153 52 Genève,
767 1138 125 52 Niort
851 1138 84 52 et
878 1138 112 52 Nevers

566 1183 67 73 à
592 1183 134 73 Ecouen
673 1183 241 73 (Seine

318 1213 126 80 50.
372 1213 215 80 Intérieur.

319 1281 128 68 51.
392 1281 110 68 Un
447 1281 201 68 Barrage
593 1281 128 68 sur
666 1281 110 68 le
703 1281 146 68 Loing.

497 1390 290 84 BRACONY
681 1390 290 84 (Armand),

650 1461 88 47 Né
694 1461 74 47 à
709 1461 118 47 Paris.

568 1498 98 58 Rue
624 1498 84 58 de
666 1498 154 58 Calais,
778 1498 84 58 9,
806 1498 112 58 Paris.

322 1540 131 77 52.
397 1540 112 77 Le
453 1540 206 77 Dormoir
603 1540 150 77 dans
696 1540 112 77 le
752 1540 150 77 gros
846 1540 206 77 Fonteau
995 1540 187 77 (Forêt
1107 1540 75 77 de

425 1585 304 64 Fontainebleau).

324 1622 122 72 53.
393 1622 157 72 Effet
498 1622 227 72 d’Automne
673 1622 140 72 dans
761 1622 105 72 le
813 1622 245 72 Mont-Ussy.
1005 1622 175 72 (Forêt
1110 1622 70 72 de

427 1681 300 58 Fontainebleau).
