1446 2346
630 222 127 67 —
680 222 152 67 40
731 222 76 67 —

470 324 284 79 BRANDON
651 324 310 79 (Édouard),

319 383 77 57 Né
358 383 64 57 à
383 383 128 57 Paris,
473 383 154 57 élève
588 383 77 57 de
627 383 115 57 Picot
703 383 77 57 et
742 383 77 57 de
780 383 90 57 MM.
831 383 115 57 Corot
908 383 77 57 et
934 383 192 57 Montfort

476 439 192 52 Médailles,
627 439 137 52 Paris,
723 439 109 52 1865
791 439 82 52 et
832 439 123 52 1867.
901 439 68 52 Ex.

458 478 101 64 Rue
515 478 374 64 Notre-Dame-de-Lorette,
846 478 101 64 44,
889 478 115 64 Paris.

304 520 123 69 54.
375 520 106 69 Le
428 520 158 69 vieux
533 520 158 69 Malin
639 520 106 69 de
674 520 176 69 Village.

302 574 125 53 55.
373 574 125 53 Les
445 574 214 53 derniers
605 574 196 53 moments
748 574 160 53 d’une
855 574 178 53 sainte
961 574 143 53 femme.

287 625 82 50 Au
328 625 136 50 moment
424 625 82 50 de
465 625 218 50 l’élévation,
642 625 136 50 Sainte
737 625 164 50 Brigitte
860 625 136 50 rendit
955 625 82 50 sa
996 625 123 50 belle
1078 625 95 50 âme
1119 625 41 50 à

319 662 124 68 Dieu,
402 662 83 68 en
443 662 152 68 disant:
554 662 124 68 In
636 662 124 68 manus
719 662 124 68 tuas,
802 662 152 68 Domine,
912 662 165 68 commendo
1022 662 138 68 ani

321 695 115 51 mam
390 695 127 51 meam

809 720 139 59 (Voir
914 720 81 59 aux
948 720 174 59 dessins)

527 808 214 80 BREST
646 808 261 80 (Fabius),

454 868 73 68 Né
490 868 61 68 à
515 868 171 68 Marseille,
649 868 146 68 élève
758 868 73 68 de
795 868 183 68 Loubon
929 868 61 68 Ex.

545 923 97 51 Rue
600 923 83 51 de
642 923 152 51 l’Epée,
752 923 97 51 46,
794 923 110 51 Paris.

304 956 126 67 56.
376 956 162 67 Bords
484 956 108 67 du
537 956 215 67 Bosphore
699 956 90 67 à
717 956 305 67 Lirech

304 1011 127 65 57.
377 1011 309 65 Kassim-Pacha,
631 1011 91 65 à
650 1011 309 65 Constantinople.

283 1130 254 83 BRISSOT
468 1130 138 83 DE
537 1130 277 83 WARVILLE
721 1130 439 83 (Félix

420 1199 74 47 Né
457 1199 61 47 à
481 1199 98 47 Sens
543 1199 147 47 (Yonne),
653 1199 147 47 élève
764 1199 74 47 de
801 1199 74 47 M.
837 1199 74 47 L.
862 1199 172 47 Cogniet

289 1237 161 83 Mention
406 1237 190 83 honorable
552 1237 73 83 à
581 1237 146 83 Paris;
683 1237 190 83 Médailles
829 1237 73 83 à
859 1237 146 83 Rouen,
961 1237 161 83 Troyes,
1063 1237 102 83 Metz,

624 1281 183 50 Besançon,
751 1281 84 50 etc.

507 1315 85 58 Au
549 1315 142 58 Palais
649 1315 85 58 de
691 1315 185 58 Compiègne
819 1315 128 58 (Oise).

307 1365 127 72 58.
379 1365 235 72 Muletiers
560 1365 235 72 aragonais
723 1365 217 72 (Espagne).

332 1472 479 75 BRUNNER-LACOSTE
710 1472 403 75 (Henri

363 1546 79 60 Né
402 1546 66 60 à
429 1546 132 60 Paris,
521 1546 159 60 élève
640 1546 79 60 de
680 1546 93 60 MM.
733 1546 79 60 A.
773 1546 119 60 Faure
852 1546 79 60 et
892 1546 79 60 G.
918 1546 185 60 Brunner

601 1587 176 53 Médaille
733 1587 73 53 à
748 1587 117 53 Rouen.

531 1633 119 60 Place
610 1633 225 60 Saint-Michel,
796 1633 79 60 5,
822 1633 106 60 Paris.

305 1668 139 65 59.
385 1668 119 65 La
424 1668 179 65 Madone.

310 1724 128 62 60.
364 1724 219 62 Vert
