1470 2308
639 226 127 72 —
689 226 152 72 41
740 226 76 72 —

449 330 223 71 BUREAU
582 330 424 71 (Pierre

646 399 89 58 Né
691 399 74 58 à
705 399 119 58 Paris.

532 442 102 60 Rue
591 442 87 60 de
634 442 175 60 Turenne,
766 442 102 60 59,
809 442 117 60 Paris.

314 488 121 69 61.
383 488 156 69 Clair
487 488 104 69 de
539 488 156 69 Lune,
642 488 156 69 Bords
746 488 104 69 de
798 488 190 69 l’Oise,
919 488 208 69 Isle

315 548 120 61 62.
383 548 205 61 Souvenir
537 548 102 61 de
588 548 102 61 la
639 548 154 61 Seine
742 548 85 61 à
776 548 154 61 Rouen
879 548 171 61 (effet
998 548 102 61 du
1032 548 137 61 soir).

311 601 135 66 63.
388 601 116 66 Un
446 601 193 66 Chemin
581 601 97 66 à
601 601 251 66 Valmondois.

339 739 261 104 BUTTURA
505 739 616 104 (Antoine

376 831 79 56 Né
415 831 66 56 à
441 831 131 56 Paris,
533 831 157 56 élève
651 831 79 56 de
691 831 92 56 MM.
743 831 170 56 Biennoury
874 831 79 56 et
900 831 184 56 Barrias

420 875 102 52 Rue
479 875 88 52 du
523 875 175 52 Faubourg
654 875 248 52 Poissonnière,
858 875 102 52 54,
917 875 73 52 à
931 875 117 52 Paris,

519 919 84 67 et
561 919 70 67 à
589 919 139 67 Cannes
672 919 279 67 (Alpes

317 967 120 83 64.
385 967 120 83 Vue
454 967 103 83 de
505 967 103 83 la
557 967 154 83 ville
659 967 103 83 de
711 967 188 83 Cannes,
848 967 171 83 (prise
968 967 103 83 de
1019 967 103 83 la
1053 967 120 83 Croi

423 1028 150 62 sette).

400 1165 245 91 BYLANET
578 1165 156 91 (le
667 1165 200 91 comte
800 1165 222 91 Alfred
934 1165 133 91 de),

472 1244 148 58 Elève
583 1244 74 58 de
620 1244 74 58 B.
657 1244 74 58 C.
694 1244 148 58 Koekkvek
805 1244 74 58 de
830 1244 160 58 Clèves

500 1299 178 63 Médailles
637 1299 68 63 à
665 1299 164 63 Orléans,
788 1299 68 63 à
802 1299 164 63 Bruxelles.

316 1344 124 60 65.
387 1344 212 60 Moutons,
546 1344 230 60 (souvenir
705 1344 212 60 d’Écosse).

492 1490 227 78 CAILLE
651 1490 204 78 (Mlle
765 1490 204 78 Fanny),

567 1549 139 76 Elève
672 1549 70 76 de
707 1549 70 76 M.
730 1549 162 76 Chaplin

557 1610 103 58 Rue
616 1610 88 58 de
660 1610 132 58 Rome,
748 1610 103 58 73,
792 1610 118 58 Paris.

317 1657 123 70 66.
388 1657 246 70 Baigneuse,
581 1657 211 70 (faïence
722 1657 193 70 camaieu).

320 1717 120 66 67.
389 1717 103 66 La
440 1717 223 66 Peinture,
595 1717 258 66 (porcelaine).
