1446 2346
500 357 267 90 CAILLOU
670 357 243 90 (Louis),

279 439 76 51 Né
317 439 63 51 à
343 439 139 51 Lisieux
444 439 190 51 (Calvados),
596 439 152 51 élève
710 439 76 51 de
747 439 127 51 Grenet
836 439 76 51 et
874 439 76 51 de
912 439 76 51 M.
937 439 190 51 Fontenay

372 488 181 44 Médailles
511 488 97 44 aux
567 488 208 44 expositions
733 488 181 44 d’Alençon
872 488 83 44 et
914 488 83 44 du
942 488 111 44 Havre.

504 531 97 70 Rue
560 531 194 70 Christine,
712 531 83 70 7,
740 531 194 70 Passy

294 584 133 73 68.
370 584 227 73 Souvenir
540 584 114 73 du
578 584 171 73 Morvan.

412 767 264 96 CAPELLE
580 767 432 96 (Alfred

475 839 73 53 Né
511 839 61 53 à
536 839 122 53 Rouen,
621 839 146 53 élève
731 839 73 53 de
767 839 73 53 M.
791 839 171 53 Couture

280 886 73 79 A
310 886 233 79 Chennevières
499 886 277 79 (Seine-et-Oise)
732 886 87 79 et
775 886 73 79 à
805 886 146 79 Rouen,
906 886 116 79 chez
979 886 87 79 M.
1008 886 146 79 Seminel,

574 930 95 67 rue
629 930 81 67 de
669 930 189 67 l’Hôpital,
804 930 68 67 57.

295 967 130 80 69.
370 967 186 80 Vaches
500 967 111 80 au
537 967 204 80 Pâturage.

297 1018 130 104 70.
372 1018 112 104 Un
428 1018 205 104 dessous
576 1018 112 104 de
632 1018 149 104 bois
725 1018 93 104 à
762 1018 112 104 la
800 1018 353 104 Brèche

397 1088 232 68 (Calvados).

469 1279 311 68 CASSAGNE
676 1279 285 68 (Armand),

568 1341 88 64 Né
612 1341 88 64 au
656 1341 146 64 Landin
744 1341 131 64 (Eure).

453 1393 176 63 Médailles
589 1393 176 63 d’argent,
725 1393 136 63 Rouen,
806 1393 190 63 Montpellier.

557 1442 100 55 Rue
614 1442 85 55 du
656 1442 114 55 Bac,
728 1442 100 55 12,
770 1442 114 55 Paris.

302 1494 131 65 71.
377 1494 112 65 Le
433 1494 186 65 Sommet
563 1494 112 65 du
619 1494 261 65 Mont-Ussy.
824 1494 186 65 (Forêt
955 1494 112 65 de
992 1494 168 65 Fontai

405 1550 203 59 nebleau).

304 1605 125 51 72.
376 1605 125 51 Les
447 1605 161 51 vieux
554 1605 179 51 Chênes
679 1605 107 51 de
733 1605 107 51 la
786 1605 303 51 Chaise-Marie.
1018 1605 143 51 (Forêt

424 1651 108 62 de
460 1651 306 62 Fontainebleau).

306 1703 129 60 73.
379 1703 111 60 La
416 1703 148 60 Forêt.

811 1754 140 67 (Voir
916 1754 82 67 aux
951 1754 175 67 dessins)
