1470 2308
623 227 126 74 —
673 227 151 74 45
724 227 76 74 —

459 317 234 86 COURCY
622 317 304 86 (Frédéric
833 317 140 86 de),

607 392 121 68 Elève
698 392 61 68 de
718 392 121 68 Picot

328 451 156 57 Mention
442 451 199 57 honorable,
598 451 142 57 Rouen,
698 451 128 57 1862.
783 451 185 57 Médaille,
925 451 142 57 Paris,
1010 451 100 57 1867;

529 493 188 65 Médaille
670 493 94 65 au
717 493 157 65 Havre,
811 493 110 65 1868.

547 540 101 52 Rue
604 540 159 52 Troyon,
720 540 101 52 16,
764 540 130 52 Sèvres.

305 593 125 63 88.
376 593 214 63 Clarisse
537 593 196 63 Harlowe
679 593 214 63 conduite
839 593 125 63 par
911 593 214 63 Lovelace
1053 593 107 63 dans

428 650 98 70 la
477 650 163 70 Maison
591 650 98 70 de
640 650 98 70 la
673 650 196 70 Sainelais.

513 861 236 97 DAGNAN
655 861 284 97 (Isidore),

618 920 85 77 Né
660 920 71 77 à
674 920 170 77 Marseille.

379 966 184 99 Chevalier
520 966 85 99 de
563 966 85 99 la
605 966 141 99 Légion
704 966 198 99 d’honneur;
859 966 113 99 hors
916 966 155 99 concours.

518 1032 98 57 Rue
574 1032 251 57 Saint-Georges,
783 1032 98 57 35,
825 1032 112 57 Paris.

314 1085 117 86 89.
381 1085 133 86 Bois
464 1085 100 86 au
514 1085 133 86 bord
597 1085 100 86 de
647 1085 166 86 l’Aar,
764 1085 133 86 près
830 1085 250 86 d’Interlaken.

459 1298 333 83 DALIPHARD
690 1298 308 83 (Édouard),

348 1381 80 50 Né
388 1381 67 50 à
414 1381 134 50 Rouen,
508 1381 160 50 élève
628 1381 80 50 de
668 1381 93 50 MM.
721 1381 147 50 Gustave
828 1381 120 50 Morin
908 1381 80 50 et
935 1381 187 50 Quinaux

457 1424 184 58 Médailles
599 1424 85 58 de
641 1424 156 58 bronze,
755 1424 142 58 Rouen,
854 1424 128 58 1862,
925 1424 99 58 1864,

611 1464 92 54 Le
657 1464 153 54 Havre,
748 1464 107 54 1868.

550 1506 96 65 Rue
605 1506 82 65 de
646 1506 137 65 Paris,
743 1506 110 65 1er,
797 1506 124 65 Poissy.

318 1558 125 59 90.
390 1558 125 59 Vue
461 1558 161 59 prise
568 1558 107 59 au
622 1558 215 59 Périment
783 1558 89 59 à
801 1558 143 59 Vichy.

316 1614 141 58 91.
396 1614 141 58 Une
457 1614 141 58 Mare.

319 1658 127 66 92.
391 1658 200 66 Matinée
537 1658 109 66 de
591 1658 254 66 Printemps,
791 1658 182 66 vallée
918 1658 109 66 de
972 1658 109 66 la
1009 1658 163 66 Bresle,

406 1719 360 63 (Seine
