1446 2346
550 378 251 91 FICHEL
701 378 276 91 (Eugène),

503 451 73 56 Né
539 451 61 56 à
564 451 122 56 Paris,
649 451 146 56 élève
759 451 73 56 de
795 451 97 56 Paul
844 451 195 56 Delaroche

379 505 168 52 Médaille
505 505 84 52 3e
547 505 154 52 classe.
659 505 154 52 (Genre,
771 505 126 52 1857.
855 505 70 52 —
883 505 154 52 Rappel,
995 505 140 52 1861).
1079 505 70 52 Ex.

491 544 100 65 Rue
548 544 85 65 de
590 544 85 65 la
633 544 299 65 Chaussée-d’Antin,
889 544 100 65 27,
932 544 114 65 Paris.

333 593 139 63 138.
420 593 122 63 Une
489 593 174 63 partie
611 593 104 63 de
646 593 156 63 Cartes.

557 636 135 73 Donné
647 636 105 73 par
707 636 90 73 S.
752 636 90 73 M.
781 636 195 73 l’Empereur.

575 755 215 83 FINES
695 755 263 83 (Eugène),

460 820 75 78 Né
498 820 63 78 à
523 820 125 78 Paris,
611 820 150 78 élève
723 820 75 78 de
761 820 88 78 MM.
811 820 138 78 Cogniet
911 820 75 78 et
936 820 150 78 Hesse

653 874 169 53 Médaille
779 874 70 53 à
794 874 112 53 Paris.

502 919 100 64 Rue
559 919 384 64 Fontaine-Saint-Georges,
900 919 100 64 42,
942 919 100 64 Paris

338 963 141 67 139.
426 963 105 67 Le
479 963 158 67 Frère
567 963 123 67 aîné.

531 1079 229 91 FLEURY
691 1079 206 91 (Mlle
806 1079 206 91 Aline),

466 1159 90 53 Née
518 1159 64 53 à
543 1159 129 53 Rouen,
633 1159 154 53 élève
749 1159 77 53 de
788 1159 77 53 M.
826 1159 142 53 Gustave
917 1159 154 53 Morin

538 1208 99 48 Rue
595 1208 85 48 de
637 1208 85 48 la
680 1208 241 48 Croix-de-Fer,
878 1208 85 48 6,
907 1208 113 48 Rouen.

338 1239 146 65 140.
429 1239 183 65 Entrée
557 1239 165 65 d’une
667 1239 165 65 Ferme
776 1239 91 65 à
795 1239 347 65 Yébleron

336 1296 152 60 141.
431 1296 248 60 Chaumière
622 1296 114 60 du
679 1296 305 60 Mont-Renard,
926 1296 152 60 près
1003 1296 152 60 Rouen.

335 1346 150 84 142.
429 1346 225 84 Souvenir
598 1346 112 84 du
654 1346 150 84 Pays
747 1346 112 84 de
785 1346 131 84 Caux.

423 1479 333 72 FOLLEVILLE
685 1479 404 72 (Louis-Hector
994 1479 143 72 de),

431 1544 77 56 Né
470 1544 64 56 à
495 1544 141 56 Lorleau
598 1544 141 56 (Eure),
700 1544 154 56 élève
816 1544 77 56 de
854 1544 77 56 M.
893 1544 141 56 Gustave
982 1544 154 56 Morin

495 1597 179 51 Médailles
633 1597 83 51 de
674 1597 138 51 bronze
771 1597 83 51 et
812 1597 179 51 d’argent,
950 1597 69 51 à
964 1597 110 51 Rouen.

594 1636 103 59 Rue
653 1636 206 59 Impériale,
815 1636 103 59 74,
859 1636 118 59 Rouen.

345 1681 151 61 143.
439 1681 132 61 Une
515 1681 188 61 nature
627 1681 151 61 morte.

346 1736 140 55 144.
433 1736 210 55 Environs
590 1736 105 55 de
643 1736 157 55 Rouen
748 1736 227 55 (esquisse
923 1736 192 55 d’après
1045 1736 175 55 nature).

350 1787 139 55 145.
437 1787 209 55 Environs
594 1787 105 55 de
646 1787 157 55 Rouen
750 1787 227 55 (esquisse
925 1787 192 55 d’après
1047 1787 174 55 nature).
