1446 2346
676 282 127 72 —
726 282 152 72 54
777 282 76 72 —

516 375 273 84 GERMAIN
690 375 322 84 (Théodule),

551 445 69 66 Né
585 445 57 66 à
608 445 115 66 Paris,
688 445 138 66 élève
792 445 69 66 de
826 445 69 66 M.
849 445 138 66 Ribot

411 491 96 82 Rue
466 491 262 82 Pierre-Guyenne,
687 491 83 82 2,
728 491 69 82 à
755 491 193 82 Argenteuil
893 491 248 82 (Seine

329 540 150 75 152.
423 540 188 75 Nature
536 540 150 75 morte.

568 668 232 91 GIRARD
707 668 255 91 (Albert),

506 754 76 50 Né
544 754 63 50 à
570 754 127 50 Paris,
658 754 152 50 élève
773 754 76 50 de
811 754 76 50 H.
836 754 190 50 Flandrin

530 795 99 72 1er
586 795 127 72 grand
671 795 113 72 prix
741 795 85 72 de
784 795 127 72 Rome,
868 795 127 72 1861.
939 795 70 72 Ex.

590 842 104 49 Rue
650 842 89 49 de
694 842 134 49 Rome,
784 842 104 49 50,
829 842 119 49 Paris.

331 872 149 79 153.
425 872 224 79 Pâturage
592 872 112 79 de
648 872 205 79 Chevaux
797 872 112 79 au
853 872 149 79 bord
946 872 112 79 de
1002 872 112 79 la
1058 872 149 79 Mer,
1132 872 75 79 en

448 934 240 66 Normandie.

331 979 149 68 154.
425 979 243 68 Labourage
611 979 112 68 en
649 979 205 68 Touraine.

331 1040 140 72 155.
419 1040 175 72 Femmes
542 1040 105 72 de
595 1040 193 72 Cervara
735 1040 175 72 allant
858 1040 88 72 à
893 1040 105 72 la
928 1040 193 72 fontaine.

552 1177 306 89 GIRARDET
756 1177 230 89 (Karl),

432 1254 73 61 Né
468 1254 61 61 à
493 1254 159 61 Neuchâtel
615 1254 159 61 (Suisse),
737 1254 146 61 élève
847 1254 73 61 de
883 1254 73 61 M.
920 1254 73 61 L.
944 1254 171 61 Cogniet

660 1304 120 49 Hois
720 1304 165 49 concours.

617 1344 100 69 Rue
674 1344 143 69 Breda,
774 1344 100 69 30,
817 1344 115 69 Paris.

330 1384 157 78 156.
409 1384 196 78 Paysage.

482 1511 242 95 GISLAIN
636 1511 417 95 (Pierre

459 1599 74 57 Né
496 1599 62 57 à
521 1599 99 57 Trun
583 1599 136 57 (Orne),
682 1599 149 57 élève
793 1599 74 57 de
831 1599 112 57 Court
905 1599 74 57 et
930 1599 161 57 d'Yvon

338 1637 183 67 Médailles
478 1637 84 67 de
521 1637 155 67 bronze,
633 1637 183 67 Saint-Lô,
773 1637 126 67 1867,
858 1637 183 67 d’argent,
998 1637 169 67 Alençon,
1111 1637 98 67 1865.

676 1689 79 55 A
692 1689 174 55 Argentan.

336 1731 132 65 157.
418 1731 198 65 Portrait
566 1731 99 65 de
616 1731 99 65 M.
665 1731 165 65 l’abbé
781 1731 181 65 Corbin,
912 1731 198 65 chanoine
1061 1731 99 65 de
1094 1731 115 65 Sécz.

334 1786 143 75 158.
424 1786 215 75 Portrait
585 1786 107 75 de
638 1786 107 75 M.
692 1786 179 75 Lebouc
817 1786 179 75 ancien
925 1786 143 75 avoué.
