1470 2308
570 242 127 77 —
620 242 152 77 55
671 242 76 77 —

396 337 240 75 GOUPIL
540 337 384 75 (Léon

332 417 75 48 Né
369 417 62 48 à
394 417 125 48 Paris,
481 417 150 48 élève
593 417 75 48 de
631 417 112 48 Henry
706 417 75 48 et
743 417 75 48 de
781 417 87 48 Ary
818 417 187 48 Scheffer

294 470 159 51 Mention
409 470 202 51 honorable,
567 470 144 51 Rouen,
668 470 130 51 1859;
755 470 173 51 médaille
884 470 86 51 de
913 470 130 51 bronze,

550 506 89 52 le
595 506 148 52 Havre,
683 506 104 52 1868.

490 545 100 66 Rue
547 545 86 66 de
590 545 143 66 Douai,
689 545 100 66 22,
732 545 114 66 Paris.

233 599 133 82 159.
316 599 100 82 La
366 599 166 82 sortie
483 599 100 82 de
516 599 199 82 l’Hôpital.

310 818 333 89 GRANDJEAN
541 818 487 89 (Edmond

335 914 75 62 Né
373 914 63 62 à
398 914 125 62 Paris,
486 914 150 62 élève
598 914 75 62 de
636 914 88 62 MM.
686 914 113 62 Pils,
761 914 100 62 Vvon
823 914 75 62 et
848 914 163 62 Signol

408 958 99 61 Rue
464 958 282 61 Saint-Hippolyte,
704 958 99 61 22,
746 958 197 61 Passy

241 1012 134 60 160.
325 1012 217 60 Intérieur
475 1012 184 60 d’écurie.

234 1075 147 58 161.
325 1075 110 58 Le
381 1075 239 58 Labourage
564 1075 147 58 dans
656 1075 110 58 la
693 1075 165 58 Vendée.

438 1299 246 84 GROBON
586 1299 319 84 (Frédéric),

289 1365 79 74 Né
328 1365 66 74 à
355 1365 119 74 Lyon,
434 1365 159 74 élève
553 1365 79 74 de
593 1365 145 74 l'Ecole
699 1365 93 74 des
752 1365 185 74 Beaux-Arts
897 1365 79 74 de
924 1365 145 74 Lyon

487 1420 105 61 de
557 1420 152 61 Bonnefond
674 1420 70 61 et
709 1420 70 61 de
733 1420 140 61 Orsel

334 1448 190 75 Médailles
481 1448 161 75 bronze,
598 1448 146 75 Rouen,
700 1448 132 75 1858,
788 1448 190 75 Besançon,
920 1448 102 75 1860.

489 1504 100 61 Rue
546 1504 85 61 de
588 1504 157 61 Vanves,
702 1504 100 61 46,
745 1504 114 61 Paris.

240 1555 137 77 162.
326 1555 120 77 Vue
394 1555 103 77 de
446 1555 103 77 la
497 1555 154 77 ville
600 1555 103 77 de
652 1555 257 77 Saint-Mâlo,
858 1555 154 77 prise
961 1555 103 77 du
995 1555 120 77 grand

380 1603 154 70 port,
483 1603 86 70 à
517 1603 154 70 marée
602 1603 137 70 basse.

239 1640 123 71 163
310 1640 123 71 Vue
380 1640 106 71 de
433 1640 246 71 Saint-Mâlo
627 1640 158 71 prise
732 1640 106 71 de
785 1640 106 71 la
838 1640 158 71 plage
944 1640 106 71 de
979 1640 123 71 Saint

361 1700 170 57 Servan.

236 1736 149 81 164.
329 1736 130 81 Vue
404 1736 111 81 du
459 1736 279 81 Bas-Meudon,
682 1736 149 81 près
756 1736 149 81 Paris.
