1446 2346
561 354 255 86 HERSON
713 354 255 86 (Emile),

552 430 70 68 Né
587 430 59 68 à
611 430 117 68 Paris,
693 430 141 68 élève
798 430 70 68 de
834 430 70 68 M.
857 430 129 68 Diaz

517 480 187 61 Médaille
658 480 203 61 d'argent,
813 480 156 61 Rouen,
907 480 109 61 1841.

583 528 98 57 Rue
639 528 84 57 du
681 528 168 57 Sentier,
806 528 98 57 26,
848 528 112 57 Paris.

331 564 137 93 179.
417 564 120 93 Vue
485 564 155 93 prise
589 564 86 93 à
623 564 223 93 Barbison,
795 564 155 93 forêt
898 564 103 93 de
932 564 258 93 Fontainebleau

546 737 254 83 HUGARD
698 737 280 83 (Claude),

459 809 73 61 Né
495 809 61 61 à
520 809 122 61 Cluses
605 809 231 61 (Haute-Savoie),
799 809 146 61 élève
909 809 73 61 de
933 809 146 61 Diday

421 854 214 61 Médailles,
589 854 153 61 Paris,
696 854 138 61 1844,
788 854 138 61 1846;
880 854 123 61 hors
942 854 169 61 concours.

330 904 137 67 180.
416 904 103 67 Le
467 904 137 67 soir
553 904 137 67 dans
638 904 103 67 la
690 904 171 67 Vallée
810 904 103 67 de
844 904 137 67 Sixte.

330 955 136 72 181.
415 955 154 72 Effet
518 955 102 72 de
569 955 136 72 Lune
654 955 119 72 sur
722 955 102 72 la
774 955 205 72 Toucque,
927 955 136 72 près
995 955 188 72 Trouville

510 1097 303 110 HURAULT
731 1097 165 110 DE
786 1097 220 110 LIGNY,

669 1194 96 52 Né
717 1194 80 52 à
733 1194 128 52 Rouen.

545 1230 97 63 Rue
601 1230 83 63 de
642 1230 250 63 l’Impératrice,
851 1230 83 63 2,
879 1230 111 63 Rouen.

328 1278 147 68 182.
419 1278 220 68 Souvenir
584 1278 128 68 des
639 1278 202 68 Pyrénées.

810 1338 135 78 (Voir
911 1338 79 78 aux
945 1338 168 78 dessins)

435 1485 370 96 JANET-LANGE
706 1485 370 96 (Ange

374 1570 77 59 Né
413 1570 64 59 à
438 1570 128 59 Paris,
527 1570 153 59 élève
642 1570 77 59 de
680 1570 128 59 Horace
770 1570 128 59 Vernet
859 1570 77 59 et
897 1570 77 59 de
935 1570 77 59 M.
974 1570 77 59 A.
999 1570 153 59 Colin

385 1622 206 50 Médailles,
547 1622 147 50 Paris,
650 1622 132 50 1859;
738 1622 132 50 Lyon,
826 1622 132 50 1862;
914 1622 176 50 médaille
1031 1622 103 50 d'or,

425 1664 142 49 Rouen,
524 1664 128 49 1862;
610 1664 156 49 rappel,
723 1664 128 49 1864;
809 1664 85 49 le
851 1664 142 49 Havre,
951 1664 128 49 1868.
1022 1664 71 49 Ex.

593 1706 97 54 Rue
649 1706 166 54 d’Enfer,
773 1706 97 54 77,
815 1706 111 54 Paris.

321 1751 144 68 183.
411 1751 126 68 Les
483 1751 269 68 Pourvoyeurs
698 1751 108 68 de
752 1751 108 68 la
788 1751 179 68 Cantine.
