1446 2346
570 362 289 88 LANDELLE
763 362 289 88 (Charles),

467 438 77 60 Né
506 438 64 60 à
531 438 115 60 Laval
608 438 180 60 (Mayenne),
749 438 154 60 élève
865 438 77 60 de
903 438 103 60 Paul
955 438 205 60 Delaroche

377 477 171 65 Médaille
505 477 85 65 3e
547 477 156 65 classe,
661 477 128 65 1842;
746 477 85 65 2e
789 477 156 65 classe,
903 477 128 65 1845;
988 477 99 65 1re
1045 477 156 65 classe,
1144 477 114 65 1848.»

422 537 185 55 Chevalier
564 537 86 55 de
607 537 86 55 la
650 537 143 55 Légion
750 537 200 55 d’honneur,
907 537 128 55 1855;
992 537 114 55 hors
1049 537 157 55 concours.

637 576 108 58 Quai
705 576 176 58 Voltaire,
841 576 95 58 17,
882 576 108 58 Paris.

375 628 138 55 190.
461 628 207 55 Portrait
616 628 104 55 de
668 628 138 55 Paul
755 628 104 55 et
806 628 190 55 Georges
927 628 190 55 Landelle.

378 686 140 77 191.
465 686 122 77 Les
535 686 262 77 Lavandières
727 686 210 77 d’Etretat.

606 907 240 83 LAUGÉE
750 907 264 83 (Désiré),

469 973 74 63 Né
506 973 61 63 à
530 973 135 63 Maromme
628 973 283 63 (Seine-Inférieure),
874 973 147 63 élève
985 973 74 63 de
1010 973 147 63 Picot

466 1037 185 40 Chevalier
608 1037 85 40 de
651 1037 85 40 la
693 1037 142 40 Légion
793 1037 199 40 d’honneur;
949 1037 114 40 hors
1006 1037 156 40 concours.

436 1071 140 54 Avenue
534 1071 84 54 de
576 1071 253 54 l’Impératrice,
787 1071 182 54 boulevard
927 1071 154 54 Lannes,
1040 1071 98 54 15,
1082 1071 112 54 Paris.

375 1128 146 61 192.
466 1128 183 61 Sainte
594 1128 238 61 Elisabeth
777 1128 110 61 de
832 1128 201 61 France,
979 1128 146 61 sœur
1070 1128 110 61 de
1107 1128 146 61 Saint-

515 1179 176 42 Louis,
638 1179 176 42 lavant
761 1179 123 42 les
832 1179 158 42 pieds
937 1179 123 42 aux
1007 1179 211 42 pauvres,
1148 1179 105 42 dans

513 1213 234 78 l’Abbaye
689 1213 117 78 de
748 1213 293 78 Longchamps,
982 1213 215 78 qu’elle
1118 1213 137 78 avait

495 1253 161 57 fondée.

500 1286 189 69 (Réduction
649 1286 81 69 de
690 1286 189 69 l’original
839 1286 203 69 appartenant
1001 1286 68 69 à
1015 1286 189 69 l’Empereur).

616 1493 217 109 LAVAL
760 1493 193 109 (Mme
857 1493 144 109 A.),

684 1596 107 57 Née
745 1596 76 57 à
760 1596 183 57 Cherbourg.

620 1643 97 60 Rue
676 1643 97 60 des
731 1643 181 60 Missions,
870 1643 83 60 1,
898 1643 111 60 Paris.

377 1690 132 72 193.
459 1690 165 72 Entrée
574 1690 99 72 de
624 1690 181 72 Village
756 1690 165 72 (effet
871 1690 99 72 du
904 1690 132 72 soir).

855 1752 137 73 (Voir
957 1752 80 73 aux
991 1752 171 73 dessins)
