1470 2308
650 223 123 58 —
674 223 98 58 61

609 313 194 79 LAYS
706 313 169 79 (J.),

352 376 76 68 Né
390 376 64 68 à
416 376 254 68 Saint-Barthélemy
632 376 153 68 (Loire),
747 376 153 68 élève
861 376 76 68 de
899 376 76 68 M.
925 376 216 68 Saint

314 436 100 49 1er
371 436 114 49 prix
442 436 72 49 à
471 436 129 49 Lyon;
557 436 186 49 Médailles
700 436 129 49 d’or,
786 436 157 49 Genève;
900 436 172 49 Médaille
1029 436 86 49 de
1057 436 129 49 vermeil

342 474 73 55 à
372 474 145 55 Nîmes,
473 474 233 55 Montpellier;
662 474 189 55 Médailles
808 474 175 55 d’argent
939 474 73 55 à
968 474 145 55 Dijon,
1055 474 131 55 Troyes,

345 523 192 75 Marseille;
496 523 178 75 Médailles
633 523 82 75 de
674 523 137 75 bronze
770 523 69 75 à
798 523 151 75 Bayonne
907 523 82 75 et
948 523 82 75 au
990 523 137 75 Havre,
1072 523 82 75 etc.

540 563 101 70 Rue
597 563 260 70 Sainte-Hélène,
814 563 101 70 41,
857 563 101 70 Lyon.

314 620 142 74 194.
403 620 107 74 Un
456 620 142 74 Vase
545 620 107 74 de
599 620 178 74 Fleurs
723 620 213 74 variées,
883 620 124 74 sur
954 620 124 74 une
1025 620 160 74 table
1114 620 71 74 en

455 665 130 57 bois
520 665 162 57 sculpté.

510 781 288 81 LEFEBVRE
702 781 288 81 (Charles),

429 848 75 62 Né
466 848 62 62 à
491 848 124 62 Paris,
578 848 149 62 élève
689 848 75 62 de
727 848 99 62 Gros
789 848 75 62 et
826 848 124 62 d’Abel
913 848 75 62 de
938 848 149 62 Pujol

413 903 186 56 Chevalier
556 903 86 56 de
599 903 86 56 la
642 903 143 56 Légion
742 903 200 56 d'honneur;
899 903 115 56 hors
957 903 157 56 concours.

561 950 99 60 Rue
617 950 84 60 de
659 950 183 60 Verneuil,
800 950 99 60 41,
842 950 113 60 Paris.

321 1004 130 70 195
395 1004 167 70 Saint
487 1004 222 70 Sébastien.

463 1131 283 76 LEFEBVRE
652 1131 401 76 (Louis

526 1202 69 57 Né
561 1202 58 57 à
584 1202 115 57 Blois,
665 1202 138 57 élève
769 1202 69 57 de
803 1202 69 57 M.
826 1202 173 57 Thiollet

560 1249 114 67 Quai
631 1249 86 67 de
674 1249 172 67 Gesvres,
803 1249 100 67 14,
846 1249 114 67 Paris.

322 1298 137 71 196.
408 1298 155 71 Allée
511 1298 103 71 de
562 1298 137 71 bois
648 1298 103 71 au
700 1298 137 71 mois
768 1298 172 71 d’avril.

326 1353 143 66 197.
416 1353 125 66 Vue
487 1353 161 66 prise
594 1353 107 66 au
648 1353 179 66 Guildo
755 1353 322 66 (Côtes

507 1481 145 83 LE
579 1481 266 83 GENTILE
749 1481 266 83 (Victor),

645 1556 90 61 Né
690 1556 75 61 à
720 1556 149 61 Paris.
809 1556 75 61 Ex.

490 1599 102 68 Rue
549 1599 87 68 de
592 1599 87 68 la
636 1599 116 68 Tour
708 1599 218 68 d’Auvergne,
882 1599 102 68 33,
926 1599 116 68 Paris.

329 1654 140 68 198.
417 1654 175 68 Moulin
540 1654 123 68 sur
610 1654 123 68 les
680 1654 158 68 bords
785 1654 105 68 du
838 1654 210 68 Remongol
978 1654 228 68 (Morbihan).

328 1709 146 82 199.
419 1709 219 82 Fontaine
584 1709 128 82 aux
657 1709 219 82 environs
821 1709 256 82 d’Aubusson
1004 1709 201 82 (Creuse).
