1446 2346
650 249 127 62 —
700 249 152 62 62
751 249 76 62 —

523 341 227 99 LEGRIP
660 341 295 99 (Frédéric),

326 418 80 74 Né
366 418 67 74 à
393 418 134 74 Rouen,
487 418 161 74 élève
607 418 80 74 de
647 418 121 74 David
728 418 161 74 d’Angers
849 418 80 74 et
889 418 80 74 de
929 418 80 74 H.
956 418 201 74 Langlois

569 470 97 60 Rue
625 470 180 60 Visconti,
763 470 97 60 11,
804 470 111 60 Paris.

298 516 135 75 200.
383 516 203 75 Laveuses
535 516 118 75 aux
602 516 152 75 bords
704 516 101 75 de
754 516 101 75 la
805 516 169 75 Seine.
923 516 84 75 à
940 516 203 75 Bonnières.

297 567 139 76 201.
383 567 104 76 Le
436 567 174 76 Moulin
557 567 104 76 de
609 567 347 76 Maisons-Lafitte,
905 567 139 76 près
974 567 139 76 Paris.

299 618 138 76 202.
385 618 172 76 Moulin
505 618 120 76 sur
574 618 103 76 la
626 618 189 76 rivière
746 618 172 76 d’Yères.

499 886 283 111 LELARGE
679 886 283 111 (Léonce),

366 988 79 72 Né
405 988 66 72 à
432 988 131 72 Rouen,
523 988 158 72 élève
642 988 79 72 de
681 988 92 72 MM.
733 988 79 72 G.
773 988 118 72 Morin
852 988 79 72 et
891 988 79 72 L.
917 988 184 72 Cogniet

447 1038 186 57 Médailles
590 1038 86 57 en
632 1038 129 57 1843,
718 1038 129 57 1844,
804 1038 129 57 1860,
889 1038 71 57 à
904 1038 114 57 Rouen.

463 1085 150 66 Avenue
568 1085 90 66 du
613 1085 269 66 Mont-Riboudet,
837 1085 105 66 49,
882 1085 120 66 Rouen.

290 1118 155 69 203.
387 1118 116 69 La
425 1118 136 69 Mort.

413 1416 263 90 LELARGE
580 1416 454 90 (Raphaël

358 1495 76 63 Né
396 1495 64 63 à
422 1495 152 63 Bolleroy
536 1495 191 63 (Calvados),
689 1495 152 63 élève
803 1495 76 63 de
841 1495 114 63 David
904 1495 191 63 d’Angers

439 1544 180 50 Médailles
578 1544 166 50 d’argent
702 1544 83 50 et
744 1544 83 50 de
785 1544 139 50 bronze
882 1544 69 50 à
896 1544 111 50 Rouen.

445 1579 102 70 Rue
504 1579 219 70 Lemarchand,
679 1579 102 70 11,
738 1579 88 70 au
767 1579 234 70 Boisguillaume.

284 1636 147 69 204.
375 1636 202 69 Paysage
522 1636 293 69 (appartenant
760 1636 92 69 à
797 1636 110 69 M.
833 1636 92 69 G..

284 1690 138 69 205.
370 1690 224 69 Intérieur
543 1690 104 69 de
595 1690 155 69 Forêt
681 1690 207 69 (paysage).

285 1744 138 81 206.
371 1744 155 81 Bords
475 1744 104 81 de
527 1744 104 81 la
578 1744 155 81 Seine
665 1744 207 81 (paysage).
