1470 2308
600 218 129 66 —
626 218 103 66 63

397 313 221 88 LEMAN
520 313 468 88 (Jacques

451 392 67 55 Né
484 392 56 55 à
507 392 123 55 l’Aigle
597 392 123 55 (Orne),
686 392 135 55 élève
787 392 67 55 de
809 392 135 55 Picot

524 434 99 63 Rue
580 434 85 63 de
623 434 141 63 Douai,
721 434 99 63 39,
763 434 113 63 Paris.

259 496 156 61 207.
357 496 176 61 Louis
474 496 137 61 XIV
553 496 117 61 et
611 496 137 61 les
689 496 313 61 Ambassadeurs
944 496 117 61 du
1002 496 137 61 roi
1061 496 78 61 de

378 547 143 66 Siam.

406 598 88 62 Le
450 598 103 62 Roi
509 598 118 62 leur
583 598 132 62 donna
671 598 177 62 audience
804 598 118 62 dans
877 598 88 62 la
921 598 147 62 grande
1010 598 132 62 galcrie

377 650 95 50 des
432 650 136 50 glaces
527 650 82 50 de
568 650 205 50 Versailles.
732 650 95 50 Ils
786 650 136 50 firent
882 650 95 50 une
936 650 109 50 fort
1005 650 123 50 belle
1073 650 68 50 ha-

376 692 137 49 rangue
472 692 96 49 que
527 692 137 49 l’abbé
622 692 82 49 de
663 692 150 49 Lionne,
772 692 232 49 missionnaire,
963 692 178 49 traduisit
1086 692 55 49 en

376 732 204 48 français.
533 732 110 48 Ils
596 732 220 48 marquèrent
769 732 94 48 au
816 732 110 48 roi
878 732 110 48 des
941 732 188 48 respects
1067 732 78 48 qui

378 778 184 43 allaient
515 778 168 43 presque
638 778 168 43 jusqu’à
760 778 245 43 l’adoration.
959 778 138 43 Quand
1051 778 92 43 M.
1082 778 61 43 de

379 817 145 39 Lionne
480 817 101 39 eut
538 817 145 39 achevé
639 817 87 39 sa
682 817 174 39 lecture,
812 817 87 39 le
856 817 159 39 premier
957 817 188 39 ambassadeur

379 857 133 45 monta
468 857 103 45 les
527 857 147 45 degrés
630 857 88 45 du
674 857 133 45 trône
762 857 118 45 pour
836 857 177 45 remettre
968 857 74 45 à
998 857 133 45 Louis
1071 857 74 45 XIV

380 894 79 63 la
419 894 132 63 lettre
512 894 79 63 de
552 894 93 63 son
591 894 159 63 souverain.

602 943 191 74 (Mémoires
757 943 72 74 de
793 943 119 74 l’abbé
876 943 72 74 de
900 943 167 74 Choisy)

509 1060 146 101 LE
582 1060 195 101 MORE
679 1060 220 101 (Paul),

470 1144 74 63 Né
507 1144 62 63 à
531 1144 111 63 Caen,
605 1144 148 63 élève
717 1144 74 63 de
754 1144 74 63 M.
778 1144 173 63 Couture

540 1201 99 57 Rue
597 1201 170 57 Blanche,
724 1201 99 57 82,
767 1201 113 57 Paris.

268 1257 157 73 208.
366 1257 118 73 Le
406 1257 118 73 Gué.

756 1303 135 60 (Voir
857 1303 79 60 aux
891 1303 168 60 dessins)

375 1446 239 69 LESREL
518 1446 526 69 (Adolphe

395 1503 76 65 Né
433 1503 64 65 à
459 1503 127 65 Genets
548 1503 165 65 (Manche),
675 1503 153 65 élève
789 1503 76 65 de
827 1503 76 65 M.
853 1503 165 65 Gérôme

502 1558 100 65 Rue
559 1558 85 65 de
601 1558 199 65 Vaugirard,
758 1558 114 65 119,
815 1558 114 65 Paris.

271 1611 154 60 209.
367 1611 212 60 L’Amour
502 1611 231 60 vainqueur.

274 1667 135 57 210.
359 1667 135 57 Tête
443 1667 169 57 (étude
562 1667 135 57 pour
647 1667 102 57 le
697 1667 186 57 tableau
833 1667 220 57 «l’Aurore
985 1667 85 57 »).

272 1721 142 76 211.
361 1721 214 76 Pêcheuse
521 1721 107 76 de
557 1721 249 76 coquillages.
