1470 2308
647 246 130 53 —
673 246 104 53 65

564 337 222 81 LOIRE
688 337 222 81 (Léon),

306 413 87 83 Né
349 413 72 83 à
378 413 187 83 Vaugirard
522 413 173 83 (Seine),
652 413 173 83 élève
781 413 87 83 de
825 413 130 83 David
911 413 173 83 d’Angers
1041 413 87 83 et
1070 413 115 83 de

596 458 103 57 M.
664 458 103 57 Emile
721 458 171 57 Lassalle

496 494 219 70 Grande-Rue,
671 494 117 70 110,
730 494 262 70 Vaugirard

301 542 153 72 218.
397 542 115 72 La
435 542 153 72 Leçon.

304 599 142 65 219.
393 599 125 65 Les
464 599 142 65 deux
553 599 160 65 Sœurs
660 599 107 65 de
696 599 125 65 lait.

475 713 157 97 LOS
564 713 179 97 RIOS
676 713 292 97 (Ricardos
878 713 135 97 de),

437 798 72 60 Né
473 798 60 60 à
497 798 168 60 Valiadolid
629 798 168 60 (Espague),
762 798 144 60 élève
870 798 72 60 de
906 798 72 60 M.
930 798 132 60 Pils

568 848 103 52 Rue
627 848 191 52 d’Aulnay,
774 848 103 52 76,
818 848 117 52 Paris.

311 890 136 61 220.
396 890 102 61 La
447 890 170 61 petite
566 890 204 61 Fileuse,
718 890 204 61 souvenir
854 890 153 61 breton.

308 944 144 72 221.
398 944 234 72 Intérieur
560 944 234 72 Bas

344 1076 279 70 LOUSTEAU
530 1076 628 70 (Jacques

382 1161 76 50 Né
420 1161 64 50 à
446 1161 178 50 Sarrelouis
586 1161 165 50 (Prusse),
713 1161 152 50 élève
827 1161 76 50 de
865 1161 76 50 M.
903 1161 102 50 Léon
954 1161 178 50 Cogniet

554 1202 186 50 Médaille,
697 1202 129 50 salon
782 1202 86 50 de
825 1202 129 50 1842.
897 1202 71 50 Ex.

455 1237 99 53 Rue
511 1237 141 53 Maity,
610 1237 85 53 5,
652 1237 70 53 à
680 1237 296 53 Charenton-le-Pont
920 1237 141 53 (Seine).

316 1287 140 61 222.
403 1287 105 61 Le
456 1287 228 61 lendemain
631 1287 105 61 de
683 1287 105 61 la
736 1287 158 61 prise
841 1287 105 61 de
876 1287 193 61 Malakoff.

543 1418 263 70 LOUTREL
711 1418 263 70 (Victor),

495 1484 75 69 Né
532 1484 62 69 à
557 1484 125 69 Rouen,
644 1484 149 69 élève
756 1484 75 69 de
793 1484 75 69 M.
818 1484 212 69 Mouilleron

470 1550 102 54 Rue
529 1550 102 54 des
587 1550 190 54 Abbesses,
733 1550 102 54 35,
777 1550 277 54 Montmartre

322 1583 153 68 223.
417 1583 172 68 Femme
532 1583 153 68 dans
627 1583 114 68 la
665 1583 153 68 neige.

323 1632 147 93 224.
414 1632 165 93 Marie
524 1632 183 93 Stuart
653 1632 183 93 priant
781 1632 147 93 près
873 1632 110 93 du
928 1632 202 93 berceau
1075 1632 110 93 de
1111 1632 92 93 son

445 1687 161 69 enfant.

326 1741 151 63 225.
420 1741 113 63 La
458 1741 207 63 Coquette.
