1446 2346
369 350 269 99 MELOTTE
540 350 489 99 (Édouard

478 439 72 62 Né
514 439 60 62 à
538 439 120 62 Paris,
622 439 144 62 élève
729 439 72 62 de
765 439 72 62 M.
789 439 144 62 Navez

266 480 185 56 Médaille
404 480 123 56 d’or
481 480 92 56 et
528 480 123 56 deux
605 480 185 56 rappels,
743 480 154 56 Rouen;
851 480 170 56 mention
959 480 185 56 honorable,

442 525 141 59 Paris;
541 525 170 59 médaille
668 525 85 59 de
711 525 170 59 vermeil,
824 525 141 59 Alençon.

464 568 100 62 Rue
521 568 86 62 de
564 568 257 62 l’Impératrice,
777 568 100 62 76,
820 568 114 62 Rouen.

265 607 144 69 258.
355 607 216 69 Portrait
516 607 108 69 de
570 607 108 69 M.
606 607 126 69 M***.

489 751 221 103 MERME
611 751 294 103 (Charles),

516 847 89 58 Né
561 847 74 58 à
590 847 193 58 Cherbourg
724 847 163 58 (Manche).

379 892 98 50 Rue
435 892 84 50 de
477 892 84 50 la
519 892 182 50 Corderie,
659 892 98 50 16,
714 892 70 50 à
742 892 154 50 Lorient
840 892 182 50 (Morbihan).

262 928 135 88 259.
346 928 118 88 Les
414 928 152 88 côtes
515 928 101 88 de
566 928 152 88 l’île
667 928 202 88 Bourbon,
819 928 169 88 saison
937 928 101 88 de
970 928 169 88 l’hiver

401 989 134 64 nage.

490 1130 243 89 MOLLET
636 1130 267 89 (Ernest),

263 1222 82 55 Né
304 1222 68 55 à
332 1222 164 55 Vouziers
454 1222 205 55 (Ardennes),
618 1222 164 55 élève
741 1222 82 55 de
781 1222 95 55 MM.
836 1222 123 55 Cœdès
918 1222 82 55 et
945 1222 191 55 Couture

486 1257 96 62 Rue
541 1257 82 62 de
582 1257 82 62 la
623 1257 178 62 Victoire,
760 1257 96 62 46,
801 1257 110 62 Paris.

260 1298 149 67 260.
354 1298 168 67 Lapin
466 1298 112 67 et
503 1298 168 67 Canard.

261 1354 137 66 261.
346 1354 222 66 Intérieur
517 1354 103 66 de
551 1354 137 66 forge.

461 1510 291 84 MONGODIN
655 1510 267 84 (Victor),

371 1573 75 72 Né
409 1573 63 72 à
434 1573 100 72 Vire
497 1573 188 72 (Calvados),
648 1573 151 72 élève
760 1573 75 72 de
798 1573 75 72 M.
836 1573 75 72 de
861 1573 163 72 Rudder

262 1620 206 69 Médailles
421 1620 238 69 St-Quentin,
611 1620 143 69 1859;
707 1620 143 69 Caen,
802 1620 143 69 1861;
897 1620 190 69 Alençon,
1024 1620 111 69 1865,

552 1673 90 57 et
597 1673 90 57 Le
642 1673 149 57 Havre,
731 1673 105 57 1868.

519 1714 102 62 Rue
578 1714 174 62 Oudinot,
708 1714 102 62 23,
752 1714 116 62 Paris.

257 1755 155 66 262.
353 1755 116 66 Le
412 1755 232 66 Déjeûner
586 1755 116 66 au
624 1755 136 66 Camp.
