1470 2308
647 210 156 56 71
699 210 78 56 —

451 302 316 77 MOORMANS
661 302 264 77 (Franz),

275 361 79 89 Né
314 361 66 89 à
341 361 172 89 Rotterdam
473 361 198 89 (Pays-Bas),
631 361 158 89 élève
750 361 79 89 de
790 361 185 89 l'Académie
922 361 198 89 d’Anvers

335 403 111 81 Chez
405 403 84 81 M.
446 403 181 81 Dumesnil,
586 403 181 81 boulevard
725 403 84 81 de
767 403 195 81 l’Hôpital,
920 403 84 81 4,
948 403 111 81 Paris.

253 465 148 67 263.
346 465 111 67 La
383 465 297 67 Blanchisseuse.

257 519 161 61 264.
358 519 121 61 Un
398 519 121 61 Duo.

261 556 138 75 265.
347 556 223 75 Intérieur
519 556 103 75 de
570 556 189 75 cabaret
691 556 223 75 hollandais.

479 690 249 72 MOREAU
628 690 299 72 (Gustave),

494 756 68 55 Né
528 756 57 55 à
550 756 114 55 Paris,
630 756 136 55 élève
732 756 68 55 de
766 756 68 55 M.
789 756 136 55 Picot

364 803 181 64 Médailles
503 803 97 64 aux
559 803 209 64 expositions
726 803 84 64 de
768 803 111 64 1864
837 803 84 64 et
879 803 84 64 de
921 803 125 64 1865.
990 803 70 64 Ex.

450 841 103 61 Rue
509 841 89 61 de
554 841 89 61 La
598 841 266 61 Rochefoucauld,
820 841 103 61 14,
864 841 118 61 Paris.

273 892 147 62 266.
364 892 202 62 Diomède
511 892 184 62 dévoré
640 892 129 62 par
713 892 129 62 ses
768 892 184 62 chevaux.

504 1035 243 69 MOREAU
649 1035 292 69 (Nicolas),

380 1092 76 61 Né
418 1092 63 61 à
444 1092 127 61 Paris,
533 1092 152 61 élève
647 1092 76 61 de
685 1092 89 61 MM.
736 1092 114 61 Picot
812 1092 76 61 et
850 1092 114 61 Jules
914 1092 152 61 Dupré

520 1137 202 54 Médailles,
678 1137 130 54 Rouen
765 1137 87 54 et
794 1137 144 54 Bayonne.

547 1180 100 57 Rue
604 1180 86 57 de
647 1180 143 57 Paris,
733 1180 172 57 Isle

289 1230 145 62 267.
379 1230 181 62 Jument
506 1230 109 62 et
561 1230 127 62 son
615 1230 181 62 poulain.

290 1283 145 63 268.
381 1283 200 63 Chevaux
526 1283 109 63 de
562 1283 145 63 trait.

289 1336 152 78 269.
384 1336 171 78 Groom
498 1336 95 78 à
517 1336 171 78 cheval.

399 1442 360 83 MOREL-FATIO
663 1442 408 83 (Antoine

642 1514 96 53 Né
690 1514 80 53 à
706 1514 128 53 Rouen.

395 1551 184 65 Chevalier
536 1551 85 65 de
579 1551 85 65 la
621 1551 141 65 Légion
720 1551 198 65 d'honneur;
875 1551 113 65 hors
932 1551 155 65 concours.

543 1601 85 61 Au
585 1601 141 61 palais
684 1601 85 61 du
727 1601 156 61 Louvre,
826 1601 113 61 Paris.

302 1651 149 59 270.
395 1651 112 59 Le
451 1651 186 59 Matin,
563 1651 167 59 marine.

306 1692 137 78 271.
392 1692 223 78 Vaisseaux
563 1692 103 78 du
615 1692 154 78 XVIIe
701 1692 154 78 siècle.
