1446 2346
722 285 153 73 74
773 285 77 73 —

372 377 342 72 PARMENTIER
641 377 196 72 (Mme
763 377 269 72 Eugénie
934 377 220 72 MORIN),

352 459 93 74 Née
405 459 67 74 à
432 459 133 74 Rouen,
525 459 160 74 élève
645 459 80 74 de
685 459 80 74 M.
725 459 147 74 Gustave
831 459 133 74 Morin,
925 459 93 74 son
978 459 120 74 père,
1058 459 80 74 et
1084 459 107 74 de

709 511 114 49 Belloc

329 543 178 56 Médaille
463 543 74 56 à
492 543 133 56 Caen;
581 543 178 56 médaille
715 543 119 56 d’or
789 543 89 56 de
833 543 208 56 l’Académie
996 543 104 56 des
1041 543 163 56 Sciences,

362 596 249 47 Belles-Lettres
569 596 83 47 et
611 596 111 47 Arts
680 596 83 47 de
721 596 138 47 Rouen;
818 596 166 47 médaille
942 596 111 47 d'or
1012 596 83 47 de
1053 596 83 47 la
1081 596 124 47 Société

360 639 105 71 des
420 639 120 71 Amis
495 639 105 71 des
555 639 120 71 Arts
631 639 90 71 de
676 639 150 71 Rouen;
781 639 180 71 médaille
916 639 135 71 d’or,
1007 639 150 71 Paris,
1097 639 105 71 1864.

337 683 92 66 Ex.

541 702 182 77 Boulevard
681 702 84 77 de
723 702 154 77 Clichy,
835 702 98 77 49,
877 702 112 77 Paris.

326 770 141 62 285.
415 770 212 62 Portrait
574 770 106 62 de
627 770 124 62 Mme
697 770 106 62 G.
733 770 247 62 (Miniature.)

323 822 166 57 286.
427 822 249 57 Portrait
614 822 125 57 de
676 822 125 57 M.
739 822 125 57 G.
780 822 104 57 de.

321 870 166 72 287.
425 870 248 72 Portrait
611 870 124 72 de
673 870 124 72 M.
735 870 124 72 H.
777 870 103 72 de.

864 921 135 85 (Voir
965 921 79 85 aux
999 921 169 85 dessins)

499 1101 273 88 PASQUIOU
704 1101 205 88 (Mlle
817 1101 205 88 Marie),

530 1191 150 53 Elève
643 1191 75 53 de
681 1191 88 53 MM.
731 1191 125 53 Signol
818 1191 75 53 et
843 1191 163 53 Laugée

552 1233 94 71 Rue
605 1233 81 71 de
646 1233 229 71 l’Université,
835 1233 94 71 19,
875 1233 108 71 Paris.

326 1282 152 65 288.
402 1282 267 65 Fauconnerie.

552 1460 246 87 PATROIS
708 1460 269 87 (Isidore),

335 1537 80 62 Né
375 1537 67 62 à
402 1537 134 62 Noyers
495 1537 161 62 (Yonne),
616 1537 161 62 élève
737 1537 80 62 de
777 1537 147 62 Lenfant
884 1537 80 62 et
924 1537 80 62 de
965 1537 80 62 M.
992 1537 215 62 Monvoisin

659 1594 119 51 Hors
719 1594 164 51 concours.

578 1634 143 59 Avenue
678 1634 172 59 d’Eylau,
807 1634 100 59 31,
850 1634 114 59 Paris.

333 1678 141 59 289.
421 1678 176 59 Jeanne
544 1678 158 59 d’Arc
650 1678 211 59 conduite
808 1678 106 59 au
844 1678 193 59 supplice.

682 1734 145 66 (Donné
783 1734 101 66 par
841 1734 87 66 S.
884 1734 87 66 M.
913 1734 203 66 l’Empereur.)

335 1778 139 85 290.
422 1778 105 85 La
474 1778 192 85 Récolte
613 1778 122 85 des
666 1778 174 85 cerises.
