1470 2308
604 242 143 76 75
652 242 71 76 —

295 362 304 89 PELLEPORT
528 362 187 89 (Mme
645 362 304 89 Ernestine
856 362 140 89 de),

406 430 85 50 Née
454 430 61 50 à
479 430 121 50 Paris,
564 430 146 50 élève
673 430 73 50 de
709 430 73 50 M.
733 430 158 50 Gigoux

422 471 170 51 Médaille
550 471 185 51 d’argent,
691 471 142 51 Rouen,
777 471 99 51 1862.

487 516 104 51 Rue
546 516 163 51 Magnan,
665 516 89 51 2,
695 516 118 51 Paris.

207 549 154 65 291.
303 549 135 65 Une
361 549 212 65 Négresse.

209 603 148 59 292.
301 603 166 59 Jeune
393 603 203 59 Nourrice.

323 905 310 88 PELLETIER
537 905 429 88 (Antoine

253 975 82 54 Né
294 975 68 54 à
322 975 191 54 Amsterdam,
472 975 164 54 élève
595 975 82 54 de
636 975 96 54 MM.
691 975 82 54 de
732 975 137 54 Rudder
827 975 82 54 et
855 975 191 54 Couture

289 1022 177 55 Médaille
422 1022 192 55 d'argent,
569 1022 133 55 1860;
658 1022 177 55 rappels,
791 1022 118 55 1862
864 1022 88 55 et
894 1022 103 55 1864.

275 1065 67 69 A
301 1065 281 69 l’Etang-la-Ville,
542 1065 107 69 près
609 1065 227 69 Saint-Germain
783 1065 241 69 (Seine

209 1107 136 77 293.
294 1107 187 77 Fleurs,
430 1107 170 77 Fruits
549 1107 102 77 et
583 1107 153 77 Gibier.

380 1402 319 84 PELLETIER
601 1402 295 84 (Laurent),

441 1469 88 45 Né
485 1469 73 45 à
515 1469 161 45 Eclaron
617 1469 235 45 (Haute

209 1505 183 57 Médailles
350 1505 169 57 d’argent
477 1505 70 57 à
505 1505 141 57 Rouen,
604 1505 127 57 Metz.
688 1505 169 57 Moulins,
815 1505 183 57 Besançon,
942 1505 141 57 Orléans,

239 1551 143 40 Niort,
339 1551 129 40 etc.;
425 1551 172 40 médaille
553 1551 86 40 de
596 1551 157 40 vermeil
710 1551 71 40 à
739 1551 143 40 Rouen;
839 1551 186 40 médailles
982 1551 114 40 d’or
1039 1551 43 40 à

241 1578 142 53 Paris,
340 1578 113 53 1841
411 1578 85 53 et
453 1578 128 53 1846.
524 1578 71 53 Ex.

486 1607 101 88 Rue
543 1607 144 88 Lepic,
644 1607 101 88 53,
687 1607 115 88 Paris.

204 1659 149 57 294.
297 1659 130 57 Les
353 1659 167 57 Hêtres.

206 1711 139 55 295.
293 1711 209 55 Souvenir
449 1711 104 55 de
501 1711 104 55 la
554 1711 157 55 forêt
658 1711 104 55 de
693 1711 278 55 Fontainebleau.

184 1762 313 72 296.
380 1762 274 72 de.
497 1762 196 72 de.
