1446 2346
658 309 122 68 —
706 309 146 68 76
755 309 73 68 —

551 406 245 82 PERRET
697 406 245 82 (Henri),

318 477 76 55 Né
356 477 63 55 à
382 477 76 55 la
420 477 304 55 Chapelle-Saint-Denis
686 477 152 55 (Seine),
799 477 152 55 élève
913 477 76 55 de
951 477 89 55 son
1002 477 101 55 père
1065 477 76 55 et
1091 477 101 55 de

644 527 98 52 M.
699 527 163 52 Daubigny

519 564 174 56 Médaille
649 564 87 56 de
692 564 159 56 bronze,
808 564 145 56 Rouen,
895 564 101 56 1864.

569 613 71 48 A
597 613 143 48 Auvers
683 613 257 48 (Seine

314 653 143 60 297.
403 653 125 60 Une
475 653 214 60 Matinée,
636 653 161 60 bords
743 653 107 60 de
796 653 107 60 la
832 653 143 60 Seine.

317 707 163 61 298.
419 707 143 61 Une
500 707 306 61 Après-Midi,
725 707 102 61 de.

519 838 261 75 PIERDON
685 838 308 75 (François),

404 901 74 64 Né
441 901 62 64 à
465 901 284 64 Saint-Gérand-le-Puy
712 901 161 64 (Allier),
836 901 148 64 élève
947 901 74 64 de
972 901 148 64 Tudot

491 950 181 53 Médailles
630 950 70 53 à
658 950 153 53 Moulins
770 950 84 53 et
811 950 84 53 au
853 950 139 53 Havre,
937 950 97 53 1868.

475 989 100 63 Rue
532 989 86 63 du
575 989 214 63 Rond-Point,
746 989 100 63 19,
803 989 171 63 Boulogne
917 989 143 63 (Seine).

322 1031 145 85 299.
413 1031 109 85 Le
467 1031 200 85 Clocher
612 1031 109 85 du
649 1031 181 85 Village.

381 1162 564 77 PIETTE-MONFOUCAULT
843 1162 307 77 (Ludovic),

377 1243 77 42 Né
416 1243 65 42 à
442 1243 116 42 Niort
519 1243 232 42 (Deux-Sèvres),
713 1243 155 42 élève
829 1243 77 42 de
867 1243 77 42 M.
906 1243 142 42 Faustin
996 1243 168 42 Besson

422 1277 168 54 Mentions
548 1277 196 54 honorables
702 1277 84 54 et
744 1277 168 54 médaille
871 1277 168 54 d’argent
997 1277 70 54 à
1011 1277 112 54 Rouen.

522 1319 72 60 A
550 1319 187 60 Melleray,
694 1319 115 60 près
766 1319 144 60 Lassay
852 1319 172 60 (Mayenne).

332 1367 154 55 300.
428 1367 174 55 Ferme
544 1367 154 55 dans
640 1367 116 55 le
679 1367 135 55 Maine

331 1420 149 64 301.
425 1420 187 64 Chemin
555 1420 149 64 dans
648 1420 131 64 les
704 1420 131 64 Bois.

336 1473 144 67 302.
426 1473 126 67 Les
498 1473 180 67 Petits
605 1473 198 67 Glaneurs.

873 1518 137 77 (Voir
975 1518 80 77 aux
1009 1518 171 77 dessins)

604 1639 206 96 PINTA
718 1639 229 96 (Louis),

477 1709 76 63 Né
515 1709 64 63 à
541 1709 102 63 Ervy
605 1709 140 63 (Aube),
706 1709 153 63 élève
821 1709 76 63 de
859 1709 76 63 M.
897 1709 76 63 F.
923 1709 165 63 Dupuis

618 1766 101 61 Rue
675 1766 158 61 Linnée,
790 1766 101 61 22,
833 1766 115 61 Paris.

344 1815 136 66 303
421 1815 117 66 Un
480 1815 234 66 Attelage
636 1815 253 66 morvandeau.
