1446 2346
711 272 123 59 —
761 272 148 59 80
810 272 74 59 —

563 356 277 83 RICHTER
739 356 302 83 (Edouard),

573 444 72 64 Né
609 444 60 64 à
633 444 119 64 Paris,
716 444 143 64 élève
824 444 72 64 de
860 444 72 64 M.
884 444 155 64 Hébert

619 490 187 56 Médaille,
763 490 86 56 au
806 490 144 56 Havre,
892 490 101 56 1868.

655 536 99 60 Rue
711 536 141 60 Bréda,
810 536 99 60 26,
852 536 113 60 Paris.

366 579 146 67 323.
439 579 200 67 Solitude.

664 690 153 88 RIS
730 690 219 88 (Oscar),

515 755 77 71 Né
554 755 64 71 à
579 755 141 71 Amiens,
682 755 154 71 élève
797 755 77 71 de
836 755 77 71 M.
874 755 115 71 Henri
938 755 167 71 Paquot

594 813 103 68 Rue
653 813 88 68 de
697 813 191 68 Beauvais,
843 813 117 68 126,
902 813 132 68 Amiens.

375 846 137 82 324.
460 846 205 82 Cristaux
614 846 103 82 et
648 846 154 82 Fruits.

373 1008 140 72 RIS
453 1008 180 72 (Mme,
573 1008 140 72 née
654 1008 200 72 Louise
794 1008 200 72 PAQUOT
934 1008 120 72 DE
974 1008 281 72 PARVILLERS),

509 1061 91 76 Née
561 1061 65 76 à
587 1061 143 76 Amiens,
691 1061 156 76 élève
808 1061 78 76 de
846 1061 78 76 M.
885 1061 117 76 Henri
950 1061 169 76 Paquot

444 1122 169 57 Médaille
571 1122 84 57 de
613 1122 155 57 bronze,
725 1122 155 57 Amiens,
838 1122 127 57 1846;
923 1122 169 57 médaille
1035 1122 155 57 d’argent,

611 1171 162 42 Amiens,
729 1171 133 42 1863;
818 1171 162 42 rappel,
921 1171 103 42 1868.

580 1213 110 55 Rue
643 1213 95 55 de
691 1213 205 55 Beauvais,
848 1213 126 55 126,
911 1213 142 55 Amiens.

380 1254 137 76 325.
466 1254 171 76 Fleurs
586 1254 103 76 et
620 1254 154 76 Fruits.

414 1410 320 65 ROCHENOIRE
665 1410 434 65 (Charles-Julien
1030 1410 137 65 de
1076 1410 137 65 la),

433 1467 79 64 Né
472 1467 79 64 au
512 1467 131 64 Havre,
604 1467 158 64 élève
722 1467 79 64 de
761 1467 131 64 Troyon
853 1467 79 64 et
893 1467 79 64 de
932 1467 79 64 M.
972 1467 105 64 Léon
1024 1467 184 64 Cogniet

608 1528 170 49 Médaille
735 1528 113 49 d'or
806 1528 71 49 à
835 1528 142 49 Rouen,
920 1528 99 49 1866.

571 1573 187 55 Boulevard
714 1573 244 55 Rochechouart,
915 1573 100 55 25,
958 1573 115 55 Paris.

381 1612 146 65 326.
472 1612 183 65 Combat
600 1612 110 65 de
655 1612 237 65 Taureaux,
837 1612 183 65 vallée
947 1612 164 65 d’Auge.

522 1665 242 52 (Appartient
715 1665 81 52 à
747 1665 97 52 M.
796 1665 97 52 le
844 1665 145 52 baron
941 1665 97 52 de
973 1665 145 52 Barry).

382 1717 144 53 327.
472 1717 180 53 Marche
599 1717 253 53 d’Animaux,
797 1717 180 53 vallée
923 1717 108 53 de
977 1717 108 53 la
1014 1717 180 53 Touques.

379 1760 164 63 328.
481 1760 123 63 Le
522 1760 123 63 Gué,
