1446 2346
663 252 123 77 —
712 252 147 77 82
761 252 74 77 —

481 361 383 72 ROSZCZEWSKI
761 361 255 72 (Henri),

556 423 85 66 Né
598 423 71 66 à
626 423 254 66 Chezal-Benoist
824 423 127 66 (Cher).

533 464 112 64 Rue
597 464 96 64 de
645 464 192 64 Citeaux,
790 464 112 64 20,
838 464 128 64 Paris.

315 504 133 77 336.
399 504 133 77 Vase
482 504 200 77 d’ivoire
632 504 100 77 et
681 504 200 77 Poignard
815 504 116 77 d’or.

314 555 145 80 337.
405 555 236 80 Espagnol.
568 555 181 80 (Étude).

496 666 290 85 ROUSSEAU
689 666 314 85 (Philippe),

544 735 69 60 Né
578 735 57 60 à
601 735 114 60 Paris,
681 735 137 60 élève
784 735 69 60 de
806 735 149 60 Bertin

407 774 183 70 Chevalier
548 774 85 70 de
590 774 85 70 la
633 774 141 70 Légion
731 774 197 70 d’honneur;
886 774 113 70 hors
943 774 155 70 concours.

562 825 101 62 Rue
619 825 87 62 La
663 825 173 62 Bruyère,
793 825 87 62 3,
821 825 116 62 Paris.

310 858 144 70 338.
400 858 180 70 Chiens
508 858 180 70 couplés.

501 987 245 73 ROYBET
647 987 343 73 (Ferdinand),

621 1054 87 55 Né
664 1054 72 55 à
693 1054 116 55 Uzès
751 1054 130 55 (Gard).

552 1096 192 54 Médaille,
700 1096 147 54 Paris,
803 1096 133 54 1866.
876 1096 74 54 Ex.

514 1135 180 71 Boulevard
653 1135 83 71 de
694 1135 194 71 l’Hôpital,
847 1135 83 71 4,
874 1135 111 71 Paris.

311 1171 156 67 339.
390 1171 156 67 Étude.

310 1227 149 75 340.
403 1227 130 75 Une
478 1227 279 75 Bohémienne,
682 1227 205 75 esquisse.

457 1338 234 82 RUDDER
621 1338 375 82 (Louis-Henry
902 1338 141 82 de),

461 1411 74 56 Né
498 1411 61 56 à
522 1411 123 56 Paris,
608 1411 147 56 élève
718 1411 74 56 de
755 1411 98 56 Gros
816 1411 74 56 et
853 1411 74 56 de
877 1411 172 56 Charlet

517 1452 182 58 Chevalier
657 1452 84 58 de
699 1452 84 58 la
741 1452 140 58 Légion
826 1452 168 58 d'honneur.

349 1495 178 65 Médailles
487 1495 69 65 à
514 1495 137 65 Paris,
610 1495 137 65 Rouen,
706 1495 137 65 Douai,
802 1495 178 65 Besançon,
939 1495 82 65 le
981 1495 137 65 Havre,
1063 1495 96 65 etc.;

642 1542 118 47 hors
701 1542 163 47 concours.

507 1579 177 67 Boulevard
643 1579 95 67 des
698 1579 190 67 Invalides,
847 1579 95 67 12,
888 1579 109 67 Paris.

307 1611 147 70 341.
398 1611 202 70 Nicolas
545 1611 202 70 Flamel,
691 1611 256 70 alchimiste
893 1611 110 70 du
948 1611 147 70 XIVe
1021 1611 165 70 siècle.

455 1666 108 80 On
509 1666 233 80 prétendit
688 1666 161 80 qu’il
796 1666 161 80 avait
903 1666 179 80 trouvé
1029 1666 108 80 le
1065 1666 125 80 moyen

457 1701 93 57 de
503 1701 139 57 faire
596 1701 93 57 de
627 1701 108 57 l’or.

310 1732 145 95 342.
400 1732 181 95 Soirée
527 1732 254 95 d’automne.
709 1732 217 95 (Paysage.)
