1476 2346
722 274 121 66 —
770 274 145 66 84
819 274 73 66 —

443 371 416 85 SALLES-WAGNER
785 371 196 85 (Mme
883 371 294 85 Adélaïde),

504 446 88 60 Née
555 446 63 60 à
580 446 125 60 Dresde
667 446 138 60 (Saxe),
767 446 150 60 élève
880 446 75 60 de
917 446 75 60 C.
942 446 188 60 Jacquand

378 495 178 59 Médailles
515 495 123 59 d’or.
597 495 68 59 à
625 495 123 59 Nimes
707 495 82 59 et
748 495 219 59 Montpellier,
926 495 137 59 grande
1022 495 164 59 médaille
1145 495 68 59 à
1159 495 96 59 Lyon.

575 540 127 68 Place
659 540 211 68 Saint-Paul,
829 540 85 68 4,
871 540 127 68 Nîmes
941 540 127 68 (Gard).

377 598 136 67 349.
462 598 119 67 Qui
530 598 222 67 travaille
684 598 119 67 prie.

589 711 272 94 SCHMIDT
763 711 272 94 (Lucien),

383 790 89 61 Néà
434 790 140 61 Miellin
536 790 229 61 (Haute-Saône),
727 790 153 61 élève
841 790 76 61 de
879 790 178 61 Bonnefond,
1019 790 76 61 de
1057 790 76 61 H.
1083 790 178 61 Flandrin

675 845 109 58 et
748 845 73 58 de
784 845 73 58 M.
808 845 158 58 Grobon

696 888 72 58 A
724 888 130 58 Roupy
797 888 144 58 (Aisne).

380 937 148 77 350.
472 937 129 77 Les
546 937 148 77 deux
620 937 240 77 Déserteurs.

497 1073 319 84 SCHNEIDER
718 1073 418 84 (Louis

487 1156 76 55 Né
525 1156 63 55 à
551 1156 127 55 Paris,
639 1156 152 55 elève
753 1156 76 55 de
791 1156 152 55 Fournier
906 1156 76 55 et
944 1156 76 55 de
969 1156 190 55 Drolling

636 1204 101 79 Rue
693 1204 86 79 de
736 1204 172 79 Lorient,
865 1204 86 79 8,
894 1204 115 79 Paris.

382 1255 150 67 351.
457 1255 226 67 L’Evasion.

384 1311 147 63 352.
475 1311 202 63 Bergère
622 1311 110 63 de
659 1311 183 63 Crozant.

385 1361 149 65 353.
479 1361 224 65 Environs
647 1361 112 65 de
684 1361 168 65 Samois.

533 1487 300 94 SCHNEIDER
763 1487 184 94 (Mme
856 1487 253 94 Félicie),

423 1584 86 51 Née
472 1584 61 51 à
496 1584 184 51 Saint-Cloud
643 1584 245 51 (Seine-et-Oise),
852 1584 147 51 élève
962 1584 74 51 de
999 1584 74 51 M.
1036 1584 74 51 L.
1060 1584 172 51 Cogniet

514 1623 171 56 Mentions
642 1623 213 56 honorables,
813 1623 85 56 en
855 1623 128 56 1859,
941 1623 114 56 1861
1012 1623 85 56 et
1040 1623 100 56 1865.

649 1668 98 76 Rue
705 1668 84 76 de
747 1668 168 76 Lorient,
872 1668 84 76 8,
900 1668 112 76 Paris.

391 1726 139 57 354.
477 1726 104 57 La
529 1726 173 57 lettre
651 1726 104 57 au
686 1726 121 57 pays.

388 1778 140 64 355.
476 1778 175 64 Fleurs
599 1778 105 64 et
634 1778 158 64 Fruits.
