1470 2308
681 232 121 77 —
705 232 97 77 85

529 328 239 83 SEBRON
672 328 335 83 (Hippolyte),

369 403 82 53 Né
410 403 69 53 à
438 403 165 53 Caudebec
562 403 316 53 (Seine-Inférieure),
836 403 165 53 élève
960 403 82 53 de
988 403 192 53 Daguerre

597 446 104 55 et
667 446 69 55 de
701 446 69 55 M.
736 446 92 55 Léon
782 446 162 55 Cogniet

337 494 196 51 Chevalier
488 494 91 51 de
533 494 91 51 la
578 494 151 51 Légion
684 494 196 51 d’Honneur
835 494 91 51 et
880 494 91 51 de
925 494 166 51 l’ordre
1046 494 91 51 de
1076 494 136 51 Léopold

570 529 87 49 de
613 529 188 49 Belgique;
758 529 116 49 hors
816 529 159 49 concours.

331 564 151 55 356.
425 564 188 55 Ruines
557 564 170 55 d’une
670 564 188 55 abbaye
802 564 113 55 en
840 564 226 55 Normandie.

336 615 137 64 357.
422 615 171 64 Maison
541 615 137 64 d’un
627 615 188 64 Notaire
764 615 103 64 au
815 615 137 64 XIVe
884 615 154 64 siècle.

873 664 136 73 (Voir
974 664 79 73 aux
1008 664 170 73 dessins)

512 958 215 75 SÉLIM
656 958 191 75 (Mme
751 958 287 75 Honorine),

531 1027 83 59 Née
579 1027 60 59 à
603 1027 119 59 Rouen,
686 1027 143 59 élève
793 1027 72 59 de
829 1027 72 59 A.
853 1027 179 59 Scheffer

344 1071 194 50 Médlailles
496 1071 180 50 d’argent,
635 1071 166 50 Alençon,
759 1071 125 50 1865,
842 1071 83 50 de
884 1071 152 50 bronze,
995 1071 83 50 au
1036 1071 138 50 Havre,
1119 1071 97 50 1868.

575 1120 105 55 Rue
635 1120 240 55 d’Amsterdam,
830 1120 105 55 92,
875 1120 120 55 Paris.

344 1159 134 54 358.
428 1159 201 54 Portrait
579 1159 101 54 du
629 1159 134 54 fils
713 1159 101 54 de
747 1159 184 54 l’Auteur.

560 1430 255 97 SELLIER
722 1430 278 97 (Charles),

375 1510 78 56 Né
414 1510 65 56 à
440 1510 131 56 Nancy,
532 1510 157 56 élève
650 1510 78 56 de
689 1510 118 56 Louis
767 1510 144 56 Leborne
872 1510 78 56 et
911 1510 78 56 de
950 1510 78 56 M.
990 1510 78 56 L.
1016 1510 183 56 Cogniet

427 1557 131 48 Grand
515 1557 117 48 prix
588 1557 88 48 de
632 1557 131 48 Rome,
719 1557 131 48 1857;
807 1557 190 48 médaille,
953 1557 146 48 Paris,
1041 1557 102 48 1865.

564 1597 155 55 Avenue
672 1597 93 55 de
718 1597 170 55 Wagram,
842 1597 108 55 67,
888 1597 124 55 Paris.

347 1647 147 57 359.
439 1647 110 57 Le
494 1647 203 57 Piqueur
641 1647 184 57 romain
770 1647 110 57 en
807 1647 184 57 tournée.

350 1702 139 54 360.
437 1702 227 54 Italienne
611 1702 139 54 près
698 1702 105 54 de
750 1702 105 54 la
803 1702 174 54 Madone
925 1702 105 54 de
960 1702 261 54 San

485 1745 103 51 à
506 1745 144 51 Rome.
