1470 2308
611 214 125 77 —
661 214 150 77 87
711 214 75 77 —

490 329 221 87 TABAR
613 329 295 87 (Léopold),

453 418 72 55 Né
489 418 60 55 à
513 418 121 55 Paris,
598 418 145 55 élève
706 418 72 55 de
743 418 72 55 P.
767 418 193 55 Delaroche

268 469 113 49 Chez
338 469 85 49 M.
381 469 183 49 Marchand,
522 469 99 49 rue
578 469 395 49 Neuve-des-Petits-Champs,
931 469 99 49 15,
988 469 141 49 Paris.
1072 469 71 49 Ex.

264 511 147 64 368.
355 511 110 64 Un
410 511 147 64 soir
502 511 92 64 à
520 511 165 64 Venise.

462 687 292 76 TAMIZIER
657 687 292 76 (Auguste),

372 768 73 51 Né
408 768 61 51 à
433 768 73 51 la
469 768 109 51 Forie
542 768 219 51 (Puy-de-Dôme),
724 768 146 51 élève
833 768 73 51 de
858 768 182 51 Diéterle

444 813 94 62 Rue
497 813 80 62 de
537 813 80 62 la
577 813 120 62 Paix,
658 813 94 62 52,
698 813 267 62 Paris

264 853 141 70 369.
352 853 123 70 Vue
423 853 158 70 prise
528 853 88 70 à
563 853 105 70 la
598 853 176 70 Réserve.

814 877 123 83 (Port
896 877 82 83 de
924 877 177 83 Marseille.)

267 933 137 71 370.
352 933 171 71 Pointe
472 933 103 71 de
523 933 154 71 l’île
609 933 171 71 St

411 1119 327 91 THEUVENOT
637 1119 352 91 (Alexandre),

310 1207 78 71 Né
349 1207 65 71 à
375 1207 234 71 Port-sur-Saône
570 1207 234 71 (Haute-Saône),
765 1207 156 71 élève
882 1207 78 71 de
921 1207 91 71 MM.
960 1207 156 71 Gleyre

625 1248 58 51 et
645 1248 154 51 Gérôme

457 1263 105 77 Rue
517 1263 329 77 Campagne-Première,
801 1263 90 77 3.
831 1263 120 77 Paris.

267 1324 137 67 371.
353 1324 223 67 Intérieur
524 1324 154 67 d’une
627 1324 257 67 distillerie
833 1324 103 67 en
867 1324 275 67 Franche

429 1519 296 73 THIOLLET
627 1519 345 73 (Alexandre),

425 1583 74 58 Né
462 1583 62 58 à
486 1583 123 58 Paris,
572 1583 148 58 élève
683 1583 74 58 de
720 1583 74 58 M.
757 1583 123 58 Robert
831 1583 160 58 Fleury

517 1638 100 53 Rue
574 1638 86 53 de
617 1638 171 53 Chabrol,
745 1638 100 53 16,
788 1638 114 53 Paris.

271 1674 144 71 372.
361 1674 198 71 Herbage
505 1674 126 71 sur
577 1674 126 71 les
648 1674 162 71 bords
756 1674 108 71 de
810 1674 108 71 la
846 1674 144 71 Manche

268 1736 145 65 373.
358 1736 181 65 Départ
485 1736 127 65 des
557 1736 199 65 barques
702 1736 109 65 de
738 1736 127 65 pêche
