1476 2346
653 246 123 64 —
702 246 147 64 90
751 246 74 64 —

421 342 308 84 VEYRASSAT
634 342 426 84 (Jules

657 414 89 56 Né
702 414 74 56 à
716 414 119 56 Paris.

307 440 151 74 Membre
413 440 91 74 de
458 440 212 74 l’Académie
624 440 91 74 de
670 440 212 74 Rotterdam;
836 440 197 74 Médailles
987 440 136 74 d’or,
1063 440 121 74 Rouen,

338 491 138 64 Paris,
435 491 125 64 1866;
518 491 180 64 Médailles
656 491 180 64 d’argent,
795 491 138 64 Rouen,
892 491 152 64 Troyes,
1002 491 138 64 Dijon,
1085 491 97 64 Metz,

338 521 151 55 Nantes,
448 521 82 55 le
489 521 137 55 Havre,
572 521 82 55 etc.

525 545 182 78 Boulevard
665 545 84 78 de
707 545 154 78 Clichy,
820 545 84 78 7,
848 545 112 78 Paris.

301 603 144 81 387.
391 603 198 81 Chevaux
535 603 108 81 de
588 603 180 81 halage
714 603 144 81 dans
804 603 108 81 un
858 603 126 81 bac
930 603 126 81 sur
1001 603 108 81 la
1037 603 144 81 Haute-

440 659 169 64 Seine,
558 659 152 64 effet
660 659 101 64 du
694 659 135 64 matin.

437 716 217 57 (Appartient
610 716 72 57 à
639 716 87 57 M.
683 716 246 57 Bénard-Leduc,
886 716 87 57 de
915 716 130 57 Rouen).

525 835 221 79 VIARD
647 835 294 79 (Georges),

644 892 90 58 Né
689 892 75 58 à
704 892 120 58 Paris.

566 934 99 63 Rue
622 934 170 63 Clauzel,
750 934 99 63 25,
792 934 113 63 Paris.

297 979 139 64 388.
384 979 174 64 Fleurs
506 979 139 64 dans
593 979 105 64 un
645 979 139 64 vase
732 979 105 64 de
784 979 157 64 verre
872 979 139 64 opale.

423 1102 204 82 VIGER
536 1102 498 82 (Jean

297 1157 79 70 Né
336 1157 66 70 à
363 1157 158 70 Argentan
481 1157 145 70 (Orne),
587 1157 158 70 élève
706 1157 79 70 de
745 1157 145 70 Lehmann
851 1157 79 70 et
890 1157 79 70 de
930 1157 79 70 P.
956 1157 211 70 Delaroche

535 1211 149 67 Passage
644 1211 190 67 Stanislas,
793 1211 81 67 7,
820 1211 109 67 Paris.

289 1255 147 50 389.
381 1255 221 50 Souvenir
547 1255 111 50 de
602 1255 111 50 la
639 1255 221 50 Malmaison.

323 1291 83 68 Un
365 1291 125 68 jour,
448 1291 166 68 Hortense
573 1291 83 68 et
614 1291 83 68 sa
656 1291 111 68 mère
725 1291 180 68 prenaient
864 1291 83 68 le
906 1291 125 68 frais
989 1291 111 68 dans
1058 1291 83 68 le
1086 1291 83 68 parc

293 1337 81 56 de
333 1337 81 56 la
374 1337 189 56 Malmaison,
522 1337 135 56 toutes
617 1337 95 56 les
671 1337 176 56 personnes
806 1337 95 56 qui
860 1337 95 56 s’y
914 1337 189 56 trouvaient
1049 1337 122 56 étaient

291 1381 153 44 assises
403 1381 84 44 en
444 1381 139 44 cercle
542 1381 139 44 autour
639 1381 167 44 d'elles.
765 1381 181 44 Joséphine
904 1381 209 44 s’extasiait
1071 1381 98 44 sur
1113 1381 56 44 le

291 1411 149 49 parfum
395 1411 119 49 d’un
470 1411 164 49 bouquet
589 1411 164 49 qu’elle
708 1411 164 49 portait
827 1411 74 49 à
857 1411 89 49 la
901 1411 193 49 ceinture,
1035 1411 134 49 lorsque

290 1439 176 49 Napoléon
422 1439 205 49 ramassant,
583 1439 117 49 sans
656 1439 132 49 qu’on
744 1439 117 49 s’en
817 1439 176 49 aperçût,
949 1439 102 49 une
1007 1439 161 49 poignée
1109 1439 59 49 de

291 1470 135 44 terre,
385 1470 81 44 la
425 1470 108 44 sema
493 1470 94 44 sur
547 1470 94 44 les
601 1470 135 44 fleurs
695 1470 81 44 de
736 1470 81 44 sa
776 1470 135 44 femme.
870 1470 94 44 Ah!
924 1470 94 44 que
978 1470 81 44 tu
1019 1470 81 44 es
1046 1470 121 44 taquin,

288 1498 105 46 lui
348 1498 105 46 dit
408 1498 194 46 Joséphine
557 1498 90 46 de
602 1498 90 46 ce
646 1498 105 46 ton
706 1498 90 46 de
751 1498 119 46 doux
826 1498 179 46 reproche
960 1498 105 46 qui
1020 1498 105 46 lui
1064 1498 105 46 était

291 1527 178 50 familier,
428 1527 96 50 que
483 1527 151 50 t’ai-je
593 1527 110 50 fait
662 1527 110 50 pour
730 1527 137 50 abimer
826 1527 123 50 ainsi
908 1527 96 50 mon
963 1527 165 50 bouquet?
1087 1527 82 50 Tu
1114 1527 55 50 ne

293 1564 106 49 vois
359 1564 106 49 pas,
425 1564 93 49 lui
478 1564 159 49 répondit
598 1564 172 49 galamient
730 1564 172 49 Napoléon,
863 1564 93 49 que
916 1564 119 49 c’est
996 1564 106 49 afin
1062 1564 80 49 de
1088 1564 80 49 t’en

293 1592 130 55 offrir
384 1592 78 55 un
423 1592 104 55 plus
488 1592 117 55 frais
566 1592 78 55 et
605 1592 143 55 cucilli
710 1592 78 55 de
749 1592 78 55 ma
775 1592 143 55 main.....

324 1629 218 57 Joséphine
501 1629 122 57 ayant
583 1629 136 57 divisé
678 1629 95 57 son
733 1629 150 57 nouveau
841 1629 163 57 bouquet,
964 1629 136 57 offrit
1046 1629 122 57 une

293 1655 164 48 fleur
416 1655 68 48 à
444 1655 150 48 chacune
553 1655 96 48 des
607 1655 123 48 dames
689 1655 96 48 qui
744 1655 150 48 étaient
853 1655 191 48 présentes,
1003 1655 82 48 en
1030 1655 137 48 leur

294 1703 189 56 disant:
442 1703 189 56 Conservez,
590 1703 81 56 je
630 1703 108 56 vous
698 1703 121 56 prie,
778 1703 94 56 ces
832 1703 121 56 roses
913 1703 81 56 en
954 1703 162 56 souvenir
1061 1703 108 56 de

295 1724 102 57 la
362 1724 90 57 main
419 1724 79 57 qui
464 1724 79 57 les
509 1724 56 57 a
520 1724 181 57 cueillies

755 1753 195 62 (Mémoires
905 1753 90 62 du
935 1753 135 62 temps).
