1470 2308
640 217 123 63 —
689 217 147 63 91
738 217 74 63 —

545 311 219 83 VILLA
666 311 244 83 (Emile),

375 381 77 48 Né
414 381 64 48 à
439 381 204 48 Montpellier,
605 381 153 48 élève
720 381 77 48 de
758 381 89 48 MM.
809 381 128 48 Gleyre
899 381 77 48 et
924 381 166 48 Glaize

497 434 153 50 Avenue
604 434 92 50 de
650 434 199 50 Breteuil,
803 434 107 50 78,
849 434 122 50 Paris.

295 471 132 54 390.
377 471 99 54 La
426 471 197 54 Laitière
574 471 99 54 et
624 471 99 54 le
673 471 115 54 Pot
739 471 99 54 au
772 471 115 54 lait.

292 522 142 66 391.
381 522 124 66 Une
452 522 212 66 nouvelle
593 522 195 66 Perrette.

293 572 138 65 392.
362 572 172 65 Italien.

507 732 270 77 VILLAIN
679 732 270 77 (Eugène),

376 798 75 48 Né
413 798 63 48 à
438 798 125 48 Paris,
526 798 150 48 élève
638 798 75 48 de
676 798 138 48 Charlet
776 798 75 48 et
813 798 75 48 de
851 798 75 48 M.
888 798 75 48 L.
913 798 175 48 Cogniet

434 843 99 72 Rue
490 843 85 72 de
533 843 85 72 la
575 843 212 72 Procession,
745 843 85 72 4,
773 843 254 72 Vaugirard

291 889 148 76 393.
383 889 130 76 Les
457 889 222 76 derniers
605 889 185 76 moments.

478 1061 182 85 VON
582 1061 259 85 THOREN
738 1061 234 85 (Otto),

599 1134 94 58 Né
646 1134 78 58 à
678 1134 173 58 Vienne.
788 1134 78 58 Ex.

477 1171 175 79 Boulevard
611 1171 94 79 des
665 1171 216 79 Batignolles,
841 1171 94 79 21,
881 1171 108 79 Paris.

288 1225 152 61 394.
383 1225 228 61 Pâturage
554 1225 114 61 en
593 1225 228 61 Normandie.

291 1275 138 83 395.
377 1275 190 83 Herbage
516 1275 87 83 à
550 1275 346 83 Villiers-sur-Mer
827 1275 225 83 (Calvados).

501 1453 223 94 WEBER
625 1453 322 94 (Théodore),

591 1524 80 55 Né
631 1524 67 55 à
657 1524 146 55 Leipzic
750 1524 120 55 (Saxe).

497 1567 188 51 Boulevard
641 1567 87 51 de
685 1567 159 51 Clichy,
801 1567 101 51 21,
844 1567 116 51 Paris.

291 1613 138 68 396.
377 1613 104 68 Le
429 1613 190 68 Passeur
567 1613 104 68 de
619 1613 190 68 Tréboul
740 1613 242 68 (Finistère).

289 1663 137 67 397.
374 1663 188 67 Tréboul
494 1663 240 67 (Finistère).

289 1712 139 78 398.
376 1712 174 78 Sortie
498 1712 105 78 du
533 1712 174 78 Tréport.
