1470 2308
617 266 126 65 —
642 266 101 65 93

497 361 225 81 BAYOT
622 361 300 81 (Adolphe),

543 430 79 58 Né
582 430 66 58 à
609 430 185 58 Alexandrie
741 430 145 58 (Italie).

379 472 181 55 Chevalier
518 472 84 55 de
560 472 153 55 l'ordre
672 472 98 55 des
727 472 98 55 SS.
783 472 153 55 Maurice
895 472 84 55 et
923 472 125 55 Lazare.

512 520 107 53 Rue
573 520 228 53 Vintimille,
755 520 107 53 14,
801 520 122 53 Paris.

277 550 140 77 405.
364 550 123 77 Une
434 550 175 77 charge
557 550 105 77 de
609 550 245 77 cavalerie.
784 550 245 77 (Aquarelle.)

456 655 318 70 BOURGEOIS
676 655 293 70 (Isidore),

451 716 85 56 Né
493 716 71 56 à
522 716 297 56 Vienne-le-Château
762 716 226 56 (Haute

409 766 104 57 rue
468 766 208 57 Gioffredo,
632 766 74 57 à
661 766 119 57 Nice
721 766 297 57 (Alpes

278 806 142 64 406.
367 806 124 64 Vue
438 806 160 64 prise
545 806 89 64 à
580 806 320 64 Pont-l’Évêque.
829 806 249 64 (Aquarelle.)

279 858 149 73 407.
372 858 167 73 Ferme
484 858 241 73 normande.
651 858 260 73 (Aquarelle.)

310 961 689 67 BOUTILLIER-DEMONTIÈRES
893 961 239 67 (Léon),

447 1021 82 56 Né
488 1021 68 56 à
516 1021 136 56 Rouen,
611 1021 164 56 élève
734 1021 82 56 de
774 1021 82 56 M.
802 1021 204 56 Jacquand

520 1068 101 60 Rue
577 1068 245 60 Saint-Lazare,
779 1068 101 60 59,
822 1068 115 60 Paris.

286 1115 134 64 408.
370 1115 201 64 Portrait
521 1115 101 64 de
571 1115 134 64 Mlle
655 1115 101 64 C.
705 1115 101 64 B.
739 1115 184 64 (Pastel.)

289 1165 135 57 409.
374 1165 203 57 Portrait
526 1165 102 57 de
577 1165 135 57 Mlle
661 1165 102 57 E.
712 1165 102 57 V.
746 1165 186 57 (Pastel.)

291 1213 140 64 410.
378 1213 105 64 La
430 1213 210 64 première
588 1213 175 64 pensée
710 1213 105 64 du
762 1213 157 64 jour.
850 1213 192 64 (Pastel.)

482 1314 287 79 BRANDON
665 1314 313 79 (Édouard),

332 1381 77 78 Né
371 1381 64 78 à
397 1381 129 78 Paris,
487 1381 155 78 élève
603 1381 77 78 de
641 1381 116 78 Picot
719 1381 77 78 et
757 1381 77 78 de
796 1381 90 78 MM.
848 1381 116 78 Corot
925 1381 77 78 et
951 1381 193 78 Montfort

488 1435 192 45 Médailles,
639 1435 137 45 Paris,
735 1435 110 45 1865
804 1435 82 45 et
845 1435 123 45 1867.
913 1435 69 45 Ex.

445 1484 108 46 Rue
506 1484 401 46 Notre-Dame-de-Lorette,
861 1484 108 46 44,
907 1484 123 46 Paris.

299 1519 136 62 411.
384 1519 289 62 Exposition
622 1519 102 62 du
673 1519 153 62 corps
774 1519 102 62 de
825 1519 272 62 Ste-Brigitte
1029 1519 153 62 sur

446 1559 205 58 l’autel
608 1559 88 58 de
652 1559 176 58 l’église
784 1559 88 58 de
828 1559 220 58 Pane-Perna,
1004 1559 73 58 à
1019 1559 161 58 Rome

443 1605 234 50 en
623 1605 162 50 1372.
731 1605 180 50 Carton
858 1605 144 50 d’un
948 1605 216 50 fragment
1092 1605 90 50 des

445 1636 201 54 fresques
596 1636 218 54 exécutées
764 1636 117 54 par
831 1636 201 54 l’auteur
982 1636 134 54 dans
1049 1636 134 54 l’ora-

444 1676 171 50 toire
558 1676 114 50 de
615 1676 323 50 Ste-Brigitte,
880 1676 95 50 à
918 1676 171 50 Rome.
1013 1676 171 50 (Fusain

445 1723 212 63 rehaussé
604 1723 106 63 de
640 1723 159 63 blanc.)

824 1760 134 72 (Voir
924 1760 56 72 à
946 1760 67 72 la
969 1760 178 72 peinture)
