1546 2887
461 89 538 124 CATALOGUE

37 248 234 86 DE
154 248 429 86 LETTRES
466 248 624 86 AUTOGRAPHES,
934 248 507 86 MANUSCRITS,

414 341 314 84 DOCUMENTS
670 341 314 84 HISTORIQUES,
905 341 177 84 ETC.

241 482 391 94 DE
501 482 260 94 A.
588 482 651 94 LAVERDEI,

331 587 162 101 A
424 587 232 101 Paris,
586 587 162 101 rue
679 587 394 101 Saint-Lazare,
980 587 186 101 24

529 785 206 71 Vente
684 785 86 71 à
701 785 275 71 l’amiable,

308 832 212 71 soit
462 832 135 71 par
539 832 289 71 l'insertion
771 832 154 71 dans
867 832 116 71 le
906 832 289 71 bulletin,

131 887 220 60 soit
291 887 140 60 aux
371 887 240 60 enchères
551 887 280 60 publiques,
772 887 120 60 de
832 887 300 60 Collections
1072 887 120 60 ou
1112 887 260 60 parties

308 945 174 67 de
424 945 290 67 Collections
656 945 116 67 de
714 945 213 67 Lettres
849 945 348 67 autographes,

460 986 313 61 Documents
695 986 352 61 historiques,

507 1025 305 66 Manuscrits,
761 1025 152 66 etc.,
846 1025 152 66 etc.

70 1073 281 75 Achats.
291 1073 100 75 —
331 1073 261 75 Échanges.
531 1073 100 75 —
571 1073 301 75 Expertises.
812 1073 100 75 —
852 1073 261 75 Rédaction
1053 1073 120 75 de
1093 1073 341 75 Catalogues.

395 1215 279 106 N°3.
598 1215 127 106 —
648 1215 279 106 OCTOBRE
826 1215 279 106 1856.

27 1370 162 93 145.
128 1370 303 93 Adet
370 1370 243 93 (P.-A.),
552 1370 263 93 physicien
754 1370 121 93 et
815 1370 263 93 chimiste.
1017 1370 263 93 Sénateur,
1219 1370 222 93 député.
1381 1370 121 93 Né
1421 1370 61 93 à

71 1437 409 62 Nevers
412 1437 136 62 L.
480 1437 182 62 aut.
594 1437 204 62 sig.,
730 1437 136 62 au
798 1437 250 62 citoyen
979 1437 227 62 Payen.
1138 1437 114 62 1
1184 1437 136 62 p.
1252 1437 204 62 in-4.
1388 1437 114 62 2
1411 1437 68 62 »

25 1490 150 62 146
110 1490 343 62 André
389 1490 236 62 (Frère)
560 1490 129 62 de
624 1490 321 62 St-Nicolas,
881 1490 278 62 religieux
1095 1490 214 62 Carme,
1245 1490 193 62 versé
1352 1490 129 62 dans

74 1536 292 56 l’histoire
304 1536 125 56 et
366 1536 146 56 les
450 1536 313 56 antiquités.
700 1536 125 56 Né
763 1536 125 56 en
826 1536 188 56 1650.
951 1536 167 56 Mort
1055 1536 104 56 à
1097 1536 251 56 Besançon
1285 1536 125 56 en
1327 1536 146 56 1713,

72 1583 128 61 L.
136 1583 170 61 aut.
242 1583 192 61 sig.,
370 1583 106 61 à
412 1583 128 61 M.
476 1583 128 61 de
540 1583 213 61 Serte,
689 1583 319 61 gentilhomme
945 1583 128 61 de
1009 1583 128 61 S.
1072 1583 128 61 A.
1136 1583 149 61 Mgr
1221 1583 128 61 le
1264 1583 213 61 cardinal

73 1634 126 82 de
136 1634 273 82 Bouillon,
346 1634 105 82 à
388 1634 252 82 Tournus.
576 1634 273 82 Besançon,
786 1634 126 82 15
849 1634 231 82 février
1017 1634 189 82 1704.
1142 1634 105 82 2
1184 1634 126 82 p.
1247 1634 168 82 pet.
1331 1634 147 82 in

-33 1680 1385 53 Cachet.
974 1680 630 53 5
1100 1680 378 53 »

27 1727 161 55 147.
127 1727 382 55 Andrieux
449 1727 201 55 auteur
590 1727 301 55 dramatique.
831 1727 121 55 Né
891 1727 100 55 à
931 1727 442 55 Strasbourg
1313 1727 121 55 L.
1353 1727 121 55 aut.

68 1772 231 77 sig.,
222 1772 128 77 à
274 1772 154 77 M.
351 1772 283 77 Morlin.
556 1772 128 77 7
608 1772 283 77 juillet
813 1772 231 77 1813.
967 1772 128 77 1
1019 1772 154 77 p.
1096 1772 180 77 pl.
1198 1772 231 77 in-4.
1353 1772 128 77 3
1378 1772 103 77 50

122 1816 215 64 Critique
283 1816 107 64 de
337 1816 125 64 son
408 1816 161 64 opéra
515 1816 161 64 sacré
623 1816 358 64 d'Ismaïl
927 1816 161 64 qu’il
1034 1816 125 64 lui
1105 1816 89 64 a
1123 1816 161 64 confié.

25 1867 168 64 148.
130 1867 484 64 Armentières,
551 1867 253 64 maréchal
741 1867 126 64 de
804 1867 232 64 France.
973 1867 126 64 L.
1036 1867 168 64 aut.
1141 1867 168 64 sig.
1225 1867 253 64 Bourbonne,

56 1919 219 56 20
165 1919 329 56 sept.
384 1919 329 56 1773.
603 1919 183 56 2
676 1919 219 56 p.
786 1919 219 56 et
895 1919 329 56 demie
1114 1919 329 56 in-4.
1333 1919 183 56 4
1370 1919 110 56 »

23 1955 185 70 149.
139 1955 371 70 Assemblée
440 1955 301 70 nationale
671 1955 139 70 de
741 1955 278 70 1789
949 1955 255 70 Extrait
1135 1955 139 70 du
1181 1955 301 70 procès

71 2012 150 51 bal
156 2012 128 51 de
220 2012 128 51 la
284 2012 214 51 séance
434 2012 128 51 du
498 2012 128 51 22
562 2012 171 51 juin
669 2012 192 51 1791.
797 2012 321 51 L’assemblée
1054 2012 278 51 nationale
1267 2012 107 51 a
1289 2012 192 51 décrété

72 2059 186 59 qu’il
197 2059 166 59 sera
300 2059 186 59 donné
424 2059 145 59 des
507 2059 207 59 ordres
652 2059 352 59 sur-le-champ,
942 2059 166 59 soit
1045 2059 104 59 à
1087 2059 124 59 la
1149 2059 207 59 poste,
1294 2059 166 59 soit
1376 2059 104 59 aux

73 2109 295 47 barrières,
304 2109 168 47 pour
410 2109 147 47 que
494 2109 253 47 personne
683 2109 126 47 ne
746 2109 189 47 sorte
873 2109 126 47 de
936 2109 126 47 la
999 2109 189 47 ville
1125 2109 168 47 sans
1230 2109 147 47 une
1294 2109 189 47 permis-

76 2152 141 54 sion
164 2152 123 54 par
235 2152 176 54 écrit,
358 2152 141 54 etc.
446 2152 158 54 Signé
551 2152 246 54 Dauchy,
745 2152 194 54 Grenot,
886 2152 194 54 Merle
1027 2152 106 54 et
1062 2152 422 54 Pinteville

52 2200 611 59 non
541 2200 204 59 1
623 2200 245 59 p.
745 2200 367 59 in-8.
990 2200 448 59 Cachet.
1316 2200 204 59 6
1357 2200 122 59 »

29 2238 173 75 150.
138 2238 325 75 Ateliers
398 2238 239 75 publics
571 2238 130 75 de
636 2238 347 75 Chaillot
918 2238 152 75 (L.
1005 2238 152 75 sig
1092 2238 152 75 des
1157 2238 325 75 représentants

75 2301 126 55 de
138 2301 126 55 la
201 2301 231 55 commune
369 2301 126 55 et
432 2301 126 55 du
495 2301 210 55 comité
642 2301 189 55 des),
768 2301 168 55 sig.
874 2301 294 55 Menessier,
1105 2301 294 55 Cellérier,
1315 2301 168 55 Lasse-

71 2346 179 68 ray,
182 2346 313 68 Duperraux,
429 2346 246 68 Trudon.
608 2346 224 68 Paris,
764 2346 134 68 21
831 2346 201 68 sept.
965 2346 201 68 1789.
1100 2346 112 68 3
1144 2346 134 68 p.
1212 2346 246 68 in-fol.
1391 2346 112 68 4
1413 2346 67 68 »

27 2379 169 67 151.
132 2379 380 67 Athenas
449 2379 232 67 (P.-L),
618 2379 274 67 directeur
829 2379 127 67 de
892 2379 127 67 la
955 2379 232 67 Monnaie
1124 2379 127 67 de
1188 2379 232 67 Nantes,
1335 2379 148 67 anti-

73 2449 258 59 quaire.
260 2449 141 59 L.
330 2449 188 59 aut.
448 2449 188 59 sig.
565 2449 258 59 Nantes,
752 2449 117 59 9
799 2449 258 59 janvier
987 2449 211 59 1819.
1127 2449 117 59 1
1174 2449 141 59 p.
1245 2449 211 59 in-4.
1385 2449 117 59 2
1409 2449 70 59 »

29 2486 151 54 152.
124 2486 359 54 Augereau
426 2486 132 54 (le
502 2486 265 54 maréchal),
710 2486 132 54 duc
785 2486 113 54 de
842 2486 303 54 Castiglione.
1088 2486 113 54 L.
1145 2486 151 54 sig.
1220 2486 265 54 Auge

76 2542 234 59 reau,
252 2542 137 59 duc
330 2542 117 59 de
389 2542 390 59 Castiglione
720 2542 273 59 Wurzbourg,
935 2542 117 59 le
993 2542 98 59 5
1032 2542 234 59 juillet.
1208 2542 98 59 1
1247 2542 117 59 p.
1305 2542 117 59 et
1344 2542 137 59 demie

-43 2580 1248 66 in-4.
790 2580 694 66 2
928 2580 555 66 50

35 2632 144 63 153.
125 2632 306 63 Azaïs,
377 2632 270 63 philosophe,
593 2632 180 63 auteur
719 2632 108 63 du
774 2632 252 63 Système
972 2632 126 63 des
1044 2632 396 63 compensations
1368 2632 108 63 etc.

78 2679 111 56 Né
133 2679 92 56 à
170 2679 314 56 Sorèze
428 2679 203 56 (Tarn).
576 2679 111 56 L.
632 2679 111 56 a.
687 2679 111 56 s.
742 2679 259 56 Saint-Cyr,
945 2679 111 56 24
1001 2679 129 56 mai
1075 2679 166 56 1808.
1186 2679 92 56 4
1222 2679 129 56 pl.
1296 2679 166 56 in-4.
1407 2679 92 56 4
1426 2679 55 56 »

126 2726 158 81 Belle
232 2726 193 81 lettre,
372 2726 158 81 toute
478 2726 211 81 relative
636 2726 88 81 à
671 2726 123 81 son
741 2726 246 81 Système
917 2726 281 81 universel
