1499 2867
586 80 189 75 —
662 80 227 75 18
738 80 114 75 —

-4 173 163 74 154.
98 173 347 74 Bailly
384 173 388 74 (Jean-Sylvain),
711 173 286 74 astronome,
935 173 184 74 maire
1058 173 123 74 de
1119 173 204 74 Paris.
1262 173 123 74 L.
1303 173 143 74 sig.,

37 236 212 57 comme
179 236 212 57 maire
320 236 141 57 de
390 236 235 57 Paris.
555 236 235 57 Paris,
720 236 118 57 5
767 236 188 57 août
884 236 212 57 1791.
1026 236 118 57 1
1073 236 141 57 p.
1143 236 259 57 in-fol.
1331 236 118 57 2
1355 236 94 57 50

-2 272 147 77 155.
89 272 331 77 Barbier
365 272 202 77 (l’abbé
512 272 147 77 H.),
604 272 184 77 auteur
733 272 110 77 de
788 272 110 77 la
843 272 312 77 Biographie
1100 272 110 77 du
1155 272 184 77 clergé
1265 272 184 77 con

43 324 379 59 femporain
366 324 152 59 (par
460 324 114 59 un
517 324 285 59 solitaire).
745 324 114 59 L.
802 324 152 59 aut.
897 324 152 59 sig.
992 324 190 59 Paris,
1124 324 114 59 27
1181 324 209 59 janvier
1314 324 133 59 1842,

-25 370 433 58 1
149 370 520 58 p.
409 370 780 58 in-4.
928 370 433 58 5
1102 370 433 58 2
1188 370 260 58 »

-7 409 160 69 156.
93 409 360 69 Barras,
392 409 360 69 conventionnel,
692 409 200 69 membre
832 409 120 69 du
892 409 300 69 Directoire.
1131 409 120 69 Né
1191 409 100 69 à
1211 409 240 69 Fox

39 459 196 67 (Var).
177 459 255 67 Apostille
372 459 118 67 de
431 459 98 67 4
470 459 196 67 lignes
608 459 157 67 a.s.
706 459 118 67 11
764 459 235 67 messidor
941 459 118 67 an
999 459 157 67 VII.
1097 459 98 67 1
1137 459 118 67 p.
1195 459 216 67 in-fol.
1352 459 98 67 2
1372 459 78 67 50

-6 507 166 83 157.
98 507 353 83 Baudon
389 507 229 83 l’aîné,
555 507 312 83 antiquaire.
805 507 125 83 L.
867 507 166 83 aut.
971 507 166 83 sig.
1075 507 208 83 Nîmes,
1220 507 125 83 21
1262 507 187 83 octobre

22 562 357 62 1749.
260 562 198 62 3
339 562 238 62 p.
458 562 277 62 pl.
617 562 357 62 in-4.
855 562 515 62 Curieuse.
1251 562 198 62 2
1290 562 159 62 50

-4 594 188 77 158.
113 594 328 77 Baudoin
371 594 141 77 de
441 594 563 77 saaison-Blanche,
934 594 352 77 antiquaire,
1215 594 235 77 membre
1356 594 94 77 de

39 662 295 75 l’Académie
271 662 147 75 des
355 662 274 75 sciences.
565 662 147 75 Fin
650 662 190 75 d’une
776 662 211 75 lettre
923 662 168 75 aut.
1029 662 190 75 sig.,
1155 662 253 75 relative
1345 662 105 75 à
1366 662 84 75 la

23 713 338 58 danse
249 713 263 58 des
399 713 450 58 anciens.
736 713 188 58 2
811 713 225 58 p.
924 713 263 58 pl.
1074 713 338 58 in-4.
1299 713 188 58 3
1336 713 113 58 »

-7 743 146 76 459.
84 743 328 76 Baurein
357 743 237 76 (l’abbé),
539 743 182 76 auteur
666 743 127 76 des
739 743 255 76 Annales
939 743 109 76 de
994 743 309 76 Bordeaux
1249 743 164 76 Pièce
1340 743 109 76 aut.

-1 801 483 53 sig.
301 801 302 53 1
422 801 363 53 p.
603 801 423 53 pl.
845 801 544 53 in-4.
1207 801 302 53 4
1268 801 181 53 »

-9 838 167 79 160.
95 838 375 79 Bausset
408 838 146 79 (le
491 838 250 79 cardinal
678 838 167 79 de),
783 838 208 79 membre
928 838 125 79 de
991 838 292 79 l’Académie
1199 838 250 79 française.

38 896 132 82 L.
104 896 176 82 aut.
214 896 198 82 sig.,
346 896 132 82 au
413 896 463 82 garde-des-sceaux.
809 896 264 82 Lormois,
1007 896 132 82 24
1073 896 198 82 sept.
1206 896 198 82 1812.
1338 896 110 82 1
1360 896 88 82 p.

-54 942 1042 56 in-4.
641 942 579 56 8
872 942 579 56 2
988 942 463 56 50

-9 968 165 89 161.
94 968 411 89 Beauvais
444 968 185 89 Devis
567 968 267 89 estimatif
773 968 288 89 concernant
999 968 123 89 la
1061 968 370 89 reconstruction
1349 968 103 89 en

41 1047 189 54 tière
167 1047 189 54 d'une
293 1047 210 54 écurie
440 1047 210 54 propre
587 1047 105 54 à
629 1047 252 54 contenir
818 1047 147 54 110
902 1047 231 54 chevaux
1070 1047 231 54 formant
1238 1047 210 54 partie
1364 1047 84 54 de

40 1089 128 60 la
104 1089 235 60 caserne
275 1089 128 60 du
339 1089 192 60 grand
467 1089 256 60 quartier
659 1089 128 60 de
723 1089 150 60 MM.
809 1089 150 60 les
894 1089 214 60 gardes
1044 1089 128 60 du
1108 1089 150 60 roi
1194 1089 128 60 en
1258 1089 128 60 la
1300 1089 150 60 ville

40 1140 126 73 de
103 1140 274 73 Beauvais.
314 1140 147 73 Par
398 1140 295 73 Cellérier,
630 1140 232 73 premier
798 1140 295 73 architecte
1030 1140 126 73 de
1093 1140 126 73 la
1156 1140 295 73 généralité
1367 1140 84 73 de

42 1183 206 60 Paris.
187 1183 247 60 Approuvé
372 1183 103 60 à
413 1183 186 60 Paris
537 1183 144 60 par
620 1183 124 60 le
681 1183 247 60 ministre
867 1183 247 60 Berrier,
1052 1183 124 60 le
1114 1183 103 60 4
1155 1183 227 60 octobre
1300 1183 144 60 1783.

38 1242 127 54 32
101 1242 148 54 gr.
186 1242 127 54 p.
249 1242 232 54 in-fol,
418 1242 169 54 avec
523 1242 106 54 3
566 1242 232 54 grandes
734 1242 253 54 pianches
924 1242 127 54 de
988 1242 169 54 vues
1093 1242 127 54 et
1157 1242 232 54 coupes,
1304 1242 148 54 colo-

19 1288 379 54 riées
271 1288 252 54 et
397 1288 336 54 sig.
608 1288 294 54 par
776 1288 589 54 Cellérier.
1239 1288 252 54 25
1323 1288 126 54 »

-8 1326 174 72 162.
101 1326 434 72 Béguillet
470 1326 239 72 (Edme),
644 1326 282 72 agronome,
861 1326 217 72 avocat
1013 1326 130 72 et
1078 1326 239 72 notaire
1252 1326 109 72 à
1273 1326 174 72 Dijon,

40 1381 216 66 membre
192 1381 368 66 correspondant
495 1381 130 66 de
560 1381 303 66 l’Académie
798 1381 151 66 des
884 1381 281 66 sciences.
1101 1381 130 66 1°
1166 1381 130 66 L.
1231 1381 173 66 aut.
1317 1381 130 66 sig.

41 1430 224 51 Dijon,
197 1430 134 51 26
264 1430 179 51 déc.
376 1430 201 51 1776.
511 1430 112 51 2
556 1430 134 51 p.
623 1430 201 51 in-4.
757 1430 112 51 —
802 1430 134 51 2°
869 1430 291 51 Catalogue
1093 1430 134 51 de
1160 1430 157 51 ses
1227 1430 224 51 ouvrages

40 1477 265 52 imprimés
239 1477 132 52 et
305 1477 331 52 manuscrits,
569 1477 110 52 3
614 1477 132 52 p.
680 1477 154 52 pl.
768 1477 199 52 in-4.
900 1477 110 52 —
945 1477 132 52 3°
1011 1477 243 52 Mémoire
1187 1477 132 52 au
1253 1477 199 52 sujet
1364 1477 88 52 de

40 1529 335 72 l’impression
312 1529 126 72 de
375 1529 146 72 ses
459 1529 272 72 ouvrages.
668 1529 105 72 3
710 1529 146 72 gr.
793 1529 126 72 p.
856 1529 146 72 pl.
940 1529 230 72 in-fol.
1107 1529 105 72 —
1149 1529 126 72 4°
1212 1529 188 72 Pièce
1316 1529 126 72 sig.

17 1570 260 63 du
147 1570 391 63 comte
407 1570 521 63 d’Ailly.
798 1570 217 63 1
885 1570 260 63 p.
1015 1570 391 63 in-4.
1275 1570 217 63 6
1319 1570 130 63 »

-11 1609 185 75 163.
105 1609 348 75 Belzunce
383 1609 139 75 de
452 1609 487 75 Castel-Moron,
870 1609 232 75 évêque
1032 1609 139 75 de
1101 1609 324 75 Marseille,
1333 1609 116 75 cé

38 1679 198 58 lèbre
170 1679 154 58 par
258 1679 154 58 son
346 1679 308 58 dévouement
587 1679 242 58 pendant
763 1679 132 58 la
829 1679 198 58 peste
961 1679 132 58 de
1027 1679 308 58 Marseille.
1268 1679 132 58 L.
1312 1679 132 58 aut.

37 1716 198 62 sig.,
169 1716 110 62 à
213 1716 132 62 M.
279 1716 264 62 l'évêque
477 1716 132 62 de
543 1716 176 62 Gap.
653 1716 264 62 Aubagne,
850 1716 132 62 25
916 1716 242 62 octobre
1092 1716 176 62 1718
1202 1716 110 62 2
1246 1716 132 62 p.
1290 1716 154 62 in

29 1771 402 56 Déchirure
338 1771 185 56 en
431 1771 247 56 haut
585 1771 185 56 de
678 1771 185 56 la
770 1771 278 56 marge
956 1771 463 56 extérieure.
1326 1771 154 56 6
1357 1771 93 56 »

87 1815 205 62 Lettre
231 1815 328 62 intéressante
498 1815 144 62 sur
580 1815 144 62 les
662 1815 267 62 querelles
867 1815 308 62 religieuses
1113 1815 123 62 du
1154 1815 164 62 temps.

-7 1855 164 82 164.
95 1855 348 82 Berger
382 1855 266 82 (Claude),
587 1855 184 82 doyen
710 1855 123 82 de
771 1855 123 82 la
832 1855 225 82 Faculté
996 1855 123 82 de
1058 1855 246 82 médecine
1242 1855 123 82 de
1283 1855 164 82 Paris,

40 1913 242 58 succéda
216 1913 110 58 à
260 1913 220 58 Fagon,
414 1913 132 58 en
480 1913 198 58 1709,
612 1913 176 58 dans
722 1913 132 58 la
789 1913 198 58 place
921 1913 132 58 de
987 1913 308 58 professeur
1229 1913 132 58 de
1273 1913 176 58 chimie

39 1969 130 62 au
104 1969 239 62 Collège
278 1969 130 62 de
343 1969 239 62 France.
517 1969 217 62 Quitt.
669 1969 174 62 sig.
778 1969 174 62 (sur
886 1969 217 62 parch)
1038 1969 130 62 19
1104 1969 174 62 déc.
1212 1969 195 62 1693.
1342 1969 109 62 2
1364 1969 87 62 50

-2 1996 157 78 165.
96 1996 353 78 Bergier
391 1996 216 78 (l’abbé
548 1996 451 78 Nicolas-Sylvestre),
940 1996 275 78 confesseur
1156 1996 118 78 du
1215 1996 157 78 roi,
1293 1996 157 78 auteur

42 2065 114 57 du
99 2065 360 57 Dictionnaire
402 2065 114 57 de
459 2065 322 57 théologie
725 2065 114 57 de
781 2065 341 57 l’encyclopédie
1066 2065 284 57 méthodique,
1293 2065 152 57 etc.
1369 2065 76 57 L.

41 2106 173 75 aut.
150 2106 195 75 sig.,
279 2106 108 75 à
323 2106 281 75 Bernardin
539 2106 130 75 de
604 2106 368 75 Saint-Pierre.
906 2106 324 75 Versailles,
1166 2106 108 75 2
1209 2106 173 75 mars
1296 2106 151 75 1778.

7 2165 267 61 1
113 2165 320 61 p.
273 2165 373 61 pl.
486 2165 480 61 in-4.
806 2165 586 61 Cachet.
1233 2165 267 61 6
1286 2165 160 61 »

-9 2204 144 76 166
74 2204 431 76 Berthereau
443 2204 411 76 (Jean-François),
793 2204 308 76 bénédictin,
1039 2204 267 76 travailla
1245 2204 103 76 à
1286 2204 123 76 la
1327 2204 123 76 col-

43 2252 201 62 lection
189 2252 128 62 des
262 2252 311 62 Historiens
518 2252 110 62 de
573 2252 274 62 France
792 2252 146 62 etc.
883 2252 110 62 L.
938 2252 146 62 aut.
1030 2252 164 62 sig.,
1139 2252 91 62 à
1176 2252 183 62 l’abbé
1286 2252 164 62 Mercier

20 2301 245 61 de
143 2301 530 61 St-Léger,
551 2301 367 61 1771.
795 2301 204 61 2
877 2301 245 61 p.
999 2301 367 61 in-4.
1244 2301 204 61 4
1285 2301 163 61 50

-7 2342 153 74 167.
89 2342 364 74 Berthier
395 2342 134 74 (le
471 2342 230 74 maréchal
643 2342 287 74 Alexandre),
873 2342 191 74 prince
1007 2342 115 74 de
1064 2342 344 74 Wagram
1351 2342 115 74 Né
1390 2342 57 74 à

46 2400 375 85 Versailles
370 2400 154 85 Ordre
472 2400 136 85 aut.
558 2400 136 85 sig.
643 2400 358 85 Alexandre
950 2400 171 85 Paris,
1070 2400 102 85 19
1121 2400 188 85 juillet
1257 2400 154 85 1810.
1360 2400 85 85 2
1377 2400 68 85 p.

-19 2449 696 54 in-8.
444 2449 850 54 Cachet.
1063 2449 386 54 2
1140 2449 309 54 25

-11 2497 164 56 468.
92 2497 431 56 Berthollet
462 2497 144 56 (le
544 2497 226 56 comte),
708 2497 246 56 médecin,
893 2497 267 56 chimiste,
1098 2497 267 56 sénateur,
1283 2497 164 56 membre

29 2550 173 64 de
116 2550 433 64 l’Institut.
463 2550 173 64 L.
549 2550 231 64 aut.
694 2550 231 64 sig.
838 2550 144 64 1
896 2550 202 64 gr.
1012 2550 173 64 p.
1098 2550 318 64 in-fol.
1329 2550 144 64 3
1358 2550 87 64 »

-13 2593 176 61 169.
97 2593 462 61 Bertrand,
493 2593 286 61 procureur
713 2593 220 61 syndic
867 2593 132 61 du
933 2593 264 61 district
1131 2593 132 61 de
1175 2593 264 61 Compiègne.

38 2650 122 57 L.
99 2650 122 57 a.
160 2650 122 57 s.
221 2650 286 57 Compiègne,
446 2650 122 57 25
507 2650 163 57 déc.
609 2650 184 57 1792.
731 2650 102 57 1
772 2650 122 57 p.
833 2650 184 57 in-4.
955 2650 204 57 Cachet
1098 2650 122 57 du
1159 2650 265 57 district.
1363 2650 102 57 4
1384 2650 61 57 »

79 2698 255 62 Demande
264 2698 139 62 de
334 2698 301 62 médailles
565 2698 139 62 et
635 2698 232 62 rubans
797 2698 185 62 pour
912 2698 162 62 les
1005 2698 440 62 administrateurs
1352 2698 93 62 du

37 2748 259 74 district.
236 2748 239 74 Curieuse
396 2748 159 74 pièce.
