1543 2862
52 136 294 82 porcelaine
283 136 126 82 de
346 136 231 82 Sèvres,
514 136 210 82 membre
661 136 126 82 de
724 136 294 82 l’Académie
956 136 147 82 des
1040 136 273 82 Sciences.
1250 136 126 82 L.
1313 136 126 82 a.
1355 136 105 82 s.,

52 211 107 49 à
94 211 128 49 M.
158 211 128 49 le
222 211 192 49 baron
350 211 256 49 d’Acher.
542 211 235 49 Sèvres,
713 211 107 49 9
755 211 235 49 juillet
926 211 192 49 1829.
1054 211 107 49 3
1097 211 149 49 gr.
1182 211 128 49 p.
1246 211 192 49 in-4.
1374 211 107 49 6
1395 211 64 49 »

102 246 209 60 Lettre
248 246 335 60 intéressante
520 246 125 60 au
583 246 188 60 sujet
708 246 146 60 des
792 246 272 60 portraits
1001 246 125 60 et
1064 246 209 60 bustes
1210 246 146 60 des
1273 246 188 60 membres

53 296 134 60 de
120 296 134 60 la
186 296 245 60 famille
365 296 245 60 royale,
543 296 156 60 que
632 296 156 60 Mgr
721 296 134 60 le
788 296 245 60 dauphin
966 296 223 60 désire
1122 296 223 60 avoir.
1278 296 134 60 Le
1322 296 134 60 roi,

53 342 128 64 M.
117 342 128 64 le
181 342 149 64 duc
266 342 128 64 de
330 342 278 64 Bordeaux,
544 342 406 64 Mademoiselle...
885 342 149 64 «Il
971 342 149 64 est
1056 342 235 64 presque
1206 342 256 64 impossible

54 396 256 54 «d’avoir
246 396 128 54 un
310 396 149 54 bon
395 396 192 54 buste
523 396 128 54 de
587 396 128 54 S.
652 396 128 54 A.
716 396 128 54 R.
780 396 214 54 Madame
929 396 128 54 la
993 396 278 54 Dauphine,
1207 396 192 54 cette
1314 396 149 54 prin-

55 434 210 64 «cesse
202 434 126 64 ne
265 434 295 64 paraissant
497 434 147 64 pas
581 434 253 64 disposée
771 434 105 64 à
813 434 210 64 donner
960 434 147 64 les
1044 434 232 64 séances
1191 434 274 64 nécessaires

55 490 134 63 «à
122 490 134 63 ce
189 490 201 63 genre
322 490 134 63 de
389 490 290 63 portrait,
612 490 134 63 et
679 490 201 63 aucun
813 490 134 63 de
880 490 178 63 ceux
992 490 156 63 qui
1081 490 156 63 ont
1170 490 156 63 été
1259 490 201 63 faits
1371 490 89 63 ne

54 536 267 60 «m’ayant
254 536 178 60 paru
343 536 468 60 satisfaisant......»

9 571 142 68 185.
98 571 283 68 Brune
328 571 124 68 (le
399 571 248 68 maréchal).
594 571 106 68 Né
647 571 89 68 à
682 571 301 68 Brives
931 571 248 68 (Corrèze),
1125 571 230 68 assassiné
1303 571 106 68 en
1338 571 124 68 1815.

52 625 160 66 L.
132 625 213 66 aut.
265 625 240 66 sig.,
425 625 346 66 Boulogne,
691 625 160 66 15
771 625 186 66 mai
877 625 240 66 1806.
1037 625 133 66 1
1090 625 160 66 p.
1170 625 266 66 in-12.
1357 625 133 66 3
1383 625 80 66 »

10 676 174 67 186.
119 676 369 67 Buache
423 676 413 67 (Jean-Nicolas),
770 676 152 67 1er
857 676 282 67 géographe
1074 676 130 67 du
1139 676 174 67 roi,
1248 676 217 67 membre
1378 676 87 67 de

58 726 273 72 l’Académie
273 726 137 72 des
351 726 254 72 sciences.
546 726 117 72 Né
605 726 98 72 à
644 726 585 72 La-Neuville-au-Pont
1151 726 312 72 (Haute

53 774 157 54 L.
131 774 209 54 aut.
262 774 209 54 sig.
393 774 262 54 Paris,
576 774 157 54 20
655 774 209 54 juin
786 774 236 54 1791.
943 774 131 54 1
995 774 157 54 p.
1073 774 183 54 pl.
1178 774 236 54 in-4.
1335 774 131 54 2
1361 774 105 54 75

13 825 161 58 187.
114 825 343 58 Bulow,
396 825 242 58 ministre
578 825 404 58 plénipotentiaire
921 825 121 58 de
982 825 121 58 la
1042 825 202 58 Russie
1183 825 121 58 au
1244 825 222 58 Congrès
1385 825 81 58 de

56 863 224 64 Paris.
212 863 134 64 L.
279 863 134 64 a.
346 863 157 64 s.,
436 863 268 64 Londres,
637 863 112 64 8
682 863 268 64 novembre
883 863 201 64 1832.
1018 863 112 64 1
1062 863 134 64 p.
1129 863 157 64 pl.
1219 863 201 64 in-8.
1353 863 112 64 4
1376 863 89 64 50

19 910 139 66 188.
105 910 313 66 Bugeaud
366 910 122 66 (le
435 910 243 66 maréchal),
626 910 122 66 duc
696 910 313 66 d'Isly
956 910 104 66 Né
1008 910 87 66 à
1043 910 330 66 Limoges
1321 910 104 66 L.
1356 910 104 66 aut.

56 958 215 63 sig.,
200 958 239 63 Paris,
367 958 143 63 13
439 958 263 63 février
630 958 215 63 1815.
774 958 120 63 2
821 958 143 63 p.
893 958 167 63 pl.
989 958 215 63 in-4.
1132 958 311 63 Curieuse.
1371 958 120 63 4
1395 958 72 63 »

14 1013 155 78 189.
111 1013 466 78 Bussy-Rabutin
518 1013 136 78 (le
596 1013 175 78 comte
712 1013 175 78 Roger
829 1013 155 78 de),
926 1013 194 78 auteur
1061 1013 116 78 de
1100 1013 369 78 l'Histoire

58 1057 336 64 amoureuse
331 1057 147 64 des
415 1057 315 64 Gaules
668 1057 168 64 etc.
773 1057 126 64 L.
836 1057 168 64 aut.
941 1057 189 64 sig.,
1067 1057 126 64 au
1131 1057 210 64 prince
1278 1057 126 64 de
1320 1057 147 64 Condé

62 1102 185 67 (Louis
191 1102 129 67 II,
265 1102 111 67 de
320 1102 222 67 Bourbon,
487 1102 129 67 dit
561 1102 166 67 le
672 1102 277 67 Grand).
894 1102 203 67 Chaseu,
1042 1102 92 67 9
1079 1102 148 67 nov.
1171 1102 166 67 1668.
1282 1102 111 67 11
1338 1102 129 67 gr.
1393 1102 74 67 p.

62 1166 144 58 pl.
145 1166 186 58 in-4.
269 1166 227 58 Superbe
434 1166 124 58 et
496 1166 268 58 précieuse
702 1166 227 58 lettre,
867 1166 248 58 parfaite
1053 1166 351 58 conservation.
1342 1166 144 58 525
1404 1166 62 58 »

108 1195 130 66 Il
173 1195 130 66 se
238 1195 260 66 justifie
433 1195 216 66 envers
585 1195 152 66 lui
671 1195 173 66 d’un
779 1195 173 66 faux
888 1195 281 66 manuscrit
1104 1195 195 66 qu’on
1234 1195 195 66 avait
1342 1195 130 66 fait

60 1242 210 69 courir
207 1242 168 69 sous
312 1242 147 69 son
396 1242 168 69 nom.
502 1242 126 69 Le
565 1242 168 69 vrai
670 1242 189 69 qu’il
796 1242 105 69 a
838 1242 210 69 soumis
985 1242 126 69 au
1048 1242 147 69 roi
1133 1242 147 69 est
1217 1242 168 69 tout
1301 1242 168 69 diffé-

65 1302 160 57 rent
165 1302 120 57 de
225 1302 180 57 celui
345 1302 180 57 qu’on
465 1302 140 57 lui
545 1302 260 57 attribue.
745 1302 320 57 Persécutions
1006 1302 180 57 qu’on
1126 1302 140 57 lui
1206 1302 100 57 a
1246 1302 160 57 fait
1326 1302 140 57 subir

66 1341 102 64 à
106 1341 123 64 ce
168 1341 204 64 sujet.
311 1341 184 64 Longs
433 1341 123 64 et
495 1341 327 64 intéressants
740 1341 204 64 détails.

15 1380 167 77 190.
119 1380 333 77 Cadet
390 1380 417 77 (Louis-Charles),
744 1380 271 77 chimiste,
952 1380 208 77 membre
1098 1380 125 77 de
1161 1380 292 77 l’Académie
1369 1380 104 77 des

60 1432 322 62 sciences.
308 1432 149 62 L.
382 1432 198 62 aut.
506 1432 223 62 sig.,
655 1432 149 62 34
729 1432 173 62 mai
828 1432 223 62 1785.
977 1432 124 62 1
1026 1432 149 62 p.
1100 1432 173 62 pl.
1200 1432 223 62 in-4.
1348 1432 124 62 3
1373 1432 99 62 50

14 1480 185 65 191.
129 1480 693 65 Cadet-de-Gassicourt
754 1480 462 65 (Charles-Louis),
1146 1480 324 65 pharmacien
1378 1480 92 65 de

63 1529 347 61 l’Empereur,
340 1529 231 61 poëte,
502 1529 231 61 membre
664 1529 139 61 du
733 1529 231 61 Caveau
895 1529 277 61 Moderne.
1103 1529 139 61 L.
1172 1529 185 61 aut.
1288 1529 208 61 sig.,
1404 1529 69 61 à

60 1576 149 64 M.
135 1576 298 64 Barbier.
358 1576 248 64 Paris,
532 1576 149 64 23
606 1576 298 64 novembre
830 1576 223 64 1813.
979 1576 124 64 2
1028 1576 149 64 p.
1103 1576 174 64 pl.
1202 1576 223 64 in-4.
1351 1576 124 64 3
1376 1576 99 64 50

18 1617 176 72 192.
128 1617 529 72 Cadet-de-Vaux
591 1617 463 72 (Antoine-Alexis),
987 1617 286 72 agronome,
1186 1617 286 72 économiste,

65 1682 222 50 membre
220 1682 133 50 de
287 1682 133 50 la
354 1682 244 50 Société
532 1682 400 50 d’agriculture,
865 1682 133 50 de
932 1682 311 50 l’Académie
1176 1682 133 50 de
1221 1682 244 50 médecine.

68 1719 129 60 L.
133 1719 172 60 aut.
241 1719 194 60 sig.,
370 1719 215 60 Paris,
521 1719 129 60 16
585 1719 258 60 brumaire
779 1719 129 60 an
844 1719 172 60 VII.
951 1719 108 60 1
994 1719 129 60 p.
1059 1719 151 60 pl.
1145 1719 129 60 et
1210 1719 194 60 demie
1317 1719 151 60 in

11 1765 1313 61 Intéressante.
1092 1765 386 61 3
1169 1765 309 61 50

19 1804 174 75 193.
128 1804 523 75 Cadet-de-Vaux
586 1804 153 75 (le
673 1804 218 75 même).
826 1804 131 75 L.
891 1804 196 75 sig.,
1022 1804 109 75 à
1066 1804 131 75 M.
1131 1804 131 75 le
1197 1804 153 75 duc
1262 1804 218 75 d’Angou

56 1868 284 64 lême.
246 1868 315 64 Paris,
467 1868 158 64 9
530 1868 379 64 décembre
814 1868 284 64 1822.
1003 1868 158 64 2
1066 1868 189 64 p.
1161 1868 284 64 in-4.
1350 1868 158 64 5
1381 1868 95 64 »

117 1895 136 72 Son
194 1895 136 72 âme
272 1895 155 72 aura
369 1895 136 72 été
446 1895 233 72 déchirée
620 1895 116 72 en
679 1895 194 72 lisant
814 1895 155 72 dans
911 1895 116 72 le
969 1895 504 72 Constitutionnel
1395 1895 78 72 du

69 1960 110 59 5
113 1960 132 59 la
179 1960 220 59 lettre
333 1960 132 59 de
399 1960 132 59 M.
466 1960 242 59 Cochin,
642 1960 198 59 maire
774 1960 132 59 du
840 1960 154 59 12e
928 1960 419 59 arrondissement,
1259 1960 220 59 faubourg

69 2017 455 50 Saint-Marceau....
459 2017 195 50 «7000
589 2017 260 50 ménages,
784 2017 130 50 ce
849 2017 152 50 qui
936 2017 282 50 constitue
1152 2017 152 50 une
1217 2017 260 50 population

72 2059 147 61 «de
156 2059 126 61 28
219 2059 105 61 à
261 2059 126 61 30
324 2059 147 61 060
408 2059 294 61 individus,
639 2059 252 61 MANQUANT
829 2059 126 61 DE
892 2059 189 61 TOUT;
1018 2059 189 61 arrêt
1144 2059 231 61 inscrit
1312 2059 168 61 dans
1396 2059 84 61 la

73 2107 234 68 «lettre.
249 2107 137 68 Eh!
327 2107 117 68 il
386 2107 98 68 y
425 2107 98 68 a
464 2107 156 68 onze
561 2107 195 68 autres
698 2107 351 68 municipalités.
990 2107 176 68 C’est
1107 2107 117 68 le
1166 2107 176 68 quart
1283 2107 117 68 de
1341 2107 117 68 la
1380 2107 98 68 po-

75 2161 265 54 «pulation
279 2161 122 54 de
340 2161 122 54 la
401 2161 245 54 capitale
585 2161 163 54 sans
687 2161 265 54 existence
891 2161 265 54 physique,
1095 2161 204 54 nudité
1238 2161 245 54 absolue,
1401 2161 82 54 et

75 2195 212 60 «contre
229 2195 135 60 les
306 2195 232 60 rigueurs
480 2195 116 60 de
538 2195 116 60 la
596 2195 212 60 saison,
750 2195 116 60 la
808 2195 154 60 plus
904 2195 174 60 mince
1020 2195 212 60 litière
1174 2195 116 60 de
1232 2195 212 60 paille.
1367 2195 116 60 Pour

76 2246 319 59 «combattre,
331 2246 128 59 ou
395 2246 213 59 plutôt
544 2246 170 59 pour
650 2246 255 59 aiguiser
842 2246 128 59 la
906 2246 191 59 faim,
1033 2246 149 59 UNE
1118 2246 170 59 ONCE
1225 2246 128 59 DE
1267 2246 213 59 PAIN...»

29 2291 171 80 494.
135 2291 406 80 Cadoudal
477 2291 299 80 (Sépulture
712 2291 128 80 de
776 2291 278 80 Georges).
990 2291 128 80 L.
1054 2291 171 80 aut.
1161 2291 192 80 sig.,
1289 2291 128 80 du
1331 2291 150 80 sieur

76 2337 238 62 Allard,
249 2337 281 62 concierge
465 2337 130 62 du
530 2337 281 62 cimetière
746 2337 454 62 Sainte-Catherine,
1135 2337 151 62 qui
1222 2337 238 62 atteste
1373 2337 108 62 que

75 2385 159 65 les
166 2385 227 65 restes
325 2385 136 65 de
393 2385 249 65 Georges
574 2385 272 65 Cadoudal
778 2385 159 65 ont
869 2385 159 65 été
960 2385 249 65 inhumés
1141 2385 136 65 et
1209 2385 181 65 sont
1300 2385 181 65 encore

77 2417 170 75 dans
183 2417 128 75 le
247 2417 276 75 cimetière
459 2417 170 75 dont
566 2417 128 75 il
630 2417 149 75 est
715 2417 255 75 gardien.
906 2417 213 75 Paris,
1055 2417 128 75 29
1119 2417 170 75 juin
1225 2417 191 75 1814.
1352 2417 128 75 1.
1395 2417 85 75 p.

47 2480 461 61 in-4.
354 2480 563 61 Curieux
764 2480 666 61 document.
1276 2480 256 61 6
1327 2480 154 61 »

31 2532 168 80 195.
136 2532 400 80 Caillaud
473 2532 316 80 (Frédéric),
725 2532 253 80 voyageur
915 2532 168 80 dans
1020 2532 126 80 la
1083 2532 358 80 Haute-Egypte.
1378 2532 126 80 Né
1420 2532 63 80 à

79 2575 346 73 Nantes
367 2575 115 73 L.
425 2575 154 73 aut.
521 2575 173 73 sig.,
637 2575 96 73 à
675 2575 115 73 M.
733 2575 423 73 Hardouin-Michelin.
1098 2575 212 73 Nantes,
1252 2575 115 73 14
1291 2575 192 73 décembre

39 2625 481 58 1828
340 2625 301 58 1
460 2625 361 58 p.
640 2625 421 58 pl.
881 2625 541 58 in-4.
1241 2625 301 58 3
1302 2625 180 58 »

31 2662 171 73 196.
137 2662 363 73 Calmet
436 2662 171 73 (Dom
543 2662 299 73 Augustin),
778 2662 171 73 abbé
885 2662 128 73 de
949 2662 256 73 Sénones.
1141 2662 128 73 L.
1205 2662 171 73 aut.
1312 2662 192 73 sig.,
1419 2662 64 73 à

75 2719 208 71 Titon
213 2719 139 71 Du
283 2719 254 71 Tillet.
467 2719 115 71 8
514 2719 185 71 août
629 2719 208 71 1742.
767 2719 115 71 3
814 2719 139 71 p.
883 2719 208 71 in-4.
1021 2719 392 71 Intéressante.
1345 2719 139 71 10
1391 2719 92 71 50
