1583 2818
76 109 186 76 «dans
200 109 145 76 les
283 109 269 76 principes
490 109 124 76 de
552 109 310 76 l’humanité;
800 109 186 76 c’est
924 109 124 76 la
987 109 186 76 seule
1111 109 331 76 circonstance
1359 109 124 76 dans

77 168 278 76 «laquelle
290 168 128 76 il
355 168 128 76 me
419 168 171 76 soit
526 168 214 76 jamais
675 168 214 76 arrivé
825 168 128 76 de
889 168 235 76 tromper
1060 168 171 76 ceux
1167 168 150 76 qui
1253 168 128 76 me
1296 168 192 76 donnent

75 213 205 63 «leur
189 213 342 63 confiance...»

29 257 158 67 230.
128 257 336 67 Cottin
405 257 257 67 (l’abbé),
603 257 238 67 jésuite,
781 257 119 67 L.
841 257 158 67 aut.
940 257 178 67 sic.,
1058 257 119 67 au
1118 257 238 67 révérend
1276 257 198 67 père....

58 311 569 70 Saint-Louis,
521 311 214 70 12
628 311 427 70 oct.....
948 311 178 70 1
1019 311 214 70 p.
1126 311 320 70 in-8.
1340 311 178 70 3
1375 311 107 70 »

27 353 158 71 231.
126 353 238 71 Court
304 353 119 71 de
364 353 317 71 Gébelin,
621 353 277 71 historien.
839 353 119 71 Né
898 353 99 71 à
938 353 336 71 Nimes
1215 353 119 71 L.
1274 353 158 71 aut.
1353 353 119 71 sig.

70 408 139 59 (à
139 408 139 59 la
209 408 139 59 3e
278 408 324 59 personne).
533 408 208 59 1776.
671 408 116 59 1
718 408 139 59 p.
787 408 185 59 in-8
903 408 139 59 en
972 408 278 59 travers.
1180 408 254 59 Cachet.
1365 408 116 59 3
1388 408 93 59 50

28 454 152 50 232.
123 454 399 50 Couturier,
465 454 190 50 député
598 454 114 50 de
655 454 114 50 la
712 454 342 50 Moselle
998 454 95 50 à
1036 454 114 50 la
1093 454 285 50 Convention.
1321 454 114 50 L.
1359 454 114 50 aut.

68 500 214 58 sig.
202 500 321 58 Dourdan,
442 500 160 58 29
522 500 321 58 brumaire
763 500 160 58 an
843 500 187 58 II.
950 500 134 58 1
1003 500 160 58 p.
1083 500 187 58 pl.
1190 500 240 58 in-4.
1350 500 134 58 3
1377 500 107 58 50

28 533 161 92 233.
129 533 302 92 Croy
370 533 141 92 (le
451 533 201 92 prince
591 533 161 92 de),
692 533 262 92 cardinal,
893 533 282 92 archevêque
1115 533 121 92 de
1175 533 201 92 Rouen,
1316 533 121 92 L.
1356 533 121 92 aut.

69 595 202 62 sig.
195 595 252 62 Rouen,
372 595 151 62 17
447 595 227 62 avril
599 595 227 62 1838.
750 595 126 62 1
801 595 151 62 p.
876 595 177 62 pl.
977 595 151 62 et
1053 595 379 62 demie-in-4.
1356 595 126 62 2
1381 595 101 62 50

23 634 176 58 234.
133 634 287 58 Daviau
354 634 220 58 Dubois
508 634 132 58 de
574 634 309 58 Sanzay
817 634 309 58 (Ch.-Fr.),
1059 634 309 58 archevêque
1302 634 132 58 de
1346 634 132 58 Bor-

68 691 248 58 deaux.
242 691 124 58 L
291 691 198 58 aut.
415 691 198 58 sig.
539 691 248 58 Paris,
712 691 149 58 24
786 691 223 58 sept.
935 691 223 58 1811.
1083 691 124 58 1
1133 691 149 58 p.
1207 691 223 58 in-4.
1355 691 124 58 2
1380 691 99 58 50

24 726 177 73 235.
134 726 640 73 Dazincourt-Albony,
708 726 221 73 acteur
863 726 132 73 de
929 726 132 73 la
995 726 486 73 Comédie-Française.
1393 726 88 73 Né

71 786 107 71 à
113 786 448 71 Marseille
497 786 128 71 L.
561 786 171 71 aut.
668 786 171 71 sig.
775 786 128 71 24
839 786 235 71 octobre
1010 786 192 71 1783.
1138 786 107 71 2
1180 786 128 71 p.
1244 786 192 71 in-4.
1372 786 107 71 7
1394 786 85 71 50

26 825 130 64 236
101 825 372 64 Delavigne
417 825 260 64 (Casimir),
621 825 186 64 poëte,
751 825 186 64 auteur
881 825 279 64 dramatique.
1104 825 112 64 Né
1160 825 112 64 au
1197 825 279 64 Havre

66 879 170 64 L.
151 879 226 64 aut.
292 879 226 64 sig.
433 879 283 64 Paris,
631 879 170 64 12
716 879 226 64 août
857 879 254 64 1832.
1027 879 141 64 1
1083 879 170 64 p.
1168 879 254 64 in-4.
1338 879 141 64 4
1366 879 113 64 50

24 912 155 82 237.
121 912 427 82 Désaugiers,
489 912 310 82 chansonnier,
742 912 194 82 auteur
877 912 291 82 dramatique.
1110 912 116 82 Né
1169 912 97 82 à
1188 912 291 82 Fréjus

71 974 183 56 (Var),
199 974 164 56 Ma
308 974 256 56 Confession
509 974 365 56 épicurienne
820 974 201 56 Chanson
966 974 110 56 a.
1020 974 110 56 s.
1075 974 164 56 1810.
1185 974 91 56 7
1221 974 110 56 p.
1276 974 164 56 in-8.
1386 974 91 56 6
1404 974 73 56 50

24 1014 137 62 238
103 1014 195 62 Des
239 1014 313 62 Essartz,
493 1014 215 62 médecin
650 1014 215 62 célèbre
806 1014 117 62 Né
864 1014 98 62 à
904 1014 410 62 Bragelogne
1255 1014 215 62 (Aube).
1392 1014 78 62 L.

70 1070 173 56 aut.
178 1070 194 56 sig.,
308 1070 129 56 au
373 1070 237 56 docteur
545 1070 129 56 Le
610 1070 173 56 Dru.
718 1070 216 56 Paris,
869 1070 129 56 28
934 1070 237 56 janvier
1106 1070 194 56 1808.
1236 1070 108 56 1
1279 1070 129 56 p.
1322 1070 151 56 in

70 1116 225 73 Cachet.
233 1116 143 73 Sur
315 1116 122 73 le
376 1116 204 73 second
519 1116 245 73 feuillet
702 1116 122 73 se
764 1116 204 73 trouve
906 1116 122 73 la
968 1116 204 73 minute
1111 1116 163 73 aut.
1213 1116 184 73 d’une
1315 1116 163 73 lettre

68 1166 115 59 à
114 1166 277 59 adresser
322 1166 161 59 aux
414 1166 254 59 membres
598 1166 415 59 correspondants
944 1166 138 59 de
1014 1166 323 59 l’Académie
1267 1166 138 59 de
1314 1166 161 59 méde-

12 1216 616 55 cine
397 1216 462 55 de
628 1216 769 55 Paris.
1166 1216 385 55 4
1243 1216 231 55 »

21 1241 159 85 239.
121 1241 399 85 Desgodetz
460 1241 279 85 (Antoine),
679 1241 299 85 architecte,
918 1241 279 85 contrôleur
1137 1241 140 85 des
1217 1241 259 85 bâtiments
1396 1241 80 85 du

71 1311 156 57 roi,
169 1311 195 57 auteur
306 1311 137 57 de:
384 1311 293 57 Edifices
618 1311 234 57 antiques
793 1311 117 57 de
852 1311 254 57 Rome
1047 1311 156 57 etc.
1144 1311 195 57 Quitt.
1281 1311 156 57 sig.
1359 1311 117 57 (sur

43 1344 537 67 parch.),
446 1344 224 67 3
535 1344 492 67 juillet
893 1344 402 67 1705.
1161 1344 224 67 °
1250 1344 224 67 2
1295 1344 179 67 50

21 1381 159 92 240.
120 1381 417 92 Desjardins
478 1381 198 92 (Ph.),
617 1381 159 92 curé
716 1381 139 92 des
795 1381 238 92 Missions
974 1381 298 92 étrangères.
1212 1381 119 92 L.
1272 1381 159 92 aut.
1351 1381 119 92 sig.

67 1444 132 65 au
133 1444 241 65 vicomte
308 1444 241 65 Mathieu
484 1444 132 65 de
550 1444 351 65 Montmorency.
835 1444 219 65 Paris,
988 1444 132 65 17
1054 1444 241 65 février
1230 1444 197 65 1817.
1361 1444 110 65 1
1383 1444 88 65 p.

8 1479 570 75 pl.
333 1479 733 75 in-4.
822 1479 488 75 -.
1066 1479 407 75 2
1147 1479 326 75 50

14 1524 197 85 241.
138 1524 345 85 Disette
409 1524 173 85 aux
508 1524 296 85 environs
730 1524 148 85 de
804 1524 247 85 Paris,
977 1524 271 85 passage
1174 1524 148 85 du
1223 1524 247 85 roi.

67 1592 124 64 L.
129 1592 165 64 aut.
232 1592 165 64 sig.
336 1592 124 64 de
398 1592 124 64 M.
460 1592 268 64 Bassenge.
666 1592 206 64 Paris,
810 1592 124 64 21
872 1592 227 64 juillet
1038 1592 186 64 1789.
1161 1592 103 64 1
1203 1592 124 64 p.
1265 1592 186 64 in-4.
1388 1592 103 64 3
1409 1592 62 64 »

117 1634 118 72 Il
176 1634 98 72 a
216 1634 118 72 vu
275 1634 197 72 entrer
412 1634 118 72 et
471 1634 236 72 repartir
648 1634 118 72 le
707 1634 216 72 roi....
864 1634 118 72 Il
923 1634 138 72 est
1002 1634 177 72 parti
1120 1634 157 72 pour
1218 1634 216 72 Boissy,
1356 1634 118 72 pour

68 1694 165 57 voir
171 1694 123 57 un
233 1694 144 57 peu
315 1694 123 57 ce
377 1694 144 57 qui
459 1694 123 57 se
521 1694 226 57 passoit
686 1694 165 57 dans
789 1694 144 57 les
871 1694 268 57 environs,
1077 1694 123 57 et
1139 1694 123 57 il
1200 1694 103 57 a
1242 1694 206 57 trouvé
1365 1694 103 57 que

67 1733 161 67 dans
167 1733 141 67 les
248 1733 261 67 campagnes
448 1733 120 67 on
509 1733 181 67 était
629 1733 161 67 plus
729 1733 100 67 à
769 1733 241 67 plaindre
950 1733 161 67 qu’à
1050 1733 201 67 Paris,
1191 1733 221 67 «...ils
1331 1733 141 67 n'ont

66 1779 207 53 «point
211 1779 124 53 de
273 1779 165 53 pain
376 1779 124 53 ni
438 1779 124 53 de
500 1779 186 53 bleds
624 1779 165 53 pour
728 1779 124 53 en
790 1779 248 53 faire...
976 1779 124 53 et
1038 1779 145 53 ils
1121 1779 165 53 sont
1224 1779 124 53 de
1286 1779 165 53 plus
1369 1779 103 53 in-

66 1837 226 47 «quitté
231 1837 144 47 par
313 1837 144 47 les
396 1837 226 47 voleurs
560 1837 144 47 qui
643 1837 123 47 se
704 1837 165 47 sont
807 1837 247 47 répandus
993 1837 165 47 dans
1096 1837 144 47 les
1157 1837 309 47 campagnes...»

15 1867 176 67 242.
125 1867 241 67 Dode
300 1867 132 67 de
366 1867 132 67 la
432 1867 373 67 Brunerie,
740 1867 263 67 maréchal
937 1867 132 67 de
1003 1867 241 67 France.
1179 1867 132 67 L.
1244 1867 176 67 aut.
1332 1867 132 67 sig.

46 1921 395 57 Paris,
323 1921 198 57 8
402 1921 316 57 août
600 1921 356 57 1839.
837 1921 198 57 2
916 1921 237 57 p.
1034 1921 356 57 in-4.
1271 1921 198 57 2
1311 1921 158 57 50

17 1968 167 58 243.
122 1968 376 58 Double,
435 1968 230 58 médecin
603 1968 251 58 célèbre.
791 1968 335 58 Consultation
1063 1968 251 58 médicale
1251 1968 167 58 aut.
1335 1968 125 58 sig.

53 2015 301 67 Paris.
264 2015 151 67 8
324 2015 331 67 janvier
565 2015 271 67 1827.
745 2015 271 67 3.gr.
926 2015 181 67 p.
1016 2015 211 67 pl.
1137 2015 271 67 in-4.
1317 2015 151 67 3
1348 2015 120 67 50

9 2059 204 78 244.
137 2059 358 78 Drapeau
418 2059 332 78 tricolore
674 2059 153 78 et
751 2059 256 78 autres
929 2059 256 78 signes
1083 2059 383 78 séditieux

62 2114 180 65 Lett.
182 2114 281 65 circulaire
403 2114 160 65 sig.
503 2114 120 65 de
563 2114 120 65 M.
623 2114 120 65 le
683 2114 180 65 comte
804 2114 220 65 Anglès,
964 2114 200 65 préfet
1104 2114 120 65 de
1164 2114 220 65 police.
1305 2114 160 65 Paris,

43 2159 231 65 26
158 2159 423 65 janvier
465 2159 346 65 1817.
696 2159 231 65 1.
811 2159 231 65 p.
927 2159 269 65 pl.
1081 2159 346 65 in-4.
1311 2159 192 65 6
1350 2159 115 65 »

108 2206 302 64 Invitation
346 2206 151 64 aux
432 2206 345 64 commissaires
712 2206 129 64 de
777 2206 216 64 police
928 2206 129 64 de
993 2206 194 64 Paris
1122 2206 129 64 de
1187 2206 194 64 faire
1294 2206 173 64 dispa-

63 2262 223 61 raître
219 2262 134 61 de
286 2262 178 61 chez
397 2262 156 61 les
487 2262 290 61 marchands
710 2262 156 61 des
799 2262 290 61 mouchoirs
1022 2262 134 61 de
1089 2262 178 61 soie
1200 2262 245 61 peinte,
1356 2262 112 61 re-

64 2304 293 64 présentant
294 2304 146 64 des
378 2304 188 64 faits
503 2304 251 64 d’armes,
691 2304 125 64 et
754 2304 146 64 sur
837 2304 251 64 lesquels
1025 2304 167 64 sont
1130 2304 230 64 figurés
1297 2304 125 64 le
1339 2304 125 64 dra-

62 2351 170 63 peau
168 2351 276 63 tricolore
380 2351 127 63 et
444 2351 212 63 autres
593 2351 212 63 signes
742 2351 297 63 séditieux,
975 2351 170 63 déjà
1082 2351 212 63 saisis
1230 2351 127 63 au
1294 2351 170 63 mois
1379 2351 85 63 de

54 2399 184 73 juin
169 2399 253 73 dernier
353 2399 138 73 en
422 2399 207 73 vertu
560 2399 184 73 d’un
675 2399 230 73 mandat
836 2399 253 73 décerné
1020 2399 161 73 par
1112 2399 184 73 l’un
1227 2399 161 73 des
1296 2399 184 73 juges-

58 2450 353 49 d’instruction
349 2450 125 49 au
412 2450 249 49 tribunal
599 2450 125 49 de
661 2450 146 49 1re
723 2450 229 49 instance.

12 2482 166 63 245.
116 2482 353 63 Dubois
407 2482 332 63 (Guillaume),
676 2482 270 63 cardinal,
884 2482 291 63 archevêque
1112 2482 125 63 de
1174 2482 249 63 Cambrai,
1340 2482 125 63 pré

62 2544 217 49 cepteur
220 2544 119 49 et
280 2544 217 49 premier
438 2544 237 49 ministre
615 2544 119 49 du
675 2544 217 49 régent.
833 2544 119 49 Né
892 2544 99 49 à
912 2544 553 49 Brives

61 2592 280 57 (Corrèze).
281 2592 120 57 L.
341 2592 180 57 sig.,
461 2592 100 57 à
501 2592 240 57 l’évêque
681 2592 120 57 de
741 2592 160 57 Gap.
840 2592 200 57 Paris,
980 2592 120 57 22
1040 2592 180 57 avril
1160 2592 180 57 1720.
1280 2592 100 57 3
1320 2592 140 57 gr.
1380 2592 80 57 p.

-10 2636 644 71 pl.
358 2636 1013 71 in-fol.
1095 2636 460 71 6
1187 2636 276 71 »

108 2679 248 77 Au-sujet
294 2679 145 77 des
377 2679 248 77 affaires
563 2679 310 77 religieuses
810 2679 124 77 du
872 2679 206 77 temps.
996 2679 310 77 Intéressante.
