1576 2869
64 146 290 72 le-Grand,
287 146 334 72 Attestation
554 146 178 72 aut.
666 146 178 72 sig.
777 146 223 72 Paris,
933 146 111 72 5
978 146 178 72 mars
1089 146 201 72 1740.
1223 146 111 72 1
1267 146 134 72 p.
1312 146 156 72 in

-27 215 1268 50 Cachet.
895 215 576 50 2
1010 215 461 50 50

20 241 161 77 299.
121 241 182 77 La
242 241 343 77 Trémoille
524 241 141 77 (le
605 241 242 77 cardinal
787 241 161 77 de).
888 241 121 77 L.
948 241 161 77 aut.
1049 241 182 77 sig.,
1170 241 121 77 au
1231 241 242 77 cardinal
1392 241 81 77 de

56 301 418 55 Bouillon.
377 301 289 55 Rome,
570 301 161 55 8
634 301 257 55 mars
795 301 289 55 1807.
988 301 161 55 2
1052 301 193 55 p.
1149 301 289 55 in-4.
1341 301 161 55 6
1374 301 96 55 »

115 349 129 68 Il
179 349 215 68 désire
330 349 172 68 bien
437 349 129 68 le
502 349 172 68 voir
609 349 237 68 revenir
781 349 108 68 à
824 349 194 68 Rome,
953 349 129 68 il
1018 349 215 68 serait
1168 349 129 68 si
1233 349 237 68 heureux
1383 349 86 68 de

68 398 212 68 passer
216 398 149 68 une
301 398 212 68 partie
450 398 127 68 de
513 398 127 68 sa
577 398 149 68 vie
662 398 170 68 avec
768 398 233 68 lui....
938 398 149 68 «Il
1022 398 170 68 faut
1129 398 233 68 ioindre
1298 398 106 68 à
1319 398 149 68 cela,

69 453 288 53 «Monsieur,
296 453 124 53 la
358 453 268 53 nécessité
564 453 165 53 dans
667 453 247 53 laquelle
852 453 124 53 on
914 453 144 53 est
996 453 227 53 d’auoir
1161 453 144 53 icy
1243 453 103 53 a
1285 453 124 53 la
1326 453 144 53 teste

67 490 151 69 «du
154 490 194 69 sacré
283 490 238 69 collège
456 490 130 69 un
521 490 259 69 cardinal
716 490 130 69 de
781 490 216 69 uostre
932 490 173 69 rang
1040 490 130 69 et
1105 490 130 69 de
1169 490 216 69 uostre
1299 490 173 69 autho-

68 541 209 63 «rité,
214 541 188 63 i’ose
340 541 167 63 uous
444 541 167 63 dire
549 541 146 63 que
632 541 167 63 uous
737 541 125 63 ne
799 541 376 63 recognoistriés
1113 541 167 63 plus
1217 541 188 63 cette
1322 541 146 63 cour,

66 588 237 62 «iamais
239 588 129 62 on
304 588 151 62 n’a
390 588 129 62 vu
455 588 151 62 une
541 588 194 62 telle
671 588 281 62 dégaisne,
886 588 129 62 si
951 588 173 62 uous
1059 588 129 62 me
1124 588 281 62 permettés
1340 588 129 62 de
1383 588 86 62 me

69 636 237 61 «seruir
242 636 129 61 de
306 636 129 61 ce
371 636 215 61 terme,
521 636 172 61 uous
629 636 323 61 plaindriés,
887 636 280 61 Monsieur,
1102 636 172 61 ceux
1210 636 151 61 qui
1296 636 108 61 y
1317 636 151 61 sont,

67 681 149 66 «et
152 681 149 66 qui
237 681 149 66 ont
322 681 106 66 à
364 681 276 66 respondre
577 681 127 66 de
640 681 170 66 tout
747 681 127 66 ce
810 681 149 66 qui
895 681 149 66 s’y
980 681 212 66 passe.
1129 681 127 66 Il
1193 681 127 66 ne
1257 681 191 66 m’est
1363 681 106 66 pas

69 733 237 76 «permis
242 733 172 76 d’en
349 733 172 76 dire
457 733 280 76 dauantage
672 733 172 76 sans
780 733 258 76 chiffre,
973 733 194 76 c’est
1102 733 258 76 pourtant
1296 733 172 76 tout
1382 733 86 76 ce

66 783 176 63 «que
176 783 132 63 ie
242 783 154 63 peu
330 783 198 63 faire
462 783 154 63 que
551 783 132 63 de
617 783 132 63 me
661 783 286 63 retenir...»

21 811 161 71 300.
121 811 401 71 Lavaysse,
462 811 201 71 avocat
603 811 241 71 célèbre,
784 811 241 71 impliqué
964 811 161 71 dans
1065 811 261 71 l’affaire
1265 811 120 71 de
1305 811 161 71 Calas,

66 872 108 62 à
110 872 280 62 Toulouse.
325 872 345 62 Consultation
605 872 172 62 sig.
713 872 172 62 pour
821 872 151 62 les
907 872 259 62 familles
1101 872 129 62 du
1165 872 172 62 Rieu
1273 872 129 62 de
1316 872 151 62 Brie,

56 920 187 58 de
149 920 375 58 Gavaret,
430 920 250 58 etc.
587 920 156 58 6
649 920 187 58 p.
743 920 219 58 pl.
868 920 187 58 et
961 920 281 58 demie
1149 920 281 58 in-4.
1336 920 156 58 5
1367 920 94 58 »

21 961 161 65 301.
121 961 301 65 Laya
363 961 342 65 (Jean-Louis),
644 961 201 65 membre
785 961 121 65 de
845 961 221 65 l’Acad.
1006 961 281 65 française.
1227 961 121 65 L.
1287 961 121 65 a.
1347 961 141 65 s.,
1408 961 60 65 à

65 1015 124 64 M.
127 1015 124 64 de
189 1015 453 64 Choiseul-Gouffier.
581 1015 247 64 Clamart,
766 1015 124 64 21
828 1015 186 64 sept.
952 1015 186 64 1817.
1075 1015 103 64 2
1117 1015 124 64 p.
1178 1015 144 64 pl.
1261 1015 186 64 in-4.
1385 1015 103 64 4
1405 1015 62 64 »

111 1066 128 58 Au
175 1066 192 58 sujet
303 1066 128 58 de
367 1066 149 58 son
452 1066 256 58 discours
644 1066 128 58 de
708 1066 299 58 réception.
922 1066 320 58 Intéressante.

17 1102 163 73 302.
118 1102 366 73 Lebrun,
424 1102 142 73 duc
505 1102 122 73 de
566 1102 285 73 Plaisance,
790 1102 203 73 consul
932 1102 122 73 de
993 1102 122 73 la
1054 1102 305 73 République.
1298 1102 122 73 L.
1339 1102 122 73 aut.

55 1159 235 63 sig.
202 1159 294 63 Paris,
408 1159 147 63 7
467 1159 206 63 mai
584 1159 265 63 1819.
761 1159 147 63 1
820 1159 177 63 p.
908 1159 177 63 et
996 1159 265 63 quart
1173 1159 265 63 in-4.
1349 1159 147 63 2
1379 1159 88 63 »

15 1202 171 64 303.
121 1202 469 64 Lechevalier
527 1202 384 64 bibliothécaire
846 1202 128 64 de
910 1202 384 64 Ste-Geneviève,
1230 1202 213 64 auteur
1358 1202 107 64 de:

66 1252 164 60 La
175 1252 273 60 Troade
394 1252 109 60 Né
448 1252 91 60 à
485 1252 292 60 Trély
722 1252 237 60 (Manche).
904 1252 109 60 L.
959 1252 146 60 aut.
1050 1252 146 60 sig.
1141 1252 182 60 Paris,
1269 1252 91 60 2
1287 1252 182 60 décembre

45 1306 337 53 1825.
269 1306 187 53 2
344 1306 262 53 gr.
494 1306 225 53 p.
606 1306 262 53 pl.
756 1306 337 53 in-4.
981 1306 412 53 Cachet.
1281 1306 187 53 3
1318 1306 150 53 50

16 1342 149 67 304.
110 1342 354 67 Lefebvre
408 1342 131 67 (le
483 1342 261 67 maréchal),
688 1342 131 67 duc
762 1342 112 67 de
818 1342 224 67 Dantzig.
986 1342 112 67 Né
1042 1342 93 67 à
1079 1342 317 67 Kufack
1322 1342 149 67 (Haut-

64 1387 203 77 Rhin).
206 1387 122 77 L.
267 1387 162 77 aut.
368 1387 142 77 sir
450 1387 244 77 Quartier
632 1387 223 77 cénéral
795 1387 122 77 de
856 1387 203 77 Trost,
998 1387 122 77 15
1059 1387 244 77 floréal.
1242 1387 102 77 1
1282 1387 122 77 p.
1323 1387 142 77 in

33 1447 820 54 Rare
699 1447 308 54 01
853 1447 308 54 5.
1007 1447 308 54 ».
1160 1447 256 54 5
1263 1447 256 54 4
1314 1447 154 54 »

18 1485 155 82 305.
114 1485 368 82 Legendre
424 1485 348 82 mathématicien,
714 1485 194 82 membre
850 1485 116 82 de
908 1485 290 82 l’Institut.
1140 1485 116 82 Né
1198 1485 97 82 à
1217 1485 252 82 Tou

56 1539 408 55 louse
392 1539 240 55 Paris,
560 1539 144 55 27
632 1539 240 55 nivôse
799 1539 144 55 an
871 1539 168 55 XI.
967 1539 120 55 1
1015 1539 144 55 p.
1087 1539 168 55 pl.
1183 1539 216 55 in-4.
1327 1539 120 55 4
1351 1539 72 55 »

16 1573 161 69 306.
117 1573 363 69 Legouvé
419 1573 403 69 (Jean-Baptiste),
762 1573 202 69 avocat
903 1573 121 69 au
963 1573 262 69 parlement
1165 1573 121 69 de
1225 1573 202 69 Paris,
1346 1573 121 69 père

64 1636 118 59 de
123 1636 237 59 l’auteur
301 1636 118 59 du
360 1636 256 59 Mérite
557 1636 138 59 des
636 1636 296 59 femmes
873 1636 118 59 L.
932 1636 158 59 aut.
1031 1636 178 59 sig.,
1149 1636 99 59 à
1189 1636 118 59 M.
1228 1636 237 59 Falconnet,

60 1688 223 50 avocat
216 1688 134 50 en
283 1688 312 50 parlement.
528 1688 223 50 Paris,
684 1688 112 50 2
729 1688 201 50 mars.
863 1688 112 50 1
907 1688 134 50 p.
974 1688 156 50 pl.
1063 1688 201 50 in-4.
1197 1688 245 50 Cachet.
1376 1688 112 50 5
1398 1688 67 50 »

14 1717 179 67 307.
125 1717 581 67 Legrand-d’Aussy
640 1717 358 67 conservateur
930 1717 157 67 des
1020 1717 313 67 manuscrits
1243 1717 224 67 français

65 1784 111 56 de
120 1784 111 56 la
175 1784 295 56 Bibliothèque
415 1784 258 56 nationale.
618 1784 111 56 Né
674 1784 92 56 à
710 1784 332 56 Amiens
987 1784 111 56 L.
1043 1784 111 56 a.
1098 1784 129 56 s.,
1172 1784 111 56 au
1227 1784 203 56 citoyen
1356 1784 111 56 Gin-

60 1826 213 73 guené.
209 1826 213 73 Paris,
358 1826 128 73 29
421 1826 277 73 thermidor
634 1826 128 73 an
698 1826 128 73 V.
762 1826 106 73 2
804 1826 149 73 gr.
890 1826 128 73 p.
953 1826 149 73 pl.
1038 1826 128 73 et
1102 1826 191 73 demie
1230 1826 191 73 in-4.
1358 1826 128 73 22
1400 1826 64 73 »

111 1870 183 57 Lettre
239 1870 293 57 intéressante
477 1870 220 57 relative
642 1870 92 57 à
679 1870 128 57 son
752 1870 183 57 projet
880 1870 110 57 de
935 1870 275 57 publication
1155 1870 110 57 de
1192 1870 275 57 l'His

62 1926 219 55 toire
226 1926 110 55 de
281 1926 110 55 la
336 1926 183 55 langue
463 1926 110 55 et
518 1926 110 55 de
573 1926 110 55 la
628 1926 183 55 poésie
755 1926 237 55 française
938 1926 183 55 depuis
1066 1926 146 55 leur
1157 1926 310 55 origine.
1394 1926 73 55 et

58 1966 254 60 rédigée
243 1966 254 60 d’après
427 1966 162 60 les
520 1966 323 60 manuscrits
774 1966 139 60 du
843 1966 231 60 trésor
1004 1966 254 60 immense
1189 1966 162 60 qui
1281 1966 162 60 lui
1351 1966 115 60 est

58 2020 229 62 confié.
224 2020 187 62 Longs
328 2020 208 62 détails.

14 2046 168 82 308.
119 2046 189 82 Le
245 2046 252 82 Sage
434 2046 462 82 (Nicolas-Léonard),
832 2046 210 82 acteur
979 2046 126 82 de
1042 2046 420 82 l’Opéra-Comique.
1378 2046 84 82 L.

55 2113 201 49 aut.
181 2113 201 49 sig.
307 2113 252 49 Paris,
483 2113 151 49 19
558 2113 302 49 novembre
785 2113 227 49 1816.
936 2113 126 49 1
987 2113 176 49 gr.
1087 2113 151 49 p.
1163 2113 277 49 in-fol.
1364 2113 126 49 5
1389 2113 76 49 »

14 2153 159 71 309.
114 2153 457 71 Lesdiguières
511 2153 139 71 (le
591 2153 278 71 connétable
810 2153 159 71 de).
909 2153 119 71 Né
969 2153 99 71 à
1009 2153 378 71 Saint-Bonnet
1307 2153 159 71 de

62 2198 380 78 Champsaur
385 2198 228 78 (Isère).
556 2198 190 78 Quitt.
689 2198 152 78 avec
784 2198 133 78 une
860 2198 171 78 ligne
974 2198 152 78 aut.
1069 2198 152 78 sig.
1164 2198 152 78 (sur
1240 2198 228 78 parchemin)

51 2254 163 53 de
132 2254 163 53 la
214 2254 244 53 somme
376 2254 163 53 de
458 2254 244 53 trois
620 2254 244 53 mille
783 2254 244 53 écus.
946 2254 163 53 18
1027 2254 244 53 sept.
1190 2254 244 53 1592.
1353 2254 136 53 6
1380 2254 81 53 »

13 2284 159 70 310.
112 2284 179 70 Le
231 2284 298 70 Tellier
470 2284 258 70 (Michel),
668 2284 298 70 chancelier,
906 2284 179 70 garde
1025 2284 139 70 des
1105 2284 198 70 sceaux
1244 2284 119 70 de
1283 2284 179 70 France.

57 2350 134 62 L.
124 2350 178 62 aut.
235 2350 178 62 sig.
347 2350 580 62 Saint-Germain-en-Laye,
860 2350 134 62 29
927 2350 268 62 décembre
1127 2350 201 62 1679.
1261 2350 112 62 1
1306 2350 134 62 p.
1350 2350 112 62 pl.

4 2395 461 64 et
235 2395 691 64 demie
695 2395 691 64 in-4.
1156 2395 384 64 6
1233 2395 230 64 »

13 2433 159 68 311.
113 2433 358 68 Ligier,
411 2433 199 68 acteur
550 2433 239 68 tragique
729 2433 119 68 du
789 2433 418 68 Théâtre-Français.
1147 2433 119 68 L.
1206 2433 159 68 aut,
1306 2433 159 68 sig.
1385 2433 80 68 Le

48 2490 301 57 Havre,
258 2490 180 57 15
349 2490 331 57 octobre
589 2490 271 57 1828.
770 2490 150 57 1
830 2490 210 57 gr.
950 2490 180 57 p.
1040 2490 210 57 pl.
1160 2490 271 57 in-4.
1341 2490 150 57 4
1371 2490 90 57 »

12 2528 142 71 312.
101 2528 318 71 Lingue,
366 2528 195 71 avocat,
508 2528 265 71 littérateur
720 2528 106 71 et
773 2528 248 71 publiciste
968 2528 212 71 célèbre.
1127 2528 106 71 Né
1180 2528 88 71 à
1198 2528 265 71 Reims

58 2588 145 55 Mis
141 2588 103 55 à
182 2588 165 55 mort
286 2588 124 55 en
348 2588 186 55 1794.
472 2588 124 55 L.
534 2588 165 55 aut.
638 2588 165 55 sig.
741 2588 103 55 2
782 2588 124 55 p.
844 2588 145 55 pl.
927 2588 124 55 et
989 2588 186 55 demie
1113 2588 186 55 petit
1237 2588 186 55 in-4.
1362 2588 103 55 6
1382 2588 83 55 50

106 2634 197 57 Lettre
244 2634 315 57 intéressante
500 2634 118 57 au
559 2634 177 57 sujet
677 2634 138 57 des
756 2634 236 57 attaques
933 2634 157 57 dont
1031 2634 118 57 il
1090 2634 98 57 a
1130 2634 138 57 été
1208 2634 216 57 l’objet
1346 2634 118 57 dans

60 2683 120 59 le
120 2683 281 59 Journal
341 2683 461 59 encyclopédique
741 2683 120 59 La
802 2683 120 59 3e
862 2683 160 59 page
962 2683 140 59 est
1042 2683 180 59 toute
1162 2683 220 59 remplie
1323 2683 140 59 par
1383 2683 80 59 la

56 2726 220 59 minute
210 2726 176 59 aut.
319 2726 198 59 d’une
451 2726 220 59 lettre
605 2726 132 59 au
671 2726 154 59 roi
759 2726 154 59 qui
846 2726 154 59 lui
934 2726 110 59 a
978 2726 154 59 été
1066 2726 263 59 demandée
1263 2726 132 59 et
1307 2726 154 59 qu’on
