1560 2846
604 53 190 81 —
642 53 152 81 29

15 141 145 68 332.
105 141 326 68 Mortier
377 141 127 68 (le
449 141 253 68 maréchal),
648 141 127 68 duc
720 141 109 68 de
775 141 217 68 Trévise.
937 141 109 68 Né
992 141 90 68 à
1028 141 344 68 Cambra.
1317 141 109 68 L,
1353 141 109 68 aut.

61 187 197 63 sig.,
193 187 131 63 au
258 187 175 63 chef
368 187 131 63 de
433 187 285 63 bataillon
653 187 329 63 Lahoussaye.
915 187 219 63 Paris,
1069 187 131 63 11
1134 187 263 63 frimaire
1332 187 131 63 an
1375 187 88 63 X.

20 237 289 59 2
136 237 347 59 p.
309 237 347 59 et
482 237 578 59 demie,
887 237 520 59 in-8.
1233 237 289 59 3
1291 237 173 59 »

12 268 148 86 333
96 268 359 86 Muller
392 268 190 86 (Jean
518 268 169 86 de),
624 268 295 86 historien.
856 268 295 86 Ampliation
1088 268 232 86 signée,
1257 268 190 86 comme
1362 268 106 86 mi-

61 344 210 57 nistre
208 344 210 57 d’Etat
355 344 126 57 de
418 344 210 57 Jérôme
564 344 294 57 Bonaparte,
795 344 147 57 roi
879 344 126 57 de
942 344 315 57 Westphalie,
1193 344 126 57 de
1256 344 126 57 la
1298 344 168 57 lettre

57 392 152 56 par
144 392 260 56 laquelle
339 392 130 56 le
405 392 152 56 roi
491 392 239 56 annonce
665 392 152 56 que
752 392 130 56 la
817 392 217 56 divine
969 392 304 56 Providence
1208 392 130 56 et
1273 392 152 56 les
1338 392 130 56 con-

61 426 301 65 stitutions,
302 426 181 65 avant
422 426 161 65 fixé
523 426 141 65 sur
603 426 121 65 sa
664 426 161 65 tête
764 426 121 65 la
824 426 241 65 couronne
1005 426 301 65 héréditaire
1246 426 121 65 du
1286 426 181 65 royaume

61 487 119 56 de
121 487 297 56 Westphalie,
358 487 198 56 établi
496 487 138 56 par
575 487 119 56 le
635 487 198 56 traité
773 487 119 56 de
832 487 158 56 paix
931 487 119 56 de
990 487 237 56 Tilsitt,
1168 487 119 56 il
1228 487 178 56 s’est
1327 487 138 56 rendu

62 536 107 54 à
104 536 128 54 sa
168 536 277 54 résidence
382 536 213 54 royale
531 536 128 54 de
595 536 235 54 Cassel,
765 536 128 54 où
829 536 128 54 il
893 536 107 54 a
936 536 171 54 pris
1043 536 384 54 solennellement
1341 536 128 54 pos-

64 571 217 62 session
222 571 118 62 de
281 571 138 62 ses
360 571 197 62 Etats,
499 571 118 62 et
558 571 158 62 reçu
657 571 118 62 le
716 571 217 62 serment
874 571 118 62 de
933 571 237 62 fidélité
1111 571 118 62 de
1170 571 138 62 ses
1229 571 237 62 peuples...

57 629 277 61 Cassel,
258 629 126 61 2
309 629 277 61 janvier
510 629 227 61 1808.
662 629 252 61 Grande
838 629 202 61 page
964 629 252 61 double
1140 629 277 61 in-fol.
1342 629 126 61 7
1367 629 101 61 50

17 665 128 71 333
90 665 274 71 bis
309 665 256 71 Ney
511 665 238 71 (Michel),
694 665 183 71 prince
822 665 110 71 de
877 665 110 71 la
931 665 220 71 Moskowa,
1096 665 220 71 maréchal
1261 665 110 71 de
1297 665 165 71 France.

64 717 213 58 Minute
213 717 170 58 aut.
319 717 128 58 de
383 717 277 58 plusieurs
596 717 213 58 ordres
745 717 128 58 et
808 717 234 58 lettres
979 717 213 58 écrits
1128 717 149 58 sur
1213 717 128 58 le
1277 717 191 58 champ
1383 717 85 58 de

44 759 514 67 bataille.
440 759 198 67 1
519 759 277 67 gr.
677 759 237 67 p.
796 759 277 67 pl.
954 759 435 67 in-fol.
1270 759 237 67 12
1349 759 119 67 »

15 809 171 64 334.
122 809 235 64 Ney
293 809 214 64 prince
443 809 128 64 de
507 809 128 64 la
571 809 257 64 Moscowa,
764 809 171 64 fils
871 809 128 64 du
935 809 278 64 maréchal;
1149 809 128 64 il
1213 809 107 64 a
1256 809 214 64 épousé
1384 809 86 64 la

67 854 164 70 fille
176 854 109 70 de
230 854 236 70 Laffitte.
412 854 182 70 Auteur
539 854 109 70 de
594 854 109 70 la
648 854 200 70 musique
794 854 109 70 du
848 854 418 70 Cent-Suisse
1212 854 109 70 L.
1266 854 145 70 aut.
1339 854 127 70 sig.,

49 905 182 61 à
121 905 219 61 M.
231 905 510 61 Zimmerman.
631 905 182 61 1
704 905 219 61 p.
813 905 328 61 in-8.
1032 905 401 61 Cachet.
1323 905 182 61 3
1360 905 109 61 »

16 952 157 66 335.
115 952 334 66 Orloff
390 952 138 66 (le
468 952 216 66 comte),
625 952 236 66 ministre
802 952 393 66 plénipotentiaire
1136 952 177 66 russe
1254 952 118 66 au
1293 952 177 66 congrès

63 998 135 64 de
131 998 226 64 Paris.
289 998 135 64 L.
357 998 180 64 aut.
469 998 203 64 sig.,
605 998 113 64 à
650 998 135 64 M.
718 998 293 64 Paschoud.
943 998 271 64 Barèges,
1146 998 135 64 20
1214 998 180 64 août
1304 998 158 64 1822.

20 1056 527 54 1gr.
349 1056 395 54 p.
547 1056 461 54 pl.
810 1056 593 54 in-4.
1206 1056 329 54 6
1271 1056 198 54 »

23 1079 111 95 335
87 1079 239 95 bis
278 1079 255 95 Oudin
485 1079 239 95 (François),
675 1079 191 95 jésuite,
819 1079 255 95 littérateur.
1025 1079 95 95 Né
1073 1079 80 95 à
1105 1079 286 95 Vignory
1328 1079 143 95 (Haute-

65 1142 236 71 Marne).
236 1142 129 71 L.
301 1142 172 71 aut.
408 1142 193 71 sig.,
537 1142 129 71 au
602 1142 172 71 père
709 1142 258 71 Nicéron.
902 1142 215 71 Dijon,
1053 1142 129 71 19
1117 1142 172 71 août
1225 1142 193 71 1737.
1354 1142 107 71 1
1375 1142 86 71 p.

39 1189 346 73 pl.
236 1189 445 73 in-8.
533 1189 445 73 Jolie
829 1189 544 73 lettre.
1225 1189 247 73 6
1274 1189 198 73 50

113 1231 289 77 Littéraire
341 1231 124 77 et
403 1231 413 77 bibliographique.
733 1231 310 77 Intéressante.

20 1293 151 62 336.
114 1293 359 62 Oudinot,
416 1293 132 62 duc
492 1293 113 62 de
548 1293 208 62 Reggio,
699 1293 226 62 maréchal
869 1293 113 62 de
926 1293 208 62 France.
1077 1293 113 62 Né
1133 1293 94 62 à
1152 1293 321 62 Bar

66 1334 422 53 Ornain
417 1334 141 53 L.
487 1334 188 53 aut.
605 1334 188 53 sig.
722 1334 281 53 Bareuth,
933 1334 141 53 21
1003 1334 281 53 novembre
1214 1334 211 53 1808.
1355 1334 117 53 2
1378 1334 94 53 25

22 1380 155 88 337.
118 1380 310 88 Paris
370 1380 290 88 (François),
603 1380 194 88 diacre
738 1380 116 88 de
796 1380 194 88 Paris,
932 1380 213 88 célèbre
1087 1380 136 88 par
1164 1380 136 88 les
1222 1380 252 88 convulsions

70 1439 151 53 qui
157 1439 216 53 eurent
308 1439 173 53 lieu
415 1439 151 53 sur
502 1439 129 53 sa
566 1439 216 53 tombe,
717 1439 173 53 dans
825 1439 129 53 le
890 1439 280 53 cimetière
1105 1439 129 53 de
1149 1439 323 53 Saint

72 1479 93 58 à
110 1479 186 58 Paris.
239 1479 111 58 Sa
295 1479 260 58 signature:
499 1479 167 58 Ex
611 1479 186 58 libris
740 1479 241 58 francisci
926 1479 111 58 de
982 1479 260 58 Paris
1186 1479 111 58 16
1241 1479 186 58 lignes
1353 1479 111 58 aut.

70 1523 237 59 derrière
248 1523 118 59 le
307 1523 178 59 titre
425 1523 178 59 gravé
544 1523 118 59 de
603 1523 276 59 l’ouvrage,
820 1523 118 59 et
879 1523 118 59 21
938 1523 237 59 derrière
1116 1523 118 59 le
1175 1523 178 59 titre
1274 1523 197 59 imprimé:

73 1576 175 59 Le
189 1576 194 59 jardin
325 1576 136 59 des
403 1576 214 59 racines
558 1576 233 59 grecques
733 1576 175 59 mises
850 1576 117 59 en
908 1576 155 59 vers
1006 1576 292 59 françois...
1219 1576 253 59 seconde

70 1627 300 61 édition.
310 1627 200 61 Paris,
450 1627 200 61 Pierre
590 1627 120 61 le
650 1627 300 61 Petit.
891 1627 180 61 1664.
1011 1627 200 61 In-12,
1151 1627 260 61 demi-rel.
1351 1627 140 61 150
1411 1627 60 61 »

113 1659 130 68 Ce
178 1659 259 68 précieux
373 1659 216 68 volume
524 1659 151 68 est
610 1659 130 68 en
675 1659 195 68 outre
805 1659 281 68 surchargé
1021 1659 130 68 de
1086 1659 195 68 notes
1194 1659 281 68 autographes

71 1724 120 55 en
131 1724 160 55 grec
231 1724 120 55 et
291 1724 120 55 en
351 1724 200 55 latin,
491 1724 120 55 en
551 1724 180 55 marge
671 1724 120 55 et
731 1724 160 55 dans
831 1724 120 55 le
891 1724 180 55 texte
1011 1724 140 55 sur
1091 1724 160 55 plus
1191 1724 120 55 de
1251 1724 140 55 250
1311 1724 160 55 pages.

20 1764 171 57 338.
127 1764 342 57 Paris
405 1764 428 57 (Pierre-Adrien),
768 1764 299 57 architecte
1003 1764 128 57 de
1068 1764 257 57 l’Opéra,
1260 1764 214 57 membre
1388 1764 86 57 de

70 1809 324 64 l’Académie.
329 1809 151 64 Son
416 1809 173 64 plus
524 1809 151 64 bel
610 1809 237 64 ouvrage
783 1809 151 64 est
869 1809 129 64 le
934 1809 237 64 portail
1106 1809 129 64 de
1171 1809 129 64 la
1214 1809 259 64 cathédrale

70 1857 277 58 d’Orléans.
288 1857 119 58 L.
347 1857 119 58 a.
406 1857 138 58 s.,
485 1857 99 58 à
525 1857 119 58 M.
584 1857 119 58 le
644 1857 178 58 duc..
762 1857 198 58 Paris,
901 1857 119 58 13
960 1857 158 58 mars
1059 1857 178 58 1783.
1177 1857 99 58 3
1217 1857 119 58 p.
1276 1857 178 58 in-4.
1395 1857 99 58 5
1415 1857 59 58 »

27 1908 146 59 339.
118 1908 366 59 Pérignon,
429 1908 220 59 maréchal
594 1908 110 59 de
649 1908 201 59 France.
795 1908 110 59 Né
850 1908 91 59 à
887 1908 329 59 Grenade
1143 1908 329 59 (Haute

74 1953 118 57 L.
133 1953 158 57 aut.
232 1953 178 57 sig.,
350 1953 118 57 au
410 1953 138 57 duc
489 1953 118 57 de
548 1953 197 57 Damas.
686 1953 197 57 Paris,
824 1953 118 57 28
883 1953 217 57 janvier
1041 1953 178 57 1816.
1159 1953 99 57 1
1199 1953 118 57 p.
1258 1953 178 57 in-4.
1376 1953 99 57 2
1396 1953 79 57 50

25 1996 154 58 340.
121 1996 367 58 Perrault
430 1996 251 58 (Claude),
623 1996 212 58 médecin
777 1996 232 58 célèbre.
951 1996 116 58 L.
1009 1996 154 58 aut.
1105 1996 174 58 sig.,
1221 1996 96 58 à
1260 1996 116 58 M.
1298 1996 174 58 Girard.

67 2053 227 52 Paris,
226 2053 136 52 12
294 2053 295 52 septembre
520 2053 204 52 1644.
656 2053 113 52 1
702 2053 136 52 p.
770 2053 159 52 pl.
860 2053 204 52 in-4.
996 2053 227 52 Cachet
1155 2053 136 52 et
1223 2053 227 52 soies.
1381 2053 113 52 4
1404 2053 68 52 »

27 2089 161 78 341.
127 2089 382 78 Perronet
449 2089 402 78 (Jean-Rodolphe),
790 2089 301 78 architecte,
1031 2089 422 78 directeur-général
1373 2089 100 78 des

70 2148 498 67 ponts-et-chaussées
500 2148 136 67 de
568 2148 249 67 France.
749 2148 136 67 L.
817 2148 181 67 aut.
930 2148 181 67 sig.
1043 2148 226 67 Paris,
1202 2148 136 67 26
1247 2148 226 67 novembre

29 2188 592 64 1779.
424 2188 329 64 2
555 2188 395 64 p.
753 2188 592 64 in-4.
1147 2188 329 64 3
1213 2188 263 64 50

26 2228 163 65 342.
128 2228 326 65 Poyet
393 2228 286 65 (Bernard),
617 2228 306 65 architecte,
862 2228 204 65 membre
1005 2228 122 65 de
1066 2228 286 65 l’Académie
1270 2228 204 65 d’archi

77 2298 197 64 tecture
220 2298 107 64 et
274 2298 107 64 de
327 2298 161 64 celle
435 2298 125 64 des
506 2298 232 64 sciences.
685 2298 107 64 Né
738 2298 89 64 à
774 2298 286 64 Dijon
1006 2298 286 64 (Côte-d’Or.)
1239 2298 107 64 L.
1292 2298 143 64 aut.
1364 2298 107 64 sig.

65 2336 442 49 Neyreplisse,
424 2336 166 49 14
507 2336 248 49 avril
673 2336 248 49 1774.
838 2336 138 49 4
893 2336 193 49 gr.
1004 2336 166 49 p.
1087 2336 193 49 pl.
1197 2336 248 49 in-4.
1363 2336 138 49 5
1390 2336 83 49 »

23 2373 179 82 343.
134 2373 290 82 Presse
357 2373 312 82 périodique
603 2373 134 82 en
670 2373 268 82 1815
871 2373 335 82 (ampliation
1138 2373 179 82 d’un
1250 2373 223 82 arrêté
1384 2373 89 82 du

73 2433 149 65 duc
158 2433 297 65 d’Otrante,
391 2433 255 65 ministre
582 2433 127 65 de
646 2433 127 65 la
710 2433 212 65 police
858 2433 276 65 générale,
1071 2433 212 65 contre
1219 2433 149 65 les
1304 2433 170 65 abus
1389 2433 85 65 de

75 2477 162 60 la),
176 2477 183 60 signé
298 2477 365 60 Fortis
602 2477 203 60 Paris,
744 2477 101 60 6
785 2477 264 60 septembre
988 2477 183 60 1815.
1110 2477 101 60 3
1150 2477 122 60 p.
1211 2477 223 60 in-fol.
1374 2477 101 60 3
1394 2477 81 60 50

28 2519 148 79 344.
121 2519 315 79 Quesné
381 2519 352 79 (Franç.-Alex.),
677 2519 259 79 botaniste,
881 2519 111 79 né
937 2519 93 79 à
974 2519 315 79 Rouen
1233 2519 111 79 L.
1289 2519 111 79 a.
1344 2519 130 79 s..
1400 2519 74 79 au

74 2574 220 60 citoyen
234 2574 180 60 Noël.
354 2574 200 60 Rouen,
495 2574 120 60 20
555 2574 260 60 fructidor
755 2574 120 60 an
815 2574 140 60 VI.
895 2574 100 60 1
935 2574 120 60 p.
995 2574 140 60 pl.
1075 2574 120 60 et
1136 2574 180 60 demie
1256 2574 180 60 in-4.
1376 2574 100 60 2
1396 2574 80 60 50

26 2621 171 58 345.
132 2621 406 58 Quinault
474 2621 406 58 (mademoiselle),
816 2621 235 58 célèbre
987 2621 235 58 actrice
1158 2621 128 58 de
1222 2621 128 58 la
1264 2621 214 58 Comédie-

73 2676 310 61 Française.
317 2676 133 61 L.
383 2676 200 61 aut.,
516 2676 111 61 à
561 2676 222 61 madame
716 2676 133 61 de
783 2676 288 61 Grafigny.
1004 2676 266 61 Vendredï
1204 2676 200 61 soir.
1337 2676 111 61 2
1359 2676 111 61 gr.

40 2730 331 61 p.
205 2730 386 61 pl.
426 2730 497 61 in-4.
757 2730 607 61 Cachet.
1199 2730 331 61 12
1309 2730 166 61 »
