1619 2857
40 115 246 74 France.
219 115 202 74 Pièce
353 115 269 74 notariée
555 115 202 74 sig.,
689 115 224 74 signée
846 115 202 74 aussi
981 115 157 74 par
1070 115 224 74 Isabel
1227 115 224 74 Babon,
1361 115 90 74 sa

34 184 268 57 femme.
222 184 268 57 Paris,
409 184 134 57 4
462 184 214 57 mars
596 184 241 57 1600.
757 184 134 57 2
810 184 161 57 p.
890 184 161 57 et
971 184 241 57 demie
1131 184 294 57 in-fol.
1345 184 134 57 3
1372 184 80 57 »

-7 220 167 76 865.
97 220 375 76 Sourdis
410 220 146 76 (le
494 220 250 76 cardinal
681 220 167 76 de),
786 220 292 76 archevêque
1015 220 125 76 de
1078 220 271 76 Bordeaux.
1286 220 125 76 L.
1328 220 125 76 avec

42 286 129 59 la
107 286 345 59 souscription
387 286 173 59 aut.
495 286 194 59 sig.,
625 286 129 59 au
689 286 151 59 duc
776 286 129 59 de
840 286 280 59 Lorrainc.
1056 286 280 59 Bordeaux,
1272 286 129 59 12
1315 286 129 59 déc.

15 328 417 57 1624.
293 328 232 57 1
385 328 278 57 p.
524 328 509 57 in-fol.
894 328 509 57 Cachet.
1265 328 232 57 6
1311 328 139 57 »

89 367 108 70 »
133 367 130 70 Il
198 367 152 70 lui
284 367 303 70 recommande
523 367 152 70 des
610 367 303 70 carmélites
848 367 130 70 de
913 367 282 70 Bordeaux,
1130 367 238 70 quivont
1282 367 173 70 demeu-

39 426 179 57 »rer
150 426 112 57 à
195 426 179 57 Bar,
307 426 246 57 n’ayant
486 426 134 57 pu
553 426 268 57 demeurer
755 426 112 57 à
799 426 291 57 Bordeaux,
1023 426 179 57 sous
1135 426 134 57 la
1180 426 268 57 domination

40 472 109 62 »
84 472 130 62 du
149 472 261 62 cardinal
344 472 130 62 de
388 472 304 62 Bérulle....»

-6 502 162 71 366.
95 502 344 71 Suchet
379 502 142 71 (la
460 502 304 71 maréchale),
703 502 243 71 duchesse
885 502 304 71 d’Albuféra.
1128 502 122 71 L.
1189 502 162 71 aut.
1290 502 182 71 sig.,
1391 502 61 71 à

-20 566 134 61 «
34 566 160 61 M.
114 566 160 61 le
194 566 294 61 duc....
408 566 267 61 Paris,
595 566 134 61 9
649 566 214 61 juin
782 566 241 61 1830.
943 566 134 61 1
996 566 160 61 p.
1077 566 187 61 pl.
1184 566 241 61 in-4.
1344 566 134 61 3
1371 566 80 61 »

-7 607 158 66 367.
92 607 375 66 Suyskens
407 607 177 66 (C.),
526 607 217 66 jésuite
683 607 118 66 et
742 607 315 66 bollandiste.
999 607 118 66 L.
1058 607 158 66 aut.
1156 607 177 66 sig.,
1275 607 99 66 à
1294 607 158 66 l’abbé

41 658 238 54 Mercier
215 658 130 54 de
280 658 347 54 Saint-Léger.
561 658 238 54 Anvers,
735 658 130 54 22
800 658 260 54 novembre
995 658 195 54 1765.
1125 658 108 54 2
1168 658 130 54 p.
1233 658 195 54 in-4.
1363 658 108 54 4
1385 658 65 54 »

-4 700 161 59 368.
97 700 323 59 Talon
359 700 222 59 (Omer),
521 700 222 59 célèbre
682 700 202 59 avocat
823 700 222 59 général
985 700 121 59 au
1045 700 262 59 Parlement
1247 700 121 59 de
1288 700 161 59 Paris.

44 752 122 53 L.
105 752 122 53 a.
166 752 143 53 s.,
248 752 102 53 à
288 752 184 53 M...2
411 752 163 53 déc.
513 752 184 53 1637.
635 752 102 53 1
676 752 143 53 gr.
758 752 122 53 p.
819 752 143 53 pl.
900 752 224 53 in-fol.
1063 752 347 53 Intéressante.
1349 752 102 53 7
1369 752 82 53 50

-7 797 165 67 369.
96 797 329 67 Tenon
364 797 391 67 (Jacques-René),
693 797 288 67 chirurgien
920 797 247 67 célèbre,
1105 797 206 67 membre
1249 797 124 67 de
1290 797 165 67 l’Ins

44 847 210 58 titut,
191 847 126 58 L.
254 847 168 58 aut.
360 847 189 58 sig.,
486 847 126 58 au
549 847 232 58 citoyen
717 847 274 58 Desjobert
928 847 189 58 père.
1054 847 253 58 Vilaine,
1244 847 126 58 14
1286 847 168 58 messi-

14 897 478 59 dor...
349 897 239 59 3
445 897 335 59 gr.
636 897 287 59 p.
779 897 335 59 pl.
971 897 430 59 in-4.
1258 897 239 59 5
1306 897 143 59 »

-5 940 164 77 370.
97 940 389 77 Thémines
425 940 184 77 (Pons
548 940 123 77 de
609 940 266 77 Laurière,
814 940 184 77 baron
937 940 164 77 de),
1039 940 246 77 maréchal
1224 940 123 77 de
1265 940 184 77 France.

44 992 186 61 Quitt.
174 992 149 61 sig.
267 992 149 61 (sur
360 992 223 61 parch.),
527 992 111 61 de
583 992 111 61 la
639 992 167 61 somme
750 992 111 61 de
806 992 130 61 150
880 992 186 61 livres
1010 992 167 61 en
1122 992 186 61 pièces
1252 992 111 61 de
1289 992 167 61 huit

44 1047 281 69 sols
273 1047 141 69 pour
361 1047 123 69 son
431 1047 141 69 état
519 1047 105 69 de
572 1047 246 69 gouverneur
765 1047 105 69 de
817 1047 299 69 Domme
1063 1047 141 69 d’un
1151 1047 141 69 mois
1239 1047 105 69 et
1292 1047 158 69 demie
1380 1047 70 69 de

-15 1085 849 57 l’année
602 1085 695 57 1607.
1065 1085 386 57 3
1142 1085 309 57 50

-3 1123 163 74 371.
99 1123 347 74 Thiers
384 1123 184 74 (A.),
507 1123 184 74 homme
629 1123 224 74 d’Etat,
792 1123 286 74 historien.
1017 1123 122 74 L.
1078 1123 163 74 aut.
1180 1123 184 74 sig.,
1302 1123 102 74 à
1323 1123 122 74 M...

30 1181 330 54 Paris,
261 1181 198 54 22
360 1181 363 54 février
624 1181 297 54 1854.
821 1181 165 54 1
887 1181 198 54 p.
986 1181 231 54 pl.
1118 1181 297 54 in-4.
1316 1181 165 54 5
1349 1181 99 54 »

94 1220 185 75 ...Il
218 1220 226 75 insiste
382 1220 164 75 pour
485 1220 185 75 qu’il
608 1220 123 75 ne
670 1220 206 75 quitte
814 1220 144 75 pas
896 1220 247 75 Florence
1081 1220 164 75 sans
1184 1220 144 75 lui
1266 1220 185 75 faire
1369 1220 82 75 le

40 1269 228 65 dessin
200 1269 137 65 de
268 1269 137 65 la
337 1269 274 65 Prudence
542 1269 137 65 de
610 1269 365 65 Michel-Ange.
907 1269 251 65 Ensuite
1089 1269 114 65 à
1135 1269 205 65 Milan
1272 1269 137 65 il
1317 1269 137 65 com-

43 1329 233 54 mencera
212 1329 148 54 par
297 1329 127 54 la
360 1329 211 54 sainte
487 1329 296 54 Catherine...

-4 1371 164 72 372.
99 1371 431 72 Vaulabelle
469 1371 185 72 (de),
592 1371 267 72 historien
797 1371 123 72 de
859 1371 123 72 la
920 1371 349 72 Restauration.
1208 1371 123 72 L.
1269 1371 123 72 a.
1331 1371 144 72 s.,
1392 1371 62 72 à

42 1417 130 63 M.
107 1417 130 63 le
172 1417 195 63 baron
302 1417 130 63 de
367 1417 347 63 Margueritte.
649 1417 217 63 Paris,
801 1417 130 63 12
866 1417 325 63 décembre...
1126 1417 108 63 1
1169 1417 130 63 p.
1234 1417 195 63 in-8.
1364 1417 108 63 2
1386 1417 65 63 »

-3 1461 140 60 373
77 1461 339 60 Vernet
356 1461 259 60 (Horace),
556 1461 220 60 peintre
716 1461 120 60 de
775 1461 279 60 batailles.
995 1461 120 60 L.
1055 1461 160 60 aut.
1155 1461 180 60 sig.,
1274 1461 100 60 à
1314 1461 120 60 M.
1354 1461 100 60 Du

35 1508 306 70 chesne.
258 1508 167 70 13
341 1508 306 70 juillet
564 1508 250 70 1827.
731 1508 139 70 1
786 1508 167 70 p.
870 1508 250 70 in-8.
1037 1508 362 70 Curieuse.
1315 1508 139 70 4
1343 1508 111 70 50

-0 1552 145 69 374.
90 1552 362 69 Voltaire
398 1552 109 69 L.
453 1552 145 69 aut.
543 1552 380 69 (inédite),
869 1552 109 69 au
924 1552 217 69 libraire
1087 1552 217 69 Lambert.
1250 1552 145 69 Sans
1322 1552 127 69 date.

41 1606 101 54 4
81 1606 121 54 p.
142 1606 182 54 in-4.
263 1606 141 54 Les
344 1606 162 54 deux
445 1606 262 54 premières
646 1606 182 54 pages
768 1606 162 54 sont
869 1606 162 54 aut.
969 1606 121 54 et
1030 1606 262 54 relatives
1232 1606 101 54 à
1272 1606 141 54 des
1333 1606 121 54 cor-

46 1654 241 50 rections
227 1654 101 50 à
267 1654 181 50 faire
388 1654 101 50 à
428 1654 261 50 l’édition
629 1654 121 50 de
689 1654 221 50 Dresde,
850 1654 141 50 les
930 1654 121 50 3e
991 1654 121 50 et
1051 1654 121 50 4e
1111 1654 161 50 sont
1212 1654 241 50 remplies
1373 1654 80 50 de

42 1702 163 54 vers
144 1702 143 54 (de
225 1702 123 54 la
287 1702 163 54 main
389 1702 163 54 d’un
491 1702 306 54 secrétaire)
736 1702 102 54 à
777 1702 245 54 corriger
961 1702 184 54 aussi
1083 1702 163 54 dans
1185 1702 266 54 l’édition
1369 1702 82 54 de

42 1751 242 59 Dresde,
218 1751 176 59 avec
328 1751 286 59 plusieurs
548 1751 330 59 indications
812 1751 132 59 de
878 1751 132 59 la
944 1751 176 59 main
1054 1751 132 59 de
1120 1751 286 59 Voltaire.
1340 1751 132 59 20
1384 1751 66 59 »

-2 1797 151 60 375.
92 1797 339 60 Voltaire.
375 1797 207 60 Préface
526 1797 113 60 de
583 1797 113 60 la
639 1797 226 60 Henriade
809 1797 132 60 par
884 1797 113 60 le
941 1797 132 60 roy
1016 1797 113 60 de
1073 1797 264 60 Prusse
1280 1797 170 60 (ceci
1375 1797 75 60 de

42 1846 126 51 de
105 1846 126 51 la
168 1846 168 51 main
273 1846 126 51 de
336 1846 294 51 Voltaire).
567 1846 189 51 Copie
693 1846 168 51 pour
797 1846 126 51 le
860 1846 252 51 libraire
1049 1846 252 51 Lambert.
1238 1846 126 51 14
1301 1846 126 51 p.
1343 1846 105 51 pl.

44 1894 111 72 et
100 1894 167 72 quart
211 1894 167 72 in-4,
323 1894 148 72 avec
416 1894 111 72 un
471 1894 204 72 avis
620 1894 111 72 de
675 1894 334 72 l’éditeur
954 1894 93 72 1
991 1894 111 72 p.
1047 1894 167 72 in-8.
1158 1894 111 72 Il
1214 1894 93 72 y
1251 1894 93 72 a
1269 1894 186 72 dix

3 1937 603 57 lignes
425 1937 362 57 de
606 1937 724 57 biffées.
1148 1937 362 57 25
1269 1937 181 57 »

-3 1987 162 65 376.
98 1987 425 65 Wellington
463 1987 142 65 (le
544 1987 142 65 duc
625 1987 162 65 de).
726 1987 122 65 L.
787 1987 162 65 aut.
888 1987 182 65 sig.,
1009 1987 101 65 à
1050 1987 122 65 M.
1111 1987 243 65 Breguet.
1293 1987 122 65 29
1333 1987 122 65 sep-

15 2036 496 64 tembre
362 2036 446 64 1843.
660 2036 248 64 1
759 2036 297 64 p.
908 2036 446 64 in-8.
1205 2036 248 64 6
1255 2036 198 64 50

-7 2214 201 83 377.
119 2214 428 83 Carmélites
471 2214 151 83 de
546 2214 453 83 Sainte-Thérèse
924 2214 151 83 de
999 2214 327 83 Jésus
1226 2214 226 83 (Pièces

44 2277 297 70 originales,
282 2277 277 70 concernant
499 2277 178 70 les),
618 2277 158 70 leur
717 2277 336 70 établissement
994 2277 139 70 rue
1073 2277 119 70 du
1113 2277 336 70 Bouloir

46 2331 224 83 (proche
209 2331 122 83 le
270 2331 224 83 château
433 2331 122 83 du
494 2331 224 83 Louvre,
657 2331 163 83 sans
759 2331 183 83 doute
881 2331 122 83 la
942 2331 143 83 rue
1024 2331 245 83 actuelle
1207 2331 122 83 du
1248 2331 204 83 Bouloi),

44 2395 171 67 puis
151 2395 171 67 leur
258 2395 321 67 translation
514 2395 128 67 au
579 2395 257 67 faubourg
771 2395 385 67 Saint-Germain,
1071 2395 128 67 etc.

90 2426 126 80 1°
153 2426 188 80 Lett.
279 2426 251 80 patentes
467 2426 126 80 du
530 2426 168 80 roi,
634 2426 230 80 portant
802 2426 398 80 l’établissement
1137 2426 126 80 du
1200 2426 230 80 couvent
1346 2426 105 80 des

45 2490 320 71 Carmélites,
300 2490 149 71 rue
386 2490 128 71 du
450 2490 256 71 Bouloir,
641 2490 128 71 (à
705 2490 128 71 la
769 2490 234 71 demande
940 2490 128 71 de
1004 2490 128 71 la
1067 2490 192 71 reine
1195 2490 149 71 son
1259 2490 192 71 épouse,

45 2538 134 74 en
112 2538 290 74 l’honneur
335 2538 134 74 de
402 2538 134 74 sa
469 2538 357 74 bienheureuse
760 2538 290 74 patronne,
983 2538 156 74 Ste
1072 2538 268 74 Thérèse,
1273 2538 134 74 et
1318 2538 134 74 pour

45 2601 286 55 remercier
265 2601 176 55 Dieu
375 2601 132 55 de
440 2601 132 55 la
506 2601 286 55 naissance
726 2601 132 55 du
792 2601 373 55 Dauphin....).
1100 2601 220 55 Paris,
1231 2601 220 55 décembre

47 2652 191 68 1663.
174 2652 213 68 Grande
323 2652 234 68 feuille
493 2652 213 68 double
642 2652 234 68 in-fol.
812 2652 340 68 (Parchemin),
1089 2652 170 68 avec
1195 2652 191 68 grand
1301 2652 149 68 sceau

46 2705 127 73 en
109 2705 170 73 cire
194 2705 170 73 verte.
