1512 2924
89 133 124 106 2°
151 133 186 106 Lett.
275 133 247 106 patentes
460 133 124 106 du
522 133 165 106 roi,
625 133 124 106 de
687 133 144 106 don
770 133 124 106 et
832 133 268 106 francsalé
1038 133 165 106 pour
1141 133 144 106 les
1203 133 247 106 carmélites

44 217 120 70 de
104 217 120 70 la
164 217 140 70 rue
245 217 120 70 du
305 217 241 70 Bouloir.
485 217 301 70 Versailles,
726 217 221 70 octobre
886 217 181 70 1664.
1007 217 140 70 Gr.
1087 217 120 70 f.
1147 217 201 70 double
1267 217 181 70 in

41 271 283 79 (Parch.),
259 271 174 79 avec
367 271 196 79 grand
476 271 174 79 sceau.

91 315 119 85 3°
151 315 178 85 Lett.
269 315 237 85 patentes
447 315 119 85 du
506 315 158 85 roi,
605 315 316 85 confirmation
862 315 119 85 de
921 315 296 85 translation
1159 315 138 85 des
1218 315 237 85 carmélites

44 382 126 67 de
107 382 126 67 la
170 382 148 67 rue
255 382 126 67 du
318 382 253 67 Bouloir,
508 382 126 67 au
571 382 253 67 faubourg
761 382 316 67 St-Germain.
1013 382 379 67 Fontainebleau,
1308 382 148 67 octo-

45 434 146 71 bre
129 434 188 71 1688.
254 434 146 71 Gr.
337 434 229 71 feuille
504 434 208 71 double
650 434 229 71 in-fol.
816 434 271 71 (Parch.),
1025 434 167 71 avec
1129 434 188 71 grand
1233 434 167 71 sceau.

90 490 132 68 4°
156 490 198 68 Lett.
288 490 264 68 patentes
486 490 132 68 du
552 490 176 68 roi,
662 490 132 68 de
728 490 352 68 confirmation
1014 490 132 68 de
1080 490 220 68 quatre
1234 490 220 68 minots
1366 490 88 68 de

48 539 281 73 francsalé
265 539 173 73 pour
373 539 151 73 les
459 539 303 73 carmélites
697 539 130 73 du
762 539 260 73 faubourg
957 539 324 73 St-Germain.
1216 539 216 73 Paris,
1346 539 108 73 mai

47 591 185 87 1716.
171 591 144 87 Gr.
253 591 123 87 f.
315 591 205 87 double
458 591 226 87 in-fol.
623 591 267 87 (Parch.),
828 591 164 87 avec
931 591 185 87 grand
1034 591 164 87 sceau.

94 631 122 80 5°
155 631 184 80 Lett.
277 631 245 80 patentes
461 631 122 80 du
522 631 163 80 roi,
624 631 122 80 de
685 631 306 80 surannation
930 631 122 80 et
991 631 326 80 confirmation
1256 631 122 80 de
1297 631 163 80 trans-

48 695 220 86 lation
202 695 154 86 des
290 695 309 86 carmélites
533 695 132 86 de
599 695 132 86 la
665 695 154 86 rue
753 695 132 86 du
820 695 265 86 Bouloir,
1018 695 132 86 au
1084 695 265 86 faubourg
1261 695 198 86 St-

45 749 211 69 main.
185 749 422 69 Fontainebleau,
536 749 141 69 30
607 749 258 69 octobre
794 749 211 69 1734.
935 749 164 69 Gr.
1028 749 141 69 f.
1099 749 234 69 double
1239 749 211 69 in

45 810 275 76 (Parch.),
256 810 169 76 avec
341 810 169 76 sceau.

96 856 124 70 6°
158 856 186 70 Lett.
282 856 248 70 patentes
468 856 124 70 du
530 856 165 70 roi,
633 856 206 70 relief
778 856 268 70 d’adresse
984 856 124 70 et
1046 856 124 70 de
1108 856 310 70 surannation
1335 856 124 70 pour

51 912 156 67 les
140 912 246 67 prieure
319 912 134 67 et
386 912 335 67 religieuses
653 912 134 67 du
720 912 290 67 monastère
944 912 156 67 des
1033 912 335 67 Carmélites,
1301 912 156 67 rue
1368 912 89 67 de

50 963 276 64 Grenelle,
262 963 255 64 faubourg
454 963 319 64 St-Germain.
709 963 298 64 Compiègne,
943 963 128 64 15
1007 963 234 64 juillet
1177 963 191 64 1740.
1304 963 149 64 Gr.
1368 963 85 64 f.

51 1031 211 58 double
199 1031 233 58 in-fol.
368 1031 275 58 (Parch.),
579 1031 169 58 avec
685 1031 190 58 grand
791 1031 169 58 sceau.

98 1057 130 82 7°
163 1057 173 82 Plus
272 1057 173 82 cinq
380 1057 238 82 pièces,
553 1057 173 82 dont
661 1057 216 82 quatre
813 1057 152 82 sur
899 1057 325 82 parchemins,
1159 1057 303 82 d’extraits
1375 1057 87 82 de

54 1120 220 84 lettres
214 1120 260 84 patentes,
413 1120 220 84 arrêts,
553 1120 120 84 etc.

77 1175 420 84 Toutes
371 1175 294 84 ces
539 1175 420 84 pièces
832 1175 504 84 réunies.
1210 1175 294 84 200
1336 1175 126 84 »

41 1383 251 90 AVIS.
229 1383 104 90 —
271 1383 146 90 Par
354 1383 188 90 suite
480 1383 125 90 de
542 1383 251 90 quelques
730 1383 355 90 modifications
1023 1383 313 90 introduites
1252 1383 209 90 dans

8 1453 265 59 notre
207 1453 354 59 publication,
495 1453 155 59 les
583 1453 177 59 deux
694 1453 310 59 Catalogues
937 1453 376 59 d’autographes
1247 1453 133 59 et
1291 1453 177 59 de

9 1499 299 64 livres,
244 1499 278 64 jusque-là
458 1499 235 64 réunis,
629 1499 235 64 forment
800 1499 107 64 à
843 1499 214 64 partir
992 1499 128 64 du
1057 1499 235 64 présent
1206 1499 257 64 numéro

13 1539 192 53 deux
152 1539 192 53 parties
274 1539 296 53 distinetes.

41 1560 237 69 Pour
214 1560 259 69 recevoir
408 1560 194 69 franc
538 1560 130 69 de
603 1560 173 69 port
711 1560 130 69 la
775 1560 345 69 continuation
1056 1560 151 69 des
1121 1560 345 69 Catalogues

11 1630 431 44 d’autographes,
381 1630 287 44 s’adresser
606 1630 164 44 (par
709 1630 205 44 lettre
853 1630 308 44 affranchie)
1099 1630 103 44 à
1140 1630 123 44 M.
1201 1630 123 44 A.
1242 1630 226 44 LAVER

15 1665 222 57 DET,
176 1665 141 57 rue
257 1665 343 57 Saint-Lazare,
539 1665 141 57 24,
619 1665 121 57 et
680 1665 161 57 pour
781 1665 121 57 le
841 1665 262 57 Catalogue
1043 1665 121 57 de
1103 1665 202 57 livres
1244 1665 101 57 à
1264 1665 202 57 prix

13 1701 294 60 marqué,
244 1701 105 60 à
286 1701 126 60 M.
349 1701 126 60 A.
412 1701 231 60 POUPEL,
580 1701 273 60 libraire,
789 1701 168 60 quai
894 1701 147 60 des
978 1701 294 60 Augustins,
1188 1701 189 60 37.

45 1741 206 62 Les
190 1741 268 62 personnes
396 1741 165 62 qui,
499 1741 350 62 s'intéressant
787 1741 103 62 à
828 1741 124 62 la
890 1741 165 62 fois
993 1741 124 62 et
1055 1741 144 62 aux
1117 1741 350 62 autographes

15 1783 159 65 et
115 1783 139 65 aux
194 1783 219 65 livres,
353 1783 318 65 désireraient
611 1783 239 65 recevoir
790 1783 139 65 les
870 1783 159 65 deux
969 1783 298 65 Catalogues,
1188 1783 278 65 n’auront

12 1838 278 43 qu'une
225 1838 192 43 seule
354 1838 128 43 et
418 1838 171 43 même
525 1838 235 43 demande
696 1838 107 43 à
739 1838 214 43 faire,
889 1838 128 43 et
953 1838 257 43 pourront
1124 1838 342 43 s’adresser

10 1863 417 76 directement,
361 1863 175 76 soit
471 1863 110 76 à
514 1863 132 76 M.
580 1863 285 76 LAVERDET,
800 1863 175 76 soit
909 1863 110 76 à
953 1863 132 76 M.
997 1863 263 76 POUPEL

314 2063 193 80 SOUS
455 2063 193 80 PRESSE,
595 2063 140 80 POUR
683 2063 211 80 PARAITRE
823 2063 351 80 PROCHAINEMENT:

16 2160 444 75 C'orrespondance
399 2160 121 75 de
460 2160 222 75 Boileau
621 2160 121 75 et
682 2160 363 75 Brossette,
985 2160 161 75 avec
1086 2160 141 75 les
1166 2160 202 75 œuvres
1287 2160 182 75 supplé-

56 2219 268 51 mentaires.
266 2219 134 51 1re
343 2219 210 51 édition
496 2219 249 51 complète,
687 2219 115 51 en
744 2219 191 51 partie
878 2219 229 51 inédite,
1050 2219 210 51 publiée
1203 2219 134 51 sur
1280 2219 134 51 les
1337 2219 134 51 manu-

58 2258 191 60 scrits
192 2258 267 60 originaux,
402 2258 134 60 par
478 2258 115 60 A.
535 2258 248 60 LAVERDET.
726 2258 95 60 —
764 2258 115 60 Un
822 2258 191 60 volume
955 2258 172 60 in-8,
1070 2258 210 60 enrichi
1223 2258 115 60 de
1261 2258 210 60 plusieurs

41 2308 238 65 fac

60 2441 165 96 N.
170 2441 183 96 B
298 2441 110 96 M.
353 2441 220 96 LAVERDET
518 2441 128 96 est
592 2441 147 96 chez
683 2441 128 96 lui
757 2441 110 96 de
812 2441 92 96 1
848 2441 165 96 heure
958 2441 92 96 à
995 2441 110 96 4,
1050 2441 128 96 les
1124 2441 238 96 dimanches
1307 2441 110 96 et
1344 2441 128 96 fêtes

19 2519 241 78 exceptés,
205 2519 111 78 et
261 2519 111 78 du
316 2519 111 78 15
372 2519 167 78 avril
483 2519 111 78 au
539 2519 111 78 15
595 2519 223 78 octobre,
762 2519 130 78 les
836 2519 241 78 mercredis
1022 2519 111 78 et
1077 2519 204 78 samedis
1207 2519 223 78 seulement.

170 2734 193 78 Paris.
305 2734 97 78 —
344 2734 290 78 Typographie
575 2734 116 78 de
633 2734 213 78 Gaittet
788 2734 116 78 et
846 2734 155 78 Cie,
943 2734 135 78 rue
1020 2734 193 78 Git-le
1155 2734 174 78 Cœur,
1252 2734 77 78 7.
