1559 2909
477 81 529 149 CATALOGUE

51 235 231 100 DE
166 235 423 100 LETTRES
474 235 615 100 AUTOGRAPHES,
935 235 500 100 MANUSCRITS,

427 323 293 111 DOCUMENTS
665 323 293 111 HISTORIQUES,
885 323 202 111 ETC.

123 470 370 101 D'
354 470 509 101 AUGUSTE
678 470 694 101 LAVERDET,

345 589 161 87 A
437 589 230 87 Paris,
598 589 161 87 rue
690 589 391 87 Saint-Lazare,
989 589 184 87 24

541 785 205 71 Vente
695 785 85 71 à
712 785 273 71 l’amiable,

319 848 164 59 soit
422 848 144 59 par
504 848 308 59 l’insertion
750 848 164 59 dans
853 848 123 59 le
894 848 308 59 bulletin,

144 899 185 54 soit
268 899 144 54 aux
350 899 246 54 enchères
534 899 287 54 publiques,
760 899 123 54 de
822 899 308 54 Collections
1068 899 123 54 ou
1109 899 267 54 parties

321 947 157 54 de
419 947 294 54 Collections
654 947 118 54 de
713 947 216 54 Lettres
850 947 353 54 autographes,

472 993 312 63 Documents
705 993 351 63 historiques,

514 1033 334 61 Manuscrits,
789 1033 177 61 etc.,
887 1033 118 61 etc.

87 1086 262 59 Achats.
289 1086 101 59 —
329 1086 262 59 Échanges.
530 1086 101 59 —
571 1086 303 59 Expertises.
813 1086 101 59 —
853 1086 262 59 Rédaction
1055 1086 121 59 de
1095 1086 343 59 Catalogues.

369 1240 229 90 N°
521 1240 178 90 20.
623 1240 127 90 —
674 1240 305 90 NOVEMBRE
877 1240 280 90 1858.

49 1377 175 95 3590.
165 1377 311 95 Affre
418 1377 234 95 (Denis),
594 1377 273 95 archevêque
808 1377 117 95 de
866 1377 195 95 Paris,
1002 1377 136 95 tué
1080 1377 156 95 dans
1178 1377 136 95 les
1255 1377 234 95 journées
1411 1377 78 95 de

87 1449 181 60 juin
200 1449 203 60 1848.
336 1449 136 60 L.
404 1449 203 60 sig.,
539 1449 226 60 Paris,
697 1449 136 60 21
765 1449 248 60 février
946 1449 203 60 1842.
1081 1449 136 60 41
1149 1449 136 60 p.
1217 1449 248 60 in-fol.
1398 1449 113 60 2
1420 1449 68 60 »

48 1502 194 77 3591.
178 1502 301 77 Alfieri
414 1502 129 77 de
479 1502 344 77 Sostegno
759 1502 151 77 (le
845 1502 280 77 marquis),
1060 1502 323 77 ambassadeur
1319 1502 129 77 de
1362 1502 129 77 Sar

92 1546 217 90 daigne
244 1546 109 90 à
288 1546 217 90 Paris.
440 1546 130 90 L.
505 1546 174 90 aut.
614 1546 174 90 sig.
723 1546 217 90 Paris,
875 1546 109 90 9
919 1546 174 90 mars
1027 1546 196 90 1816.
1158 1546 109 90 1
1201 1546 130 90 p.
1267 1546 152 90 pl.
1332 1546 152 90 in

-13 1598 1377 51 Cachet.
988 1598 626 51 2
1113 1598 376 51 »

51 1625 175 103 3592.
167 1625 331 103 Aligre
440 1625 233 103 (Etienne
615 1625 156 103 d’),
712 1625 175 103 garde
829 1625 136 103 des
906 1625 214 103 sceaux,
1062 1625 272 103 chancelier
1276 1625 117 103 de
1315 1625 175 103 France,

91 1696 356 55 ambassadeur
376 1696 119 55 à
424 1696 261 55 Venise.
614 1696 237 55 Quitt.
780 1696 190 55 sig.
898 1696 190 55 (sur
1017 1696 285 55 paréh.),
1231 1696 214 55 1659.
1373 1696 119 55 1
1397 1696 95 55 50

52 1725 177 70 3593.
171 1725 355 70 Amboise
466 1725 237 70 (Jacques
644 1725 158 70 d’),
742 1725 177 70 sieur
860 1725 256 70 Danbiton.
1057 1725 197 70 Quitt.
1195 1725 158 70 sig.
1294 1725 158 70 (sur
1373 1725 118 70 par

93 1789 248 57 chemin)
274 1789 135 57 de
341 1789 135 57 la
409 1789 203 57 somme
544 1789 135 57 de
612 1789 158 57 400
702 1789 225 57 livres
860 1789 293 57 tournois,
1085 1789 203 57 reçue
1221 1789 135 57 du
1266 1789 225 57 receveur

93 1845 248 75 général
274 1845 158 75 des
364 1845 248 75 tailles
545 1845 135 75 au
613 1845 181 75 pays
725 1845 135 75 et
793 1845 203 75 duché
929 1845 135 75 de
996 1845 316 75 Normandie.
1245 1845 135 75 17
1290 1845 203 75 Janvier

28 1888 947 59 1521...
716 1888 430 59 .
1147 1888 430 59 2
1233 1888 258 59 »

51 1930 180 56 3594.
171 1930 360 56 Andigne
471 1930 140 56 (ie
551 1930 260 56 cnevalier
751 1930 140 56 d),
832 1930 220 56 général
992 1930 240 56 vendéen.
1172 1930 120 56 L.
1232 1930 160 56 aut.
1332 1930 180 56 sig.,
1432 1930 60 56 à

92 1973 133 61 M.
158 1973 133 61 le
225 1973 378 61 commandant...
536 1973 244 61 Angers,
714 1973 111 61 2
758 1973 244 61 février
936 1973 200 61 1818.
1069 1973 111 61 1
1113 1973 133 61 p.
1180 1973 155 61 pl.
1269 1973 200 61 in-4.
1402 1973 111 61 2
1424 1973 67 61 »

54 2027 171 69 3595.
168 2027 360 69 Andrezel
471 2027 341 69 (Jean-Baptiste
755 2027 322 69 Picon
1020 2027 208 69 marquis
1172 2027 152 69 d’),
1248 2027 246 69 ambassadeur

97 2079 103 56 à
139 2079 369 56 Constantinople
446 2079 123 56 en
508 2079 185 56 1724.
631 2079 123 56 1°
692 2079 123 56 L.
754 2079 164 56 sig.
856 2079 390 56 Constantinople,
1184 2079 123 56 11
1246 2079 185 56 avril
1348 2079 144 56 1725.

95 2124 100 57 4
135 2124 120 57 p.
195 2124 180 57 in-4.
315 2124 100 57 —
354 2124 120 57 2°
414 2124 180 57 Notes
534 2124 160 57 aut.
634 2124 180 57 sig.,
754 2124 120 57 en
813 2124 180 57 marge
933 2124 160 57 d’un
1033 2124 220 57 mémoire
1193 2124 100 57 à
1233 2124 140 57 lui
1292 2124 200 57 adressé.

18 2171 491 62 4
214 2171 589 62 p.
509 2171 884 62 in-4.
1098 2171 491 62 3
1196 2171 295 62 »

56 2208 177 78 3596.
174 2208 374 78 Argenson
489 2208 315 78 (Marc-Pierre
745 2208 177 78 Le
863 2208 177 78 Voyer
981 2208 118 78 de
1040 2208 295 78 Paulmy
1277 2208 177 78 comte
1375 2208 118 78 d’),

97 2265 459 61 lieutenant-général
493 2265 125 61 de
556 2265 229 61 police,
723 2265 250 61 ministre
910 2265 125 61 de
973 2265 125 61 la
1035 2265 229 61 guerre.
1202 2265 125 61 L.
1265 2265 167 61 aut.
1348 2265 146 61 sig.,

100 2313 98 64 à
140 2313 118 64 M.
198 2313 118 64 le
257 2313 216 64 marquis
414 2313 118 64 de
473 2313 196 64 Bissy.
610 2313 294 64 Versailles,
846 2313 98 64 5
885 2313 177 64 avril
1003 2313 177 64 1748.
1120 2313 98 64 1
1160 2313 118 64 p.
1218 2313 137 64 pl.
1297 2313 177 64 in-4.
1415 2313 98 64 5
1434 2313 59 64 »

142 2359 234 56 Ausujet
312 2359 382 56 d’arrangements
630 2359 255 56 relatifs
821 2359 106 56 à
864 2359 127 56 la
927 2359 212 56 maison
1076 2359 127 56 de
1118 2359 234 56 Bouillon.

54 2383 185 93 3597.
178 2383 350 93 Arnaud
466 2383 267 93 (l’abbé),
671 2383 247 93 chanoine
856 2383 123 93 et
918 2383 185 93 grand
1042 2383 247 93 chantre.
1227 2383 123 93 L.
1288 2383 165 93 aut.
1371 2383 123 93 sig.

93 2455 369 54 Châteaudun,
389 2455 123 54 6
438 2455 295 54 décembre
659 2455 221 54 1780.
807 2455 123 54 1
856 2455 148 54 p.
930 2455 172 54 pl.
1028 2455 221 54 in-4.
1176 2455 271 54 Cachet.
1373 2455 123 54 2
1398 2455 98 54 50

56 2476 188 86 3598.
181 2476 376 86 Baillet
495 2476 272 86 (Claude),
704 2476 251 86 seigneur
892 2476 125 86 de
955 2476 313 86 Vaugrenand,
1205 2476 272 86 président
1394 2476 104 86 aux

103 2558 257 74 enquêtes
295 2558 129 74 du
360 2558 278 74 Parlement
574 2558 129 74 de
638 2558 214 74 Paris.
788 2558 214 74 Quitt.
938 2558 171 74 sig.
1045 2558 171 74 (sur
1152 2558 257 74 parch.).
1324 2558 171 74 Paris,

46 2600 459 62 22
275 2600 612 62 mars
658 2600 689 62 1660.
1117 2600 383 62 1
1193 2600 306 62 50

60 2627 168 84 3599.
172 2627 318 84 Baluze
434 2627 262 84 (Étienne).
640 2627 112 84 Sa
696 2627 262 84 signature:
902 2627 299 84 Stephanus
1145 2627 224 84 Baluxius
1294 2627 206 84 Tute

107 2702 305 67 lensis
361 2702 102 67 au
412 2702 119 67 bas
480 2702 136 67 d’un
565 2702 153 67 titre
667 2702 187 67 détaché
803 2702 119 67 de:
870 2702 271 67 Cornelivs
1091 2702 221 67 Jansenivs
1244 2702 254 67 iprensis

84 2743 849 82 suspectus
812 2743 364 82 1650,
1054 2743 364 82 in-8.
1297 2743 202 82 1
1337 2743 162 82 50
