1544 2948
615 87 180 82 —
687 87 252 82 292
795 87 108 82 —

96 181 178 68 sig.:
215 181 357 68 Joseph
512 181 178 68 comme
631 181 139 68 roi
710 181 119 68 de
770 181 218 68 Naples,
928 181 119 68 et
988 181 317 68 contresignée
1245 181 139 68 par
1325 181 119 68 le
1364 181 119 68 mar-

94 239 171 62 quis
200 239 128 62 de
264 239 192 62 Gallo
392 239 171 62 (sur
499 239 235 62 parch.,
670 239 213 62 grande
819 239 235 62 feuille
990 239 213 62 double
1140 239 256 62 in-fol.,
1310 239 171 62 sceau,

88 285 390 59 très-belle
395 285 307 59 pièce).
618 285 335 59 Portici,
869 285 139 59 4
924 285 335 59 novembre
1175 285 251 59 1807.
1343 285 167 59 10
1398 285 84 59 »

139 335 224 59 Pleins
295 335 269 59 pouvoirs
497 335 224 59 donnés
654 335 134 59 au
721 335 246 59 général
900 335 202 59 Vial,
1035 335 336 59 ambassadeur
1304 335 179 59 près
1393 335 90 59 de

93 382 123 62 la
154 382 348 62 Confédération
440 382 225 62 suisse,
604 382 123 62 de
665 382 225 62 traiter
829 382 164 62 avec
931 382 123 62 le
992 382 266 62 landamann
1197 382 123 62 de
1258 382 123 62 la
1299 382 184 62 Suisse,

93 431 171 58 pour
200 431 128 58 le
264 431 235 58 passage
435 431 128 58 du
499 431 235 58 premier
670 431 257 58 régiment
863 431 214 58 suisse
1012 431 107 58 à
1055 431 150 58 son
1141 431 257 58 service,
1333 431 128 58 et
1376 431 107 58 les

91 482 262 62 articles
287 482 131 62 de
353 482 131 62 la
418 482 349 62 capitulation
702 482 196 62 qu’on
833 482 196 62 devra
964 482 393 62 réciproquement
1269 482 218 62 observer

92 525 106 58 à
134 525 234 58 l’égard
305 525 192 58 dudit
411 525 234 58 régiment.

47 560 170 68 3629.
161 560 322 68 Bonnac
425 560 284 68 (Jean-Louis
653 560 359 68 d'Usson
955 560 208 68 marquis
1107 560 151 68 de),
1201 560 284 68 ambassadeur
1409 560 76 68 de

90 624 221 51 France
245 624 221 51 auprès
400 624 133 51 de
466 624 243 51 Charles
643 624 177 51 XII,
754 624 177 51 puis
864 624 221 51 auprès
1019 624 133 51 de
1086 624 310 51 Stanislas,
1329 624 155 51 roi
1395 624 89 51 de

92 669 252 52 Pologne,
281 669 273 52 médiateur
491 669 126 52 de
554 669 126 52 la
617 669 210 52 Russie
764 669 126 52 et
828 669 126 52 de
891 669 126 52 la
954 669 210 52 Porte.
1101 669 126 52 L.
1164 669 189 52 sig.,
1269 669 210 52 Constan-

81 719 382 61 tinople,
368 719 159 61 3
432 719 350 61 octobre
686 719 287 61 1729,
878 719 159 61 2
941 719 191 61 p.
1037 719 223 61 pl.
1164 719 287 61 in-4.
1356 719 159 61 2
1387 719 96 61 »

138 769 231 62 Arrivée
306 769 126 62 de
369 769 126 62 M.
431 769 293 62 d’Andrezel
662 769 105 62 à
704 769 398 62 Constantinople,
1018 769 168 62 etc...

45 803 177 75 3630.
164 803 315 75 Bosc,
420 803 276 75 professeur
637 803 118 75 de
696 803 237 75 culture,
873 803 276 75 successeur
1090 803 118 75 de
1149 803 197 75 Thouin
1287 803 118 75 au
1326 803 158 75 Jardin

93 863 143 58 des
174 863 246 58 Plantes.
359 863 123 58 L.
420 863 164 58 aut.
523 863 184 58 sig.,
646 863 123 58 au
707 863 225 58 marquis
871 863 123 58 de
933 863 246 58 Lacazes.
1117 863 205 58 Paris,
1261 863 123 58 18
1302 863 184 58 février

63 910 440 55 1825.
356 910 244 55 2
454 910 342 55 gr.
649 910 293 55 p.
796 910 342 55 pl.
991 910 440 55 in-4.
1285 910 244 55 3
1333 910 147 55 »

137 959 135 65 Au
204 959 202 65 sujet
339 959 202 65 d’une
474 959 247 65 demande
653 959 135 65 de
721 959 247 65 graines
901 959 135 65 et
968 959 315 65 d’arbustes
1215 959 270 65 d’arbres
1395 959 90 65 de

65 1002 235 68 bruyère.

43 1052 206 62 3631.
180 1052 435 62 Boucher
547 1052 320 62 botaniste,
798 1052 229 62 membre
959 1052 137 62 de
1027 1052 343 62 l’Institut,
1302 1052 183 62 père
1393 1052 92 62 de

91 1104 225 68 Boucher
254 1104 123 68 de
316 1104 246 68 Perthes.
500 1104 123 68 L.
562 1104 164 68 aut.
664 1104 184 68 sig.,
787 1104 123 68 au
848 1104 225 68 citoyen
1012 1104 307 68 L’Héritier,
1237 1104 246 68 Abbeville,

89 1154 123 51 11
151 1154 205 51 nivôse
295 1154 123 51 an
356 1154 164 51 III.
459 1154 103 51 3
500 1154 144 51 gr.
582 1154 123 51 p.
643 1154 144 51 pl.
725 1154 185 51 in-4.
848 1154 226 51 Cachet.
1012 1154 349 51 Scientifique.
1279 1154 205 51 Intéres-

25 1199 858 58 sante.
626 1199 429 58 S
798 1199 515 58 r.
1055 1199 429 58 2
1141 1199 343 58 50

46 1244 160 57 3632.
153 1244 337 57 Bouilly,
437 1244 266 57 littérateur
650 1244 107 57 et
703 1244 178 57 auteur
827 1244 266 57 dramatique,
1040 1244 178 57 auteur
1165 1244 124 57 des
1218 1244 266 57 Contes

94 1288 154 60 à
190 1288 116 60 ma
248 1288 270 60 fille
461 1288 154 60 etc.
557 1288 116 60 L.
615 1288 154 60 aut.
712 1288 174 60 sig.,
827 1288 97 60 à
866 1288 135 60 MM.
943 1288 135 60 les
1021 1288 290 60 sociétaires
1252 1288 116 60 de
1291 1288 193 60 l’Opéra-

85 1345 329 48 Comique.
332 1345 274 48 Paris,
524 1345 165 48 10
606 1345 247 48 sept.
771 1345 247 48 1818.
935 1345 165 48 2.
1018 1345 165 48 p.
1100 1345 192 48 pl.
1210 1345 247 48 in-4.
1374 1345 137 48 5
1402 1345 82 48 »

143 1392 191 61 Lettre
277 1392 306 61 intéressante
526 1392 115 61 au
583 1392 172 61 sujet
698 1392 115 61 de
755 1392 115 61 la
813 1392 249 61 partition
1004 1392 211 61 entière
1158 1392 115 61 de
1196 1392 287 61 Valen

97 1433 212 67 tine
251 1433 116 67 de
309 1433 270 67 Milan
521 1433 212 67 ouvrage
675 1433 116 67 en
733 1433 173 67 trois
848 1433 193 67 actes,
983 1433 135 67 que
1060 1433 135 67 Mme
1137 1433 173 67 veuve
1253 1433 173 67 Méhul
1368 1433 135 67 lui
1426 1433 58 67 a

91 1499 232 51 confiée
259 1499 126 51 en
322 1499 253 51 quittant
512 1499 210 51 Paris.
659 1499 189 51 Cette
785 1499 274 51 partition
996 1499 189 51 était
1122 1499 253 51 regardée
1312 1499 147 51 par
1375 1499 105 51 son

92 1538 228 60 auteur
252 1538 205 60 comme
388 1538 205 60 l’une
525 1538 137 60 de
593 1538 159 60 ses
684 1538 296 60 meilleurs
911 1538 364 60 productions;
1207 1538 137 60 et
1275 1538 182 60 dans
1366 1538 114 60 ses

92 1582 261 54 derniers
288 1582 239 54 moments
461 1582 130 54 il
527 1582 130 54 en
592 1582 239 54 parlait
765 1582 239 54 souvent
939 1582 109 54 à
983 1582 152 54 ses
1069 1582 195 54 amis,
1200 1582 130 54 la
1243 1582 239 54 recomman-

94 1630 156 53 dait
192 1630 98 53 à
231 1630 137 53 ses
290 1630 234 53 élèves....

47 1675 170 66 3633.
161 1675 321 66 Boulay
425 1675 189 66 député
558 1675 113 66 de
614 1675 113 66 la
671 1675 359 66 Meurthe
974 1675 132 66 aux
1049 1675 284 66 Cinq-Cents,
1257 1675 227 66 conseiller

95 1727 234 58 d’Etat.
265 1727 128 58 L.
329 1727 171 58 aut.
436 1727 192 58 sig.,
564 1727 107 58 à
606 1727 128 58 M.
670 1727 128 58 le
734 1727 320 58 sous-préfet
990 1727 128 58 de
1054 1727 426 58 l’arrondissement
1395 1727 85 58 de

91 1781 288 69 Corbeil.
307 1781 240 69 Paris,
474 1781 120 69 5
522 1781 312 69 septembre
762 1781 216 69 1809.
906 1781 120 69 2
954 1781 168 69 gr.
1050 1781 144 69 p.
1122 1781 168 69 pl.
1217 1781 216 69 in-4.
1361 1781 120 69 2
1385 1781 96 69 50

139 1823 261 58 Relative
335 1823 152 58 aux
422 1823 261 58 bruyères
617 1823 196 58 dites
748 1823 130 58 de
791 1823 152 58 Sucy.

50 1870 163 61 3634.
159 1870 308 61 Boulay
412 1870 109 61 de
466 1870 109 61 la
521 1870 326 61 Meurthe
792 1870 163 61 (H.),
901 1870 326 61 vice-président
1172 1870 109 61 de
1227 1870 109 61 la
1263 1870 217 61 République

95 1918 134 50 de
162 1918 201 50 1848.
296 1918 179 50 Mort
408 1918 134 50 le
475 1918 134 50 25
542 1918 268 50 novembre
743 1918 201 50 1858.
877 1918 134 50 L.
944 1918 179 50 aut.
1056 1918 201 50 sig.,
1190 1918 112 50 à
1235 1918 134 50 M.
1280 1918 201 50 Gilles-

93 1968 238 66 Gibert.
267 1968 217 66 Paris,
418 1968 130 66 25
483 1968 238 66 juillet
656 1968 195 66 1839.
786 1968 108 66 2
829 1968 152 66 gr.
916 1968 130 66 p.
981 1968 152 66 pl.
1068 1968 130 66 et
1133 1968 195 66 quart
1262 1968 195 66 in-4.
1392 1968 108 66 3
1414 1968 65 66 »

138 2015 126 53 Au
201 2015 189 53 sujet
327 2015 126 53 de
390 2015 273 53 l’intérêt
600 2015 147 53 que
684 2015 147 53 lui
768 2015 231 53 inspire
935 2015 147 53 son
1019 2015 210 53 projet
1166 2015 315 53 d’éducation
1397 2015 84 53 et

95 2051 340 61 d’instruction
355 2051 200 61 sociale.

43 2101 200 93 3635.
176 2101 421 93 Bourmont
531 2101 155 93 (le
619 2101 266 93 général,
819 2101 200 93 comte
952 2101 177 93 de),
1063 2101 310 93 commandant
1307 2101 133 93 en
1351 2101 133 93 chef

93 2159 341 61 l’expédition
370 2159 213 61 contre
519 2159 213 61 Alger.
668 2159 128 61 L.
732 2159 171 61 aut.
839 2159 192 61 sig.,
967 2159 107 61 à
1009 2159 128 61 M.
1073 2159 213 61 Cottu,
1222 2159 107 61 à
1244 2159 234 61 Lausanne.

80 2206 375 47 Genève,
353 2206 205 47 27
455 2206 239 47 mai
591 2206 307 47 1833.
796 2206 205 47 1.
898 2206 205 47 p.
1001 2206 239 47 pl.
1137 2206 307 47 in-4.
1342 2206 171 47 3
1376 2206 102 47 »

47 2249 182 68 3636.
168 2249 343 68 Boyer,
450 2249 262 68 président
652 2249 101 68 à
692 2249 121 68 la
753 2249 161 68 Cour
854 2249 121 68 de
914 2249 282 68 cassation.
1136 2249 121 68 L.
1197 2249 161 68 aut.
1297 2249 182 68 sig.,
1398 2249 81 68 au

93 2308 235 54 prince
257 2308 211 54 Louis
398 2308 329 54 Bonaparte,
656 2308 211 54 grand
796 2308 329 54 connétable
1055 2308 141 54 de
1125 2308 258 54 France.
1289 2308 188 54 Paris,

84 2358 182 52 12
175 2358 363 52 brumaire
447 2358 182 52 an
538 2358 273 52 XIII.
720 2358 151 52 3
780 2358 212 52 gr.
902 2358 182 52 p.
992 2358 212 52 pl.
1114 2358 333 52 in-fol,
1356 2358 151 52 3
1386 2358 91 52 »

141 2397 116 57 Il
199 2397 272 57 désirerait
412 2397 136 57 que
490 2397 116 57 S.
548 2397 116 57 A.
606 2397 116 57 I.
664 2397 194 57 voulut
800 2397 155 57 bien
897 2397 116 57 se
955 2397 272 57 l’attacher
1169 2397 155 57 pour
1246 2397 233 57 surveiller

95 2432 138 84 ses
174 2432 177 84 biens
292 2432 118 84 et
351 2432 138 84 ses
410 2432 217 84 affaires.

46 2487 176 72 3637.
164 2487 313 72 Bras,
418 2487 274 72 botaniste,
633 2487 391 72 docteur-médecin,
966 2487 98 72 à
1005 2487 313 72 Villefranche
1239 2487 235 72 (Ayeyron).

93 2543 122 48 1°
154 2543 122 48 L.
215 2543 163 48 aut.
316 2543 183 48 sig.,
438 2543 102 48 à
479 2543 122 48 M.
540 2543 366 48 Moquin-Tandon.
845 2543 346 48 Villefranche,
1130 2543 122 48 31
1191 2543 224 48 juillet
1334 2543 142 48 1839.

92 2588 102 63 2
132 2588 122 63 p.
193 2588 143 63 pl.
275 2588 183 63 in-4.
397 2588 346 63 Scientifique.
682 2588 102 63 —
723 2588 122 63 2°
784 2588 183 63 Notes
907 2588 163 63 aut.
1008 2588 122 63 de
1070 2588 224 63 plantes
1233 2588 122 63 et
1294 2588 143 63 des
1355 2588 122 63 œufs

94 2646 122 59 de
155 2646 203 59 l’abbé
297 2646 264 59 Carrière.
501 2646 102 59 5
541 2646 142 59 mai
623 2646 183 59 1839.
745 2646 325 59 Carcassonne,
1009 2646 264 59 Narbonne,
1213 2646 203 59 Cette,
1335 2646 142 59 etc.,

84 2681 167 58 le
168 2681 223 58 long
307 2681 167 58 de
390 2681 167 58 la
474 2681 278 58 route.
669 2681 139 58 3
724 2681 195 58 gr.
836 2681 195 58 pl.
947 2681 167 58 et
1031 2681 251 58 demie
1198 2681 251 58 in-4.
1365 2681 139 58 5
1392 2681 84 58 »

46 2729 174 72 3638.
162 2729 348 72 Brotier
452 2729 271 72 (Gabriel),
664 2729 193 72 savant
799 2729 232 72 jésuite,
973 2729 348 72 bibliothécaire
1263 2729 116 72 du
1302 2729 174 72 collège

89 2784 432 66 Louis-le-Grand.
453 2784 136 66 L.
521 2784 204 66 aut.,
657 2784 114 66 à
703 2784 136 66 M.
771 2784 136 66 de
839 2784 136 66 la
907 2784 204 66 Tour,
1043 2784 318 66 secrétaire
1293 2784 136 66 du
1339 2784 136 66 roi,
