1539 2951
634 73 173 91 —
669 73 173 91 294

111 158 120 86 du
171 158 180 86 génie
291 158 100 86 à
331 158 220 86 l’armée
491 158 260 86 d’Italie.
691 158 120 86 L.
751 158 160 86 aut.
851 158 180 86 sig.,
971 158 120 86 au
1031 158 240 86 ministre
1211 158 120 86 de
1271 158 120 86 la
1311 158 180 86 guerre.

109 235 252 63 Véronne,
298 235 126 63 12
361 235 273 63 thermidor
571 235 126 63 an
634 235 126 63 V.
697 235 105 63 2
739 235 126 63 p.
802 235 147 63 pl.
886 235 231 63 in-fol.
1054 235 168 63 Tête
1159 235 189 63 impr.
1264 235 231 63 Vignette.

27 271 1363 69 Curieuse.
1076 271 524 69 3
1180 271 315 69 »

67 317 169 65 3652.
180 317 264 65 Chasses
387 317 113 65 du
444 317 226 65 roi
613 317 245 65 Routes
801 317 132 65 des
877 317 207 65 chasses
1027 317 132 65 des
1103 317 226 65 environs
1272 317 113 65 de
1310 317 188 65 Ver

113 372 337 67 sailles
397 372 195 67 Mémoire
539 372 106 67 et
592 372 230 67 Réglement
769 372 142 67 avec
858 372 142 67 huit
946 372 142 67 fois
1035 372 106 67 le
1088 372 124 67 mot
1159 372 337 67 approuvé
1425 372 71 67 de

110 427 139 62 la
179 427 185 62 main
295 427 139 62 de
364 427 208 62 Louis
503 427 185 62 XVI,
618 427 139 62 20
687 427 254 62 grandes
872 427 208 62 pages
1011 427 254 62 pleines
1196 427 139 62 et
1265 427 208 62 quart
1380 427 116 62 in-

-20 464 1213 65 fol.
739 464 910 65 20
1042 464 455 65 »

65 511 198 71 3653.
197 511 440 71 Chauvelin
571 511 396 71 (Germain-Louis
902 511 176 71 de),
1012 511 264 71 seigneur
1210 511 132 71 de
1254 511 242 71 Grosbois,

112 582 186 51 garde
236 582 144 51 des
319 582 227 51 sceaux.
484 582 124 51 L.
545 582 186 51 aut.,
669 582 103 51 à
710 582 144 51 son
793 582 206 51 frère,
937 582 124 51 19
999 582 247 51 décembre
1185 582 186 51 1734.
1308 582 103 51 1
1350 582 124 51 p.
1391 582 103 51 pl.

63 614 430 61 un
278 614 646 61 quart
709 614 646 61 in-4.
1139 614 359 61 3
1211 614 287 61 50

65 651 182 68 3654.
186 651 363 68 Chérin
488 651 323 68 généalogiste
751 651 141 68 des
831 651 202 68 Ordres
973 651 121 68 du
1033 651 161 68 roi.
1134 651 121 68 L.
1194 651 121 68 a.
1255 651 141 68 s.,
1336 651 101 68 à
1376 651 121 68 M.
1416 651 81 68 de

111 708 346 73 Malesherbes.
393 708 216 73 Paris,
544 708 130 73 12
609 708 173 73 mars
717 708 195 73 1776.
847 708 108 73 1
890 708 130 73 p.
955 708 151 73 pl.
1042 708 195 73 in-4.
1171 708 281 73 Curieuse.
1388 708 108 73 3
1409 708 87 73 50

161 760 134 58 Il
228 760 111 58 y
272 760 111 58 a
317 760 134 58 en
383 760 178 58 tête
495 760 134 58 de
562 760 134 58 la
628 760 178 58 main
740 760 134 58 de
807 760 134 58 M.
873 760 134 58 de
940 760 356 58 Malesherbes:
1230 760 267 58 «Réponse
1408 760 89 58 de

115 804 149 47 «M.
200 804 213 47 Chérin
349 804 149 47 sur
434 804 149 47 les
519 804 234 47 dangers
689 804 149 47 des
774 804 234 47 brevets
944 804 128 47 de
1008 804 362 47 généalogistes
1306 804 128 47 du
1348 804 149 47 roy.»

69 851 186 53 3655.
193 851 413 53 Chevalier
545 851 269 53 (Michel),
751 851 413 53 saint-simonnien,
1102 851 289 53 ingénieur.
1330 851 124 53 L.
1371 851 124 53 aut.

116 910 156 56 sig.
213 910 195 56 Paris,
350 910 98 56 2
389 910 156 56 août
486 910 176 56 1836.
603 910 98 56 1
642 910 137 56 gr.
720 910 117 56 p.
779 910 137 56 pl.
857 910 176 56 in-4.
974 910 195 56 (Plus,
1110 910 273 56 circulaire
1325 910 156 56 (11e
1403 910 98 56 im-

114 943 249 73 primée)
296 943 136 73 de
364 943 136 73 la
432 943 272 73 religion
636 943 499 73 saint-simonnienne.
1066 943 136 73 12
1134 943 181 73 mars
1248 943 204 73 1832.
1384 943 113 73 1
1406 943 91 73 p.

13 994 1237 61 in-4.)
879 994 619 61 2
1003 994 495 61 50

66 1036 208 70 3656.
205 1036 624 70 Choiseul-Beaupré
759 1036 462 70 (Gabriel-Florent
1152 1036 185 70 de),
1268 1036 231 70 évêque
1407 1036 92 70 de

116 1091 349 55 Saint-Papoul,
404 1091 164 55 puis
507 1091 123 55 de
568 1091 205 55 Mende.
712 1091 123 55 L.
773 1091 164 55 aut.
876 1091 185 55 sig.,
999 1091 103 55 à
1040 1091 164 55 M...
1143 1091 246 55 Mercredi
1307 1091 144 55 soir.

94 1146 219 51 3
182 1146 307 51 gr.
357 1146 263 51 p.
488 1146 307 51 pl.
664 1146 263 51 et
795 1146 394 51 quart
1058 1146 394 51 in-4.
1321 1146 219 51 3
1365 1146 131 51 »

67 1181 195 71 3657.
197 1181 434 71 Choiseul
566 1181 130 71 L.
631 1181 173 71 aut.
739 1181 195 71 sig.,
869 1181 130 71 au
934 1181 152 71 duc
1021 1181 130 71 de
1086 1181 325 71 Penthièvre.
1325 1181 173 71 Turin,

117 1231 127 63 12
180 1231 233 63 janvier
350 1231 191 63 1784.
478 1231 106 63 1
520 1231 127 63 p.
584 1231 191 63 in-4.
711 1231 127 63 La
775 1231 212 63 minute
923 1231 127 63 dé
987 1231 127 63 la
1050 1231 233 63 réponse
1220 1231 149 63 est
1305 1231 127 63 en
1347 1231 149 63 tête,

106 1283 265 55 avec
272 1283 232 55 les
404 1283 431 55 initiales
736 1283 199 55 de
835 1283 199 55 la
935 1283 265 55 main
1100 1283 199 55 du
1200 1283 265 55 duc.
1365 1283 166 55 3
1399 1283 99 55 »

164 1329 125 67 Il
227 1329 104 67 a
268 1329 187 67 remis
393 1329 146 67 ses
477 1329 229 67 lettres
643 1329 125 67 et
706 1329 208 67 celles
851 1329 125 67 de
914 1329 208 67 madame
1060 1329 125 67 la
1122 1329 271 67 princesse
1330 1329 125 67 de
1372 1329 125 67 Lam-

115 1380 192 64 balle
243 1380 107 64 à
285 1380 192 64 Leurs
413 1380 256 64 Majestés
606 1380 235 64 Sardes.
755 1380 64 64 .

69 1432 192 55 3658.
197 1432 512 55 Clairambault
644 1432 341 55 généalogiste
921 1432 149 55 des
1007 1432 213 55 Ordres
1156 1432 128 55 du
1220 1432 171 55 roi.
1326 1432 128 55 L.
1369 1432 128 55 aut.

116 1471 198 59 sig.,
248 1471 110 59 à
292 1471 132 59 M.
358 1471 132 59 le
423 1471 241 59 général
599 1471 198 59 comte
731 1471 132 59 de
797 1471 220 59 Revel,
950 1471 110 59 à
994 1471 263 59 Crémone.
1192 1471 220 59 Paris,
1345 1471 132 59 20
1389 1471 110 59 fé-

97 1528 360 70 vrier
337 1528 360 70 1702.
577 1528 200 70 3
657 1528 240 70 p.
777 1528 360 70 in-4.
1016 1528 440 70 Cachet.
1336 1528 200 70 3
1376 1528 120 70 »

164 1571 127 63 Au
227 1571 191 63 sujet
355 1571 148 63 des
439 1571 233 63 preuves
609 1571 191 63 qu’il
736 1571 170 63 doit
842 1571 233 63 fournir
1012 1571 170 63 pour
1118 1571 233 63 l’ordre
1287 1571 127 63 du
1329 1571 170 63 Saint

98 1614 189 76 Esprit.

68 1651 204 80 3659.
204 1651 318 80 Cocarde
454 1651 340 80 blanche
726 1651 227 80 portée
885 1651 159 80 par
976 1651 136 80 un
1044 1651 227 80 acteur
1203 1651 182 80 dans
1316 1651 159 80 une
1385 1651 113 80 co

117 1713 191 59 médie
244 1713 149 59 qui
329 1713 106 59 a
372 1713 149 59 été
457 1713 191 59 jouée
584 1713 106 59 à
627 1713 298 59 Porentruy.
861 1713 191 59 Pièce
988 1713 213 59 signée
1137 1713 191 59 (pour
1264 1713 191 59 copie
1371 1713 128 59 con-

118 1772 191 43 forme
245 1772 170 43 d’un
352 1772 234 43 rapport
522 1772 298 43 militaire)
755 1772 149 43 par
840 1772 128 43 le
904 1772 234 43 général
1074 1772 191 43 Alex.
1202 1772 213 43 Dumas.
1329 1772 170 43 Saint-

114 1808 399 53 Hlippolyte,
434 1808 160 53 le
514 1808 160 53 14
594 1808 320 53 pluviôse
833 1808 160 53 an
913 1808 186 53 IV.
1020 1808 133 53 1
1073 1808 160 53 p.
1153 1808 293 53 in-fol.
1366 1808 133 53 2
1392 1808 107 53 50

71 1858 189 78 3660.
197 1858 377 78 Cochin,
511 1858 231 78 député,
679 1858 272 78 fondafeur
888 1858 105 78 à
930 1858 189 78 Paris
1056 1858 126 78 de
1119 1858 126 78 la
1182 1858 251 78 première
1349 1858 147 78 salle

111 1902 308 59 d’asile.
342 1902 154 59 L.
419 1902 205 59 aut.
548 1902 205 59 sig.
676 1902 128 59 8
727 1902 282 59 juillet
932 1902 231 59 1841.
1086 1902 128 59 1
1138 1902 154 59 p.
1215 1902 231 59 in-8.
1369 1902 128 59 1
1394 1902 103 59 50

67 1949 195 56 3661.
197 1949 390 56 Colbert
522 1949 584 56 (Jean-Baptiste-Michel),
1041 1949 216 56 évêque
1193 1949 130 56 de
1236 1949 260 56 Montauban,

109 1997 284 65 Quitt.
307 1997 227 65 sig.
449 1997 227 65 (sur
591 1997 425 65 parchemin).
931 1997 198 65 1er
1044 1997 227 65 juin
1186 1997 255 65 1678.
1356 1997 142 65 1
1385 1997 113 65 50

69 2042 186 69 3662.
193 2042 372 69 Comynge
504 2042 248 69 (Bernart
690 2042 124 69 de
752 2042 186 69 Béarn
876 2042 166 69 de),
980 2042 290 69 conseiller
1207 2042 124 69 et
1249 2042 248 69 chambellan

114 2094 134 53 du
181 2094 178 53 roi,
292 2094 223 53 maître
448 2094 156 53 des
538 2094 201 53 ports
671 2094 134 53 et
738 2094 268 53 passages
939 2094 134 53 et
1006 2094 379 53 sénéchaussées
1319 2094 134 53 de
1363 2094 134 53 Tou-

116 2142 188 65 louse
242 2142 126 65 et
305 2142 126 65 de
367 2142 293 65 Bigorre...
598 2142 272 65 Quittance
807 2142 168 65 sig.
912 2142 168 65 (sur
1016 2142 314 65 parchemin).
1268 2142 126 65 26
1310 2142 188 65 janvier

-17 2193 1364 60 1472.
893 2193 758 60 2
1044 2193 455 60 »

68 2239 179 59 3663.
187 2239 318 59 Condé
445 2239 199 59 (Henri
584 2239 119 59 de
644 2239 238 59 Bourbon,
823 2239 199 59 prince
962 2239 159 59 de).
1061 2239 199 59 Quitt.
1200 2239 159 59 sig.
1299 2239 159 59 (sur
1379 2239 119 59 par

111 2283 273 63 chemin),
316 2283 136 63 de
384 2283 136 63 la
452 2283 205 63 somme
589 2283 136 63 de
657 2283 227 63 75,000
816 2283 227 63 livres
975 2283 250 63 restant
1157 2283 136 63 de
1225 2283 136 63 la
1293 2283 205 63 somme
1407 2283 91 63 de

114 2339 234 59 150,000
284 2339 213 59 livres
433 2339 170 59 dont
539 2339 128 59 le
603 2339 149 59 feu
688 2339 149 59 roi
773 2339 234 59 dernier
943 2339 234 59 décédé,
1113 2339 149 59 que
1198 2339 170 59 Dieu
1283 2339 213 59 absolve,

112 2383 149 56 lui
197 2383 213 56 aurait
346 2383 170 56 fait
452 2383 149 56 don
537 2383 128 56 en
601 2383 213 56 faveur
750 2383 128 56 de
814 2383 149 56 son
899 2383 234 56 mariage
1069 2383 128 56 ..
1132 2383 128 56 31
1196 2383 234 56 juillet
1345 2383 149 56 1610,

65 2432 818 50 Curieuse
679 2432 682 50 pièce.
1156 2432 409 50 10
1292 2432 205 50 »

66 2478 192 63 3664.
194 2478 341 63 Condé
471 2478 213 63 (Henri
620 2478 128 63 II
684 2478 128 63 de
748 2478 256 63 Bourbon,
940 2478 213 63 prince
1090 2478 171 63 de),
1196 2478 171 63 père
1303 2478 128 63 du
1346 2478 149 63 grand

113 2525 219 49 Condé.
266 2525 131 49 L.
332 2525 175 49 aut.
441 2525 197 49 sig.,
573 2525 109 49 à
617 2525 153 49 son
704 2525 285 49 cousin...
923 2525 131 49 Ce
989 2525 197 49 jeudi
1120 2525 109 49 à
1164 2525 175 49 huit
1251 2525 241 49 heures...

113 2573 102 71 1
153 2573 122 71 p.
214 2573 183 71 in-4.
336 2573 346 71 (Raccommodée,
621 2573 264 71 déchirure
825 2573 102 71 à
865 2573 122 71 la
926 2573 142 71 fin
1008 2573 122 71 de
1069 2573 122 71 la
1130 2573 142 71 1re
1211 2573 224 71 ligne).
1374 2573 122 71 7.
1415 2573 81 71 50

163 2624 122 52 Le
224 2624 143 52 roi
305 2624 184 52 dort,
428 2624 122 52 et
489 2624 163 52 tous
591 2624 143 52 les
673 2624 204 52 ordres
815 2624 286 52 militaires
1040 2624 163 52 sont
1121 2624 184 52 donnés.

68 2657 178 67 3665.
187 2657 317 67 Condé
445 2657 317 67 (Louis-Henri
703 2657 119 67 de
762 2657 238 67 Bourbon,
941 2657 198 67 prince
1080 2657 159 67 de).
1179 2657 119 67 L.
1238 2657 159 67 aut.
1337 2657 178 67 sig.,
1437 2657 59 67 à

117 2720 151 58 son
204 2720 323 58 Eminence...
462 2720 301 58 Chantilly,
699 2720 108 58 2
742 2720 172 58 mars
849 2720 237 58 (1727).
1021 2720 108 58 1
1065 2720 129 58 p.
1129 2720 194 58 in-4.
1258 2720 237 58 (Rognée
1409 2720 86 58 en

92 2762 374 75 tête
326 2762 374 75 près
560 2762 281 75 de
700 2762 748 75 l’écriture).
1308 2762 234 75 3
1355 2762 140 75 »
