<?xml version='1.0' encoding='UTF8'?>
<alto xmlns:xsi="http://www.w3.org/2001/XMLSchema-instance" xmlns="http://www.loc.gov/standards/alto/ns-v2#" xmlns:page="http://schema.primaresearch.org/PAGE/gts/pagecontent/2013-07-15" xsi:schemaLocation="http://www.loc.gov/standards/alto/ns-v2# http://www.loc.gov/standards/alto/alto.xsd">
  <Description>
    <MeasurementUnit>mm10</MeasurementUnit>
    <sourceImageInformation>
         <fileName>323.jpg</fileName>
      </sourceImageInformation>
    <OCRProcessing ID="IdOcr">
      <ocrProcessingStep>
        <processingDateTime>2020-10-13T13:54:00.444+02:00</processingDateTime>
        <processingSoftware>
               <softwareCreator>CONTRIBUTORS</softwareCreator>
               <softwareName>pdfalto</softwareName>
               <softwareVersion>0.1</softwareVersion>
            </processingSoftware>
      </ocrProcessingStep>
    </OCRProcessing>
  </Description>
  <Styles>
   <TextStyle ID="FONT0" FONTFAMILY="unknown" FONTSIZE="unknown" FONTSTYLE=""/>
   <TextStyle ID="FONT1" FONTFAMILY="unknown" FONTSIZE="unknown" FONTSTYLE="bold"/>
   <TextStyle ID="FONT2" FONTFAMILY="unknown" FONTSIZE="unknown" FONTSTYLE="italics"/>
  </Styles>
  <Tags/>
  <Layout>
    <Page ID="Page1" PHYSICAL_IMG_NR="1" HEIGHT="2947" WIDTH="1609">
      <PrintSpace HEIGHT="2738" WIDTH="1418" VPOS="47" HPOS="78">
        <TextBlock ID="r_1_1" HEIGHT="41" WIDTH="159" VPOS="54" HPOS="669">
          <TextLine ID="tl_1" BASELINE="117" HEIGHT="85" WIDTH="179" VPOS="32" HPOS="660">
            <String HEIGHT="85" WIDTH="179" VPOS="32" HPOS="624" CONTENT="—" ID="tl_1_1" STYLEREFS="FONT0"/>
            <SP HEIGHT="85" WIDTH="36" VPOS="32" HPOS="803"/>
            <String HEIGHT="85" WIDTH="179" VPOS="32" HPOS="660" CONTENT="295" ID="tl_1_2" STYLEREFS="FONT0"/>
          </TextLine>
        </TextBlock>
        <TextBlock ID="r_2_1" HEIGHT="194" WIDTH="1402" VPOS="139" HPOS="87">
          <TextLine ID="tl_2" BASELINE="200" HEIGHT="70" WIDTH="1414" VPOS="130" HPOS="78">
            <String HEIGHT="70" WIDTH="151" VPOS="130" HPOS="59" CONTENT="3665" ID="tl_2_1" STYLEREFS="FONT0"/>
            <SP HEIGHT="70" WIDTH="19" VPOS="130" HPOS="210"/>
            <String HEIGHT="70" WIDTH="283" VPOS="130" HPOS="153" CONTENT="bis" ID="tl_2_2" STYLEREFS="FONT2"/>
            <SP HEIGHT="70" WIDTH="19" VPOS="130" HPOS="436"/>
            <String HEIGHT="70" WIDTH="377" VPOS="130" HPOS="380" CONTENT="Condillac" ID="tl_2_3" STYLEREFS="FONT1"/>
            <SP HEIGHT="70" WIDTH="19" VPOS="130" HPOS="757"/>
            <String HEIGHT="70" WIDTH="207" VPOS="130" HPOS="700" CONTENT="(l’abbé" ID="tl_2_4" STYLEREFS="FONT0"/>
            <SP HEIGHT="70" WIDTH="19" VPOS="130" HPOS="908"/>
            <String HEIGHT="70" WIDTH="189" VPOS="130" HPOS="851" CONTENT="Bonnot" ID="tl_2_5" STYLEREFS="FONT0"/>
            <SP HEIGHT="70" WIDTH="19" VPOS="130" HPOS="1040"/>
            <String HEIGHT="70" WIDTH="151" VPOS="130" HPOS="983" CONTENT="de)," ID="tl_2_6" STYLEREFS="FONT0"/>
            <SP HEIGHT="70" WIDTH="19" VPOS="130" HPOS="1134"/>
            <String HEIGHT="70" WIDTH="283" VPOS="130" HPOS="1077" CONTENT="philosophe," ID="tl_2_7" STYLEREFS="FONT0"/>
            <SP HEIGHT="70" WIDTH="19" VPOS="130" HPOS="1360"/>
            <String HEIGHT="70" WIDTH="189" VPOS="130" HPOS="1303" CONTENT="membre" ID="tl_2_8" STYLEREFS="FONT0"/>
            <SP HEIGHT="70" WIDTH="19" VPOS="130" HPOS="1492"/>
            <String HEIGHT="70" WIDTH="75" VPOS="130" HPOS="1417" CONTENT="de" ID="tl_2_9" STYLEREFS="FONT0"/>
          </TextLine>
          <TextLine ID="tl_3" BASELINE="259" HEIGHT="80" WIDTH="1377" VPOS="179" HPOS="119">
            <String HEIGHT="80" WIDTH="306" VPOS="179" HPOS="97" CONTENT="l’Académie" ID="tl_3_1" STYLEREFS="FONT0"/>
            <SP HEIGHT="80" WIDTH="22" VPOS="179" HPOS="403"/>
            <String HEIGHT="80" WIDTH="306" VPOS="179" HPOS="338" CONTENT="française." ID="tl_3_2" STYLEREFS="FONT0"/>
            <SP HEIGHT="80" WIDTH="22" VPOS="179" HPOS="644"/>
            <String HEIGHT="80" WIDTH="131" VPOS="179" HPOS="578" CONTENT="L." ID="tl_3_3" STYLEREFS="FONT0"/>
            <SP HEIGHT="80" WIDTH="22" VPOS="179" HPOS="709"/>
            <String HEIGHT="80" WIDTH="175" VPOS="179" HPOS="644" CONTENT="aut." ID="tl_3_4" STYLEREFS="FONT0"/>
            <SP HEIGHT="80" WIDTH="22" VPOS="179" HPOS="818"/>
            <String HEIGHT="80" WIDTH="197" VPOS="179" HPOS="753" CONTENT="sig.," ID="tl_3_5" STYLEREFS="FONT0"/>
            <SP HEIGHT="80" WIDTH="22" VPOS="179" HPOS="950"/>
            <String HEIGHT="80" WIDTH="131" VPOS="179" HPOS="884" CONTENT="au" ID="tl_3_6" STYLEREFS="FONT0"/>
            <SP HEIGHT="80" WIDTH="22" VPOS="179" HPOS="1015"/>
            <String HEIGHT="80" WIDTH="153" VPOS="179" HPOS="950" CONTENT="duc" ID="tl_3_7" STYLEREFS="FONT0"/>
            <SP HEIGHT="80" WIDTH="22" VPOS="179" HPOS="1103"/>
            <String HEIGHT="80" WIDTH="131" VPOS="179" HPOS="1037" CONTENT="de" ID="tl_3_8" STYLEREFS="FONT0"/>
            <SP HEIGHT="80" WIDTH="22" VPOS="179" HPOS="1168"/>
            <String HEIGHT="80" WIDTH="306" VPOS="179" HPOS="1103" CONTENT="Nivernois." ID="tl_3_9" STYLEREFS="FONT0"/>
            <SP HEIGHT="80" WIDTH="22" VPOS="179" HPOS="1409"/>
            <String HEIGHT="80" WIDTH="175" VPOS="179" HPOS="1321" CONTENT="Parme," ID="tl_3_10" STYLEREFS="FONT0"/>
          </TextLine>
          <TextLine ID="tl_4" BASELINE="283" HEIGHT="47" WIDTH="1377" VPOS="236" HPOS="120">
            <String HEIGHT="47" WIDTH="104" VPOS="236" HPOS="99" CONTENT="4" ID="tl_4_1" STYLEREFS="FONT0"/>
            <SP HEIGHT="47" WIDTH="21" VPOS="236" HPOS="203"/>
            <String HEIGHT="47" WIDTH="188" VPOS="236" HPOS="141" CONTENT="avril" ID="tl_4_2" STYLEREFS="FONT0"/>
            <SP HEIGHT="47" WIDTH="21" VPOS="236" HPOS="329"/>
            <String HEIGHT="47" WIDTH="188" VPOS="236" HPOS="266" CONTENT="1761." ID="tl_4_3" STYLEREFS="FONT0"/>
            <SP HEIGHT="47" WIDTH="21" VPOS="236" HPOS="454"/>
            <String HEIGHT="47" WIDTH="104" VPOS="236" HPOS="391" CONTENT="3" ID="tl_4_4" STYLEREFS="FONT0"/>
            <SP HEIGHT="47" WIDTH="21" VPOS="236" HPOS="496"/>
            <String HEIGHT="47" WIDTH="146" VPOS="236" HPOS="433" CONTENT="gr." ID="tl_4_5" STYLEREFS="FONT0"/>
            <SP HEIGHT="47" WIDTH="21" VPOS="236" HPOS="579"/>
            <String HEIGHT="47" WIDTH="125" VPOS="236" HPOS="516" CONTENT="p." ID="tl_4_6" STYLEREFS="FONT0"/>
            <SP HEIGHT="47" WIDTH="21" VPOS="236" HPOS="642"/>
            <String HEIGHT="47" WIDTH="146" VPOS="236" HPOS="579" CONTENT="pl." ID="tl_4_7" STYLEREFS="FONT0"/>
            <SP HEIGHT="47" WIDTH="21" VPOS="236" HPOS="725"/>
            <String HEIGHT="47" WIDTH="125" VPOS="236" HPOS="662" CONTENT="et" ID="tl_4_8" STYLEREFS="FONT0"/>
            <SP HEIGHT="47" WIDTH="21" VPOS="236" HPOS="788"/>
            <String HEIGHT="47" WIDTH="188" VPOS="236" HPOS="725" CONTENT="demie" ID="tl_4_9" STYLEREFS="FONT0"/>
            <SP HEIGHT="47" WIDTH="21" VPOS="236" HPOS="913"/>
            <String HEIGHT="47" WIDTH="188" VPOS="236" HPOS="850" CONTENT="in-4." ID="tl_4_10" STYLEREFS="FONT0"/>
            <SP HEIGHT="47" WIDTH="21" VPOS="236" HPOS="1038"/>
            <String HEIGHT="47" WIDTH="125" VPOS="236" HPOS="975" CONTENT="La" ID="tl_4_11" STYLEREFS="FONT0"/>
            <SP HEIGHT="47" WIDTH="21" VPOS="236" HPOS="1101"/>
            <String HEIGHT="47" WIDTH="209" VPOS="236" HPOS="1038" CONTENT="minute" ID="tl_4_12" STYLEREFS="FONT0"/>
            <SP HEIGHT="47" WIDTH="21" VPOS="236" HPOS="1247"/>
            <String HEIGHT="47" WIDTH="167" VPOS="236" HPOS="1184" CONTENT="aut." ID="tl_4_13" STYLEREFS="FONT0"/>
            <SP HEIGHT="47" WIDTH="21" VPOS="236" HPOS="1351"/>
            <String HEIGHT="47" WIDTH="125" VPOS="236" HPOS="1288" CONTENT="de" ID="tl_4_14" STYLEREFS="FONT0"/>
            <SP HEIGHT="47" WIDTH="21" VPOS="236" HPOS="1414"/>
            <String HEIGHT="47" WIDTH="125" VPOS="236" HPOS="1351" CONTENT="la" ID="tl_4_15" STYLEREFS="FONT0"/>
            <SP HEIGHT="47" WIDTH="21" VPOS="236" HPOS="1476"/>
            <String HEIGHT="47" WIDTH="104" VPOS="236" HPOS="1393" CONTENT="ré" SUBS_TYPE="HypPart1" SUBS_CONTENT="réponse" ID="tl_4_16" STYLEREFS="FONT0"/>
            <HYP CONTENT="-"/>
          </TextLine>
          <TextLine ID="tl_5" BASELINE="344" HEIGHT="60" WIDTH="1372" VPOS="284" HPOS="122">
            <String HEIGHT="60" WIDTH="412" VPOS="284" HPOS="76" CONTENT="ponse" SUBS_TYPE="HypPart2" SUBS_CONTENT="réponse" ID="tl_5_1" STYLEREFS="FONT0"/>
            <SP HEIGHT="60" WIDTH="46" VPOS="284" HPOS="488"/>
            <String HEIGHT="60" WIDTH="274" VPOS="284" HPOS="351" CONTENT="du" ID="tl_5_2" STYLEREFS="FONT0"/>
            <SP HEIGHT="60" WIDTH="46" VPOS="284" HPOS="625"/>
            <String HEIGHT="60" WIDTH="320" VPOS="284" HPOS="488" CONTENT="duc" ID="tl_5_3" STYLEREFS="FONT0"/>
            <SP HEIGHT="60" WIDTH="46" VPOS="284" HPOS="808"/>
            <String HEIGHT="60" WIDTH="320" VPOS="284" HPOS="671" CONTENT="est" ID="tl_5_4" STYLEREFS="FONT0"/>
            <SP HEIGHT="60" WIDTH="46" VPOS="284" HPOS="991"/>
            <String HEIGHT="60" WIDTH="274" VPOS="284" HPOS="854" CONTENT="en" ID="tl_5_5" STYLEREFS="FONT0"/>
            <SP HEIGHT="60" WIDTH="46" VPOS="284" HPOS="1128"/>
            <String HEIGHT="60" WIDTH="412" VPOS="284" HPOS="991" CONTENT="tête." ID="tl_5_6" STYLEREFS="FONT0"/>
            <SP HEIGHT="60" WIDTH="46" VPOS="284" HPOS="1403"/>
            <String HEIGHT="60" WIDTH="274" VPOS="284" HPOS="1265" CONTENT="15" ID="tl_5_7" STYLEREFS="FONT0"/>
            <SP HEIGHT="60" WIDTH="46" VPOS="284" HPOS="1540"/>
            <String HEIGHT="60" WIDTH="137" VPOS="284" HPOS="1357" CONTENT="»" ID="tl_5_8" STYLEREFS="FONT0"/>
          </TextLine>
        </TextBlock>
        <TextBlock ID="r_2_2" HEIGHT="52" WIDTH="1389" VPOS="332" HPOS="89">
          <TextLine ID="tl_6" BASELINE="394" HEIGHT="75" WIDTH="1405" VPOS="319" HPOS="81">
            <String HEIGHT="75" WIDTH="195" VPOS="319" HPOS="59" CONTENT="3666." ID="tl_6_1" STYLEREFS="FONT0"/>
            <SP HEIGHT="75" WIDTH="22" VPOS="319" HPOS="254"/>
            <String HEIGHT="75" WIDTH="259" VPOS="319" HPOS="189" CONTENT="Cossé" ID="tl_6_2" STYLEREFS="FONT1"/>
            <SP HEIGHT="75" WIDTH="22" VPOS="319" HPOS="448"/>
            <String HEIGHT="75" WIDTH="130" VPOS="319" HPOS="384" CONTENT="de" ID="tl_6_3" STYLEREFS="FONT1"/>
            <SP HEIGHT="75" WIDTH="22" VPOS="319" HPOS="513"/>
            <String HEIGHT="75" WIDTH="324" VPOS="319" HPOS="448" CONTENT="Brissac" ID="tl_6_4" STYLEREFS="FONT1"/>
            <SP HEIGHT="75" WIDTH="22" VPOS="319" HPOS="773"/>
            <String HEIGHT="75" WIDTH="497" VPOS="319" HPOS="708" CONTENT="(Guyonne-Marguerite" ID="tl_6_5" STYLEREFS="FONT0"/>
            <SP HEIGHT="75" WIDTH="22" VPOS="319" HPOS="1205"/>
            <String HEIGHT="75" WIDTH="173" VPOS="319" HPOS="1140" CONTENT="de)," ID="tl_6_6" STYLEREFS="FONT0"/>
            <SP HEIGHT="75" WIDTH="22" VPOS="319" HPOS="1313"/>
            <String HEIGHT="75" WIDTH="238" VPOS="319" HPOS="1248" CONTENT="abbesse" ID="tl_6_7" STYLEREFS="FONT0"/>
            <SP HEIGHT="75" WIDTH="22" VPOS="319" HPOS="1486"/>
            <String HEIGHT="75" WIDTH="86" VPOS="319" HPOS="1400" CONTENT="de" ID="tl_6_8" STYLEREFS="FONT0"/>
          </TextLine>
        </TextBlock>
        <TextBlock ID="r_2_3" HEIGHT="101" WIDTH="1356" VPOS="372" HPOS="132">
          <TextLine ID="tl_7" BASELINE="433" HEIGHT="61" WIDTH="1372" VPOS="372" HPOS="124">
            <String HEIGHT="61" WIDTH="249" VPOS="372" HPOS="103" CONTENT="l’abbaye" ID="tl_7_1" STYLEREFS="FONT0"/>
            <SP HEIGHT="61" WIDTH="21" VPOS="372" HPOS="353"/>
            <String HEIGHT="61" WIDTH="125" VPOS="372" HPOS="290" CONTENT="de" ID="tl_7_2" STYLEREFS="FONT0"/>
            <SP HEIGHT="61" WIDTH="21" VPOS="372" HPOS="415"/>
            <String HEIGHT="61" WIDTH="291" VPOS="372" HPOS="353" CONTENT="Notre-Dame" ID="tl_7_3" STYLEREFS="FONT0"/>
            <SP HEIGHT="61" WIDTH="21" VPOS="372" HPOS="644"/>
            <String HEIGHT="61" WIDTH="125" VPOS="372" HPOS="581" CONTENT="de" ID="tl_7_4" STYLEREFS="FONT0"/>
            <SP HEIGHT="61" WIDTH="21" VPOS="372" HPOS="706"/>
            <String HEIGHT="61" WIDTH="249" VPOS="372" HPOS="644" CONTENT="Chelles." ID="tl_7_5" STYLEREFS="FONT0"/>
            <SP HEIGHT="61" WIDTH="21" VPOS="372" HPOS="893"/>
            <String HEIGHT="61" WIDTH="208" VPOS="372" HPOS="831" CONTENT="Quitt." ID="tl_7_6" STYLEREFS="FONT0"/>
            <SP HEIGHT="61" WIDTH="21" VPOS="372" HPOS="1039"/>
            <String HEIGHT="61" WIDTH="166" VPOS="372" HPOS="976" CONTENT="sig." ID="tl_7_7" STYLEREFS="FONT0"/>
            <SP HEIGHT="61" WIDTH="21" VPOS="372" HPOS="1143"/>
            <String HEIGHT="61" WIDTH="166" VPOS="372" HPOS="1080" CONTENT="(sur" ID="tl_7_8" STYLEREFS="FONT0"/>
            <SP HEIGHT="61" WIDTH="21" VPOS="372" HPOS="1247"/>
            <String HEIGHT="61" WIDTH="249" VPOS="372" HPOS="1184" CONTENT="parch.)." ID="tl_7_9" STYLEREFS="FONT0"/>
            <SP HEIGHT="61" WIDTH="21" VPOS="372" HPOS="1434"/>
            <String HEIGHT="61" WIDTH="146" VPOS="372" HPOS="1350" CONTENT="Chel" SUBS_TYPE="HypPart1" SUBS_CONTENT="Chelles," ID="tl_7_10" STYLEREFS="FONT0"/>
            <HYP CONTENT="-"/>
          </TextLine>
          <TextLine ID="tl_8" BASELINE="489" HEIGHT="66" WIDTH="1367" VPOS="423" HPOS="125">
            <String HEIGHT="66" WIDTH="238" VPOS="423" HPOS="95" CONTENT="les," SUBS_TYPE="HypPart2" SUBS_CONTENT="Chelles," ID="tl_8_1" STYLEREFS="FONT0"/>
            <SP HEIGHT="66" WIDTH="30" VPOS="423" HPOS="333"/>
            <String HEIGHT="66" WIDTH="327" VPOS="423" HPOS="244" CONTENT="dernier" ID="tl_8_2" STYLEREFS="FONT0"/>
            <SP HEIGHT="66" WIDTH="30" VPOS="423" HPOS="571"/>
            <String HEIGHT="66" WIDTH="327" VPOS="423" HPOS="482" CONTENT="janvier" ID="tl_8_3" STYLEREFS="FONT0"/>
            <SP HEIGHT="66" WIDTH="30" VPOS="423" HPOS="808"/>
            <String HEIGHT="66" WIDTH="267" VPOS="423" HPOS="719" CONTENT="1700." ID="tl_8_4" STYLEREFS="FONT0"/>
            <SP HEIGHT="66" WIDTH="30" VPOS="423" HPOS="987"/>
            <String HEIGHT="66" WIDTH="238" VPOS="423" HPOS="898" CONTENT="Deux" ID="tl_8_5" STYLEREFS="FONT0"/>
            <SP HEIGHT="66" WIDTH="30" VPOS="423" HPOS="1135"/>
            <String HEIGHT="66" WIDTH="357" VPOS="423" HPOS="1046" CONTENT="cachets." ID="tl_8_6" STYLEREFS="FONT0"/>
            <SP HEIGHT="66" WIDTH="30" VPOS="423" HPOS="1403"/>
            <String HEIGHT="66" WIDTH="149" VPOS="423" HPOS="1314" CONTENT="8" ID="tl_8_7" STYLEREFS="FONT0"/>
            <SP HEIGHT="66" WIDTH="30" VPOS="423" HPOS="1462"/>
            <String HEIGHT="66" WIDTH="149" VPOS="423" HPOS="1373" CONTENT="3" ID="tl_8_8" STYLEREFS="FONT0"/>
            <SP HEIGHT="66" WIDTH="30" VPOS="423" HPOS="1522"/>
            <String HEIGHT="66" WIDTH="89" VPOS="423" HPOS="1403" CONTENT="»" ID="tl_8_9" STYLEREFS="FONT0"/>
          </TextLine>
        </TextBlock>
        <TextBlock ID="r_2_4" HEIGHT="99" WIDTH="1390" VPOS="474" HPOS="96">
          <TextLine ID="tl_9" BASELINE="536" HEIGHT="79" WIDTH="1404" VPOS="457" HPOS="89">
            <String HEIGHT="79" WIDTH="173" VPOS="457" HPOS="70" CONTENT="3667." ID="tl_9_1" STYLEREFS="FONT0"/>
            <SP HEIGHT="79" WIDTH="19" VPOS="457" HPOS="243"/>
            <String HEIGHT="79" WIDTH="327" VPOS="457" HPOS="185" CONTENT="Couder" ID="tl_9_2" STYLEREFS="FONT1"/>
            <SP HEIGHT="79" WIDTH="19" VPOS="457" HPOS="512"/>
            <String HEIGHT="79" WIDTH="269" VPOS="457" HPOS="454" CONTENT="(Auguste)," ID="tl_9_3" STYLEREFS="FONT0"/>
            <SP HEIGHT="79" WIDTH="19" VPOS="457" HPOS="724"/>
            <String HEIGHT="79" WIDTH="212" VPOS="457" HPOS="666" CONTENT="peintre" ID="tl_9_4" STYLEREFS="FONT0"/>
            <SP HEIGHT="79" WIDTH="19" VPOS="457" HPOS="878"/>
            <String HEIGHT="79" WIDTH="288" VPOS="457" HPOS="820" CONTENT="d’Histoire." ID="tl_9_5" STYLEREFS="FONT0"/>
            <SP HEIGHT="79" WIDTH="19" VPOS="457" HPOS="1108"/>
            <String HEIGHT="79" WIDTH="115" VPOS="457" HPOS="1051" CONTENT="L." ID="tl_9_6" STYLEREFS="FONT0"/>
            <SP HEIGHT="79" WIDTH="19" VPOS="457" HPOS="1166"/>
            <String HEIGHT="79" WIDTH="154" VPOS="457" HPOS="1108" CONTENT="aut." ID="tl_9_7" STYLEREFS="FONT0"/>
            <SP HEIGHT="79" WIDTH="19" VPOS="457" HPOS="1262"/>
            <String HEIGHT="79" WIDTH="173" VPOS="457" HPOS="1205" CONTENT="sig.," ID="tl_9_8" STYLEREFS="FONT0"/>
            <SP HEIGHT="79" WIDTH="19" VPOS="457" HPOS="1378"/>
            <String HEIGHT="79" WIDTH="96" VPOS="457" HPOS="1320" CONTENT="à" ID="tl_9_9" STYLEREFS="FONT0"/>
            <SP HEIGHT="79" WIDTH="19" VPOS="457" HPOS="1416"/>
            <String HEIGHT="79" WIDTH="115" VPOS="457" HPOS="1358" CONTENT="M." ID="tl_9_10" STYLEREFS="FONT0"/>
            <SP HEIGHT="79" WIDTH="19" VPOS="457" HPOS="1474"/>
            <String HEIGHT="79" WIDTH="96" VPOS="457" HPOS="1397" CONTENT="Du" SUBS_TYPE="HypPart1" SUBS_CONTENT="Duchesne" ID="tl_9_11" STYLEREFS="FONT0"/>
            <HYP CONTENT="-"/>
          </TextLine>
          <TextLine ID="tl_10" BASELINE="588" HEIGHT="69" WIDTH="1368" VPOS="519" HPOS="124">
            <String HEIGHT="69" WIDTH="274" VPOS="519" HPOS="97" CONTENT="chesne" SUBS_TYPE="HypPart2" SUBS_CONTENT="Duchesne" ID="tl_10_1" STYLEREFS="FONT0"/>
            <SP HEIGHT="69" WIDTH="27" VPOS="519" HPOS="370"/>
            <String HEIGHT="69" WIDTH="246" VPOS="519" HPOS="288" CONTENT="aîné." ID="tl_10_2" STYLEREFS="FONT0"/>
            <SP HEIGHT="69" WIDTH="27" VPOS="519" HPOS="534"/>
            <String HEIGHT="69" WIDTH="164" VPOS="519" HPOS="452" CONTENT="12" ID="tl_10_3" STYLEREFS="FONT0"/>
            <SP HEIGHT="69" WIDTH="27" VPOS="519" HPOS="616"/>
            <String HEIGHT="69" WIDTH="328" VPOS="519" HPOS="534" CONTENT="novembre" ID="tl_10_4" STYLEREFS="FONT0"/>
            <SP HEIGHT="69" WIDTH="27" VPOS="519" HPOS="863"/>
            <String HEIGHT="69" WIDTH="246" VPOS="519" HPOS="781" CONTENT="1830." ID="tl_10_5" STYLEREFS="FONT0"/>
            <SP HEIGHT="69" WIDTH="27" VPOS="519" HPOS="1027"/>
            <String HEIGHT="69" WIDTH="137" VPOS="519" HPOS="945" CONTENT="1" ID="tl_10_6" STYLEREFS="FONT0"/>
            <SP HEIGHT="69" WIDTH="27" VPOS="519" HPOS="1082"/>
            <String HEIGHT="69" WIDTH="164" VPOS="519" HPOS="1000" CONTENT="p." ID="tl_10_7" STYLEREFS="FONT0"/>
            <SP HEIGHT="69" WIDTH="27" VPOS="519" HPOS="1164"/>
            <String HEIGHT="69" WIDTH="192" VPOS="519" HPOS="1082" CONTENT="pl." ID="tl_10_8" STYLEREFS="FONT0"/>
            <SP HEIGHT="69" WIDTH="27" VPOS="519" HPOS="1273"/>
            <String HEIGHT="69" WIDTH="246" VPOS="519" HPOS="1191" CONTENT="in-8." ID="tl_10_9" STYLEREFS="FONT0"/>
            <SP HEIGHT="69" WIDTH="27" VPOS="519" HPOS="1437"/>
            <String HEIGHT="69" WIDTH="137" VPOS="519" HPOS="1355" CONTENT="2" ID="tl_10_10" STYLEREFS="FONT0"/>
            <SP HEIGHT="69" WIDTH="27" VPOS="519" HPOS="1492"/>
            <String HEIGHT="69" WIDTH="109" VPOS="519" HPOS="1383" CONTENT="50" ID="tl_10_11" STYLEREFS="FONT0"/>
          </TextLine>
        </TextBlock>
        <TextBlock ID="r_2_5" HEIGHT="52" WIDTH="1397" VPOS="571" HPOS="89">
          <TextLine ID="tl_11" BASELINE="622" HEIGHT="55" WIDTH="1413" VPOS="567" HPOS="81">
            <String HEIGHT="55" WIDTH="184" VPOS="567" HPOS="61" CONTENT="3668." ID="tl_11_1" STYLEREFS="FONT0"/>
            <SP HEIGHT="55" WIDTH="20" VPOS="567" HPOS="245"/>
            <String HEIGHT="55" WIDTH="348" VPOS="567" HPOS="183" CONTENT="Créqui" ID="tl_11_2" STYLEREFS="FONT1"/>
            <SP HEIGHT="55" WIDTH="20" VPOS="567" HPOS="532"/>
            <String HEIGHT="55" WIDTH="266" VPOS="567" HPOS="470" CONTENT="(François" ID="tl_11_3" STYLEREFS="FONT0"/>
            <SP HEIGHT="55" WIDTH="20" VPOS="567" HPOS="736"/>
            <String HEIGHT="55" WIDTH="143" VPOS="567" HPOS="675" CONTENT="de)" ID="tl_11_4" STYLEREFS="FONT0"/>
            <SP HEIGHT="55" WIDTH="20" VPOS="567" HPOS="818"/>
            <String HEIGHT="55" WIDTH="246" VPOS="567" HPOS="757" CONTENT="maréchal" ID="tl_11_5" STYLEREFS="FONT0"/>
            <SP HEIGHT="55" WIDTH="20" VPOS="567" HPOS="1003"/>
            <String HEIGHT="55" WIDTH="123" VPOS="567" HPOS="941" CONTENT="de" ID="tl_11_6" STYLEREFS="FONT0"/>
            <SP HEIGHT="55" WIDTH="20" VPOS="567" HPOS="1064"/>
            <String HEIGHT="55" WIDTH="225" VPOS="567" HPOS="1003" CONTENT="France." ID="tl_11_7" STYLEREFS="FONT0"/>
            <SP HEIGHT="55" WIDTH="20" VPOS="567" HPOS="1228"/>
            <String HEIGHT="55" WIDTH="123" VPOS="567" HPOS="1166" CONTENT="L." ID="tl_11_8" STYLEREFS="FONT0"/>
            <SP HEIGHT="55" WIDTH="20" VPOS="567" HPOS="1289"/>
            <String HEIGHT="55" WIDTH="164" VPOS="567" HPOS="1228" CONTENT="aut." ID="tl_11_9" STYLEREFS="FONT0"/>
            <SP HEIGHT="55" WIDTH="20" VPOS="567" HPOS="1392"/>
            <String HEIGHT="55" WIDTH="184" VPOS="567" HPOS="1330" CONTENT="sig.," ID="tl_11_10" STYLEREFS="FONT0"/>
            <SP HEIGHT="55" WIDTH="20" VPOS="567" HPOS="1514"/>
            <String HEIGHT="55" WIDTH="61" VPOS="567" HPOS="1433" CONTENT="à" ID="tl_11_11" STYLEREFS="FONT0"/>
          </TextLine>
        </TextBlock>
        <TextBlock ID="r_2_6" HEIGHT="96" WIDTH="1354" VPOS="619" HPOS="131">
          <TextLine ID="tl_12" BASELINE="665" HEIGHT="54" WIDTH="1368" VPOS="611" HPOS="124">
            <String HEIGHT="54" WIDTH="128" VPOS="611" HPOS="103" CONTENT="M." ID="tl_12_1" STYLEREFS="FONT0"/>
            <SP HEIGHT="54" WIDTH="21" VPOS="611" HPOS="231"/>
            <String HEIGHT="54" WIDTH="128" VPOS="611" HPOS="167" CONTENT="le" ID="tl_12_2" STYLEREFS="FONT0"/>
            <SP HEIGHT="54" WIDTH="21" VPOS="611" HPOS="295"/>
            <String HEIGHT="54" WIDTH="192" VPOS="611" HPOS="231" CONTENT="comte" ID="tl_12_3" STYLEREFS="FONT0"/>
            <SP HEIGHT="54" WIDTH="21" VPOS="611" HPOS="423"/>
            <String HEIGHT="54" WIDTH="128" VPOS="611" HPOS="359" CONTENT="de" ID="tl_12_4" STYLEREFS="FONT0"/>
            <SP HEIGHT="54" WIDTH="21" VPOS="611" HPOS="487"/>
            <String HEIGHT="54" WIDTH="214" VPOS="611" HPOS="423" CONTENT="Bissy," ID="tl_12_5" STYLEREFS="FONT0"/>
            <SP HEIGHT="54" WIDTH="21" VPOS="611" HPOS="637"/>
            <String HEIGHT="54" WIDTH="107" VPOS="611" HPOS="573" CONTENT="à" ID="tl_12_6" STYLEREFS="FONT0"/>
            <SP HEIGHT="54" WIDTH="21" VPOS="611" HPOS="680"/>
            <String HEIGHT="54" WIDTH="321" VPOS="611" HPOS="616" CONTENT="Sarrebrick." ID="tl_12_7" STYLEREFS="FONT0"/>
            <SP HEIGHT="54" WIDTH="21" VPOS="611" HPOS="936"/>
            <String HEIGHT="54" WIDTH="128" VPOS="611" HPOS="872" CONTENT="Du" ID="tl_12_8" STYLEREFS="FONT0"/>
            <SP HEIGHT="54" WIDTH="21" VPOS="611" HPOS="1000"/>
            <String HEIGHT="54" WIDTH="171" VPOS="611" HPOS="936" CONTENT="camp" ID="tl_12_9" STYLEREFS="FONT0"/>
            <SP HEIGHT="54" WIDTH="21" VPOS="611" HPOS="1107"/>
            <String HEIGHT="54" WIDTH="128" VPOS="611" HPOS="1043" CONTENT="de" ID="tl_12_10" STYLEREFS="FONT0"/>
            <SP HEIGHT="54" WIDTH="21" VPOS="611" HPOS="1171"/>
            <String HEIGHT="54" WIDTH="321" VPOS="611" HPOS="1107" CONTENT="Saint-Marc," ID="tl_12_11" STYLEREFS="FONT0"/>
            <SP HEIGHT="54" WIDTH="21" VPOS="611" HPOS="1428"/>
            <String HEIGHT="54" WIDTH="107" VPOS="611" HPOS="1364" CONTENT="6" ID="tl_12_12" STYLEREFS="FONT0"/>
            <SP HEIGHT="54" WIDTH="21" VPOS="611" HPOS="1471"/>
            <String HEIGHT="54" WIDTH="107" VPOS="611" HPOS="1385" CONTENT="oc" SUBS_TYPE="HypPart1" SUBS_CONTENT="octobre" ID="tl_12_13" STYLEREFS="FONT0"/>
            <HYP CONTENT="-"/>
          </TextLine>
          <TextLine ID="tl_13" BASELINE="711" HEIGHT="51" WIDTH="1363" VPOS="660" HPOS="127">
            <String HEIGHT="51" WIDTH="212" VPOS="660" HPOS="104" CONTENT="tobre" SUBS_TYPE="HypPart2" SUBS_CONTENT="octobre" ID="tl_13_1" STYLEREFS="FONT0"/>
            <SP HEIGHT="51" WIDTH="24" VPOS="660" HPOS="315"/>
            <String HEIGHT="51" WIDTH="212" VPOS="660" HPOS="245" CONTENT="1676." ID="tl_13_2" STYLEREFS="FONT0"/>
            <SP HEIGHT="51" WIDTH="24" VPOS="660" HPOS="456"/>
            <String HEIGHT="51" WIDTH="118" VPOS="660" HPOS="386" CONTENT="1" ID="tl_13_3" STYLEREFS="FONT0"/>
            <SP HEIGHT="51" WIDTH="24" VPOS="660" HPOS="503"/>
            <String HEIGHT="51" WIDTH="141" VPOS="660" HPOS="433" CONTENT="p." ID="tl_13_4" STYLEREFS="FONT0"/>
            <SP HEIGHT="51" WIDTH="24" VPOS="660" HPOS="574"/>
            <String HEIGHT="51" WIDTH="165" VPOS="660" HPOS="503" CONTENT="pl." ID="tl_13_5" STYLEREFS="FONT0"/>
            <SP HEIGHT="51" WIDTH="24" VPOS="660" HPOS="668"/>
            <String HEIGHT="51" WIDTH="212" VPOS="660" HPOS="597" CONTENT="petit" ID="tl_13_6" STYLEREFS="FONT0"/>
            <SP HEIGHT="51" WIDTH="24" VPOS="660" HPOS="809"/>
            <String HEIGHT="51" WIDTH="212" VPOS="660" HPOS="738" CONTENT="in-4." ID="tl_13_7" STYLEREFS="FONT0"/>
            <SP HEIGHT="51" WIDTH="24" VPOS="660" HPOS="950"/>
            <String HEIGHT="51" WIDTH="259" VPOS="660" HPOS="879" CONTENT="Cachet." ID="tl_13_8" STYLEREFS="FONT0"/>
            <SP HEIGHT="51" WIDTH="24" VPOS="660" HPOS="1138"/>
            <String HEIGHT="51" WIDTH="212" VPOS="660" HPOS="1067" CONTENT="Jolie" ID="tl_13_9" STYLEREFS="FONT0"/>
            <SP HEIGHT="51" WIDTH="24" VPOS="660" HPOS="1279"/>
            <String HEIGHT="51" WIDTH="259" VPOS="660" HPOS="1208" CONTENT="lettre." ID="tl_13_10" STYLEREFS="FONT0"/>
            <SP HEIGHT="51" WIDTH="24" VPOS="660" HPOS="1467"/>
            <String HEIGHT="51" WIDTH="118" VPOS="660" HPOS="1396" CONTENT="5" ID="tl_13_11" STYLEREFS="FONT0"/>
            <SP HEIGHT="51" WIDTH="24" VPOS="660" HPOS="1514"/>
            <String HEIGHT="51" WIDTH="71" VPOS="660" HPOS="1420" CONTENT="»" ID="tl_13_12" STYLEREFS="FONT0"/>
          </TextLine>
        </TextBlock>
        <TextBlock ID="r_2_7" HEIGHT="53" WIDTH="1392" VPOS="713" HPOS="89">
          <TextLine ID="tl_14" BASELINE="767" HEIGHT="72" WIDTH="1408" VPOS="695" HPOS="81">
            <String HEIGHT="72" WIDTH="184" VPOS="695" HPOS="61" CONTENT="3669." ID="tl_14_1" STYLEREFS="FONT0"/>
            <SP HEIGHT="72" WIDTH="20" VPOS="695" HPOS="244"/>
            <String HEIGHT="72" WIDTH="388" VPOS="695" HPOS="183" CONTENT="Cubières" ID="tl_14_2" STYLEREFS="FONT1"/>
            <SP HEIGHT="72" WIDTH="20" VPOS="695" HPOS="571"/>
            <String HEIGHT="72" WIDTH="143" VPOS="695" HPOS="510" CONTENT="(le" ID="tl_14_3" STYLEREFS="FONT0"/>
            <SP HEIGHT="72" WIDTH="20" VPOS="695" HPOS="652"/>
            <String HEIGHT="72" WIDTH="224" VPOS="695" HPOS="591" CONTENT="général" ID="tl_14_4" STYLEREFS="FONT0"/>
            <SP HEIGHT="72" WIDTH="20" VPOS="695" HPOS="816"/>
            <String HEIGHT="72" WIDTH="286" VPOS="695" HPOS="754" CONTENT="d’Espans)." ID="tl_14_5" STYLEREFS="FONT0"/>
            <SP HEIGHT="72" WIDTH="20" VPOS="695" HPOS="1040"/>
            <String HEIGHT="72" WIDTH="122" VPOS="695" HPOS="979" CONTENT="L." ID="tl_14_6" STYLEREFS="FONT0"/>
            <SP HEIGHT="72" WIDTH="20" VPOS="695" HPOS="1101"/>
            <String HEIGHT="72" WIDTH="163" VPOS="695" HPOS="1040" CONTENT="aut." ID="tl_14_7" STYLEREFS="FONT0"/>
            <SP HEIGHT="72" WIDTH="20" VPOS="695" HPOS="1203"/>
            <String HEIGHT="72" WIDTH="184" VPOS="695" HPOS="1142" CONTENT="sig.," ID="tl_14_8" STYLEREFS="FONT0"/>
            <SP HEIGHT="72" WIDTH="20" VPOS="695" HPOS="1326"/>
            <String HEIGHT="72" WIDTH="122" VPOS="695" HPOS="1265" CONTENT="au" ID="tl_14_9" STYLEREFS="FONT0"/>
            <SP HEIGHT="72" WIDTH="20" VPOS="695" HPOS="1387"/>
            <String HEIGHT="72" WIDTH="184" VPOS="695" HPOS="1305" CONTENT="général" ID="tl_14_10" STYLEREFS="FONT0"/>
          </TextLine>
        </TextBlock>
        <TextBlock ID="r_2_8" HEIGHT="57" WIDTH="1351" VPOS="754" HPOS="131">
          <TextLine ID="tl_15" BASELINE="820" HEIGHT="78" WIDTH="1368" VPOS="742" HPOS="122">
            <String HEIGHT="78" WIDTH="342" VPOS="742" HPOS="91" CONTENT="Ornano." ID="tl_15_1" STYLEREFS="FONT0"/>
            <SP HEIGHT="78" WIDTH="31" VPOS="742" HPOS="433"/>
            <String HEIGHT="78" WIDTH="311" VPOS="742" HPOS="340" CONTENT="Paris," ID="tl_15_2" STYLEREFS="FONT0"/>
            <SP HEIGHT="78" WIDTH="31" VPOS="742" HPOS="651"/>
            <String HEIGHT="78" WIDTH="187" VPOS="742" HPOS="557" CONTENT="21" ID="tl_15_3" STYLEREFS="FONT0"/>
            <SP HEIGHT="78" WIDTH="31" VPOS="742" HPOS="744"/>
            <String HEIGHT="78" WIDTH="218" VPOS="742" HPOS="651" CONTENT="mai" ID="tl_15_4" STYLEREFS="FONT0"/>
            <SP HEIGHT="78" WIDTH="31" VPOS="742" HPOS="868"/>
            <String HEIGHT="78" WIDTH="280" VPOS="742" HPOS="775" CONTENT="1853." ID="tl_15_5" STYLEREFS="FONT0"/>
            <SP HEIGHT="78" WIDTH="31" VPOS="742" HPOS="1055"/>
            <String HEIGHT="78" WIDTH="155" VPOS="742" HPOS="961" CONTENT="1" ID="tl_15_6" STYLEREFS="FONT0"/>
            <SP HEIGHT="78" WIDTH="31" VPOS="742" HPOS="1117"/>
            <String HEIGHT="78" WIDTH="187" VPOS="742" HPOS="1024" CONTENT="p." ID="tl_15_7" STYLEREFS="FONT0"/>
            <SP HEIGHT="78" WIDTH="31" VPOS="742" HPOS="1210"/>
            <String HEIGHT="78" WIDTH="280" VPOS="742" HPOS="1117" CONTENT="in-4." ID="tl_15_8" STYLEREFS="FONT0"/>
            <SP HEIGHT="78" WIDTH="31" VPOS="742" HPOS="1397"/>
            <String HEIGHT="78" WIDTH="155" VPOS="742" HPOS="1303" CONTENT="5" ID="tl_15_9" STYLEREFS="FONT0"/>
            <SP HEIGHT="78" WIDTH="31" VPOS="742" HPOS="1459"/>
            <String HEIGHT="78" WIDTH="155" VPOS="742" HPOS="1366" CONTENT="2" ID="tl_15_10" STYLEREFS="FONT0"/>
            <SP HEIGHT="78" WIDTH="31" VPOS="742" HPOS="1521"/>
            <String HEIGHT="78" WIDTH="93" VPOS="742" HPOS="1397" CONTENT="»" ID="tl_15_11" STYLEREFS="FONT0"/>
          </TextLine>
        </TextBlock>
        <TextBlock ID="r_2_9" HEIGHT="51" WIDTH="1391" VPOS="808" HPOS="93">
          <TextLine ID="tl_16" BASELINE="857" HEIGHT="72" WIDTH="1406" VPOS="785" HPOS="85">
            <String HEIGHT="72" WIDTH="181" VPOS="785" HPOS="65" CONTENT="3670." ID="tl_16_1" STYLEREFS="FONT0"/>
            <SP HEIGHT="72" WIDTH="20" VPOS="785" HPOS="246"/>
            <String HEIGHT="72" WIDTH="341" VPOS="785" HPOS="185" CONTENT="Cuvier" ID="tl_16_2" STYLEREFS="FONT1"/>
            <SP HEIGHT="72" WIDTH="20" VPOS="785" HPOS="527"/>
            <String HEIGHT="72" WIDTH="281" VPOS="785" HPOS="467" CONTENT="(Georges)," ID="tl_16_3" STYLEREFS="FONT0"/>
            <SP HEIGHT="72" WIDTH="20" VPOS="785" HPOS="748"/>
            <String HEIGHT="72" WIDTH="321" VPOS="785" HPOS="688" CONTENT="naturaliste," ID="tl_16_4" STYLEREFS="FONT0"/>
            <SP HEIGHT="72" WIDTH="20" VPOS="785" HPOS="1009"/>
            <String HEIGHT="72" WIDTH="201" VPOS="785" HPOS="949" CONTENT="membre" ID="tl_16_5" STYLEREFS="FONT0"/>
            <SP HEIGHT="72" WIDTH="20" VPOS="785" HPOS="1150"/>
            <String HEIGHT="72" WIDTH="121" VPOS="785" HPOS="1089" CONTENT="de" ID="tl_16_6" STYLEREFS="FONT0"/>
            <SP HEIGHT="72" WIDTH="20" VPOS="785" HPOS="1210"/>
            <String HEIGHT="72" WIDTH="281" VPOS="785" HPOS="1150" CONTENT="l’Académie" ID="tl_16_7" STYLEREFS="FONT0"/>
            <SP HEIGHT="72" WIDTH="20" VPOS="785" HPOS="1431"/>
            <String HEIGHT="72" WIDTH="141" VPOS="785" HPOS="1350" CONTENT="fran" ID="tl_16_8" STYLEREFS="FONT0"/>
          </TextLine>
        </TextBlock>
        <TextBlock ID="r_2_10" HEIGHT="289" WIDTH="1355" VPOS="857" HPOS="129">
          <TextLine ID="tl_17" BASELINE="911" HEIGHT="56" WIDTH="1366" VPOS="855" HPOS="125">
            <String HEIGHT="56" WIDTH="217" VPOS="855" HPOS="103" CONTENT="çaise:" ID="tl_17_1" STYLEREFS="FONT0"/>
            <SP HEIGHT="56" WIDTH="22" VPOS="855" HPOS="320"/>
            <String HEIGHT="56" WIDTH="130" VPOS="855" HPOS="255" CONTENT="1°" ID="tl_17_2" STYLEREFS="FONT0"/>
            <SP HEIGHT="56" WIDTH="22" VPOS="855" HPOS="385"/>
            <String HEIGHT="56" WIDTH="130" VPOS="855" HPOS="320" CONTENT="L." ID="tl_17_3" STYLEREFS="FONT0"/>
            <SP HEIGHT="56" WIDTH="22" VPOS="855" HPOS="450"/>
            <String HEIGHT="56" WIDTH="173" VPOS="855" HPOS="385" CONTENT="sig." ID="tl_17_4" STYLEREFS="FONT0"/>
            <SP HEIGHT="56" WIDTH="22" VPOS="855" HPOS="559"/>
            <String HEIGHT="56" WIDTH="217" VPOS="855" HPOS="494" CONTENT="Paris," ID="tl_17_5" STYLEREFS="FONT0"/>
            <SP HEIGHT="56" WIDTH="22" VPOS="855" HPOS="710"/>
            <String HEIGHT="56" WIDTH="108" VPOS="855" HPOS="645" CONTENT="4" ID="tl_17_6" STYLEREFS="FONT0"/>
            <SP HEIGHT="56" WIDTH="22" VPOS="855" HPOS="754"/>
            <String HEIGHT="56" WIDTH="260" VPOS="855" HPOS="689" CONTENT="novembre" ID="tl_17_7" STYLEREFS="FONT0"/>
            <SP HEIGHT="56" WIDTH="22" VPOS="855" HPOS="949"/>
            <String HEIGHT="56" WIDTH="195" VPOS="855" HPOS="884" CONTENT="1831." ID="tl_17_8" STYLEREFS="FONT0"/>
            <SP HEIGHT="56" WIDTH="22" VPOS="855" HPOS="1079"/>
            <String HEIGHT="56" WIDTH="108" VPOS="855" HPOS="1014" CONTENT="1" ID="tl_17_9" STYLEREFS="FONT0"/>
            <SP HEIGHT="56" WIDTH="22" VPOS="855" HPOS="1122"/>
            <String HEIGHT="56" WIDTH="130" VPOS="855" HPOS="1057" CONTENT="p." ID="tl_17_10" STYLEREFS="FONT0"/>
            <SP HEIGHT="56" WIDTH="22" VPOS="855" HPOS="1187"/>
            <String HEIGHT="56" WIDTH="195" VPOS="855" HPOS="1122" CONTENT="in-4." ID="tl_17_11" STYLEREFS="FONT0"/>
            <SP HEIGHT="56" WIDTH="22" VPOS="855" HPOS="1318"/>
            <String HEIGHT="56" WIDTH="108" VPOS="855" HPOS="1252" CONTENT="—" ID="tl_17_12" STYLEREFS="FONT0"/>
            <SP HEIGHT="56" WIDTH="22" VPOS="855" HPOS="1361"/>
            <String HEIGHT="56" WIDTH="130" VPOS="855" HPOS="1296" CONTENT="2°" ID="tl_17_13" STYLEREFS="FONT0"/>
            <SP HEIGHT="56" WIDTH="22" VPOS="855" HPOS="1426"/>
            <String HEIGHT="56" WIDTH="152" VPOS="855" HPOS="1339" CONTENT="Notes" ID="tl_17_14" STYLEREFS="FONT0"/>
          </TextLine>
          <TextLine ID="tl_18" BASELINE="959" HEIGHT="63" WIDTH="1366" VPOS="896" HPOS="124">
            <String HEIGHT="63" WIDTH="195" VPOS="896" HPOS="102" CONTENT="aut.," ID="tl_18_1" STYLEREFS="FONT0"/>
            <SP HEIGHT="63" WIDTH="22" VPOS="896" HPOS="297"/>
            <String HEIGHT="63" WIDTH="130" VPOS="896" HPOS="232" CONTENT="au" ID="tl_18_2" STYLEREFS="FONT0"/>
            <SP HEIGHT="63" WIDTH="22" VPOS="896" HPOS="363"/>
            <String HEIGHT="63" WIDTH="195" VPOS="896" HPOS="297" CONTENT="sujet" ID="tl_18_3" STYLEREFS="FONT0"/>
            <SP HEIGHT="63" WIDTH="22" VPOS="896" HPOS="493"/>
            <String HEIGHT="63" WIDTH="130" VPOS="896" HPOS="428" CONTENT="du" ID="tl_18_4" STYLEREFS="FONT0"/>
            <SP HEIGHT="63" WIDTH="22" VPOS="896" HPOS="558"/>
            <String HEIGHT="63" WIDTH="217" VPOS="896" HPOS="493" CONTENT="projet" ID="tl_18_5" STYLEREFS="FONT0"/>
            <SP HEIGHT="63" WIDTH="22" VPOS="896" HPOS="709"/>
            <String HEIGHT="63" WIDTH="130" VPOS="896" HPOS="644" CONTENT="de" ID="tl_18_6" STYLEREFS="FONT0"/>
            <SP HEIGHT="63" WIDTH="22" VPOS="896" HPOS="774"/>
            <String HEIGHT="63" WIDTH="130" VPOS="896" HPOS="709" CONTENT="la" ID="tl_18_7" STYLEREFS="FONT0"/>
            <SP HEIGHT="63" WIDTH="22" VPOS="896" HPOS="840"/>
            <String HEIGHT="63" WIDTH="304" VPOS="896" HPOS="774" CONTENT="commission" ID="tl_18_8" STYLEREFS="FONT0"/>
            <SP HEIGHT="63" WIDTH="22" VPOS="896" HPOS="1078"/>
            <String HEIGHT="63" WIDTH="152" VPOS="896" HPOS="1013" CONTENT="sur" ID="tl_18_9" STYLEREFS="FONT0"/>
            <SP HEIGHT="63" WIDTH="22" VPOS="896" HPOS="1165"/>
            <String HEIGHT="63" WIDTH="130" VPOS="896" HPOS="1100" CONTENT="la" ID="tl_18_10" STYLEREFS="FONT0"/>
            <SP HEIGHT="63" WIDTH="22" VPOS="896" HPOS="1230"/>
            <String HEIGHT="63" WIDTH="325" VPOS="896" HPOS="1165" CONTENT="proposition" ID="tl_18_11" STYLEREFS="FONT0"/>
            <SP HEIGHT="63" WIDTH="22" VPOS="896" HPOS="1490"/>
            <String HEIGHT="63" WIDTH="87" VPOS="896" HPOS="1403" CONTENT="de" ID="tl_18_12" STYLEREFS="FONT0"/>
          </TextLine>
          <TextLine ID="tl_19" BASELINE="1004" HEIGHT="57" WIDTH="1367" VPOS="947" HPOS="123">
            <String HEIGHT="57" WIDTH="150" VPOS="947" HPOS="102" CONTENT="loi" ID="tl_19_1" STYLEREFS="FONT0"/>
            <SP HEIGHT="57" WIDTH="21" VPOS="947" HPOS="251"/>
            <String HEIGHT="57" WIDTH="256" VPOS="947" HPOS="187" CONTENT="relative" ID="tl_19_2" STYLEREFS="FONT0"/>
            <SP HEIGHT="57" WIDTH="21" VPOS="947" HPOS="443"/>
            <String HEIGHT="57" WIDTH="128" VPOS="947" HPOS="379" CONTENT="au" ID="tl_19_3" STYLEREFS="FONT0"/>
            <SP HEIGHT="57" WIDTH="21" VPOS="947" HPOS="507"/>
            <String HEIGHT="57" WIDTH="214" VPOS="947" HPOS="443" CONTENT="cumul," ID="tl_19_4" STYLEREFS="FONT0"/>
            <SP HEIGHT="57" WIDTH="21" VPOS="947" HPOS="657"/>
            <String HEIGHT="57" WIDTH="150" VPOS="947" HPOS="593" CONTENT="que" ID="tl_19_5" STYLEREFS="FONT0"/>
            <SP HEIGHT="57" WIDTH="21" VPOS="947" HPOS="742"/>
            <String HEIGHT="57" WIDTH="150" VPOS="947" HPOS="678" CONTENT="les" ID="tl_19_6" STYLEREFS="FONT0"/>
            <SP HEIGHT="57" WIDTH="21" VPOS="947" HPOS="828"/>
            <String HEIGHT="57" WIDTH="278" VPOS="947" HPOS="764" CONTENT="fonctions" ID="tl_19_7" STYLEREFS="FONT0"/>
            <SP HEIGHT="57" WIDTH="21" VPOS="947" HPOS="1041"/>
            <String HEIGHT="57" WIDTH="171" VPOS="947" HPOS="977" CONTENT="dans" ID="tl_19_8" STYLEREFS="FONT0"/>
            <SP HEIGHT="57" WIDTH="21" VPOS="947" HPOS="1148"/>
            <String HEIGHT="57" WIDTH="150" VPOS="947" HPOS="1084" CONTENT="les" ID="tl_19_9" STYLEREFS="FONT0"/>
            <SP HEIGHT="57" WIDTH="21" VPOS="947" HPOS="1234"/>
            <String HEIGHT="57" WIDTH="256" VPOS="947" HPOS="1170" CONTENT="sciences" ID="tl_19_10" STYLEREFS="FONT0"/>
            <SP HEIGHT="57" WIDTH="21" VPOS="947" HPOS="1426"/>
            <String HEIGHT="57" WIDTH="150" VPOS="947" HPOS="1340" CONTENT="comme" ID="tl_19_11" STYLEREFS="FONT0"/>
          </TextLine>
          <TextLine ID="tl_20" BASELINE="1052" HEIGHT="55" WIDTH="1368" VPOS="997" HPOS="123">
            <String HEIGHT="55" WIDTH="321" VPOS="997" HPOS="102" CONTENT="professeurs" ID="tl_20_1" STYLEREFS="FONT0"/>
            <SP HEIGHT="55" WIDTH="21" VPOS="997" HPOS="422"/>
            <String HEIGHT="55" WIDTH="128" VPOS="997" HPOS="358" CONTENT="ou" ID="tl_20_2" STYLEREFS="FONT0"/>
            <SP HEIGHT="55" WIDTH="21" VPOS="997" HPOS="486"/>
            <String HEIGHT="55" WIDTH="235" VPOS="997" HPOS="422" CONTENT="membres" ID="tl_20_3" STYLEREFS="FONT0"/>
            <SP HEIGHT="55" WIDTH="21" VPOS="997" HPOS="657"/>
            <String HEIGHT="55" WIDTH="128" VPOS="997" HPOS="593" CONTENT="de" ID="tl_20_4" STYLEREFS="FONT0"/>
            <SP HEIGHT="55" WIDTH="21" VPOS="997" HPOS="722"/>
            <String HEIGHT="55" WIDTH="235" VPOS="997" HPOS="657" CONTENT="conseil" ID="tl_20_5" STYLEREFS="FONT0"/>
            <SP HEIGHT="55" WIDTH="21" VPOS="997" HPOS="893"/>
            <String HEIGHT="55" WIDTH="385" VPOS="997" HPOS="828" CONTENT="d’instruction," ID="tl_20_6" STYLEREFS="FONT0"/>
            <SP HEIGHT="55" WIDTH="21" VPOS="997" HPOS="1213"/>
            <String HEIGHT="55" WIDTH="257" VPOS="997" HPOS="1149" CONTENT="seraient" ID="tl_20_7" STYLEREFS="FONT0"/>
            <SP HEIGHT="55" WIDTH="21" VPOS="997" HPOS="1406"/>
            <String HEIGHT="55" WIDTH="171" VPOS="997" HPOS="1320" CONTENT="incom" SUBS_TYPE="HypPart1" SUBS_CONTENT="incompatibles" ID="tl_20_8" STYLEREFS="FONT0"/>
            <HYP CONTENT="-"/>
          </TextLine>
          <TextLine ID="tl_21" BASELINE="1103" HEIGHT="57" WIDTH="1365" VPOS="1046" HPOS="121">
            <String HEIGHT="57" WIDTH="264" VPOS="1046" HPOS="99" CONTENT="patibles" SUBS_TYPE="HypPart2" SUBS_CONTENT="incompatibles" ID="tl_21_1" STYLEREFS="FONT0"/>
            <SP HEIGHT="57" WIDTH="22" VPOS="1046" HPOS="363"/>
            <String HEIGHT="57" WIDTH="176" VPOS="1046" HPOS="297" CONTENT="avec" ID="tl_21_2" STYLEREFS="FONT0"/>
            <SP HEIGHT="57" WIDTH="22" VPOS="1046" HPOS="473"/>
            <String HEIGHT="57" WIDTH="198" VPOS="1046" HPOS="407" CONTENT="toute" ID="tl_21_3" STYLEREFS="FONT0"/>
            <SP HEIGHT="57" WIDTH="22" VPOS="1046" HPOS="605"/>
            <String HEIGHT="57" WIDTH="264" VPOS="1046" HPOS="539" CONTENT="fonction" ID="tl_21_4" STYLEREFS="FONT0"/>
            <SP HEIGHT="57" WIDTH="22" VPOS="1046" HPOS="804"/>
            <String HEIGHT="57" WIDTH="462" VPOS="1046" HPOS="737" CONTENT="administrative..." ID="tl_21_5" STYLEREFS="FONT0"/>
            <SP HEIGHT="57" WIDTH="22" VPOS="1046" HPOS="1200"/>
            <String HEIGHT="57" WIDTH="110" VPOS="1046" HPOS="1134" CONTENT="6" ID="tl_21_6" STYLEREFS="FONT0"/>
            <SP HEIGHT="57" WIDTH="22" VPOS="1046" HPOS="1244"/>
            <String HEIGHT="57" WIDTH="242" VPOS="1046" HPOS="1178" CONTENT="février" ID="tl_21_7" STYLEREFS="FONT0"/>
            <SP HEIGHT="57" WIDTH="22" VPOS="1046" HPOS="1420"/>
            <String HEIGHT="57" WIDTH="154" VPOS="1046" HPOS="1332" CONTENT="1831." ID="tl_21_8" STYLEREFS="FONT0"/>
          </TextLine>
          <TextLine ID="tl_22" BASELINE="1148" HEIGHT="60" WIDTH="1361" VPOS="1088" HPOS="122">
            <String HEIGHT="60" WIDTH="220" VPOS="1088" HPOS="78" CONTENT="3" ID="tl_22_1" STYLEREFS="FONT0"/>
            <SP HEIGHT="60" WIDTH="44" VPOS="1088" HPOS="298"/>
            <String HEIGHT="60" WIDTH="307" VPOS="1088" HPOS="166" CONTENT="gr." ID="tl_22_2" STYLEREFS="FONT0"/>
            <SP HEIGHT="60" WIDTH="44" VPOS="1088" HPOS="473"/>
            <String HEIGHT="60" WIDTH="263" VPOS="1088" HPOS="342" CONTENT="p." ID="tl_22_3" STYLEREFS="FONT0"/>
            <SP HEIGHT="60" WIDTH="44" VPOS="1088" HPOS="605"/>
            <String HEIGHT="60" WIDTH="307" VPOS="1088" HPOS="473" CONTENT="pl." ID="tl_22_4" STYLEREFS="FONT0"/>
            <SP HEIGHT="60" WIDTH="44" VPOS="1088" HPOS="781"/>
            <String HEIGHT="60" WIDTH="263" VPOS="1088" HPOS="649" CONTENT="et" ID="tl_22_5" STYLEREFS="FONT0"/>
            <SP HEIGHT="60" WIDTH="44" VPOS="1088" HPOS="912"/>
            <String HEIGHT="60" WIDTH="395" VPOS="1088" HPOS="781" CONTENT="quart" ID="tl_22_6" STYLEREFS="FONT0"/>
            <SP HEIGHT="60" WIDTH="44" VPOS="1088" HPOS="1176"/>
            <String HEIGHT="60" WIDTH="395" VPOS="1088" HPOS="1044" CONTENT="in-4." ID="tl_22_7" STYLEREFS="FONT0"/>
            <SP HEIGHT="60" WIDTH="44" VPOS="1088" HPOS="1439"/>
            <String HEIGHT="60" WIDTH="220" VPOS="1088" HPOS="1307" CONTENT="6" ID="tl_22_8" STYLEREFS="FONT0"/>
            <SP HEIGHT="60" WIDTH="44" VPOS="1088" HPOS="1527"/>
            <String HEIGHT="60" WIDTH="132" VPOS="1088" HPOS="1351" CONTENT="»" ID="tl_22_9" STYLEREFS="FONT0"/>
          </TextLine>
        </TextBlock>
        <TextBlock ID="r_2_11" HEIGHT="52" WIDTH="1385" VPOS="1143" HPOS="86">
          <TextLine ID="tl_23" BASELINE="1187" HEIGHT="51" WIDTH="1401" VPOS="1136" HPOS="78">
            <String HEIGHT="51" WIDTH="203" VPOS="1136" HPOS="55" CONTENT="3671." ID="tl_23_1" STYLEREFS="FONT0"/>
            <SP HEIGHT="51" WIDTH="23" VPOS="1136" HPOS="259"/>
            <String HEIGHT="51" WIDTH="316" VPOS="1136" HPOS="191" CONTENT="Défense" ID="tl_23_2" STYLEREFS="FONT1"/>
            <SP HEIGHT="51" WIDTH="23" VPOS="1136" HPOS="507"/>
            <String HEIGHT="51" WIDTH="136" VPOS="1136" HPOS="440" CONTENT="de" ID="tl_23_3" STYLEREFS="FONT1"/>
            <SP HEIGHT="51" WIDTH="23" VPOS="1136" HPOS="575"/>
            <String HEIGHT="51" WIDTH="203" VPOS="1136" HPOS="507" CONTENT="Paris" ID="tl_23_4" STYLEREFS="FONT1"/>
            <SP HEIGHT="51" WIDTH="23" VPOS="1136" HPOS="711"/>
            <String HEIGHT="51" WIDTH="136" VPOS="1136" HPOS="643" CONTENT="en" ID="tl_23_5" STYLEREFS="FONT1"/>
            <SP HEIGHT="51" WIDTH="23" VPOS="1136" HPOS="779"/>
            <String HEIGHT="51" WIDTH="181" VPOS="1136" HPOS="711" CONTENT="juin" ID="tl_23_6" STYLEREFS="FONT1"/>
            <SP HEIGHT="51" WIDTH="23" VPOS="1136" HPOS="891"/>
            <String HEIGHT="51" WIDTH="271" VPOS="1136" HPOS="824" CONTENT="1815" ID="tl_23_7" STYLEREFS="FONT1"/>
            <SP HEIGHT="51" WIDTH="23" VPOS="1136" HPOS="1095"/>
            <String HEIGHT="51" WIDTH="136" VPOS="1136" HPOS="1027" CONTENT="L." ID="tl_23_8" STYLEREFS="FONT0"/>
            <SP HEIGHT="51" WIDTH="23" VPOS="1136" HPOS="1163"/>
            <String HEIGHT="51" WIDTH="181" VPOS="1136" HPOS="1095" CONTENT="aut." ID="tl_23_9" STYLEREFS="FONT0"/>
            <SP HEIGHT="51" WIDTH="23" VPOS="1136" HPOS="1276"/>
            <String HEIGHT="51" WIDTH="181" VPOS="1136" HPOS="1208" CONTENT="sig." ID="tl_23_10" STYLEREFS="FONT0"/>
            <SP HEIGHT="51" WIDTH="23" VPOS="1136" HPOS="1389"/>
            <String HEIGHT="51" WIDTH="136" VPOS="1136" HPOS="1321" CONTENT="du" ID="tl_23_11" STYLEREFS="FONT0"/>
            <SP HEIGHT="51" WIDTH="23" VPOS="1136" HPOS="1456"/>
            <String HEIGHT="51" WIDTH="113" VPOS="1136" HPOS="1366" CONTENT="gé" ID="tl_23_12" STYLEREFS="FONT0"/>
          </TextLine>
        </TextBlock>
        <TextBlock ID="r_2_12" HEIGHT="144" WIDTH="1352" VPOS="1191" HPOS="128">
          <TextLine ID="tl_24" BASELINE="1244" HEIGHT="57" WIDTH="1365" VPOS="1187" HPOS="123">
            <String HEIGHT="57" WIDTH="213" VPOS="1187" HPOS="102" CONTENT="néral," ID="tl_24_1" STYLEREFS="FONT0"/>
            <SP HEIGHT="57" WIDTH="21" VPOS="1187" HPOS="315"/>
            <String HEIGHT="57" WIDTH="171" VPOS="1187" HPOS="251" CONTENT="chef" ID="tl_24_2" STYLEREFS="FONT0"/>
            <SP HEIGHT="57" WIDTH="21" VPOS="1187" HPOS="422"/>
            <String HEIGHT="57" WIDTH="341" VPOS="1187" HPOS="358" CONTENT="d’état-major" ID="tl_24_3" STYLEREFS="FONT0"/>
            <SP HEIGHT="57" WIDTH="21" VPOS="1187" HPOS="699"/>
            <String HEIGHT="57" WIDTH="256" VPOS="1187" HPOS="635" CONTENT="général," ID="tl_24_4" STYLEREFS="FONT0"/>
            <SP HEIGHT="57" WIDTH="21" VPOS="1187" HPOS="891"/>
            <String HEIGHT="57" WIDTH="192" VPOS="1187" HPOS="827" CONTENT="comte" ID="tl_24_5" STYLEREFS="FONT0"/>
            <SP HEIGHT="57" WIDTH="21" VPOS="1187" HPOS="1019"/>
            <String HEIGHT="57" WIDTH="341" VPOS="1187" HPOS="955" CONTENT="Guilleminot," ID="tl_24_6" STYLEREFS="FONT0"/>
            <SP HEIGHT="57" WIDTH="21" VPOS="1187" HPOS="1296"/>
            <String HEIGHT="57" WIDTH="256" VPOS="1187" HPOS="1232" CONTENT="adressée" ID="tl_24_7" STYLEREFS="FONT0"/>
            <SP HEIGHT="57" WIDTH="21" VPOS="1187" HPOS="1488"/>
            <String HEIGHT="57" WIDTH="85" VPOS="1187" HPOS="1403" CONTENT="au" ID="tl_24_8" STYLEREFS="FONT0"/>
          </TextLine>
          <TextLine ID="tl_25" BASELINE="1288" HEIGHT="60" WIDTH="1367" VPOS="1228" HPOS="121">
            <String HEIGHT="60" WIDTH="161" VPOS="1228" HPOS="101" CONTENT="chef" ID="tl_25_1" STYLEREFS="FONT0"/>
            <SP HEIGHT="60" WIDTH="20" VPOS="1228" HPOS="262"/>
            <String HEIGHT="60" WIDTH="121" VPOS="1228" HPOS="201" CONTENT="de" ID="tl_25_2" STYLEREFS="FONT0"/>
            <SP HEIGHT="60" WIDTH="20" VPOS="1228" HPOS="322"/>
            <String HEIGHT="60" WIDTH="261" VPOS="1228" HPOS="262" CONTENT="bataillon" ID="tl_25_3" STYLEREFS="FONT0"/>
            <SP HEIGHT="60" WIDTH="20" VPOS="1228" HPOS="523"/>
            <String HEIGHT="60" WIDTH="121" VPOS="1228" HPOS="463" CONTENT="du" ID="tl_25_4" STYLEREFS="FONT0"/>
            <SP HEIGHT="60" WIDTH="20" VPOS="1228" HPOS="583"/>
            <String HEIGHT="60" WIDTH="201" VPOS="1228" HPOS="523" CONTENT="génie," ID="tl_25_5" STYLEREFS="FONT0"/>
            <SP HEIGHT="60" WIDTH="20" VPOS="1228" HPOS="724"/>
            <String HEIGHT="60" WIDTH="221" VPOS="1228" HPOS="664" CONTENT="Chappe," ID="tl_25_6" STYLEREFS="FONT0"/>
            <SP HEIGHT="60" WIDTH="20" VPOS="1228" HPOS="885"/>
            <String HEIGHT="60" WIDTH="181" VPOS="1228" HPOS="825" CONTENT="datée" ID="tl_25_7" STYLEREFS="FONT0"/>
            <SP HEIGHT="60" WIDTH="20" VPOS="1228" HPOS="1006"/>
            <String HEIGHT="60" WIDTH="121" VPOS="1228" HPOS="945" CONTENT="de" ID="tl_25_8" STYLEREFS="FONT0"/>
            <SP HEIGHT="60" WIDTH="20" VPOS="1228" HPOS="1066"/>
            <String HEIGHT="60" WIDTH="121" VPOS="1228" HPOS="1006" CONTENT="La" ID="tl_25_9" STYLEREFS="FONT0"/>
            <SP HEIGHT="60" WIDTH="20" VPOS="1228" HPOS="1126"/>
            <String HEIGHT="60" WIDTH="261" VPOS="1228" HPOS="1066" CONTENT="Villette," ID="tl_25_10" STYLEREFS="FONT0"/>
            <SP HEIGHT="60" WIDTH="20" VPOS="1228" HPOS="1327"/>
            <String HEIGHT="60" WIDTH="121" VPOS="1228" HPOS="1267" CONTENT="le" ID="tl_25_11" STYLEREFS="FONT0"/>
            <SP HEIGHT="60" WIDTH="20" VPOS="1228" HPOS="1387"/>
            <String HEIGHT="60" WIDTH="121" VPOS="1228" HPOS="1327" CONTENT="29" ID="tl_25_12" STYLEREFS="FONT0"/>
            <SP HEIGHT="60" WIDTH="20" VPOS="1228" HPOS="1448"/>
            <String HEIGHT="60" WIDTH="121" VPOS="1228" HPOS="1367" CONTENT="juin" ID="tl_25_13" STYLEREFS="FONT0"/>
          </TextLine>
          <TextLine ID="tl_26" BASELINE="1340" HEIGHT="57" WIDTH="1361" VPOS="1283" HPOS="120">
            <String HEIGHT="57" WIDTH="557" VPOS="1283" HPOS="58" CONTENT="1815." ID="tl_26_1" STYLEREFS="FONT0"/>
            <SP HEIGHT="57" WIDTH="62" VPOS="1283" HPOS="615"/>
            <String HEIGHT="57" WIDTH="309" VPOS="1283" HPOS="429" CONTENT="1" ID="tl_26_2" STYLEREFS="FONT0"/>
            <SP HEIGHT="57" WIDTH="62" VPOS="1283" HPOS="739"/>
            <String HEIGHT="57" WIDTH="371" VPOS="1283" HPOS="553" CONTENT="p." ID="tl_26_3" STYLEREFS="FONT0"/>
            <SP HEIGHT="57" WIDTH="62" VPOS="1283" HPOS="924"/>
            <String HEIGHT="57" WIDTH="681" VPOS="1283" HPOS="739" CONTENT="in-fol." ID="tl_26_4" STYLEREFS="FONT0"/>
            <SP HEIGHT="57" WIDTH="62" VPOS="1283" HPOS="1419"/>
            <String HEIGHT="57" WIDTH="309" VPOS="1283" HPOS="1234" CONTENT="4" ID="tl_26_5" STYLEREFS="FONT0"/>
            <SP HEIGHT="57" WIDTH="62" VPOS="1283" HPOS="1543"/>
            <String HEIGHT="57" WIDTH="186" VPOS="1283" HPOS="1295" CONTENT="»" ID="tl_26_6" STYLEREFS="FONT0"/>
          </TextLine>
        </TextBlock>
        <TextBlock ID="r_2_13" HEIGHT="99" WIDTH="1350" VPOS="1334" HPOS="130">
          <TextLine ID="tl_27" BASELINE="1380" HEIGHT="68" WIDTH="1321" VPOS="1312" HPOS="166">
            <String HEIGHT="68" WIDTH="198" VPOS="1312" HPOS="144" CONTENT="Ordre" ID="tl_27_1" STYLEREFS="FONT0"/>
            <SP HEIGHT="68" WIDTH="22" VPOS="1312" HPOS="342"/>
            <String HEIGHT="68" WIDTH="132" VPOS="1312" HPOS="276" CONTENT="de" ID="tl_27_2" STYLEREFS="FONT0"/>
            <SP HEIGHT="68" WIDTH="22" VPOS="1312" HPOS="408"/>
            <String HEIGHT="68" WIDTH="242" VPOS="1312" HPOS="342" CONTENT="presser" ID="tl_27_3" STYLEREFS="FONT0"/>
            <SP HEIGHT="68" WIDTH="22" VPOS="1312" HPOS="584"/>
            <String HEIGHT="68" WIDTH="176" VPOS="1312" HPOS="518" CONTENT="avec" ID="tl_27_4" STYLEREFS="FONT0"/>
            <SP HEIGHT="68" WIDTH="22" VPOS="1312" HPOS="694"/>
            <String HEIGHT="68" WIDTH="132" VPOS="1312" HPOS="628" CONTENT="la" ID="tl_27_5" STYLEREFS="FONT0"/>
            <SP HEIGHT="68" WIDTH="22" VPOS="1312" HPOS="760"/>
            <String HEIGHT="68" WIDTH="176" VPOS="1312" HPOS="694" CONTENT="plus" ID="tl_27_6" STYLEREFS="FONT0"/>
            <SP HEIGHT="68" WIDTH="22" VPOS="1312" HPOS="871"/>
            <String HEIGHT="68" WIDTH="220" VPOS="1312" HPOS="804" CONTENT="grande" ID="tl_27_7" STYLEREFS="FONT0"/>
            <SP HEIGHT="68" WIDTH="22" VPOS="1312" HPOS="1025"/>
            <String HEIGHT="68" WIDTH="264" VPOS="1312" HPOS="959" CONTENT="activité" ID="tl_27_8" STYLEREFS="FONT0"/>
            <SP HEIGHT="68" WIDTH="22" VPOS="1312" HPOS="1223"/>
            <String HEIGHT="68" WIDTH="154" VPOS="1312" HPOS="1157" CONTENT="les" ID="tl_27_9" STYLEREFS="FONT0"/>
            <SP HEIGHT="68" WIDTH="22" VPOS="1312" HPOS="1311"/>
            <String HEIGHT="68" WIDTH="242" VPOS="1312" HPOS="1245" CONTENT="travaux" ID="tl_27_10" STYLEREFS="FONT0"/>
            <SP HEIGHT="68" WIDTH="22" VPOS="1312" HPOS="1487"/>
            <String HEIGHT="68" WIDTH="88" VPOS="1312" HPOS="1399" CONTENT="de" ID="tl_27_11" STYLEREFS="FONT0"/>
          </TextLine>
          <TextLine ID="tl_28" BASELINE="1432" HEIGHT="72" WIDTH="852" VPOS="1360" HPOS="123">
            <String HEIGHT="72" WIDTH="234" VPOS="1360" HPOS="102" CONTENT="défense" ID="tl_28_1" STYLEREFS="FONT0"/>
            <SP HEIGHT="72" WIDTH="21" VPOS="1360" HPOS="336"/>
            <String HEIGHT="72" WIDTH="128" VPOS="1360" HPOS="272" CONTENT="de" ID="tl_28_2" STYLEREFS="FONT0"/>
            <SP HEIGHT="72" WIDTH="21" VPOS="1360" HPOS="400"/>
            <String HEIGHT="72" WIDTH="128" VPOS="1360" HPOS="336" CONTENT="la" ID="tl_28_3" STYLEREFS="FONT0"/>
            <SP HEIGHT="72" WIDTH="21" VPOS="1360" HPOS="464"/>
            <String HEIGHT="72" WIDTH="170" VPOS="1360" HPOS="400" CONTENT="rive" ID="tl_28_4" STYLEREFS="FONT0"/>
            <SP HEIGHT="72" WIDTH="21" VPOS="1360" HPOS="570"/>
            <String HEIGHT="72" WIDTH="213" VPOS="1360" HPOS="506" CONTENT="gauche" ID="tl_28_5" STYLEREFS="FONT0"/>
            <SP HEIGHT="72" WIDTH="21" VPOS="1360" HPOS="719"/>
            <String HEIGHT="72" WIDTH="128" VPOS="1360" HPOS="656" CONTENT="de" ID="tl_28_6" STYLEREFS="FONT0"/>
            <SP HEIGHT="72" WIDTH="21" VPOS="1360" HPOS="783"/>
            <String HEIGHT="72" WIDTH="128" VPOS="1360" HPOS="719" CONTENT="la" ID="tl_28_7" STYLEREFS="FONT0"/>
            <SP HEIGHT="72" WIDTH="21" VPOS="1360" HPOS="847"/>
            <String HEIGHT="72" WIDTH="213" VPOS="1360" HPOS="762" CONTENT="Seine..." ID="tl_28_8" STYLEREFS="FONT0"/>
          </TextLine>
        </TextBlock>
        <TextBlock ID="r_2_14" HEIGHT="51" WIDTH="1393" VPOS="1429" HPOS="87">
          <TextLine ID="tl_29" BASELINE="1495" HEIGHT="77" WIDTH="1408" VPOS="1418" HPOS="79">
            <String HEIGHT="77" WIDTH="186" VPOS="1418" HPOS="58" CONTENT="3672." ID="tl_29_1" STYLEREFS="FONT0"/>
            <SP HEIGHT="77" WIDTH="21" VPOS="1418" HPOS="245"/>
            <String HEIGHT="77" WIDTH="414" VPOS="1418" HPOS="183" CONTENT="Delamalle" ID="tl_29_2" STYLEREFS="FONT1"/>
            <SP HEIGHT="77" WIDTH="21" VPOS="1418" HPOS="597"/>
            <String HEIGHT="77" WIDTH="456" VPOS="1418" HPOS="535" CONTENT="(Gaspard-Gilbert)," ID="tl_29_3" STYLEREFS="FONT0"/>
            <SP HEIGHT="77" WIDTH="21" VPOS="1418" HPOS="990"/>
            <String HEIGHT="77" WIDTH="207" VPOS="1418" HPOS="928" CONTENT="avocat" ID="tl_29_4" STYLEREFS="FONT0"/>
            <SP HEIGHT="77" WIDTH="21" VPOS="1418" HPOS="1135"/>
            <String HEIGHT="77" WIDTH="124" VPOS="1418" HPOS="1073" CONTENT="au" ID="tl_29_5" STYLEREFS="FONT0"/>
            <SP HEIGHT="77" WIDTH="21" VPOS="1418" HPOS="1197"/>
            <String HEIGHT="77" WIDTH="269" VPOS="1418" HPOS="1135" CONTENT="Parlement" ID="tl_29_6" STYLEREFS="FONT0"/>
            <SP HEIGHT="77" WIDTH="21" VPOS="1418" HPOS="1404"/>
            <String HEIGHT="77" WIDTH="124" VPOS="1418" HPOS="1342" CONTENT="de" ID="tl_29_7" STYLEREFS="FONT0"/>
            <SP HEIGHT="77" WIDTH="21" VPOS="1418" HPOS="1466"/>
            <String HEIGHT="77" WIDTH="104" VPOS="1418" HPOS="1383" CONTENT="Pa" ID="tl_29_8" STYLEREFS="FONT0"/>
          </TextLine>
        </TextBlock>
        <TextBlock ID="r_2_15" HEIGHT="144" WIDTH="1351" VPOS="1479" HPOS="127">
          <TextLine ID="tl_30" BASELINE="1537" HEIGHT="56" WIDTH="1365" VPOS="1481" HPOS="120">
            <String HEIGHT="56" WIDTH="179" VPOS="1481" HPOS="98" CONTENT="ris," ID="tl_30_1" STYLEREFS="FONT0"/>
            <SP HEIGHT="56" WIDTH="22" VPOS="1481" HPOS="277"/>
            <String HEIGHT="56" WIDTH="313" VPOS="1481" HPOS="210" CONTENT="inspecteur" ID="tl_30_2" STYLEREFS="FONT0"/>
            <SP HEIGHT="56" WIDTH="22" VPOS="1481" HPOS="523"/>
            <String HEIGHT="56" WIDTH="246" VPOS="1481" HPOS="456" CONTENT="général" ID="tl_30_3" STYLEREFS="FONT0"/>
            <SP HEIGHT="56" WIDTH="22" VPOS="1481" HPOS="702"/>
            <String HEIGHT="56" WIDTH="157" VPOS="1481" HPOS="635" CONTENT="des" ID="tl_30_4" STYLEREFS="FONT0"/>
            <SP HEIGHT="56" WIDTH="22" VPOS="1481" HPOS="791"/>
            <String HEIGHT="56" WIDTH="246" VPOS="1481" HPOS="724" CONTENT="études," ID="tl_30_5" STYLEREFS="FONT0"/>
            <SP HEIGHT="56" WIDTH="22" VPOS="1481" HPOS="970"/>
            <String HEIGHT="56" WIDTH="246" VPOS="1481" HPOS="903" CONTENT="célèbre" ID="tl_30_6" STYLEREFS="FONT0"/>
            <SP HEIGHT="56" WIDTH="22" VPOS="1481" HPOS="1149"/>
            <String HEIGHT="56" WIDTH="157" VPOS="1481" HPOS="1082" CONTENT="par" ID="tl_30_7" STYLEREFS="FONT0"/>
            <SP HEIGHT="56" WIDTH="22" VPOS="1481" HPOS="1239"/>
            <String HEIGHT="56" WIDTH="157" VPOS="1481" HPOS="1172" CONTENT="son" ID="tl_30_8" STYLEREFS="FONT0"/>
            <SP HEIGHT="56" WIDTH="22" VPOS="1481" HPOS="1328"/>
            <String HEIGHT="56" WIDTH="246" VPOS="1481" HPOS="1239" CONTENT="plaidoyer" ID="tl_30_9" STYLEREFS="FONT0"/>
          </TextLine>
          <TextLine ID="tl_31" BASELINE="1598" HEIGHT="74" WIDTH="1365" VPOS="1524" HPOS="119">
            <String HEIGHT="74" WIDTH="179" VPOS="1524" HPOS="97" CONTENT="pour" ID="tl_31_1" STYLEREFS="FONT0"/>
            <SP HEIGHT="74" WIDTH="22" VPOS="1524" HPOS="276"/>
            <String HEIGHT="74" WIDTH="134" VPOS="1524" HPOS="209" CONTENT="la" ID="tl_31_2" STYLEREFS="FONT0"/>
            <SP HEIGHT="74" WIDTH="22" VPOS="1524" HPOS="343"/>
            <String HEIGHT="74" WIDTH="269" VPOS="1524" HPOS="276" CONTENT="marquise" ID="tl_31_3" STYLEREFS="FONT0"/>
            <SP HEIGHT="74" WIDTH="22" VPOS="1524" HPOS="544"/>
            <String HEIGHT="74" WIDTH="134" VPOS="1524" HPOS="477" CONTENT="de" ID="tl_31_4" STYLEREFS="FONT0"/>
            <SP HEIGHT="74" WIDTH="22" VPOS="1524" HPOS="611"/>
            <String HEIGHT="74" WIDTH="291" VPOS="1524" HPOS="544" CONTENT="Mirabeau," ID="tl_31_5" STYLEREFS="FONT0"/>
            <SP HEIGHT="74" WIDTH="22" VPOS="1524" HPOS="835"/>
            <String HEIGHT="74" WIDTH="179" VPOS="1524" HPOS="768" CONTENT="mère" ID="tl_31_6" STYLEREFS="FONT0"/>
            <SP HEIGHT="74" WIDTH="22" VPOS="1524" HPOS="947"/>
            <String HEIGHT="74" WIDTH="134" VPOS="1524" HPOS="880" CONTENT="de" ID="tl_31_7" STYLEREFS="FONT0"/>
            <SP HEIGHT="74" WIDTH="22" VPOS="1524" HPOS="1014"/>
            <String HEIGHT="74" WIDTH="313" VPOS="1524" HPOS="947" CONTENT="l’orateur." ID="tl_31_8" STYLEREFS="FONT0"/>
            <SP HEIGHT="74" WIDTH="22" VPOS="1524" HPOS="1260"/>
            <String HEIGHT="74" WIDTH="134" VPOS="1524" HPOS="1193" CONTENT="L." ID="tl_31_9" STYLEREFS="FONT0"/>
            <SP HEIGHT="74" WIDTH="22" VPOS="1524" HPOS="1327"/>
            <String HEIGHT="74" WIDTH="179" VPOS="1524" HPOS="1260" CONTENT="aut." ID="tl_31_10" STYLEREFS="FONT0"/>
            <SP HEIGHT="74" WIDTH="22" VPOS="1524" HPOS="1439"/>
            <String HEIGHT="74" WIDTH="134" VPOS="1524" HPOS="1350" CONTENT="sig." ID="tl_31_11" STYLEREFS="FONT0"/>
          </TextLine>
          <TextLine ID="tl_32" BASELINE="1627" HEIGHT="63" WIDTH="1364" VPOS="1564" HPOS="120">
            <String HEIGHT="63" WIDTH="227" VPOS="1564" HPOS="82" CONTENT="10" ID="tl_32_1" STYLEREFS="FONT0"/>
            <SP HEIGHT="63" WIDTH="38" VPOS="1564" HPOS="309"/>
            <String HEIGHT="63" WIDTH="417" VPOS="1564" HPOS="196" CONTENT="janvier" ID="tl_32_2" STYLEREFS="FONT0"/>
            <SP HEIGHT="63" WIDTH="38" VPOS="1564" HPOS="613"/>
            <String HEIGHT="63" WIDTH="341" VPOS="1564" HPOS="499" CONTENT="1824." ID="tl_32_3" STYLEREFS="FONT0"/>
            <SP HEIGHT="63" WIDTH="38" VPOS="1564" HPOS="840"/>
            <String HEIGHT="63" WIDTH="227" VPOS="1564" HPOS="726" CONTENT="1." ID="tl_32_4" STYLEREFS="FONT0"/>
            <SP HEIGHT="63" WIDTH="38" VPOS="1564" HPOS="954"/>
            <String HEIGHT="63" WIDTH="227" VPOS="1564" HPOS="840" CONTENT="p." ID="tl_32_5" STYLEREFS="FONT0"/>
            <SP HEIGHT="63" WIDTH="38" VPOS="1564" HPOS="1067"/>
            <String HEIGHT="63" WIDTH="265" VPOS="1564" HPOS="954" CONTENT="pl." ID="tl_32_6" STYLEREFS="FONT0"/>
            <SP HEIGHT="63" WIDTH="38" VPOS="1564" HPOS="1219"/>
            <String HEIGHT="63" WIDTH="341" VPOS="1564" HPOS="1105" CONTENT="in-4." ID="tl_32_7" STYLEREFS="FONT0"/>
            <SP HEIGHT="63" WIDTH="38" VPOS="1564" HPOS="1446"/>
            <String HEIGHT="63" WIDTH="189" VPOS="1564" HPOS="1332" CONTENT="3" ID="tl_32_8" STYLEREFS="FONT0"/>
            <SP HEIGHT="63" WIDTH="38" VPOS="1564" HPOS="1522"/>
            <String HEIGHT="63" WIDTH="114" VPOS="1564" HPOS="1370" CONTENT="»" ID="tl_32_9" STYLEREFS="FONT0"/>
          </TextLine>
        </TextBlock>
        <TextBlock ID="r_2_16" HEIGHT="51" WIDTH="1388" VPOS="1620" HPOS="87">
          <TextLine ID="tl_33" BASELINE="1689" HEIGHT="85" WIDTH="1403" VPOS="1604" HPOS="79">
            <String HEIGHT="85" WIDTH="186" VPOS="1604" HPOS="58" CONTENT="3673." ID="tl_33_1" STYLEREFS="FONT0"/>
            <SP HEIGHT="85" WIDTH="21" VPOS="1604" HPOS="244"/>
            <String HEIGHT="85" WIDTH="413" VPOS="1604" HPOS="182" CONTENT="Delangle," ID="tl_33_2" STYLEREFS="FONT1"/>
            <SP HEIGHT="85" WIDTH="21" VPOS="1604" HPOS="595"/>
            <String HEIGHT="85" WIDTH="227" VPOS="1604" HPOS="533" CONTENT="avocat," ID="tl_33_3" STYLEREFS="FONT0"/>
            <SP HEIGHT="85" WIDTH="21" VPOS="1604" HPOS="760"/>
            <String HEIGHT="85" WIDTH="248" VPOS="1604" HPOS="698" CONTENT="ministre" ID="tl_33_4" STYLEREFS="FONT0"/>
            <SP HEIGHT="85" WIDTH="21" VPOS="1604" HPOS="946"/>
            <String HEIGHT="85" WIDTH="124" VPOS="1604" HPOS="884" CONTENT="de" ID="tl_33_5" STYLEREFS="FONT0"/>
            <SP HEIGHT="85" WIDTH="21" VPOS="1604" HPOS="1007"/>
            <String HEIGHT="85" WIDTH="330" VPOS="1604" HPOS="946" CONTENT="l’intérieur." ID="tl_33_6" STYLEREFS="FONT0"/>
            <SP HEIGHT="85" WIDTH="21" VPOS="1604" HPOS="1276"/>
            <String HEIGHT="85" WIDTH="124" VPOS="1604" HPOS="1214" CONTENT="L." ID="tl_33_7" STYLEREFS="FONT0"/>
            <SP HEIGHT="85" WIDTH="21" VPOS="1604" HPOS="1338"/>
            <String HEIGHT="85" WIDTH="165" VPOS="1604" HPOS="1276" CONTENT="aut." ID="tl_33_8" STYLEREFS="FONT0"/>
            <SP HEIGHT="85" WIDTH="21" VPOS="1604" HPOS="1441"/>
            <String HEIGHT="85" WIDTH="124" VPOS="1604" HPOS="1358" CONTENT="sig." ID="tl_33_9" STYLEREFS="FONT0"/>
          </TextLine>
        </TextBlock>
        <TextBlock ID="r_2_17" HEIGHT="49" WIDTH="1346" VPOS="1669" HPOS="128">
          <TextLine ID="tl_34" BASELINE="1716" HEIGHT="58" WIDTH="1361" VPOS="1658" HPOS="120">
            <String HEIGHT="58" WIDTH="454" VPOS="1658" HPOS="70" CONTENT="Mardi" ID="tl_34_1" STYLEREFS="FONT0"/>
            <SP HEIGHT="58" WIDTH="50" VPOS="1658" HPOS="523"/>
            <String HEIGHT="58" WIDTH="454" VPOS="1658" HPOS="372" CONTENT="soir." ID="tl_34_2" STYLEREFS="FONT0"/>
            <SP HEIGHT="58" WIDTH="50" VPOS="1658" HPOS="826"/>
            <String HEIGHT="58" WIDTH="252" VPOS="1658" HPOS="674" CONTENT="1" ID="tl_34_3" STYLEREFS="FONT0"/>
            <SP HEIGHT="58" WIDTH="50" VPOS="1658" HPOS="927"/>
            <String HEIGHT="58" WIDTH="302" VPOS="1658" HPOS="775" CONTENT="p." ID="tl_34_4" STYLEREFS="FONT0"/>
            <SP HEIGHT="58" WIDTH="50" VPOS="1658" HPOS="1078"/>
            <String HEIGHT="58" WIDTH="454" VPOS="1658" HPOS="927" CONTENT="in-8." ID="tl_34_5" STYLEREFS="FONT0"/>
            <SP HEIGHT="58" WIDTH="50" VPOS="1658" HPOS="1380"/>
            <String HEIGHT="58" WIDTH="252" VPOS="1658" HPOS="1229" CONTENT="1" ID="tl_34_6" STYLEREFS="FONT0"/>
            <SP HEIGHT="58" WIDTH="50" VPOS="1658" HPOS="1481"/>
            <String HEIGHT="58" WIDTH="202" VPOS="1658" HPOS="1279" CONTENT="50" ID="tl_34_7" STYLEREFS="FONT0"/>
          </TextLine>
        </TextBlock>
        <TextBlock ID="r_2_18" HEIGHT="51" WIDTH="1389" VPOS="1715" HPOS="86">
          <TextLine ID="tl_35" BASELINE="1764" HEIGHT="66" WIDTH="1403" VPOS="1698" HPOS="79">
            <String HEIGHT="66" WIDTH="183" VPOS="1698" HPOS="59" CONTENT="3674." ID="tl_35_1" STYLEREFS="FONT0"/>
            <SP HEIGHT="66" WIDTH="20" VPOS="1698" HPOS="242"/>
            <String HEIGHT="66" WIDTH="407" VPOS="1698" HPOS="181" CONTENT="Depierre," ID="tl_35_2" STYLEREFS="FONT1"/>
            <SP HEIGHT="66" WIDTH="20" VPOS="1698" HPOS="587"/>
            <String HEIGHT="66" WIDTH="163" VPOS="1698" HPOS="526" CONTENT="curé" ID="tl_35_3" STYLEREFS="FONT0"/>
            <SP HEIGHT="66" WIDTH="20" VPOS="1698" HPOS="689"/>
            <String HEIGHT="66" WIDTH="122" VPOS="1698" HPOS="628" CONTENT="de" ID="tl_35_4" STYLEREFS="FONT0"/>
            <SP HEIGHT="66" WIDTH="20" VPOS="1698" HPOS="750"/>
            <String HEIGHT="66" WIDTH="366" VPOS="1698" HPOS="689" CONTENT="Saint-Sulpice," ID="tl_35_5" STYLEREFS="FONT0"/>
            <SP HEIGHT="66" WIDTH="20" VPOS="1698" HPOS="1055"/>
            <String HEIGHT="66" WIDTH="224" VPOS="1698" HPOS="994" CONTENT="assista" ID="tl_35_6" STYLEREFS="FONT0"/>
            <SP HEIGHT="66" WIDTH="20" VPOS="1698" HPOS="1218"/>
            <String HEIGHT="66" WIDTH="122" VPOS="1698" HPOS="1157" CONTENT="le" ID="tl_35_7" STYLEREFS="FONT0"/>
            <SP HEIGHT="66" WIDTH="20" VPOS="1698" HPOS="1279"/>
            <String HEIGHT="66" WIDTH="244" VPOS="1698" HPOS="1218" CONTENT="maréchal" ID="tl_35_8" STYLEREFS="FONT0"/>
            <SP HEIGHT="66" WIDTH="20" VPOS="1698" HPOS="1462"/>
            <String HEIGHT="66" WIDTH="102" VPOS="1698" HPOS="1380" CONTENT="Ney" ID="tl_35_9" STYLEREFS="FONT0"/>
          </TextLine>
        </TextBlock>
        <TextBlock ID="r_2_19" HEIGHT="99" WIDTH="1348" VPOS="1763" HPOS="127">
          <TextLine ID="tl_36" BASELINE="1815" HEIGHT="61" WIDTH="1363" VPOS="1754" HPOS="119">
            <String HEIGHT="61" WIDTH="108" VPOS="1754" HPOS="97" CONTENT="à" ID="tl_36_1" STYLEREFS="FONT0"/>
            <SP HEIGHT="61" WIDTH="22" VPOS="1754" HPOS="206"/>
            <String HEIGHT="61" WIDTH="151" VPOS="1754" HPOS="141" CONTENT="ses" ID="tl_36_2" STYLEREFS="FONT0"/>
            <SP HEIGHT="61" WIDTH="22" VPOS="1754" HPOS="292"/>
            <String HEIGHT="61" WIDTH="260" VPOS="1754" HPOS="227" CONTENT="derniers" ID="tl_36_3" STYLEREFS="FONT0"/>
            <SP HEIGHT="61" WIDTH="22" VPOS="1754" HPOS="487"/>
            <String HEIGHT="61" WIDTH="260" VPOS="1754" HPOS="422" CONTENT="moments." ID="tl_36_4" STYLEREFS="FONT0"/>
            <SP HEIGHT="61" WIDTH="22" VPOS="1754" HPOS="682"/>
            <String HEIGHT="61" WIDTH="130" VPOS="1754" HPOS="617" CONTENT="L." ID="tl_36_5" STYLEREFS="FONT0"/>
            <SP HEIGHT="61" WIDTH="22" VPOS="1754" HPOS="746"/>
            <String HEIGHT="61" WIDTH="173" VPOS="1754" HPOS="682" CONTENT="aut." ID="tl_36_6" STYLEREFS="FONT0"/>
            <SP HEIGHT="61" WIDTH="22" VPOS="1754" HPOS="855"/>
            <String HEIGHT="61" WIDTH="195" VPOS="1754" HPOS="790" CONTENT="sig.," ID="tl_36_7" STYLEREFS="FONT0"/>
            <SP HEIGHT="61" WIDTH="22" VPOS="1754" HPOS="984"/>
            <String HEIGHT="61" WIDTH="130" VPOS="1754" HPOS="919" CONTENT="au" ID="tl_36_8" STYLEREFS="FONT0"/>
            <SP HEIGHT="61" WIDTH="22" VPOS="1754" HPOS="1049"/>
            <String HEIGHT="61" WIDTH="238" VPOS="1754" HPOS="984" CONTENT="citoyen" ID="tl_36_9" STYLEREFS="FONT0"/>
            <SP HEIGHT="61" WIDTH="22" VPOS="1754" HPOS="1222"/>
            <String HEIGHT="61" WIDTH="260" VPOS="1754" HPOS="1157" CONTENT="Mercier," ID="tl_36_10" STYLEREFS="FONT0"/>
            <SP HEIGHT="61" WIDTH="22" VPOS="1754" HPOS="1417"/>
            <String HEIGHT="61" WIDTH="151" VPOS="1754" HPOS="1331" CONTENT="séna" SUBS_TYPE="HypPart1" SUBS_CONTENT="sénateur." ID="tl_36_11" STYLEREFS="FONT0"/>
            <HYP CONTENT="-"/>
          </TextLine>
          <TextLine ID="tl_37" BASELINE="1857" HEIGHT="51" WIDTH="1361" VPOS="1806" HPOS="121">
            <String HEIGHT="51" WIDTH="285" VPOS="1806" HPOS="89" CONTENT="teur." SUBS_TYPE="HypPart2" SUBS_CONTENT="sénateur." ID="tl_37_1" STYLEREFS="FONT0"/>
            <SP HEIGHT="51" WIDTH="32" VPOS="1806" HPOS="374"/>
            <String HEIGHT="51" WIDTH="317" VPOS="1806" HPOS="279" CONTENT="Paris," ID="tl_37_2" STYLEREFS="FONT0"/>
            <SP HEIGHT="51" WIDTH="32" VPOS="1806" HPOS="596"/>
            <String HEIGHT="51" WIDTH="190" VPOS="1806" HPOS="501" CONTENT="26" ID="tl_37_3" STYLEREFS="FONT0"/>
            <SP HEIGHT="51" WIDTH="32" VPOS="1806" HPOS="691"/>
            <String HEIGHT="51" WIDTH="506" VPOS="1806" HPOS="596" CONTENT="vendémiaire." ID="tl_37_4" STYLEREFS="FONT0"/>
            <SP HEIGHT="51" WIDTH="32" VPOS="1806" HPOS="1102"/>
            <String HEIGHT="51" WIDTH="158" VPOS="1806" HPOS="1007" CONTENT="1" ID="tl_37_5" STYLEREFS="FONT0"/>
            <SP HEIGHT="51" WIDTH="32" VPOS="1806" HPOS="1165"/>
            <String HEIGHT="51" WIDTH="190" VPOS="1806" HPOS="1071" CONTENT="p." ID="tl_37_6" STYLEREFS="FONT0"/>
            <SP HEIGHT="51" WIDTH="32" VPOS="1806" HPOS="1260"/>
            <String HEIGHT="51" WIDTH="285" VPOS="1806" HPOS="1165" CONTENT="in-4." ID="tl_37_7" STYLEREFS="FONT0"/>
            <SP HEIGHT="51" WIDTH="32" VPOS="1806" HPOS="1450"/>
            <String HEIGHT="51" WIDTH="158" VPOS="1806" HPOS="1355" CONTENT="3" ID="tl_37_8" STYLEREFS="FONT0"/>
            <SP HEIGHT="51" WIDTH="32" VPOS="1806" HPOS="1514"/>
            <String HEIGHT="51" WIDTH="95" VPOS="1806" HPOS="1387" CONTENT="»" ID="tl_37_9" STYLEREFS="FONT0"/>
          </TextLine>
        </TextBlock>
        <TextBlock ID="r_2_20" HEIGHT="51" WIDTH="1388" VPOS="1858" HPOS="86">
          <TextLine ID="tl_38" BASELINE="1909" HEIGHT="76" WIDTH="1405" VPOS="1833" HPOS="77">
            <String HEIGHT="76" WIDTH="192" VPOS="1833" HPOS="56" CONTENT="3675." ID="tl_38_1" STYLEREFS="FONT0"/>
            <SP HEIGHT="76" WIDTH="21" VPOS="1833" HPOS="247"/>
            <String HEIGHT="76" WIDTH="213" VPOS="1833" HPOS="183" CONTENT="Des" ID="tl_38_2" STYLEREFS="FONT1"/>
            <SP HEIGHT="76" WIDTH="21" VPOS="1833" HPOS="396"/>
            <String HEIGHT="76" WIDTH="319" VPOS="1833" HPOS="332" CONTENT="Alleurs" ID="tl_38_3" STYLEREFS="FONT1"/>
            <SP HEIGHT="76" WIDTH="21" VPOS="1833" HPOS="652"/>
            <String HEIGHT="76" WIDTH="149" VPOS="1833" HPOS="588" CONTENT="(le" ID="tl_38_4" STYLEREFS="FONT0"/>
            <SP HEIGHT="76" WIDTH="21" VPOS="1833" HPOS="737"/>
            <String HEIGHT="76" WIDTH="234" VPOS="1833" HPOS="673" CONTENT="comte)," ID="tl_38_5" STYLEREFS="FONT0"/>
            <SP HEIGHT="76" WIDTH="21" VPOS="1833" HPOS="907"/>
            <String HEIGHT="76" WIDTH="319" VPOS="1833" HPOS="843" CONTENT="ambassadeur" ID="tl_38_6" STYLEREFS="FONT0"/>
            <SP HEIGHT="76" WIDTH="21" VPOS="1833" HPOS="1163"/>
            <String HEIGHT="76" WIDTH="106" VPOS="1833" HPOS="1099" CONTENT="à" ID="tl_38_7" STYLEREFS="FONT0"/>
            <SP HEIGHT="76" WIDTH="21" VPOS="1833" HPOS="1205"/>
            <String HEIGHT="76" WIDTH="362" VPOS="1833" HPOS="1120" CONTENT="Constantinople." ID="tl_38_8" STYLEREFS="FONT0"/>
          </TextLine>
        </TextBlock>
        <TextBlock ID="r_2_21" HEIGHT="99" WIDTH="1348" VPOS="1907" HPOS="128">
          <TextLine ID="tl_39" BASELINE="1952" HEIGHT="56" WIDTH="1363" VPOS="1896" HPOS="121">
            <String HEIGHT="56" WIDTH="117" VPOS="1896" HPOS="102" CONTENT="L." ID="tl_39_1" STYLEREFS="FONT0"/>
            <SP HEIGHT="56" WIDTH="19" VPOS="1896" HPOS="218"/>
            <String HEIGHT="56" WIDTH="156" VPOS="1896" HPOS="160" CONTENT="aut." ID="tl_39_2" STYLEREFS="FONT0"/>
            <SP HEIGHT="56" WIDTH="19" VPOS="1896" HPOS="316"/>
            <String HEIGHT="56" WIDTH="175" VPOS="1896" HPOS="257" CONTENT="sig.," ID="tl_39_3" STYLEREFS="FONT0"/>
            <SP HEIGHT="56" WIDTH="19" VPOS="1896" HPOS="433"/>
            <String HEIGHT="56" WIDTH="97" VPOS="1896" HPOS="374" CONTENT="à" ID="tl_39_4" STYLEREFS="FONT0"/>
            <SP HEIGHT="56" WIDTH="19" VPOS="1896" HPOS="471"/>
            <String HEIGHT="56" WIDTH="156" VPOS="1896" HPOS="413" CONTENT="M..." ID="tl_39_5" STYLEREFS="FONT0"/>
            <SP HEIGHT="56" WIDTH="19" VPOS="1896" HPOS="569"/>
            <String HEIGHT="56" WIDTH="195" VPOS="1896" HPOS="510" CONTENT="Paris," ID="tl_39_6" STYLEREFS="FONT0"/>
            <SP HEIGHT="56" WIDTH="19" VPOS="1896" HPOS="705"/>
            <String HEIGHT="56" WIDTH="97" VPOS="1896" HPOS="647" CONTENT="à" ID="tl_39_7" STYLEREFS="FONT0"/>
            <SP HEIGHT="56" WIDTH="19" VPOS="1896" HPOS="744"/>
            <String HEIGHT="56" WIDTH="292" VPOS="1896" HPOS="686" CONTENT="l’Institut," ID="tl_39_8" STYLEREFS="FONT0"/>
            <SP HEIGHT="56" WIDTH="19" VPOS="1896" HPOS="978"/>
            <String HEIGHT="56" WIDTH="117" VPOS="1896" HPOS="919" CONTENT="21" ID="tl_39_9" STYLEREFS="FONT0"/>
            <SP HEIGHT="56" WIDTH="19" VPOS="1896" HPOS="1036"/>
            <String HEIGHT="56" WIDTH="136" VPOS="1896" HPOS="978" CONTENT="mai" ID="tl_39_10" STYLEREFS="FONT0"/>
            <SP HEIGHT="56" WIDTH="19" VPOS="1896" HPOS="1114"/>
            <String HEIGHT="56" WIDTH="175" VPOS="1896" HPOS="1056" CONTENT="1721." ID="tl_39_11" STYLEREFS="FONT0"/>
            <SP HEIGHT="56" WIDTH="19" VPOS="1896" HPOS="1231"/>
            <String HEIGHT="56" WIDTH="97" VPOS="1896" HPOS="1172" CONTENT="5" ID="tl_39_12" STYLEREFS="FONT0"/>
            <SP HEIGHT="56" WIDTH="19" VPOS="1896" HPOS="1270"/>
            <String HEIGHT="56" WIDTH="117" VPOS="1896" HPOS="1211" CONTENT="p." ID="tl_39_13" STYLEREFS="FONT0"/>
            <SP HEIGHT="56" WIDTH="19" VPOS="1896" HPOS="1328"/>
            <String HEIGHT="56" WIDTH="175" VPOS="1896" HPOS="1270" CONTENT="in-4." ID="tl_39_14" STYLEREFS="FONT0"/>
            <SP HEIGHT="56" WIDTH="19" VPOS="1896" HPOS="1445"/>
            <String HEIGHT="56" WIDTH="117" VPOS="1896" HPOS="1367" CONTENT="(Fa" SUBS_TYPE="HypPart1" SUBS_CONTENT="(Fatiguée.)" ID="tl_39_15" STYLEREFS="FONT0"/>
            <HYP CONTENT="-"/>
          </TextLine>
          <TextLine ID="tl_40" BASELINE="2032" HEIGHT="79" WIDTH="1361" VPOS="1953" HPOS="120">
            <String HEIGHT="79" WIDTH="628" VPOS="1953" HPOS="68" CONTENT="tiguée.)" SUBS_TYPE="HypPart2" SUBS_CONTENT="(Fatiguée.)" ID="tl_40_1" STYLEREFS="FONT0"/>
            <SP HEIGHT="79" WIDTH="52" VPOS="1953" HPOS="696"/>
            <String HEIGHT="79" WIDTH="890" VPOS="1953" HPOS="539" CONTENT="Intéressante." ID="tl_40_2" STYLEREFS="FONT0"/>
            <SP HEIGHT="79" WIDTH="52" VPOS="1953" HPOS="1429"/>
            <String HEIGHT="79" WIDTH="262" VPOS="1953" HPOS="1272" CONTENT="3" ID="tl_40_3" STYLEREFS="FONT0"/>
            <SP HEIGHT="79" WIDTH="52" VPOS="1953" HPOS="1533"/>
            <String HEIGHT="79" WIDTH="157" VPOS="1953" HPOS="1324" CONTENT="»" ID="tl_40_4" STYLEREFS="FONT0"/>
          </TextLine>
        </TextBlock>
        <TextBlock ID="r_2_22" HEIGHT="101" WIDTH="1349" VPOS="2008" HPOS="128">
          <TextLine ID="tl_41" BASELINE="2067" HEIGHT="75" WIDTH="1314" VPOS="1992" HPOS="171">
            <String HEIGHT="75" WIDTH="110" VPOS="1992" HPOS="149" CONTENT="." ID="tl_41_1" STYLEREFS="FONT0"/>
            <SP HEIGHT="75" WIDTH="22" VPOS="1992" HPOS="259"/>
            <String HEIGHT="75" WIDTH="153" VPOS="1992" HPOS="193" CONTENT=".Il" ID="tl_41_2" STYLEREFS="FONT0"/>
            <SP HEIGHT="75" WIDTH="22" VPOS="1992" HPOS="346"/>
            <String HEIGHT="75" WIDTH="219" VPOS="1992" HPOS="281" CONTENT="attend" ID="tl_41_3" STYLEREFS="FONT0"/>
            <SP HEIGHT="75" WIDTH="22" VPOS="1992" HPOS="500"/>
            <String HEIGHT="75" WIDTH="153" VPOS="1992" HPOS="434" CONTENT="les" ID="tl_41_4" STYLEREFS="FONT0"/>
            <SP HEIGHT="75" WIDTH="22" VPOS="1992" HPOS="587"/>
            <String HEIGHT="75" WIDTH="350" VPOS="1992" HPOS="521" CONTENT="ambassadeurs" ID="tl_41_5" STYLEREFS="FONT0"/>
            <SP HEIGHT="75" WIDTH="22" VPOS="1992" HPOS="872"/>
            <String HEIGHT="75" WIDTH="131" VPOS="1992" HPOS="806" CONTENT="de" ID="tl_41_6" STYLEREFS="FONT0"/>
            <SP HEIGHT="75" WIDTH="22" VPOS="1992" HPOS="938"/>
            <String HEIGHT="75" WIDTH="219" VPOS="1992" HPOS="872" CONTENT="Venise" ID="tl_41_7" STYLEREFS="FONT0"/>
            <SP HEIGHT="75" WIDTH="22" VPOS="1992" HPOS="1091"/>
            <String HEIGHT="75" WIDTH="175" VPOS="1992" HPOS="1025" CONTENT="pour" ID="tl_41_8" STYLEREFS="FONT0"/>
            <SP HEIGHT="75" WIDTH="22" VPOS="1992" HPOS="1200"/>
            <String HEIGHT="75" WIDTH="175" VPOS="1992" HPOS="1135" CONTENT="leur" ID="tl_41_9" STYLEREFS="FONT0"/>
            <SP HEIGHT="75" WIDTH="22" VPOS="1992" HPOS="1310"/>
            <String HEIGHT="75" WIDTH="197" VPOS="1992" HPOS="1244" CONTENT="faire" ID="tl_41_10" STYLEREFS="FONT0"/>
            <SP HEIGHT="75" WIDTH="22" VPOS="1992" HPOS="1441"/>
            <String HEIGHT="75" WIDTH="131" VPOS="1992" HPOS="1354" CONTENT="con" SUBS_TYPE="HypPart1" SUBS_CONTENT="connaître" ID="tl_41_11" STYLEREFS="FONT0"/>
            <HYP CONTENT="-"/>
          </TextLine>
          <TextLine ID="tl_42" BASELINE="2114" HEIGHT="81" WIDTH="917" VPOS="2033" HPOS="120">
            <String HEIGHT="81" WIDTH="208" VPOS="2033" HPOS="99" CONTENT="naître" SUBS_TYPE="HypPart2" SUBS_CONTENT="connaître" ID="tl_42_1" STYLEREFS="FONT0"/>
            <SP HEIGHT="81" WIDTH="21" VPOS="2033" HPOS="308"/>
            <String HEIGHT="81" WIDTH="167" VPOS="2033" HPOS="245" CONTENT="leur" ID="tl_42_2" STYLEREFS="FONT0"/>
            <SP HEIGHT="81" WIDTH="21" VPOS="2033" HPOS="412"/>
            <String HEIGHT="81" WIDTH="313" VPOS="2033" HPOS="349" CONTENT="ingratitude" ID="tl_42_3" STYLEREFS="FONT0"/>
            <SP HEIGHT="81" WIDTH="21" VPOS="2033" HPOS="662"/>
            <String HEIGHT="81" WIDTH="167" VPOS="2033" HPOS="599" CONTENT="sans" ID="tl_42_4" STYLEREFS="FONT0"/>
            <SP HEIGHT="81" WIDTH="21" VPOS="2033" HPOS="766"/>
            <String HEIGHT="81" WIDTH="146" VPOS="2033" HPOS="704" CONTENT="les" ID="tl_42_5" STYLEREFS="FONT0"/>
            <SP HEIGHT="81" WIDTH="21" VPOS="2033" HPOS="849"/>
            <String HEIGHT="81" WIDTH="271" VPOS="2033" HPOS="766" CONTENT="épargner..." ID="tl_42_6" STYLEREFS="FONT0"/>
          </TextLine>
        </TextBlock>
        <TextBlock ID="r_2_23" HEIGHT="339" WIDTH="1390" VPOS="2104" HPOS="88">
          <TextLine ID="tl_43" BASELINE="2179" HEIGHT="98" WIDTH="1404" VPOS="2081" HPOS="80">
            <String HEIGHT="98" WIDTH="194" VPOS="2081" HPOS="58" CONTENT="3676." ID="tl_43_1" STYLEREFS="FONT0"/>
            <SP HEIGHT="98" WIDTH="22" VPOS="2081" HPOS="253"/>
            <String HEIGHT="98" WIDTH="432" VPOS="2081" HPOS="188" CONTENT="Desmarest" ID="tl_43_2" STYLEREFS="FONT1"/>
            <SP HEIGHT="98" WIDTH="22" VPOS="2081" HPOS="620"/>
            <String HEIGHT="98" WIDTH="302" VPOS="2081" HPOS="555" CONTENT="(Nicolas)," ID="tl_43_3" STYLEREFS="FONT0"/>
            <SP HEIGHT="98" WIDTH="22" VPOS="2081" HPOS="858"/>
            <String HEIGHT="98" WIDTH="216" VPOS="2081" HPOS="793" CONTENT="membre" ID="tl_43_4" STYLEREFS="FONT0"/>
            <SP HEIGHT="98" WIDTH="22" VPOS="2081" HPOS="1009"/>
            <String HEIGHT="98" WIDTH="130" VPOS="2081" HPOS="944" CONTENT="de" ID="tl_43_5" STYLEREFS="FONT0"/>
            <SP HEIGHT="98" WIDTH="22" VPOS="2081" HPOS="1074"/>
            <String HEIGHT="98" WIDTH="302" VPOS="2081" HPOS="1009" CONTENT="l’Académie" ID="tl_43_6" STYLEREFS="FONT0"/>
            <SP HEIGHT="98" WIDTH="22" VPOS="2081" HPOS="1311"/>
            <String HEIGHT="98" WIDTH="151" VPOS="2081" HPOS="1246" CONTENT="des" ID="tl_43_7" STYLEREFS="FONT0"/>
            <SP HEIGHT="98" WIDTH="22" VPOS="2081" HPOS="1398"/>
            <String HEIGHT="98" WIDTH="173" VPOS="2081" HPOS="1311" CONTENT="scien" SUBS_TYPE="HypPart1" SUBS_CONTENT="sciences:" ID="tl_43_8" STYLEREFS="FONT0"/>
            <HYP CONTENT="-"/>
          </TextLine>
          <TextLine ID="tl_44" BASELINE="2197" HEIGHT="54" WIDTH="1363" VPOS="2143" HPOS="119">
            <String HEIGHT="54" WIDTH="170" VPOS="2143" HPOS="98" CONTENT="ces:" SUBS_TYPE="HypPart2" SUBS_CONTENT="sciences:" ID="tl_44_1" STYLEREFS="FONT0"/>
            <SP HEIGHT="54" WIDTH="21" VPOS="2143" HPOS="268"/>
            <String HEIGHT="54" WIDTH="128" VPOS="2143" HPOS="204" CONTENT="1°" ID="tl_44_2" STYLEREFS="FONT0"/>
            <SP HEIGHT="54" WIDTH="21" VPOS="2143" HPOS="332"/>
            <String HEIGHT="54" WIDTH="234" VPOS="2143" HPOS="268" CONTENT="Mémoire" ID="tl_44_3" STYLEREFS="FONT0"/>
            <SP HEIGHT="54" WIDTH="21" VPOS="2143" HPOS="502"/>
            <String HEIGHT="54" WIDTH="298" VPOS="2143" HPOS="438" CONTENT="explicatif" ID="tl_44_4" STYLEREFS="FONT0"/>
            <SP HEIGHT="54" WIDTH="21" VPOS="2143" HPOS="737"/>
            <String HEIGHT="54" WIDTH="128" VPOS="2143" HPOS="673" CONTENT="de" ID="tl_44_5" STYLEREFS="FONT0"/>
            <SP HEIGHT="54" WIDTH="21" VPOS="2143" HPOS="801"/>
            <String HEIGHT="54" WIDTH="149" VPOS="2143" HPOS="737" CONTENT="ses" ID="tl_44_6" STYLEREFS="FONT0"/>
            <SP HEIGHT="54" WIDTH="21" VPOS="2143" HPOS="886"/>
            <String HEIGHT="54" WIDTH="234" VPOS="2143" HPOS="822" CONTENT="travaux" ID="tl_44_7" STYLEREFS="FONT0"/>
            <SP HEIGHT="54" WIDTH="21" VPOS="2143" HPOS="1056"/>
            <String HEIGHT="54" WIDTH="256" VPOS="2143" HPOS="992" CONTENT="relatifs" ID="tl_44_8" STYLEREFS="FONT0"/>
            <SP HEIGHT="54" WIDTH="21" VPOS="2143" HPOS="1248"/>
            <String HEIGHT="54" WIDTH="106" VPOS="2143" HPOS="1184" CONTENT="à" ID="tl_44_9" STYLEREFS="FONT0"/>
            <SP HEIGHT="54" WIDTH="21" VPOS="2143" HPOS="1290"/>
            <String HEIGHT="54" WIDTH="192" VPOS="2143" HPOS="1226" CONTENT="l’art" ID="tl_44_10" STYLEREFS="FONT0"/>
            <SP HEIGHT="54" WIDTH="21" VPOS="2143" HPOS="1418"/>
            <String HEIGHT="54" WIDTH="128" VPOS="2143" HPOS="1354" CONTENT="de" ID="tl_44_11" STYLEREFS="FONT0"/>
            <SP HEIGHT="54" WIDTH="21" VPOS="2143" HPOS="1482"/>
            <String HEIGHT="54" WIDTH="85" VPOS="2143" HPOS="1397" CONTENT="la" ID="tl_44_12" STYLEREFS="FONT0"/>
          </TextLine>
          <TextLine ID="tl_45" BASELINE="2248" HEIGHT="61" WIDTH="1361" VPOS="2187" HPOS="122">
            <String HEIGHT="61" WIDTH="312" VPOS="2187" HPOS="100" CONTENT="papeterie." ID="tl_45_1" STYLEREFS="FONT0"/>
            <SP HEIGHT="61" WIDTH="22" VPOS="2187" HPOS="412"/>
            <String HEIGHT="61" WIDTH="134" VPOS="2187" HPOS="345" CONTENT="18" ID="tl_45_2" STYLEREFS="FONT0"/>
            <SP HEIGHT="61" WIDTH="22" VPOS="2187" HPOS="479"/>
            <String HEIGHT="61" WIDTH="268" VPOS="2187" HPOS="412" CONTENT="brumaire" ID="tl_45_3" STYLEREFS="FONT0"/>
            <SP HEIGHT="61" WIDTH="22" VPOS="2187" HPOS="680"/>
            <String HEIGHT="61" WIDTH="134" VPOS="2187" HPOS="613" CONTENT="an" ID="tl_45_4" STYLEREFS="FONT0"/>
            <SP HEIGHT="61" WIDTH="22" VPOS="2187" HPOS="747"/>
            <String HEIGHT="61" WIDTH="178" VPOS="2187" HPOS="680" CONTENT="III." ID="tl_45_5" STYLEREFS="FONT0"/>
            <SP HEIGHT="61" WIDTH="22" VPOS="2187" HPOS="858"/>
            <String HEIGHT="61" WIDTH="134" VPOS="2187" HPOS="791" CONTENT="11" ID="tl_45_6" STYLEREFS="FONT0"/>
            <SP HEIGHT="61" WIDTH="22" VPOS="2187" HPOS="925"/>
            <String HEIGHT="61" WIDTH="156" VPOS="2187" HPOS="858" CONTENT="gr." ID="tl_45_7" STYLEREFS="FONT0"/>
            <SP HEIGHT="61" WIDTH="22" VPOS="2187" HPOS="1014"/>
            <String HEIGHT="61" WIDTH="134" VPOS="2187" HPOS="948" CONTENT="p." ID="tl_45_8" STYLEREFS="FONT0"/>
            <SP HEIGHT="61" WIDTH="22" VPOS="2187" HPOS="1081"/>
            <String HEIGHT="61" WIDTH="156" VPOS="2187" HPOS="1014" CONTENT="pl." ID="tl_45_9" STYLEREFS="FONT0"/>
            <SP HEIGHT="61" WIDTH="22" VPOS="2187" HPOS="1171"/>
            <String HEIGHT="61" WIDTH="134" VPOS="2187" HPOS="1104" CONTENT="et" ID="tl_45_10" STYLEREFS="FONT0"/>
            <SP HEIGHT="61" WIDTH="22" VPOS="2187" HPOS="1238"/>
            <String HEIGHT="61" WIDTH="201" VPOS="2187" HPOS="1171" CONTENT="demie" ID="tl_45_11" STYLEREFS="FONT0"/>
            <SP HEIGHT="61" WIDTH="22" VPOS="2187" HPOS="1371"/>
            <String HEIGHT="61" WIDTH="201" VPOS="2187" HPOS="1305" CONTENT="in-4." ID="tl_45_12" STYLEREFS="FONT0"/>
            <SP HEIGHT="61" WIDTH="22" VPOS="2187" HPOS="1505"/>
            <String HEIGHT="61" WIDTH="67" VPOS="2187" HPOS="1416" CONTENT="—" ID="tl_45_13" STYLEREFS="FONT0"/>
          </TextLine>
          <TextLine ID="tl_46" BASELINE="2297" HEIGHT="61" WIDTH="1363" VPOS="2236" HPOS="121">
            <String HEIGHT="61" WIDTH="122" VPOS="2236" HPOS="101" CONTENT="2°" ID="tl_46_1" STYLEREFS="FONT0"/>
            <SP HEIGHT="61" WIDTH="20" VPOS="2236" HPOS="223"/>
            <String HEIGHT="61" WIDTH="224" VPOS="2236" HPOS="162" CONTENT="Rapport" ID="tl_46_2" STYLEREFS="FONT0"/>
            <SP HEIGHT="61" WIDTH="20" VPOS="2236" HPOS="385"/>
            <String HEIGHT="61" WIDTH="122" VPOS="2236" HPOS="324" CONTENT="de" ID="tl_46_3" STYLEREFS="FONT0"/>
            <SP HEIGHT="61" WIDTH="20" VPOS="2236" HPOS="446"/>
            <String HEIGHT="61" WIDTH="264" VPOS="2236" HPOS="385" CONTENT="Lavoisier" ID="tl_46_4" STYLEREFS="FONT0"/>
            <SP HEIGHT="61" WIDTH="20" VPOS="2236" HPOS="650"/>
            <String HEIGHT="61" WIDTH="122" VPOS="2236" HPOS="589" CONTENT="et" ID="tl_46_5" STYLEREFS="FONT0"/>
            <SP HEIGHT="61" WIDTH="20" VPOS="2236" HPOS="711"/>
            <String HEIGHT="61" WIDTH="244" VPOS="2236" HPOS="650" CONTENT="Jumelin," ID="tl_46_6" STYLEREFS="FONT0"/>
            <SP HEIGHT="61" WIDTH="20" VPOS="2236" HPOS="894"/>
            <String HEIGHT="61" WIDTH="122" VPOS="2236" HPOS="833" CONTENT="en" ID="tl_46_7" STYLEREFS="FONT0"/>
            <SP HEIGHT="61" WIDTH="20" VPOS="2236" HPOS="955"/>
            <String HEIGHT="61" WIDTH="163" VPOS="2236" HPOS="894" CONTENT="date" ID="tl_46_8" STYLEREFS="FONT0"/>
            <SP HEIGHT="61" WIDTH="20" VPOS="2236" HPOS="1057"/>
            <String HEIGHT="61" WIDTH="122" VPOS="2236" HPOS="996" CONTENT="du" ID="tl_46_9" STYLEREFS="FONT0"/>
            <SP HEIGHT="61" WIDTH="20" VPOS="2236" HPOS="1118"/>
            <String HEIGHT="61" WIDTH="102" VPOS="2236" HPOS="1057" CONTENT="8" ID="tl_46_10" STYLEREFS="FONT0"/>
            <SP HEIGHT="61" WIDTH="20" VPOS="2236" HPOS="1159"/>
            <String HEIGHT="61" WIDTH="142" VPOS="2236" HPOS="1097" CONTENT="mai" ID="tl_46_11" STYLEREFS="FONT0"/>
            <SP HEIGHT="61" WIDTH="20" VPOS="2236" HPOS="1240"/>
            <String HEIGHT="61" WIDTH="183" VPOS="2236" HPOS="1179" CONTENT="1793," ID="tl_46_12" STYLEREFS="FONT0"/>
            <SP HEIGHT="61" WIDTH="20" VPOS="2236" HPOS="1362"/>
            <String HEIGHT="61" WIDTH="203" VPOS="2236" HPOS="1281" CONTENT="certifié" ID="tl_46_13" STYLEREFS="FONT0"/>
          </TextLine>
          <TextLine ID="tl_47" BASELINE="2347" HEIGHT="54" WIDTH="1361" VPOS="2293" HPOS="122">
            <String HEIGHT="54" WIDTH="247" VPOS="2293" HPOS="101" CONTENT="conforme" ID="tl_47_1" STYLEREFS="FONT0"/>
            <SP HEIGHT="54" WIDTH="21" VPOS="2293" HPOS="349"/>
            <String HEIGHT="54" WIDTH="103" VPOS="2293" HPOS="287" CONTENT="à" ID="tl_47_2" STYLEREFS="FONT0"/>
            <SP HEIGHT="54" WIDTH="21" VPOS="2293" HPOS="390"/>
            <String HEIGHT="54" WIDTH="289" VPOS="2293" HPOS="328" CONTENT="l’original" ID="tl_47_3" STYLEREFS="FONT0"/>
            <SP HEIGHT="54" WIDTH="21" VPOS="2293" HPOS="617"/>
            <String HEIGHT="54" WIDTH="124" VPOS="2293" HPOS="555" CONTENT="et" ID="tl_47_4" STYLEREFS="FONT0"/>
            <SP HEIGHT="54" WIDTH="21" VPOS="2293" HPOS="679"/>
            <String HEIGHT="54" WIDTH="186" VPOS="2293" HPOS="617" CONTENT="signé" ID="tl_47_5" STYLEREFS="FONT0"/>
            <SP HEIGHT="54" WIDTH="21" VPOS="2293" HPOS="803"/>
            <String HEIGHT="54" WIDTH="144" VPOS="2293" HPOS="741" CONTENT="par" ID="tl_47_6" STYLEREFS="FONT0"/>
            <SP HEIGHT="54" WIDTH="21" VPOS="2293" HPOS="885"/>
            <String HEIGHT="54" WIDTH="289" VPOS="2293" HPOS="823" CONTENT="Silvestre," ID="tl_47_7" STYLEREFS="FONT0"/>
            <SP HEIGHT="54" WIDTH="21" VPOS="2293" HPOS="1112"/>
            <String HEIGHT="54" WIDTH="289" VPOS="2293" HPOS="1050" CONTENT="secrétaire" ID="tl_47_8" STYLEREFS="FONT0"/>
            <SP HEIGHT="54" WIDTH="21" VPOS="2293" HPOS="1339"/>
            <String HEIGHT="54" WIDTH="124" VPOS="2293" HPOS="1277" CONTENT="du" ID="tl_47_9" STYLEREFS="FONT0"/>
            <SP HEIGHT="54" WIDTH="21" VPOS="2293" HPOS="1401"/>
            <String HEIGHT="54" WIDTH="165" VPOS="2293" HPOS="1318" CONTENT="bureau" ID="tl_47_10" STYLEREFS="FONT0"/>
          </TextLine>
          <TextLine ID="tl_48" BASELINE="2401" HEIGHT="63" WIDTH="1365" VPOS="2338" HPOS="121">
            <String HEIGHT="63" WIDTH="134" VPOS="2338" HPOS="99" CONTENT="de" ID="tl_48_1" STYLEREFS="FONT0"/>
            <SP HEIGHT="63" WIDTH="22" VPOS="2338" HPOS="233"/>
            <String HEIGHT="63" WIDTH="380" VPOS="2338" HPOS="166" CONTENT="consultation," ID="tl_48_2" STYLEREFS="FONT0"/>
            <SP HEIGHT="63" WIDTH="22" VPOS="2338" HPOS="546"/>
            <String HEIGHT="63" WIDTH="134" VPOS="2338" HPOS="479" CONTENT="au" ID="tl_48_3" STYLEREFS="FONT0"/>
            <SP HEIGHT="63" WIDTH="22" VPOS="2338" HPOS="613"/>
            <String HEIGHT="63" WIDTH="246" VPOS="2338" HPOS="546" CONTENT="Louvre," ID="tl_48_4" STYLEREFS="FONT0"/>
            <SP HEIGHT="63" WIDTH="22" VPOS="2338" HPOS="792"/>
            <String HEIGHT="63" WIDTH="157" VPOS="2338" HPOS="725" CONTENT="sur" ID="tl_48_5" STYLEREFS="FONT0"/>
            <SP HEIGHT="63" WIDTH="22" VPOS="2338" HPOS="882"/>
            <String HEIGHT="63" WIDTH="157" VPOS="2338" HPOS="815" CONTENT="les" ID="tl_48_6" STYLEREFS="FONT0"/>
            <SP HEIGHT="63" WIDTH="22" VPOS="2338" HPOS="971"/>
            <String HEIGHT="63" WIDTH="246" VPOS="2338" HPOS="904" CONTENT="travaux" ID="tl_48_7" STYLEREFS="FONT0"/>
            <SP HEIGHT="63" WIDTH="22" VPOS="2338" HPOS="1150"/>
            <String HEIGHT="63" WIDTH="134" VPOS="2338" HPOS="1083" CONTENT="du" ID="tl_48_8" STYLEREFS="FONT0"/>
            <SP HEIGHT="63" WIDTH="22" VPOS="2338" HPOS="1217"/>
            <String HEIGHT="63" WIDTH="246" VPOS="2338" HPOS="1150" CONTENT="citoyen" ID="tl_48_9" STYLEREFS="FONT0"/>
            <SP HEIGHT="63" WIDTH="22" VPOS="2338" HPOS="1396"/>
            <String HEIGHT="63" WIDTH="179" VPOS="2338" HPOS="1307" CONTENT="Desma" SUBS_TYPE="HypPart1" SUBS_CONTENT="Desmarest," ID="tl_48_10" STYLEREFS="FONT0"/>
            <HYP CONTENT="-"/>
          </TextLine>
          <TextLine ID="tl_49" BASELINE="2435" HEIGHT="53" WIDTH="1362" VPOS="2382" HPOS="122">
            <String HEIGHT="53" WIDTH="208" VPOS="2382" HPOS="99" CONTENT="rest," SUBS_TYPE="HypPart2" SUBS_CONTENT="Desmarest," ID="tl_49_1" STYLEREFS="FONT0"/>
            <SP HEIGHT="53" WIDTH="23" VPOS="2382" HPOS="307"/>
            <String HEIGHT="53" WIDTH="369" VPOS="2382" HPOS="237" CONTENT="relativement" ID="tl_49_2" STYLEREFS="FONT0"/>
            <SP HEIGHT="53" WIDTH="23" VPOS="2382" HPOS="607"/>
            <String HEIGHT="53" WIDTH="162" VPOS="2382" HPOS="538" CONTENT="aux" ID="tl_49_3" STYLEREFS="FONT0"/>
            <SP HEIGHT="53" WIDTH="23" VPOS="2382" HPOS="699"/>
            <String HEIGHT="53" WIDTH="392" VPOS="2382" HPOS="630" CONTENT="papeteries..." ID="tl_49_4" STYLEREFS="FONT0"/>
            <SP HEIGHT="53" WIDTH="23" VPOS="2382" HPOS="1022"/>
            <String HEIGHT="53" WIDTH="139" VPOS="2382" HPOS="953" CONTENT="12" ID="tl_49_5" STYLEREFS="FONT0"/>
            <SP HEIGHT="53" WIDTH="23" VPOS="2382" HPOS="1092"/>
            <String HEIGHT="53" WIDTH="162" VPOS="2382" HPOS="1022" CONTENT="gr." ID="tl_49_6" STYLEREFS="FONT0"/>
            <SP HEIGHT="53" WIDTH="23" VPOS="2382" HPOS="1184"/>
            <String HEIGHT="53" WIDTH="139" VPOS="2382" HPOS="1115" CONTENT="p." ID="tl_49_7" STYLEREFS="FONT0"/>
            <SP HEIGHT="53" WIDTH="23" VPOS="2382" HPOS="1253"/>
            <String HEIGHT="53" WIDTH="254" VPOS="2382" HPOS="1184" CONTENT="in-fol." ID="tl_49_8" STYLEREFS="FONT0"/>
            <SP HEIGHT="53" WIDTH="23" VPOS="2382" HPOS="1438"/>
            <String HEIGHT="53" WIDTH="139" VPOS="2382" HPOS="1369" CONTENT="10" ID="tl_49_9" STYLEREFS="FONT0"/>
            <SP HEIGHT="53" WIDTH="23" VPOS="2382" HPOS="1507"/>
            <String HEIGHT="53" WIDTH="69" VPOS="2382" HPOS="1415" CONTENT="»" ID="tl_49_10" STYLEREFS="FONT0"/>
          </TextLine>
        </TextBlock>
        <TextBlock ID="r_2_24" HEIGHT="103" WIDTH="1392" VPOS="2436" HPOS="87">
          <TextLine ID="tl_50" BASELINE="2477" HEIGHT="53" WIDTH="1406" VPOS="2424" HPOS="80">
            <String HEIGHT="53" WIDTH="186" VPOS="2424" HPOS="59" CONTENT="3677." ID="tl_50_1" STYLEREFS="FONT0"/>
            <SP HEIGHT="53" WIDTH="21" VPOS="2424" HPOS="245"/>
            <String HEIGHT="53" WIDTH="372" VPOS="2424" HPOS="183" CONTENT="Desneux" ID="tl_50_2" STYLEREFS="FONT1"/>
            <SP HEIGHT="53" WIDTH="21" VPOS="2424" HPOS="556"/>
            <String HEIGHT="53" WIDTH="289" VPOS="2424" HPOS="494" CONTENT="(Nicolas)," ID="tl_50_3" STYLEREFS="FONT0"/>
            <SP HEIGHT="53" WIDTH="21" VPOS="2424" HPOS="783"/>
            <String HEIGHT="53" WIDTH="289" VPOS="2424" HPOS="721" CONTENT="chirurgien" ID="tl_50_4" STYLEREFS="FONT0"/>
            <SP HEIGHT="53" WIDTH="21" VPOS="2424" HPOS="1010"/>
            <String HEIGHT="53" WIDTH="124" VPOS="2424" HPOS="948" CONTENT="et" ID="tl_50_5" STYLEREFS="FONT0"/>
            <SP HEIGHT="53" WIDTH="21" VPOS="2424" HPOS="1072"/>
            <String HEIGHT="53" WIDTH="186" VPOS="2424" HPOS="1010" CONTENT="valet" ID="tl_50_6" STYLEREFS="FONT0"/>
            <SP HEIGHT="53" WIDTH="21" VPOS="2424" HPOS="1197"/>
            <String HEIGHT="53" WIDTH="124" VPOS="2424" HPOS="1135" CONTENT="de" ID="tl_50_7" STYLEREFS="FONT0"/>
            <SP HEIGHT="53" WIDTH="21" VPOS="2424" HPOS="1259"/>
            <String HEIGHT="53" WIDTH="227" VPOS="2424" HPOS="1197" CONTENT="chambre" ID="tl_50_8" STYLEREFS="FONT0"/>
            <SP HEIGHT="53" WIDTH="21" VPOS="2424" HPOS="1424"/>
            <String HEIGHT="53" WIDTH="145" VPOS="2424" HPOS="1341" CONTENT="ordi" SUBS_TYPE="HypPart1" SUBS_CONTENT="ordinaire" ID="tl_50_9" STYLEREFS="FONT0"/>
            <HYP CONTENT="-"/>
          </TextLine>
          <TextLine ID="tl_51" BASELINE="2554" HEIGHT="75" WIDTH="1363" VPOS="2479" HPOS="121">
            <String HEIGHT="75" WIDTH="250" VPOS="2479" HPOS="93" CONTENT="naire" SUBS_TYPE="HypPart2" SUBS_CONTENT="ordinaire" ID="tl_51_1" STYLEREFS="FONT0"/>
            <SP HEIGHT="75" WIDTH="28" VPOS="2479" HPOS="344"/>
            <String HEIGHT="75" WIDTH="167" VPOS="2479" HPOS="260" CONTENT="du" ID="tl_51_2" STYLEREFS="FONT0"/>
            <SP HEIGHT="75" WIDTH="28" VPOS="2479" HPOS="427"/>
            <String HEIGHT="75" WIDTH="223" VPOS="2479" HPOS="344" CONTENT="roi." ID="tl_51_3" STYLEREFS="FONT0"/>
            <SP HEIGHT="75" WIDTH="28" VPOS="2479" HPOS="566"/>
            <String HEIGHT="75" WIDTH="278" VPOS="2479" HPOS="483" CONTENT="Quitt." ID="tl_51_4" STYLEREFS="FONT0"/>
            <SP HEIGHT="75" WIDTH="28" VPOS="2479" HPOS="761"/>
            <String HEIGHT="75" WIDTH="223" VPOS="2479" HPOS="677" CONTENT="sig." ID="tl_51_5" STYLEREFS="FONT0"/>
            <SP HEIGHT="75" WIDTH="28" VPOS="2479" HPOS="900"/>
            <String HEIGHT="75" WIDTH="223" VPOS="2479" HPOS="816" CONTENT="(sur" ID="tl_51_6" STYLEREFS="FONT0"/>
            <SP HEIGHT="75" WIDTH="28" VPOS="2479" HPOS="1039"/>
            <String HEIGHT="75" WIDTH="334" VPOS="2479" HPOS="955" CONTENT="parch.)." ID="tl_51_7" STYLEREFS="FONT0"/>
            <SP HEIGHT="75" WIDTH="28" VPOS="2479" HPOS="1289"/>
            <String HEIGHT="75" WIDTH="250" VPOS="2479" HPOS="1206" CONTENT="1559." ID="tl_51_8" STYLEREFS="FONT0"/>
            <SP HEIGHT="75" WIDTH="28" VPOS="2479" HPOS="1456"/>
            <String HEIGHT="75" WIDTH="139" VPOS="2479" HPOS="1373" CONTENT="2" ID="tl_51_9" STYLEREFS="FONT0"/>
            <SP HEIGHT="75" WIDTH="28" VPOS="2479" HPOS="1512"/>
            <String HEIGHT="75" WIDTH="83" VPOS="2479" HPOS="1401" CONTENT="»" ID="tl_51_10" STYLEREFS="FONT0"/>
          </TextLine>
        </TextBlock>
        <TextBlock ID="r_2_25" HEIGHT="54" WIDTH="1388" VPOS="2532" HPOS="88">
          <TextLine ID="tl_52" BASELINE="2576" HEIGHT="57" WIDTH="1404" VPOS="2519" HPOS="80">
            <String HEIGHT="57" WIDTH="189" VPOS="2519" HPOS="59" CONTENT="3678." ID="tl_52_1" STYLEREFS="FONT0"/>
            <SP HEIGHT="57" WIDTH="21" VPOS="2519" HPOS="248"/>
            <String HEIGHT="57" WIDTH="398" VPOS="2519" HPOS="185" CONTENT="Després," ID="tl_52_2" STYLEREFS="FONT1"/>
            <SP HEIGHT="57" WIDTH="21" VPOS="2519" HPOS="583"/>
            <String HEIGHT="57" WIDTH="335" VPOS="2519" HPOS="520" CONTENT="littérateur," ID="tl_52_3" STYLEREFS="FONT0"/>
            <SP HEIGHT="57" WIDTH="21" VPOS="2519" HPOS="855"/>
            <String HEIGHT="57" WIDTH="293" VPOS="2519" HPOS="792" CONTENT="secrétaire" ID="tl_52_4" STYLEREFS="FONT0"/>
            <SP HEIGHT="57" WIDTH="21" VPOS="2519" HPOS="1086"/>
            <String HEIGHT="57" WIDTH="126" VPOS="2519" HPOS="1023" CONTENT="de" ID="tl_52_5" STYLEREFS="FONT0"/>
            <SP HEIGHT="57" WIDTH="21" VPOS="2519" HPOS="1149"/>
            <String HEIGHT="57" WIDTH="126" VPOS="2519" HPOS="1086" CONTENT="la" ID="tl_52_6" STYLEREFS="FONT0"/>
            <SP HEIGHT="57" WIDTH="21" VPOS="2519" HPOS="1212"/>
            <String HEIGHT="57" WIDTH="189" VPOS="2519" HPOS="1149" CONTENT="reine" ID="tl_52_7" STYLEREFS="FONT0"/>
            <SP HEIGHT="57" WIDTH="21" VPOS="2519" HPOS="1337"/>
            <String HEIGHT="57" WIDTH="231" VPOS="2519" HPOS="1253" CONTENT="Hortense." ID="tl_52_8" STYLEREFS="FONT0"/>
          </TextLine>
        </TextBlock>
        <TextBlock ID="r_2_26" HEIGHT="151" WIDTH="1348" VPOS="2580" HPOS="129">
          <TextLine ID="tl_53" BASELINE="2627" HEIGHT="56" WIDTH="1354" VPOS="2571" HPOS="122">
            <String HEIGHT="56" WIDTH="129" VPOS="2571" HPOS="101" CONTENT="1°" ID="tl_53_1" STYLEREFS="FONT0"/>
            <SP HEIGHT="56" WIDTH="21" VPOS="2571" HPOS="229"/>
            <String HEIGHT="56" WIDTH="172" VPOS="2571" HPOS="165" CONTENT="Note" ID="tl_53_2" STYLEREFS="FONT0"/>
            <SP HEIGHT="56" WIDTH="21" VPOS="2571" HPOS="337"/>
            <String HEIGHT="56" WIDTH="172" VPOS="2571" HPOS="272" CONTENT="aut." ID="tl_53_3" STYLEREFS="FONT0"/>
            <SP HEIGHT="56" WIDTH="21" VPOS="2571" HPOS="444"/>
            <String HEIGHT="56" WIDTH="129" VPOS="2571" HPOS="380" CONTENT="de" ID="tl_53_4" STYLEREFS="FONT0"/>
            <SP HEIGHT="56" WIDTH="21" VPOS="2571" HPOS="509"/>
            <String HEIGHT="56" WIDTH="258" VPOS="2571" HPOS="444" CONTENT="quelques" ID="tl_53_5" STYLEREFS="FONT0"/>
            <SP HEIGHT="56" WIDTH="21" VPOS="2571" HPOS="702"/>
            <String HEIGHT="56" WIDTH="236" VPOS="2571" HPOS="638" CONTENT="plantes" ID="tl_53_6" STYLEREFS="FONT0"/>
            <SP HEIGHT="56" WIDTH="21" VPOS="2571" HPOS="874"/>
            <String HEIGHT="56" WIDTH="172" VPOS="2571" HPOS="810" CONTENT="pour" ID="tl_53_7" STYLEREFS="FONT0"/>
            <SP HEIGHT="56" WIDTH="21" VPOS="2571" HPOS="982"/>
            <String HEIGHT="56" WIDTH="129" VPOS="2571" HPOS="917" CONTENT="M." ID="tl_53_8" STYLEREFS="FONT0"/>
            <SP HEIGHT="56" WIDTH="21" VPOS="2571" HPOS="1046"/>
            <String HEIGHT="56" WIDTH="129" VPOS="2571" HPOS="982" CONTENT="de" ID="tl_53_9" STYLEREFS="FONT0"/>
            <SP HEIGHT="56" WIDTH="21" VPOS="2571" HPOS="1111"/>
            <String HEIGHT="56" WIDTH="258" VPOS="2571" HPOS="1046" CONTENT="Bonplan." ID="tl_53_10" STYLEREFS="FONT0"/>
            <SP HEIGHT="56" WIDTH="21" VPOS="2571" HPOS="1304"/>
            <String HEIGHT="56" WIDTH="107" VPOS="2571" HPOS="1240" CONTENT="1" ID="tl_53_11" STYLEREFS="FONT0"/>
            <SP HEIGHT="56" WIDTH="21" VPOS="2571" HPOS="1347"/>
            <String HEIGHT="56" WIDTH="129" VPOS="2571" HPOS="1283" CONTENT="p." ID="tl_53_12" STYLEREFS="FONT0"/>
            <SP HEIGHT="56" WIDTH="21" VPOS="2571" HPOS="1412"/>
            <String HEIGHT="56" WIDTH="150" VPOS="2571" HPOS="1326" CONTENT="in" ID="tl_53_13" STYLEREFS="FONT0"/>
          </TextLine>
          <TextLine ID="tl_54" BASELINE="2681" HEIGHT="59" WIDTH="1363" VPOS="2622" HPOS="122">
            <String HEIGHT="59" WIDTH="106" VPOS="2622" HPOS="101" CONTENT="—" ID="tl_54_1" STYLEREFS="FONT0"/>
            <SP HEIGHT="59" WIDTH="21" VPOS="2622" HPOS="207"/>
            <String HEIGHT="59" WIDTH="128" VPOS="2622" HPOS="143" CONTENT="L." ID="tl_54_2" STYLEREFS="FONT0"/>
            <SP HEIGHT="59" WIDTH="21" VPOS="2622" HPOS="271"/>
            <String HEIGHT="59" WIDTH="170" VPOS="2622" HPOS="207" CONTENT="aut." ID="tl_54_3" STYLEREFS="FONT0"/>
            <SP HEIGHT="59" WIDTH="21" VPOS="2622" HPOS="378"/>
            <String HEIGHT="59" WIDTH="192" VPOS="2622" HPOS="314" CONTENT="sig.," ID="tl_54_4" STYLEREFS="FONT0"/>
            <SP HEIGHT="59" WIDTH="21" VPOS="2622" HPOS="505"/>
            <String HEIGHT="59" WIDTH="106" VPOS="2622" HPOS="441" CONTENT="à" ID="tl_54_5" STYLEREFS="FONT0"/>
            <SP HEIGHT="59" WIDTH="21" VPOS="2622" HPOS="548"/>
            <String HEIGHT="59" WIDTH="128" VPOS="2622" HPOS="484" CONTENT="M." ID="tl_54_6" STYLEREFS="FONT0"/>
            <SP HEIGHT="59" WIDTH="21" VPOS="2622" HPOS="612"/>
            <String HEIGHT="59" WIDTH="128" VPOS="2622" HPOS="548" CONTENT="de" ID="tl_54_7" STYLEREFS="FONT0"/>
            <SP HEIGHT="59" WIDTH="21" VPOS="2622" HPOS="676"/>
            <String HEIGHT="59" WIDTH="256" VPOS="2622" HPOS="612" CONTENT="Bonplan," ID="tl_54_8" STYLEREFS="FONT0"/>
            <SP HEIGHT="59" WIDTH="21" VPOS="2622" HPOS="867"/>
            <String HEIGHT="59" WIDTH="106" VPOS="2622" HPOS="804" CONTENT="à" ID="tl_54_9" STYLEREFS="FONT0"/>
            <SP HEIGHT="59" WIDTH="21" VPOS="2622" HPOS="910"/>
            <String HEIGHT="59" WIDTH="128" VPOS="2622" HPOS="846" CONTENT="la" ID="tl_54_10" STYLEREFS="FONT0"/>
            <SP HEIGHT="59" WIDTH="21" VPOS="2622" HPOS="974"/>
            <String HEIGHT="59" WIDTH="298" VPOS="2622" HPOS="910" CONTENT="Malmaison." ID="tl_54_11" STYLEREFS="FONT0"/>
            <SP HEIGHT="59" WIDTH="21" VPOS="2622" HPOS="1208"/>
            <String HEIGHT="59" WIDTH="213" VPOS="2622" HPOS="1144" CONTENT="Paris," ID="tl_54_12" STYLEREFS="FONT0"/>
            <SP HEIGHT="59" WIDTH="21" VPOS="2622" HPOS="1357"/>
            <String HEIGHT="59" WIDTH="128" VPOS="2622" HPOS="1293" CONTENT="21" ID="tl_54_13" STYLEREFS="FONT0"/>
            <SP HEIGHT="59" WIDTH="21" VPOS="2622" HPOS="1421"/>
            <String HEIGHT="59" WIDTH="149" VPOS="2622" HPOS="1336" CONTENT="octo" SUBS_TYPE="HypPart1" SUBS_CONTENT="octobre" ID="tl_54_14" STYLEREFS="FONT0"/>
            <HYP CONTENT="-"/>
          </TextLine>
          <TextLine ID="tl_55" BASELINE="2735" HEIGHT="67" WIDTH="1360" VPOS="2668" HPOS="123">
            <String HEIGHT="67" WIDTH="264" VPOS="2668" HPOS="85" CONTENT="bre" SUBS_TYPE="HypPart2" SUBS_CONTENT="octobre" ID="tl_55_1" STYLEREFS="FONT0"/>
            <SP HEIGHT="67" WIDTH="38" VPOS="2668" HPOS="350"/>
            <String HEIGHT="67" WIDTH="340" VPOS="2668" HPOS="236" CONTENT="1810." ID="tl_55_2" STYLEREFS="FONT0"/>
            <SP HEIGHT="67" WIDTH="38" VPOS="2668" HPOS="576"/>
            <String HEIGHT="67" WIDTH="189" VPOS="2668" HPOS="463" CONTENT="1" ID="tl_55_3" STYLEREFS="FONT0"/>
            <SP HEIGHT="67" WIDTH="38" VPOS="2668" HPOS="652"/>
            <String HEIGHT="67" WIDTH="264" VPOS="2668" HPOS="539" CONTENT="gr." ID="tl_55_4" STYLEREFS="FONT0"/>
            <SP HEIGHT="67" WIDTH="38" VPOS="2668" HPOS="803"/>
            <String HEIGHT="67" WIDTH="227" VPOS="2668" HPOS="690" CONTENT="p." ID="tl_55_5" STYLEREFS="FONT0"/>
            <SP HEIGHT="67" WIDTH="38" VPOS="2668" HPOS="916"/>
            <String HEIGHT="67" WIDTH="340" VPOS="2668" HPOS="803" CONTENT="in-4." ID="tl_55_6" STYLEREFS="FONT0"/>
            <SP HEIGHT="67" WIDTH="38" VPOS="2668" HPOS="1143"/>
            <String HEIGHT="67" WIDTH="416" VPOS="2668" HPOS="1030" CONTENT="Cachet." ID="tl_55_7" STYLEREFS="FONT0"/>
            <SP HEIGHT="67" WIDTH="38" VPOS="2668" HPOS="1445"/>
            <String HEIGHT="67" WIDTH="189" VPOS="2668" HPOS="1332" CONTENT="3" ID="tl_55_8" STYLEREFS="FONT0"/>
            <SP HEIGHT="67" WIDTH="38" VPOS="2668" HPOS="1521"/>
            <String HEIGHT="67" WIDTH="113" VPOS="2668" HPOS="1370" CONTENT="»" ID="tl_55_9" STYLEREFS="FONT0"/>
          </TextLine>
        </TextBlock>
        <TextBlock ID="r_2_27" HEIGHT="58" WIDTH="1387" VPOS="2719" HPOS="88">
          <TextLine ID="tl_56" BASELINE="2790" HEIGHT="81" WIDTH="1403" VPOS="2709" HPOS="80">
            <String HEIGHT="81" WIDTH="186" VPOS="2709" HPOS="59" CONTENT="3679." ID="tl_56_1" STYLEREFS="FONT0"/>
            <SP HEIGHT="81" WIDTH="21" VPOS="2709" HPOS="245"/>
            <String HEIGHT="81" WIDTH="186" VPOS="2709" HPOS="183" CONTENT="Du" ID="tl_56_2" STYLEREFS="FONT1"/>
            <SP HEIGHT="81" WIDTH="21" VPOS="2709" HPOS="369"/>
            <String HEIGHT="81" WIDTH="309" VPOS="2709" HPOS="307" CONTENT="Chailla" ID="tl_56_3" STYLEREFS="FONT1"/>
            <SP HEIGHT="81" WIDTH="21" VPOS="2709" HPOS="616"/>
            <String HEIGHT="81" WIDTH="227" VPOS="2709" HPOS="555" CONTENT="auteur," ID="tl_56_4" STYLEREFS="FONT0"/>
            <SP HEIGHT="81" WIDTH="21" VPOS="2709" HPOS="782"/>
            <String HEIGHT="81" WIDTH="536" VPOS="2709" HPOS="720" CONTENT="fondateur-propriétaire" ID="tl_56_5" STYLEREFS="FONT0"/>
            <SP HEIGHT="81" WIDTH="21" VPOS="2709" HPOS="1256"/>
            <String HEIGHT="81" WIDTH="124" VPOS="2709" HPOS="1194" CONTENT="de" ID="tl_56_6" STYLEREFS="FONT0"/>
            <SP HEIGHT="81" WIDTH="21" VPOS="2709" HPOS="1318"/>
            <String HEIGHT="81" WIDTH="248" VPOS="2709" HPOS="1235" CONTENT="l’institu" ID="tl_56_7" STYLEREFS="FONT0"/>
          </TextLine>
        </TextBlock>
      </PrintSpace>
    </Page>
  </Layout>
</alto>
