1544 2955
604 63 181 95 —
640 63 181 95 296

86 155 169 86 tion
191 155 126 86 de
255 155 379 86 Sainte-Perrine
571 155 126 86 de
634 155 274 86 Chaillot.
845 155 126 86 L.
908 155 169 86 aut.
1013 155 190 86 sig.,
1140 155 126 86 au
1203 155 274 86 rédacteur
1393 155 84 86 de

90 227 117 62 la
149 227 449 62 Quotidienne
539 227 195 62 Paris,
676 227 117 62 27
734 227 215 62 février
891 227 176 62 1815.
1008 227 98 62 1
1047 227 117 62 p.
1105 227 137 62 pl.
1183 227 117 62 et
1242 227 176 62 demie
1339 227 137 62 in

87 272 190 60 Plus,
213 272 168 60 deux
319 272 211 60 pièces
466 272 190 60 sig.,
592 272 126 60 et
656 272 126 60 un
719 272 358 60 procès-verbal
1014 272 168 60 sig.
1119 272 147 60 des
1203 272 274 60 habitants
1393 272 84 60 de

4 317 1369 66 Chaillot.
1057 317 527 66 3
1162 317 316 66 »

43 357 187 79 3680.
168 357 333 79 Ducis
438 357 416 79 (Jean-François),
792 357 187 79 poëte
917 357 312 79 dramatique,
1166 357 208 79 membre
1312 357 125 79 de
1353 357 125 79 l’A

87 416 243 61 cadémie
264 416 309 61 française.
506 416 132 61 L.
573 416 177 61 aut.
683 416 199 61 sig.,
816 416 110 61 à
860 416 155 61 son
948 416 155 61 ami
1036 416 375 61 Antoine-Henri
1323 416 155 61 Dela-

84 469 228 80 tour.
236 469 380 80 Versailles,
539 469 152 80 15
615 469 278 80 octobre
818 469 228 80 1809.
970 469 127 80 4
1020 469 152 80 p.
1096 469 177 80 pl.
1198 469 228 80 in-4.
1349 469 152 80 15
1400 469 76 80 »

133 511 181 74 Belle
253 511 120 74 et
314 511 321 74 intéressante
575 511 221 74 lettre,
735 511 120 74 au
795 511 181 74 sujet
916 511 120 74 de
976 511 221 74 l’envoi
1137 511 141 74 que
1217 511 181 74 vient
1337 511 120 74 de
1378 511 100 74 lui

88 554 186 74 faire
212 554 145 74 son
295 554 165 74 ami,
399 554 124 74 de
461 554 145 74 son
543 554 269 74 portrait,
750 554 186 74 peint
874 554 145 74 par
957 554 165 74 Mlle
1060 554 290 74 Maupertuis
1267 554 207 74 Mabille.

38 605 199 95 3681.
171 605 199 95 Du
304 605 465 95 Petit-Thoiars
703 605 288 95 (Aubert),
924 605 222 95 membre
1079 605 133 95 de
1146 605 310 95 l’Académie
1367 605 111 95 des

90 672 254 57 sciences.
286 672 117 57 L.
344 672 156 57 aut.
442 672 156 57 sig.
540 672 410 57 Petit-Thoiars,
891 672 273 57 oncle
1106 672 117 57 au
1165 672 254 57 sénateur,
1340 672 137 57 comte

83 727 343 77 Lemercier.
353 727 147 77 Au
427 727 270 77 château
623 727 147 77 de
696 727 441 77 Saint-Germain,
1064 727 172 77 par
1162 727 319 77 Monserau,
1383 727 98 77 le

81 771 165 63 28
163 771 357 63 thermidor
437 771 165 63 an
520 771 247 63 XIII.
684 771 137 63 2
739 771 165 63 p.
821 771 192 63 pl.
931 771 165 63 et
1014 771 247 63 demie
1178 771 247 63 in-4.
1343 771 137 63 3
1370 771 110 63 50

45 798 163 100 3682.
154 798 309 100 Duprat
408 798 236 100 (Pascal),
589 798 182 100 député
717 798 127 100 des
789 798 309 100 Landes
1043 798 91 100 à
1080 798 272 100 l’Assemblée
1279 798 200 100 nationale

71 875 228 53 de
185 875 342 53 1848.
413 875 228 53 L.
527 875 304 53 aut.
717 875 304 53 sig.
908 875 190 53 1
984 875 228 53 p.
1098 875 342 53 in-4.
1326 875 190 53 2
1364 875 114 53 »

41 922 193 59 3683.
169 922 387 59 Durfort
492 922 387 59 (Eméric-Joseph
814 922 172 59 de),
921 922 236 59 marquis
1093 922 129 59 de
1158 922 236 59 Civrac,
1308 922 172 59 ambas

87 987 211 49 sadeur
234 987 126 49 de
298 987 211 49 France
445 987 126 49 en
508 987 274 49 Autriche.
719 987 274 49 Passeport
929 987 168 49 sig.
1035 987 232 49 Vienne,
1203 987 105 49 5
1245 987 168 49 déc.
1330 987 147 49 1769.

80 1024 146 53 1
138 1024 204 53 gr.
255 1024 175 53 p.
342 1024 321 53 in-fol.
575 1024 291 53 Belles
779 1024 379 53 armoiries
1071 1024 350 53 gravées.
1333 1024 146 53 2
1362 1024 117 53 50

44 1076 173 70 3684.
159 1076 365 70 Espagnae
466 1076 134 70 (le
543 1076 249 70 chevalier
735 1076 154 70 d’).
831 1076 115 70 L.
888 1076 154 70 aut.
984 1076 173 70 sig.,
1099 1076 96 70 à
1138 1076 211 70 Favart,
1272 1076 211 70 directeur

86 1123 135 64 de
154 1123 135 64 la
222 1123 248 64 comédie
402 1123 135 64 de
470 1123 135 64 M.
537 1123 135 64 le
605 1123 293 64 chevalier
830 1123 135 64 de
898 1123 203 64 Saxe.
1033 1123 113 64 A
1078 1123 135 64 la
1146 1123 225 64 grande
1281 1123 203 64 comman-

83 1173 284 64 derie,
282 1173 171 64 le
367 1173 142 64 4
424 1173 313 64 juillet
651 1173 256 64 1747.
822 1173 142 64 1
879 1173 171 64 p.
964 1173 256 64 in-4.
1135 1173 313 64 Cachet.
1362 1173 142 64 3
1391 1173 85 64 »

134 1219 210 61 Lettre
281 1219 252 61 curieuse
470 1219 168 61 pour
576 1219 126 61 le
639 1219 273 61 transport
849 1219 126 61 de
912 1219 126 61 la
975 1219 231 61 comédie
1143 1219 168 61 dans
1249 1219 126 61 un
1291 1219 189 61 village

88 1274 132 52 au
154 1274 264 52 quartier
352 1274 132 52 du
418 1274 264 52 maréchal
615 1274 132 52 de
659 1274 154 52 Saxe.

42 1321 188 60 3685.
167 1321 397 60 Estampes
502 1321 251 60 (Jacques
689 1321 167 60 d’),
794 1321 188 60 sieur
919 1321 125 60 de
982 1321 125 60 la
1044 1321 188 60 Ferté
1170 1321 251 60 Imbault,
1337 1321 146 60 maré-

90 1369 175 54 chal
200 1369 132 54 de
266 1369 241 54 France,
441 1369 329 54 ambassadeur
704 1369 132 54 en
770 1369 307 54 Angleterre
1011 1369 132 54 en
1077 1369 197 54 1641.
1209 1369 219 54 Quitt.
1340 1369 132 54 sig.

68 1421 332 60 (sur
276 1421 499 60 parch.).
650 1421 249 60 25
775 1421 374 60 sept.
1024 1421 374 60 1638.
1273 1421 208 60 2
1315 1421 166 60 50

46 1459 182 96 3686.
167 1459 222 96 Faux
329 1459 344 96 assignats
612 1459 344 96 (fabricateurs
895 1459 121 96 et
955 1459 344 96 distributeurs
1238 1459 162 96 de).
1319 1459 162 96 Arrêté

90 1520 133 58 du
156 1520 221 58 Comité
311 1520 155 58 des
400 1520 288 58 assignats
621 1520 133 58 et
687 1520 266 58 monnaies
887 1520 133 58 de
953 1520 133 58 la
1019 1520 332 58 Convention,
1285 1520 177 58 sig.
1373 1520 111 58 par

90 1560 229 67 Fouché
250 1560 137 67 et
319 1560 297 67 Pelletier
547 1560 160 67 (du
639 1560 229 67 Cher),
799 1560 297 67 ordonnant
1028 1560 137 67 de
1096 1560 274 67 conduire
1302 1560 183 67 dans
1394 1560 91 67 la

92 1612 221 60 maison
246 1612 243 60 d’arrêt
423 1612 132 60 de
489 1612 132 60 la
556 1612 243 60 section
732 1612 132 60 de
799 1612 132 60 la
865 1612 287 60 Montagne,
1086 1612 155 60 les
1174 1612 243 60 nommées
1328 1612 155 60 femme

92 1662 239 64 Guadet,
266 1662 130 64 et
331 1662 195 64 fille
461 1662 304 64 Monroseau,
700 1662 174 64 pour
808 1662 108 64 y
852 1662 174 64 être
960 1662 260 64 détenues
1156 1662 239 64 jusqu’à
1307 1662 174 64 nouvel

93 1725 217 73 ordre.
245 1725 217 73 Paris,
398 1725 130 73 27
463 1725 239 73 floréal
637 1725 130 73 an
702 1725 152 73 II.
789 1725 109 73 1
833 1725 130 73 p.
898 1725 239 73 in-fol.
1072 1725 174 73 Tête
1181 1725 283 73 imprimée.
1376 1725 109 73 Vi-

75 1753 420 72 gnette.
380 1753 381 72 Cachet
647 1753 191 72 à
723 1753 229 72 la
838 1753 305 72 cire
1028 1753 381 72 rouge.
1295 1753 191 72 3
1333 1753 153 72 50

48 1796 162 104 3687.
156 1796 287 104 Favre
389 1796 215 104 (Jules),
551 1796 197 104 avocat,
694 1796 179 104 député
820 1796 108 104 de
874 1796 108 104 la
928 1796 287 104 Loire
1161 1796 90 104 à
1197 1796 269 104 l’Assemblée
1394 1796 90 104 na-

91 1858 260 64 tionale
280 1858 142 64 de
351 1858 213 64 1848.
493 1858 142 64 L.
564 1858 189 64 aut.
682 1858 189 64 sig.
800 1858 142 64 31
871 1858 189 64 août
989 1858 213 64 1839.
1131 1858 118 64 1
1178 1858 142 64 p.
1249 1858 213 64 in-8.
1391 1858 118 64 2
1414 1858 71 64 »

46 1918 177 60 3688.
164 1918 295 60 Fermiers
400 1918 236 60 généraux
577 1918 118 60 de
636 1918 295 60 France
872 1918 373 60 Augeard
1167 1918 314 60 Dangé,

92 1968 259 59 Douet,
291 1968 279 59 Lavoisier,
510 1968 259 59 Maxzière,
709 1968 199 59 Maron,
849 1968 219 59 Pignon,
1008 1968 259 59 Puissant,
1207 1968 279 59 Roslin
1406 1968 80 59 et

92 2027 450 52 Saint-Amand
484 2027 215 52 Mémoire
641 2027 215 52 adressé
798 2027 98 52 à
837 2027 118 52 M.
895 2027 118 52 le
954 2027 274 52 contrôleur
1170 2027 215 52 général
1326 2027 137 52 des
1385 2027 98 52 fi-

95 2074 214 60 nances
244 2074 150 60 par
330 2074 150 60 les
415 2074 257 60 fermiers
608 2074 278 60 cénéraux,
822 2074 128 60 au
886 2074 193 60 sujet
1014 2074 128 60 de
1079 2074 128 60 la
1143 2074 214 60 visite
1292 2074 150 60 des
1357 2074 128 60 mes-

95 2115 253 63 sageries
285 2115 148 63 aux
369 2115 232 63 entrées
538 2115 127 63 de
601 2115 211 63 Paris,
749 2115 253 63 délibéré
939 2115 105 63 à
981 2115 211 63 Paris,
1128 2115 127 63 et
1192 2115 190 63 signé
1318 2115 148 63 par
1382 2115 105 63 les

94 2158 268 66 fermiers
294 2158 268 66 généraux
495 2158 268 66 dénommés
696 2158 178 66 plus
808 2158 201 66 haut,
942 2158 134 66 le
1008 2158 134 66 20
1075 2158 201 66 sept.
1209 2158 201 66 1776.
1343 2158 112 66 7
1365 2158 112 66 gr.

18 2214 587 56 p.
312 2214 1076 56 in-fol.
1095 2214 489 56 5
1192 2214 294 56 »

51 2269 182 62 3689.
172 2269 364 62 Ferriol
476 2269 142 62 (le
557 2269 223 62 marquis
719 2269 162 62 de),
820 2269 304 62 ambassadeur
1063 2269 121 62 de
1124 2269 202 62 France
1265 2269 101 62 à
1286 2269 202 62 Constan

99 2310 256 61 tinople.
290 2310 128 61 L.
354 2310 170 61 aut.
461 2310 192 61 sig.,
589 2310 106 61 à
631 2310 128 61 M.
695 2310 128 61 de
759 2310 256 61 Fontenu.
951 2310 213 61 Paris,
1100 2310 128 61 22
1164 2310 256 61 novembre
1334 2310 149 61 1711.

42 2361 379 72 3
194 2361 455 72 p.
421 2361 531 72 pl.
725 2361 683 72 in-4.
1180 2361 379 72 5
1256 2361 228 72 »

145 2387 168 83 «...
250 2387 126 83 On
313 2387 189 83 croit
439 2387 126 83 la
502 2387 168 83 paix
607 2387 294 83 très-sûre,
838 2387 126 83 la
901 2387 189 83 reine
1027 2387 336 83 d’Angleterre
1300 2387 168 83 s’en
1384 2387 105 83 est

97 2464 314 56 «expliquée
344 2464 135 56 et
411 2464 225 56 paroit
568 2464 314 56 très-ferme
815 2464 180 56 dans
928 2464 135 56 sa
995 2464 337 56 résolution;
1242 2464 247 56 cependant

98 2511 174 51 «les
207 2511 304 51 passeports
446 2511 130 51 de
511 2511 152 51 nos
598 2511 456 51 plénipotentiaires
989 2511 130 51 ne
1054 2511 174 51 sont
1163 2511 152 51 pas
1250 2511 217 51 encore
1380 2511 109 51 ar-

99 2561 246 67 «rivés,
278 2561 134 67 et
345 2561 134 67 la
412 2561 201 67 ville
546 2561 134 67 du
613 2561 246 67 congrès
792 2561 157 67 n’a
882 2561 157 67 pas
971 2561 224 67 encore
1128 2561 179 67 esté
1217 2561 269 67 nommée...»

54 2611 179 60 3690.
173 2611 397 60 Feutrier,
511 2611 199 60 évêque
650 2611 119 60 de
710 2611 258 60 Beauvais,
909 2611 238 60 ministre
1088 2611 139 60 des
1167 2611 219 60 cultes.
1326 2611 119 60 L.
1366 2611 119 60 aut.

95 2658 223 56 sig.,
244 2658 124 56 à
293 2658 321 56 Madame...
540 2658 247 56 Paris,
713 2658 124 56 3
763 2658 272 56 juillet
961 2658 223 56 1829.
1109 2658 124 56 1
1159 2658 148 56 p.
1233 2658 223 56 in-8.
1381 2658 124 56 2
1406 2658 74 56 »

54 2708 174 67 3691.
170 2708 347 67 Fieschi
459 2708 251 67 régicide.
652 2708 174 67 Pièce
768 2708 154 67 aut.
864 2708 174 67 sig.,
980 2708 193 67 écrite
1115 2708 116 67 de
1173 2708 116 67 la
1212 2708 270 67 conciercerie

94 2776 163 75 de
175 2776 163 75 la
257 2776 299 75 Chambre
474 2776 190 75 des
583 2776 272 75 pairs.
773 2776 136 75 1
827 2776 163 75 p.
909 2776 217 75 in-8
1044 2776 163 75 en
1126 2776 326 75 travers.
1370 2776 136 75 3
1398 2776 81 75 »
