1564 2983
619 39 175 101 —
654 39 175 101 297

45 145 180 78 3692.
165 145 380 78 Fraguier
485 145 140 78 (le
565 145 300 78 président).
806 145 120 78 L.
866 145 160 78 aut.
966 145 180 78 sig.,
1086 145 100 78 à
1126 145 160 78 M...
1226 145 120 78 Au
1286 145 160 78 Mée,
1366 145 120 78 près

78 204 320 54 Melun,
302 204 192 54 le
398 204 192 54 30
493 204 415 54 septembre
813 204 288 54 1771.
1005 204 160 54 1
1069 204 192 54 p.
1164 204 288 54 in-4.
1356 204 160 54 3
1388 204 96 54 »

137 253 237 54 Demande
309 253 129 54 de
373 253 172 54 cent
481 253 194 54 mille
610 253 194 54 pieds
739 253 129 54 de
803 253 194 54 plans
911 253 280 54 forestiers.

47 297 187 54 3693.
172 297 312 54 François
422 297 250 54 Ier,
609 297 146 54 roi
693 297 125 54 de
755 297 229 54 France.
922 297 292 54 Ordonnance
1151 297 125 54 de
1213 297 250 54 payement
1380 297 104 54 si-

91 353 160 59 gnée
191 353 120 59 et
251 353 319 59 contresignée
510 353 140 59 par
590 353 179 59 De
709 353 379 59 Laubespine
1028 353 160 59 (sur
1128 353 239 59 parch.).
1288 353 199 59 Villers-

90 396 320 55 Cotterêts,
342 396 137 55 le
410 396 114 55 9
456 396 274 55 décembre
661 396 206 55 1545.
799 396 206 55 Grand
936 396 251 55 in-fol.
1118 396 137 55 en
1187 396 274 55 travers.
1393 396 114 55 5
1415 396 69 55 »

43 441 194 69 3694.
173 441 581 69 François-de-Paul
689 441 431 69 (Antoine-Marie),
1055 441 129 69 né
1120 441 129 69 le
1185 441 129 69 10
1249 441 172 69 mars
1335 441 151 69 1794,

91 493 193 53 marié
219 493 129 53 en
284 493 172 53 1819
391 493 107 53 à
434 493 450 53 Louise-Charlotte,
819 493 279 53 princesse
1034 493 150 53 des
1120 493 364 53 Deux-Siciles.
1398 493 86 53 L.

94 540 180 52 aut.
206 540 180 52 sig.
318 540 157 52 (en
408 540 314 52 espagnol),
655 540 112 52 à
700 540 292 52 Manuel...
924 540 202 52 Rome,
1059 540 135 52 23
1126 540 292 52 septembre
1328 540 157 52 1815.

71 589 208 53 2
155 589 250 53 p.
280 589 291 53 pl.
446 589 375 53 in-8.
696 589 375 53 Jolie
946 589 458 53 lettre.
1279 589 208 53 7
1320 589 167 53 50

49 630 172 60 3695.
164 630 345 60 Galbois
451 630 134 60 (le
528 630 230 60 général,
700 630 211 60 baron).
853 630 115 60 L.
911 630 153 60 aut.
1006 630 153 60 sig.
1102 630 115 60 de
1159 630 134 60 ses
1236 630 268 60 initiales,
1428 630 57 60 à

92 684 155 57 son
180 684 177 57 fils
291 684 243 57 Eugène.
468 684 354 57 Constantine,
755 684 111 57 5
800 684 199 57 sept.
932 684 199 57 1838.
1065 684 111 57 3
1109 684 133 57 p.
1175 684 155 57 pl.
1264 684 199 57 in-4.
1397 684 111 57 4
1419 684 66 57 »

138 729 218 55 Lettre
291 729 348 55 intéressante
573 729 218 55 écrite
726 729 131 55 au
791 729 218 55 moment
943 729 131 55 de
1008 729 152 55 son
1095 729 218 55 départ
1248 729 174 55 pour
1335 729 152 55 aller

92 778 275 56 combattre
304 778 296 56 Achmed-Bey
536 778 127 56 si
600 778 127 56 il
663 778 127 56 le
727 778 233 56 trouve,
896 778 127 56 et
960 778 169 56 pour
1066 778 127 56 le
1129 778 254 56 rejetter
1320 778 169 56 dans
1404 778 85 56 la

91 826 236 70 régence
262 826 129 70 de
326 826 214 70 Tunis.
476 826 236 70 Détails
648 826 150 70 sur
734 826 150 70 les
819 826 322 70 préparatife
1077 826 129 70 de
1141 826 150 70 son
1205 826 279 70 expédition,

94 878 121 53 et
154 878 142 53 sur
235 878 283 53 l’autorité
458 878 182 53 qu’il
579 878 202 53 exerce
721 878 162 53 dans
822 878 121 53 la
862 878 223 53 province.

45 909 188 69 3696.
170 909 355 69 Galiot
463 909 293 69 (Jacques),
693 909 272 69 chevalier
902 909 125 69 de
965 909 251 69 l’ordre,
1153 909 188 69 grand
1278 909 209 69 écuyer
1403 909 84 69 de

91 969 228 58 France,
257 969 124 58 et
319 969 269 58 capitaine
527 969 124 58 de
589 969 249 58 quarante
775 969 228 58 lances.
941 969 207 58 Quitt.
1086 969 166 58 sig.
1190 969 166 58 (sur
1273 969 207 58 parch.).

29 1016 485 53 23
272 1016 647 53 août
676 1016 728 53 1526.
1161 1016 404 53 2
1242 1016 243 53 »

47 1060 177 60 3697.
166 1060 296 60 Gall
402 1060 138 60 (le
481 1060 256 60 docteur),
678 1060 217 60 célèbre
836 1060 296 60 cranologue.
1072 1060 177 60 Carte
1190 1060 237 60 d’entrée
1368 1060 99 60 à
1387 1060 99 60 son

90 1110 194 56 cours
220 1110 129 56 de
284 1110 323 56 physiologie
542 1110 129 56 du
607 1110 258 56 cerveau,
801 1110 172 56 avec
908 1110 129 56 sa
973 1110 280 56 signature
1188 1110 301 56 originale,
1403 1110 86 56 et

75 1151 283 60 son
236 1151 404 60 cachet
519 1151 202 60 à
600 1151 242 60 la
721 1151 323 60 cire
923 1151 404 60 rouge.
1205 1151 202 60 6
1286 1151 202 60 1
1326 1151 162 60 50

48 1201 172 65 3698.
163 1201 249 65 Gérard
354 1201 115 65 de
412 1201 287 65 Nerval
641 1201 306 65 littérateur,
890 1201 268 65 traducteur
1101 1201 115 65 de
1158 1201 326 65 Faust
1407 1201 77 65 L.

91 1255 183 57 aut.
205 1255 183 57 sig.
320 1255 114 57 3
366 1255 183 57 mars
480 1255 206 57 1855.
617 1255 114 57 1
663 1255 137 57 p.
731 1255 160 57 pl.
823 1255 206 57 petit
960 1255 206 57 in-4.
1097 1255 206 57 Jolie
1234 1255 137 57 et
1280 1255 206 57 aimable

-12 1302 1375 56 lettre.
988 1302 625 56 3
1113 1302 375 56 »

48 1347 177 61 3699.
167 1347 374 61 Gilbert,
482 1347 197 61 membre
620 1347 118 61 de
679 1347 296 61 l’Institut,
915 1347 256 61 directeur
1113 1347 217 61 adjoint
1270 1347 118 61 de
1310 1347 177 61 l’école

94 1396 343 58 vétérinaire.
372 1396 193 58 Copie
501 1396 172 58 aut,
608 1396 172 58 sig.
715 1396 129 58 de
780 1396 129 58 sa
844 1396 214 58 lettre
994 1396 107 58 à
1037 1396 257 58 François
1230 1396 129 58 de
1273 1396 214 58 Neufchâ-

95 1445 202 51 teau,
229 1445 202 51 datée
364 1445 135 51 de
432 1445 247 51 Madrid,
612 1445 135 51 le
679 1445 135 51 24
747 1445 247 51 floréal
927 1445 135 51 an
994 1445 180 51 VII.
1107 1445 112 51 1
1152 1445 157 51 gr.
1242 1445 135 51 p.
1309 1445 157 51 pl.
1377 1445 112 51 in-

-60 1492 1373 63 fol.
799 1492 858 63 5
970 1492 515 63 »

137 1547 181 56 Pièce
258 1547 343 56 intéressante,
540 1547 121 56 au
600 1547 181 56 sujet
721 1547 121 56 de
782 1547 322 56 l’assassinat
1044 1547 141 56 des
1104 1547 383 56 plénipotentiaires

91 1589 251 66 français
280 1589 105 66 à
301 1589 209 66 Rastadt.

46 1629 196 81 3700.
177 1629 327 81 Greniers
439 1629 109 81 à
482 1629 240 81 sel
657 1629 131 81 de
722 1629 262 81 Châlons,
918 1629 436 81 Château-Portier,
1267 1629 218 81 Epernay,

90 1683 296 64 Joinville,
322 1683 211 64 Reims,
470 1683 359 64 Saint-Dizier,
766 1683 444 64 Sainte-Ménehould,
1146 1683 253 64 Sézanne,
1315 1683 169 64 Vitry.

89 1731 244 57 «Compte
266 1731 155 57 que
355 1731 177 57 rend
466 1731 133 57 au
532 1731 155 57 roi
621 1731 133 57 et
687 1731 111 57 à
732 1731 155 57 nos
820 1731 288 57 seigneurs
1042 1731 133 57 de
1108 1731 155 57 son
1197 1731 266 57 conseil,
1374 1731 111 57 Le-

90 1781 225 61 «douz,
247 1781 135 61 cy
314 1781 225 61 devant
472 1781 270 61 receveur
674 1781 247 61 général
854 1781 157 61 des
944 1781 270 61 gabelles
1147 1781 135 61 du
1192 1781 292 61 département

91 1828 163 62 «de
184 1828 279 62 Châlons,
393 1828 140 62 et
463 1828 140 62 en
533 1828 209 62 cette
673 1828 256 62 qualité
859 1828 233 62 chargé
1022 1828 140 62 du
1091 1828 372 62 recouvrement
1371 1828 116 62 des

92 1882 243 54 «droits
269 1882 243 54 manuels
446 1882 332 54 apartenants
711 1882 111 54 à
756 1882 133 54 sa
822 1882 243 54 majesté
999 1882 155 54 par
1088 1882 221 54 arrest
1243 1882 133 54 du
1287 1882 199 54 conseil

92 1926 148 63 «du
176 1926 106 63 2
219 1926 190 63 avril
346 1926 190 63 1718,
473 1926 127 63 de
536 1926 127 63 la
600 1926 233 63 recette
769 1926 127 63 et
832 1926 233 63 dépense
1001 1926 148 63 par
1086 1926 148 63 luy
1171 1926 190 63 faite
1298 1926 127 63 au
1340 1926 148 63 sujet

91 1986 196 53 «dud.
222 1986 348 53 recouvrement
504 1986 217 53 depuis
657 1986 130 53 le
722 1986 152 53 1er
809 1986 239 53 janvier
983 1986 196 53 1719,
1113 1986 261 53 jusqu’au
1287 1986 196 53 dernier

93 2033 187 61 «mars
218 2033 187 61 1720.
342 2033 104 61 7
384 2033 145 61 gr.
467 2033 125 61 p.
529 2033 145 61 pl.
612 2033 228 61 in-fol.
778 2033 166 61 sig.
882 2033 145 61 par
965 2033 125 61 le
1027 2033 145 61 roi
1110 2033 208 61 mineur
1256 2033 125 61 et
1318 2033 145 61 par
1380 2033 104 61 les

92 2072 270 73 «membres
294 2072 135 73 de
361 2072 157 73 son
451 2072 270 73 conseil.
653 2072 135 73 L.
720 2072 135 73 H.
788 2072 135 73 de
855 2072 270 73 Bourbon,
1057 2072 292 73 Fleuriau,
1282 2072 135 73 Le
1327 2072 157 73 Pele-

85 2114 269 52 «tier,
273 2114 269 52 Fagon,
462 2114 269 52 Dodun,
650 2114 161 52 et
731 2114 377 52 Taschereau
1027 2114 161 52 de
1107 2114 323 52 Baudoy.»
1349 2114 161 52 10
1403 2114 81 52 »

46 2144 185 98 3704.
170 2144 391 98 Grimaldi
499 2144 144 98 (le
582 2144 185 98 comte
705 2144 165 98 de),
808 2144 165 98 chef
911 2144 288 98 d’escadre.
1138 2144 206 98 Quitt.
1282 2144 165 98 sig.
1364 2144 124 98 (sur

59 2210 611 65 parch.).
517 2210 560 65 Toulon,
924 2210 458 65 1772.
1230 2210 254 65 1
1280 2210 204 65 50

45 2237 193 95 3702.
173 2237 406 95 Grosbois
515 2237 257 95 (famille
708 2237 171 95 de).
815 2237 128 95 1°
879 2237 257 95 GROSBOIS
1072 2237 193 95 (Edme
1200 2237 235 95 Perreny
1350 2237 128 95 de).

91 2309 215 60 Quitt.
241 2309 172 60 aut.
348 2309 172 60 sig.
456 2309 172 60 (sur
563 2309 236 60 parch.)
735 2309 193 60 1713.
863 2309 107 60 —
906 2309 129 60 2°
971 2309 258 60 GROSBOIS
1164 2309 172 60 (Mme
1250 2309 236 60 Anjoirant

92 2355 157 76 de).
190 2355 98 76 2
229 2355 176 76 lett.
347 2355 157 76 sig.
445 2355 117 76 et
503 2355 157 76 aut.
601 2355 157 76 sig.
699 2355 176 76 1818.
817 2355 98 76 4
856 2355 117 76 p.
914 2355 176 76 in-4.
1032 2355 98 76 —
1071 2355 117 76 3°
1130 2355 235 76 GROSBOIS
1306 2355 137 76 (A.
1365 2355 117 76 de).

80 2395 167 62 2
146 2395 300 62 lett.
347 2395 267 62 sig.
513 2395 300 62 1818.
714 2395 167 62 4
780 2395 200 62 p.
880 2395 267 62 in-8
1047 2395 200 62 et
1147 2395 300 62 in-4.
1348 2395 167 62 5
1381 2395 100 62 »

45 2439 199 88 3703.
178 2439 332 88 Guilbert
444 2439 133 88 de
510 2439 443 88 Pixerécourt,
887 2439 355 88 littérateur,
1175 2439 222 88 auteur
1308 2439 177 88 drama

95 2487 217 73 tique,
247 2487 282 73 directeur
464 2487 130 73 de
529 2487 433 73 l’Opéra-Comique.
897 2487 130 73 L.
962 2487 173 73 aut.
1070 2487 195 73 sig.,
1200 2487 130 73 au
1244 2487 238 73 d’Aumont.

79 2548 342 60 Paris,
318 2548 205 60 19
421 2548 308 60 avril
626 2548 308 60 1828.
831 2548 171 60 3
899 2548 205 60 p.
1002 2548 239 60 pl.
1138 2548 308 60 in-4.
1343 2548 171 60 5
1377 2548 103 60 »

140 2600 213 55 Lettre
289 2600 341 55 intéressante
566 2600 128 55 au
630 2600 192 55 sujet
758 2600 128 55 de
823 2600 149 55 son
908 2600 384 55 administration
1228 2600 128 55 de
1271 2600 213 55 l’Opéra-

95 2647 228 57 Comique.
266 2647 114 57 On
323 2647 95 57 a
361 2647 133 57 osé
437 2647 171 57 dire,
552 2647 114 57 il
609 2647 114 57 le
666 2647 171 57 sait,
780 2647 171 57 qu’on
894 2647 133 57 lui
970 2647 190 57 ferait
1103 2647 362 57 regorger
1389 2647 95 57 des

91 2684 232 71 sommes
253 2684 418 71 considérables.
601 2684 139 71 Sa
671 2684 325 71 réputation
926 2684 162 71 est
1019 2684 186 71 donc
1135 2684 302 71 gravement
1344 2684 139 71 com-

95 2737 255 74 promise,
286 2737 128 74 et
350 2737 128 74 il
414 2737 170 74 veut
520 2737 191 74 avoir
647 2737 234 74 prompte
817 2737 213 74 raison
966 2737 128 74 de
1030 2737 213 74 toutes
1179 2737 149 74 ces
1242 2737 234 74 infamies.
