1583 2996
650 67 179 70 —
722 67 250 70 298
829 67 107 70 —

125 146 274 81 L’honneur
336 146 127 81 du
399 146 211 81 soldat
547 146 148 81 est
631 146 190 81 aussi
758 146 253 81 précieux
948 146 148 81 que
1032 146 190 81 celui
1158 146 169 81 d’un
1264 146 253 81 général.
1433 146 84 81 Il

125 211 256 62 mourrait
317 211 213 62 plutôt
466 211 149 62 que
551 211 128 62 de
615 211 277 62 transiger
829 211 149 62 sur
914 211 128 62 ce
957 211 213 62 point...

77 257 188 51 3704.
203 257 356 51 Guines
495 257 376 51 (Adrien-Louis,
809 257 146 51 duc
893 257 167 51 de),
997 257 125 51 et
1060 257 125 51 de
1123 257 272 51 Souastre,
1311 257 209 51 ambassa

126 309 180 56 deur
239 309 135 56 de
307 309 225 56 France
464 309 135 56 en
532 309 338 56 Angleterre.
802 309 135 56 L.
870 309 180 56 aut.
982 309 158 56 sig
1073 309 338 56 Versailles,
1343 309 135 56 11
1388 309 135 56 août

95 339 457 77 1782.
400 339 254 77 2
502 339 305 77 p.
654 339 457 77 in-4.
1010 339 407 77 sr5.
1264 339 254 77 2
1315 339 203 77 50

79 401 196 64 3705.
210 401 414 64 Hanriot,
559 401 305 64 commandant
799 401 240 64 général
974 401 131 64 de
1039 401 131 64 la
1105 401 196 64 garde
1235 401 284 64 nationale
1432 401 87 64 de

128 450 187 62 Paris
253 450 125 62 au
315 450 104 62 9
357 450 291 62 thermidor.
585 450 187 62 Ordre
710 450 187 62 sig.,
835 450 125 62 au
897 450 229 62 citoyen
1063 450 249 62 Thibaut,
1250 450 125 62 de
1312 450 125 62 se
1354 450 166 62 rendre

128 498 102 55 à
168 498 123 55 la
230 498 205 55 prison
373 498 123 55 de
435 498 246 55 l’Abbaye
619 498 143 55 sur
701 498 123 55 le
763 498 184 55 champ
886 498 123 55 et
947 498 123 55 au
1009 498 225 55 secret.
1173 498 205 55 Paris,
1316 498 102 55 5
1337 498 184 55 juillet

97 547 475 51 1793.
414 547 686 51 Demi-page
941 547 475 51 in-4.
1257 547 264 51 2
1310 547 211 51 50

83 592 185 57 3706.
207 592 451 57 Havrincourt
597 592 205 57 (Louis
740 592 123 57 de
802 592 267 57 Cardevac,
1007 592 226 57 marquis
1171 592 164 57 d’),
1253 592 267 57 lieutenant

129 646 265 53 général,
328 646 309 53 conseiller
571 646 221 53 d’Etat
726 646 243 53 d’Epée,
902 646 331 53 ambassadeur
1167 646 133 53 de
1234 646 221 53 France
1388 646 110 53 à
1411 646 110 53 La-

129 690 198 53 Haye.
261 690 132 53 L.
327 690 198 53 sig.,
459 690 110 53 à
503 690 132 53 M.
569 690 132 53 le
635 690 330 53 chancelier.
899 690 308 53 Stockholm,
1141 690 132 53 le
1207 690 132 53 18
1273 690 176 53 août
1361 690 154 53 1757.

69 737 403 62 1
231 737 484 62 p.
472 737 886 62 in-fol.
1117 737 403 62 2
1198 737 322 62 50

82 784 185 70 3707.
206 784 370 70 Hennin,
514 784 288 70 secrétaire
740 784 123 70 du
802 784 226 70 conseil
966 784 226 70 d’Etat,
1131 784 206 70 membre
1274 784 123 70 de
1315 784 206 70 l’Acadé

129 835 137 52 mie
208 835 137 52 des
286 835 372 52 belles-lettres.
599 835 118 52 L.
658 835 157 52 aut.
756 835 157 52 sig.
854 835 294 52 Versailles,
1089 835 98 52 2
1128 835 157 52 juin
1226 835 176 52 1787.
1344 835 98 52 1
1383 835 118 52 p.
1422 835 98 52 pl.

37 880 1027 66 in-4.
721 880 570 66 5
950 880 570 66 2
1064 880 456 66 50

80 932 188 57 3708.
205 932 250 57 Henri
393 932 209 57 IV
539 932 146 57 roi
622 932 125 57 de
685 932 229 57 France.
852 932 188 57 Pièce
977 932 167 57 sig.
1081 932 167 57 (sur
1185 932 250 57 parch.).
1352 932 167 57 Paris,

127 975 109 58 5
171 975 240 58 octobre
345 975 196 58 1594.
476 975 196 58 Grand
606 975 240 58 in-fol.
781 975 131 58 en
846 975 261 58 travers,
1042 975 283 58 fortement
1260 975 261 58 mouillée
1434 975 87 58 et

42 1028 1250 54 tachée.
952 1028 682 54 10
1179 1028 341 54 »

178 1074 179 55 «...
289 1074 201 55 Notre
424 1074 157 55 ami
513 1074 134 55 et
580 1074 179 55 féal
692 1074 201 55 coner
826 1074 134 55 et
894 1074 291 55 trésorier
1117 1074 134 55 de
1184 1074 179 55 note
1274 1074 246 55 Espargne,

130 1130 160 56 «Me
221 1130 274 56 François
427 1130 251 56 Hotman,
609 1130 228 56 salut.
769 1130 182 56 Nous
883 1130 251 56 voulons
1065 1130 137 56 et
1133 1130 182 56 vous
1247 1130 251 56 mandons
1407 1130 114 56 que

131 1172 171 60 «des
237 1172 234 60 deniers
408 1172 128 60 de
472 1172 149 60 nre
557 1172 171 60 dict
664 1172 256 60 espargne
855 1172 128 60 de
919 1172 128 60 la
983 1172 192 60 prête
1111 1172 213 60 année,
1260 1172 171 60 vous
1346 1172 171 60 paiez,

132 1219 253 53 «baillez
321 1219 126 53 et
385 1219 253 53 délivrez
574 1219 274 53 comptant,
785 1219 126 53 ou
848 1219 274 53 assignez,
1059 1219 105 53 à
1101 1219 190 53 celui
1227 1219 168 53 qui,
1332 1219 147 53 par
1396 1219 126 53 nous

130 1271 205 56 «vous
267 1271 114 56 a
313 1271 182 56 esté
427 1271 274 56 commandé
632 1271 137 56 et
700 1271 274 56 ordonné,
905 1271 228 56 lequel
1065 1271 137 56 ne
1133 1271 251 56 voulons
1316 1271 205 56 estre
1430 1271 91 56 cy

129 1313 236 56 «nommé
295 1313 142 56 et
366 1313 307 56 spécifié,
602 1313 142 56 la
673 1313 213 56 somme
814 1313 142 56 de
885 1313 378 56 soixante-dix
1192 1313 165 56 mil
1287 1313 189 56 deux
1381 1313 142 56 cens

133 1364 308 57 «cinquante
375 1364 220 57 quatre
530 1364 198 57 escuz
662 1364 154 57 sol
750 1364 154 57 que
838 1364 176 57 nous
948 1364 154 57 luy
1036 1364 198 57 avons
1168 1364 264 57 ordonnée
1367 1364 132 57 et
1411 1364 110 57 or-

131 1412 265 47 «donnons
329 1412 154 47 par
418 1412 154 47 ces
506 1412 287 47 présentes
726 1412 243 47 signées
903 1412 132 47 de
969 1412 154 47 nre
1057 1412 198 47 main,
1189 1412 176 47 pour
1300 1412 154 47 son
1366 1412 154 47 paye-

129 1461 212 58 «ment
271 1461 142 58 et
342 1461 401 58 remboursement
672 1461 142 58 de
743 1461 307 58 semblable
979 1461 212 58 somme
1121 1461 212 58 qu’il
1262 1461 118 58 a
1310 1461 212 58 payée
1428 1461 94 58 et

133 1507 277 60 «aduancée
346 1507 128 60 de
410 1507 149 60 ses
495 1507 234 60 deniers
666 1507 128 60 en
729 1507 277 60 plusieurs
943 1507 256 60 affaires
1134 1507 277 60 importans
1348 1507 128 60 le
1390 1507 128 60 bien

131 1548 147 64 «de
215 1548 147 64 nre
299 1548 253 64 service,
489 1548 168 64 dont
594 1548 126 64 ne
657 1548 232 64 voulons
826 1548 190 64 estre
952 1548 126 64 cy
1016 1548 190 64 faict
1142 1548 232 64 mention
1310 1548 126 64 ni
1353 1548 168 64 décla-

125 1601 340 58 «ration...
367 1601 73 58 »

78 1649 210 71 3709.
217 1649 326 71 Hérault
473 1649 140 71 de
543 1649 419 71 Séchelles,
892 1649 419 71 conventionnel.
1242 1649 186 71 Deux
1335 1649 186 71 lignes

129 1702 369 65 d’approbation
433 1702 173 65 aut.
541 1702 195 65 sig.,
671 1702 130 65 en
736 1702 195 65 marge
867 1702 173 65 d’un
975 1702 195 65 ordre
1105 1702 130 65 du
1170 1702 239 65 général
1322 1702 195 65 Dornac,

123 1753 331 45 commandant
384 1753 260 45 l’armée
573 1753 166 45 des
668 1753 237 45 Alpes.
834 1753 308 45 Chambérv,
1070 1753 142 45 14
1141 1753 166 45 mai
1236 1753 213 45 1792.
1354 1753 166 45 Demi-

68 1793 646 67 pâge
472 1793 888 67 in-fol.
1117 1793 404 67 2
1198 1793 323 67 50

80 1842 185 71 3710.
204 1842 369 71 Héroart
511 1842 226 71 (Jean),
675 1842 185 71 sieur
798 1842 123 71 de
860 1842 328 71 Valgrineuse,
1126 1842 226 71 premier
1290 1842 226 71 médeein
1434 1842 82 71 de

118 1899 263 55 Louis
293 1899 263 55 XIII.
468 1899 292 55 Quitt.
672 1899 233 55 sig.
818 1899 233 55 (sur
964 1899 321 55 parch.)
1197 1899 263 55 1594.
1372 1899 146 55 2
1401 1899 117 55 50

81 1943 180 61 3711.
201 1943 339 61 Hullin
480 1943 140 61 (le
560 1943 239 61 général,
740 1943 220 61 comte),
899 1943 259 61 président
1099 1943 120 61 du
1159 1943 220 61 conseil
1318 1943 120 61 de
1358 1943 160 61 guerre

128 2003 157 55 qui
217 2003 269 55 condamna
419 2003 112 55 à
464 2003 179 55 mort
576 2003 135 55 le
643 2003 157 55 duc
733 2003 314 55 d’Enghien.
980 2003 135 55 L.
1047 2003 179 55 aut.
1159 2003 202 55 sig.,
1294 2003 112 55 à
1339 2003 157 55 son
1406 2003 112 55 ami

114 2042 456 66 Fournier.
465 2042 211 66 15
570 2042 386 66 juin...
851 2042 176 66 1
921 2042 211 66 p.
1027 2042 246 66 pl.
1167 2042 316 66 in-4.
1378 2042 176 66 3
1413 2042 105 66 »

80 2088 190 103 3712.
207 2088 381 103 Humbold
524 2088 148 103 (le
609 2088 190 103 baron
735 2088 275 103 Alexandre
947 2088 169 103 de),
1053 2088 233 103 célèbre
1222 2088 275 103 voyageur,
1412 2088 106 103 na-

123 2149 399 69 turaliste.
436 2149 171 69 L.
521 2149 228 69 aut.
664 2149 228 69 sig.
806 2149 313 69 Samedi.
1034 2149 142 69 2
1091 2149 171 69 p.
1176 2149 285 69 in-18.
1376 2149 142 69 2
1404 2149 114 69 50

81 2188 183 89 3713.
203 2188 345 89 Jetons
487 2188 122 89 de
548 2188 284 89 l’Académie
771 2188 284 89 française,
994 2188 122 89 de
1055 2188 284 89 l’Académie
1278 2188 142 89 des
1339 2188 183 89 belles

125 2248 253 59 lettres,
315 2248 127 59 et
378 2248 127 59 de
442 2248 296 59 l’Académie
674 2248 148 59 des
759 2248 275 59 sciences:
970 2248 127 59 1°
1033 2248 127 59 L.
1097 2248 169 59 aut.
1202 2248 169 59 sig.
1308 2248 127 59 de
1371 2248 127 59 M.
1413 2248 106 59 De-

125 2296 211 66 cotte,
273 2296 253 66 envoyant
463 2296 127 66 ce
526 2296 232 66 mémoire
695 2296 148 66 qui
780 2296 190 66 suit.
906 2296 211 66 Paris,
1054 2296 127 66 20
1118 2296 169 66 nov.
1223 2296 190 66 1749.
1350 2296 106 66 1
1392 2296 127 66 p.
1435 2296 84 66 in

124 2349 131 58 4.
190 2349 109 58 —
233 2349 131 58 2°
299 2349 240 58 Mémoire
473 2349 174 58 pour
582 2349 153 58 les
669 2349 240 58 jettons
843 2349 196 58 deubs
974 2349 153 58 aux
1061 2349 283 58 Académies
1257 2349 262 58 françoise,

125 2400 153 50 des
212 2400 393 50 belles-lettres
540 2400 131 50 et
605 2400 153 50 des
692 2400 262 50 sciences
889 2400 174 50 pour
998 2400 240 50 l’année
1172 2400 196 50 1749,
1303 2400 240 50 montant
1456 2400 65 50 à

121 2447 264 55 26,052
305 2447 211 55 liv.
437 2447 158 55 10
516 2447 237 55 sous.
674 2447 132 55 1
727 2447 185 55 gr.
832 2447 158 55 p.
912 2447 369 55 manuscrite
1202 2447 290 55 in-fol.
1413 2447 132 55 5
1439 2447 79 55 »

78 2475 183 74 3714.
200 2475 346 74 Jomini
485 2475 142 74 (le
566 2475 264 74 cénéral),
769 2475 264 74 historien
973 2475 285 74 militaire.
1197 2475 122 74 L.
1258 2475 163 74 aut,
1359 2475 183 74 sig.,
1461 2475 61 74 à

125 2547 127 51 M.
188 2547 127 51 le
252 2547 317 51 maréchal...
505 2547 211 51 Paris,
653 2547 106 51 5
695 2547 190 51 mars.
822 2547 106 51 3
864 2547 148 51 gr.
949 2547 127 51 p.
1012 2547 190 51 in-4.
1139 2547 359 51 Intéressante.
1435 2547 106 51 3
1456 2547 63 51 »

78 2584 183 86 3715.
200 2584 366 86 Jourdan
504 2584 244 86 maréchal
687 2584 122 86 de
748 2584 264 86 l’Empire.
951 2584 122 86 L.
1012 2584 163 86 aut.
1114 2584 163 86 sig.
1215 2584 203 86 Soisy,
1357 2584 122 86 24
1398 2584 122 86 jan-

91 2661 440 65 vier
366 2661 495 65 1829.
696 2661 275 65 1
806 2661 330 65 p.
971 2661 495 65 in-4.
1301 2661 275 65 3
1356 2661 165 65 »

77 2700 197 56 3716.
208 2700 416 56 Jullien,
558 2700 328 56 compositeur
821 2700 131 56 de
887 2700 241 56 musique
1062 2700 131 56 de
1127 2700 219 56 danse,
1280 2700 175 56 chef
1368 2700 153 56 d’or-

123 2751 283 69 chestre.
336 2751 142 69 L.
406 2751 189 69 aut.
524 2751 189 69 sig.
642 2751 283 69 Londres,
855 2751 142 69 25
925 2751 165 69 mai
1020 2751 212 69 1840.
1161 2751 118 69 3
1208 2751 142 69 p.
1279 2751 212 69 in-8.
1421 2751 118 69 2
1444 2751 71 69 »
