1645 2945
38 144 175 109 3752.
154 144 349 109 Négrier
445 144 136 109 (le
523 144 213 109 général
678 144 155 109 de),
775 144 136 109 tué
852 144 155 109 dans
949 144 136 109 les
1027 144 233 109 journées
1201 144 116 109 de
1260 144 155 109 juin
1337 144 136 109 1848.

85 208 127 98 L.
148 208 169 98 aut.
254 208 190 98 sig.,
380 208 127 98 au
444 208 317 98 général....
697 208 211 98 Lille,
845 208 127 98 24
908 208 232 98 juillet
1077 208 190 98 1846.
1204 208 127 98 2.
1267 208 127 98 p.
1330 208 148 98 pl.
1394 208 84 98 et

15 256 823 67 demie
563 256 823 67 in-8.
1112 256 457 67 3
1204 256 274 67 »

38 309 188 78 3753.
163 309 396 78 Nogaret,
497 309 188 78 valet
622 309 125 78 de
685 309 250 78 chambre,
873 309 250 78 baigneur
1061 309 125 78 du
1123 309 146 78 roi
1207 309 188 78 Louis
1332 309 146 78 XV.
1395 309 83 78 L.

82 351 193 69 aut.
202 351 193 69 sig.
323 351 241 69 Paris,
492 351 121 69 3
540 351 265 69 octobre
733 351 217 69 1767.
877 351 121 69 3
926 351 145 69 p.
998 351 217 69 in-4.
1143 351 313 69 Curieuse.
1384 351 121 69 2
1408 351 72 69 »

40 383 171 87 3754.
154 383 303 87 Oliva
400 383 265 87 (J.-Paul),
608 383 208 87 général
760 383 133 87 des
836 383 246 87 jésuites.
1025 383 114 87 L.
1082 383 152 87 avec
1177 383 114 87 la
1215 383 265 87 souscription

88 461 163 56 d’une
196 461 163 56 ligne
305 461 145 56 aut.
395 461 145 56 sig.
486 461 127 56 (en
558 461 235 56 Italien),
739 461 109 56 au
794 461 217 56 cardinal
956 461 109 56 di
1011 461 362 56 Buglione
1318 461 90 56 à
1336 461 145 56 Paris.

84 495 194 73 Rome,
214 495 129 73 21
278 495 194 73 sept.
407 495 194 73 1671.
537 495 108 73 3
580 495 129 73 p.
644 495 237 73 in-fol.
817 495 280 73 Enveloppe
1032 495 172 73 avec
1140 495 129 73 le
1204 495 215 73 cachet
1355 495 129 73 de
1398 495 86 73 la

55 559 633 55 Société.
530 559 475 55 Belle
847 559 580 55 lettre.
1269 559 264 55 6
1322 559 158 55 »

40 576 178 88 3755.
159 576 533 88 Olivier-Gérente,
632 576 197 88 député
771 576 118 88 de
830 576 118 88 la
889 576 316 88 Drôme
1145 576 99 88 à
1185 576 118 88 la
1224 576 257 88 Convention.

89 647 127 82 L.
152 647 169 82 aut.
258 647 190 82 sig.,
385 647 148 82 aux
470 647 233 82 membres
639 647 127 82 du
702 647 212 82 Comité
850 647 127 82 de
914 647 190 82 Salut
1041 647 233 82 public.
1210 647 127 82 21
1252 647 233 82 fructidor

76 696 201 55 an
177 696 235 55 II.
311 696 168 55 1
378 696 235 55 gr.
512 696 201 55 p.
613 696 235 55 pl.
747 696 201 55 et
848 696 302 55 demie
1049 696 369 55 in-fol.
1317 696 168 55 7
1351 696 134 55 50

135 746 221 58 Détenu
290 746 221 58 depuis
445 746 177 58 cinq
555 746 199 58 mois,
688 746 199 58 ainsi
821 746 155 58 que
909 746 133 58 sa
975 746 221 58 femme,
1130 746 133 58 il
1196 746 265 58 demande,
1373 746 111 58 par

88 784 258 78 diverses
282 784 387 78 considérations
605 784 323 78 d’humanité,
863 784 108 78 à
906 784 172 78 être
1014 784 215 78 réunie
1164 784 108 78 à
1207 784 172 78 elle
1315 784 172 78 dans
1401 784 86 78 la

91 828 208 73 maison
237 828 229 73 d’arrêt
404 828 146 73 des
487 828 292 73 Anglaises,
716 828 146 73 rue
800 828 125 73 de
862 828 292 73 l’Ourcine,
1091 828 125 73 si
1154 828 146 73 les
1237 828 229 73 députés
1383 828 104 73 qui

90 879 129 66 se
155 879 259 66 trouvent
349 879 215 66 réunis
500 879 172 66 dans
608 879 129 66 la
672 879 215 66 maison
823 879 151 66 des
909 879 215 66 Fermes
1060 879 237 66 doivent
1232 879 172 66 être
1319 879 172 66 trans-

91 947 188 49 férés
217 947 167 49 dans
321 947 251 49 diverses
509 947 230 49 maisons
656 947 209 49 d’arrêt.

45 983 194 61 3756.
175 983 367 61 Onslow
477 983 302 61 (Georges),
714 983 345 61 compositeur.
994 983 129 61 1°
1059 983 129 61 L.
1123 983 172 61 aut.
1231 983 172 61 sig.
1318 983 172 61 Paris,

90 1020 132 68 24
156 1020 197 68 avril
287 1020 197 68 1837.
419 1020 110 68 1
463 1020 132 68 p.
528 1020 197 68 in-8.
660 1020 110 68 —
704 1020 132 68 2°
770 1020 219 68 Cahier
923 1020 132 68 de
989 1020 329 68 composition
1252 1020 263 68 musicale
1427 1020 66 68 à

78 1072 409 69 l’encre
375 1072 223 69 et
487 1072 223 69 au
598 1072 409 69 cravon.
896 1072 223 69 32
1008 1072 223 69 p.
1119 1072 335 69 in-8.
1342 1072 186 69 5
1379 1072 112 69 »

42 1110 222 105 3757.
190 1110 295 105 Opéra
412 1110 123 105 à
461 1110 295 105 Toulouse
683 1110 148 105 et
756 1110 123 105 à
806 1110 394 105 Bordeaux
1101 1110 394 105 (établissement

96 1168 212 66 d’un).
244 1168 212 66 Traité
393 1168 233 66 notarié
563 1168 127 66 et
626 1168 191 66 signé
753 1168 191 66 passé
881 1168 170 66 dans
987 1168 127 66 la
1050 1168 191 66 ville
1178 1168 127 66 de
1220 1168 276 66 Montpellier

93 1221 136 63 le
161 1221 113 63 9
207 1221 272 63 décembre
410 1221 204 63 1689,
546 1221 204 63 entre
682 1221 181 63 Jean
795 1221 272 63 Billien,
999 1221 317 63 ingénieur,
1248 1221 136 63 et
1293 1221 204 63 Jacques

96 1272 271 59 Roussel,
300 1272 271 59 marchand
503 1272 135 59 de
570 1272 271 59 musique,
774 1272 181 59 pour
887 1272 429 59 l’établissement
1248 1272 181 59 d’un
1338 1272 158 59 opéra

95 1312 181 65 dans
208 1312 158 65 les
299 1312 226 65 villes
457 1312 136 65 de
525 1312 271 65 Toulouse
728 1312 136 65 et
796 1312 136 65 de
864 1312 294 65 Bordeaux.
1090 1312 113 65 1
1135 1312 136 65 p.
1203 1312 158 65 pl.
1294 1312 136 65 et
1339 1312 158 65 demie

-19 1356 1241 72 in-4.
809 1356 690 72 2
946 1356 552 72 50

49 1414 186 92 3758.
173 1414 497 92 Opéra-Comique
608 1414 248 92 (théâtre
794 1414 124 92 de
856 1414 166 92 l’).
960 1414 124 92 L.
1022 1414 166 92 aut.
1125 1414 166 92 sig.
1229 1414 124 92 du
1291 1414 145 92 duc
1353 1414 145 92 d’Au

103 1465 167 61 mont
207 1465 125 61 au
270 1465 188 61 baron
395 1465 125 61 de
457 1465 125 61 la
520 1465 208 61 Ferté,
666 1465 125 61 au
728 1465 188 61 sujet
853 1465 125 61 de
916 1465 125 61 la
978 1465 333 61 construction
1249 1465 125 61 de
1291 1465 208 61 l’Opéra-

98 1519 237 52 Comique
271 1519 151 52 sur
357 1519 151 52 les
443 1519 258 52 terrains
636 1519 129 52 de
701 1519 129 52 la
765 1519 301 52 Compagnie,
1002 1519 151 52 sur
1088 1519 129 52 la
1153 1519 344 52 constitution
1411 1519 86 52 de

103 1549 121 66 sa
163 1549 243 66 nouvelle
346 1549 344 66 organisation,
629 1549 142 66 les
710 1549 223 66 charges
872 1549 121 66 de
932 1549 121 66 la
993 1549 182 66 liste
1115 1549 223 66 civile,
1276 1549 182 66 etc.,
1378 1549 121 66 etc.

95 1612 243 54 Pièce
257 1612 377 54 importante
553 1612 216 54 pour
688 1612 377 54 l’histoire
985 1612 162 54 de
1066 1612 162 54 ce
1147 1612 324 54 théâtre.
1389 1612 135 54 6
1416 1612 81 54 »

53 1644 194 79 3759.
183 1644 518 79 Opéra-Comique
636 1644 259 79 (théâtre
830 1644 129 79 de
895 1644 173 79 l’).
1003 1644 129 79 L.
1067 1644 173 79 aut.
1175 1644 173 79 sig.
1283 1644 129 79 du
1348 1644 151 79 duc
1413 1644 86 79 de

100 1689 372 84 Doudeauville,
406 1689 262 84 ministre
603 1689 131 84 de
668 1689 131 84 la
734 1689 219 84 maison
887 1689 131 84 du
953 1689 175 84 roi,
1062 1689 131 84 au
1127 1689 197 84 sujet
1259 1689 131 84 de
1324 1689 131 84 la
1368 1689 131 84 con-

105 1757 266 84 struction
309 1757 123 84 de
371 1757 123 84 la
432 1757 246 84 nouvelle
617 1757 184 84 salle
740 1757 246 84 Feydeau.
924 1757 205 84 Paris,
1068 1757 102 84 8
1109 1757 225 84 octobre
1273 1757 184 84 1828.
1396 1757 102 84 1
1416 1757 82 84 p.

-15 1791 1241 67 in-4.
813 1791 690 67 2
950 1791 552 67 50

54 1831 197 102 3760.
186 1831 307 102 Orléans
427 1831 132 102 de
493 1831 132 102 la
558 1831 285 102 Motte
778 1831 636 102 (Louis-François-Gabriel),
1326 1831 175 102 évêque

105 1900 246 60 d’Amiens,
294 1900 113 60 né
351 1900 94 60 à
388 1900 397 60 Carpentras
728 1900 283 60 (Vaucluse).
955 1900 113 60 L.
1012 1900 151 60 aut.
1106 1900 170 60 sig.,
1220 1900 94 60 à
1257 1900 113 60 M.
1314 1900 113 60 de
1352 1900 151 60 Saint-

97 1934 329 65 Julien.
336 1934 149 65 8
396 1934 329 65 janvier
635 1934 269 65 1748.
814 1934 149 65 1
874 1934 179 65 p.
963 1934 269 65 in-4.
1143 1934 329 65 Cachet.
1382 1934 149 65 3
1411 1934 90 65 »

57 1972 197 109 3761.
189 1972 351 109 Ossun
474 1972 153 109 (le
561 1972 241 109 marquis
737 1972 175 109 d’),
846 1972 329 109 ambassadeur
1109 1972 395 109 extraordinaire
1416 1972 88 109 et

107 2046 258 54 ministre
300 2046 430 54 plénipotentiaire
665 2046 107 54 à
708 2046 236 54 Madrid.
880 2046 129 54 L.
944 2046 172 54 aut.
1052 2046 193 54 sig.,
1181 2046 129 54 au
1245 2046 150 54 duc
1331 2046 129 54 de
1374 2046 129 54 Pen-

109 2082 257 63 thièvre.
301 2082 107 63 A
344 2082 321 63 l’Escurial,
601 2082 129 63 le
666 2082 129 63 21
730 2082 236 63 octobre
901 2082 193 63 1773.
1030 2082 107 63 2
1073 2082 129 63 p.
1137 2082 193 63 in-4.
1265 2082 150 63 (On
1351 2082 150 63 lit
1415 2082 86 63 en

112 2141 171 63 tête,
226 2141 114 63 de
283 2141 114 63 la
340 2141 152 63 main
436 2141 114 63 du
493 2141 133 63 duc
569 2141 114 63 de
626 2141 286 63 Penthièvre:
855 2141 190 63 Une
988 2141 209 63 réponse
1140 2141 152 63 fort
1216 2141 286 63 honneste

110 2191 251 50 écrite
303 2191 116 50 de
361 2191 155 50 main
458 2191 232 50 simulée,
632 2191 116 50 et
690 2191 213 50 tournée
845 2191 155 50 dans
941 2191 116 50 la
999 2191 174 50 forme
1115 2191 367 50 ordinaire)
1425 2191 97 50 3
1444 2191 58 50 »

62 2230 191 76 3762.
189 2230 404 76 Palasson
529 2230 276 76 (l’abbé),
741 2230 212 76 membre
890 2230 361 76 correspondant
1187 2230 127 76 de
1230 2230 276 76 l’Institut,

112 2292 196 47 auteur
250 2292 157 47 d’un
347 2292 235 47 Essai
524 2292 137 47 sur
602 2292 118 47 la
661 2292 294 47 minéralogie
896 2292 137 47 des
974 2292 333 47 Pyrénées
1248 2292 118 47 L.
1307 2292 157 47 aut.
1385 2292 118 47 sig.

98 2318 403 74 Navarre,
400 2318 201 74 10
501 2318 369 74 octobre
770 2318 302 74 1809.
971 2318 168 74 1
1038 2318 201 74 p.
1139 2318 302 74 in-4.
1340 2318 168 74 2
1374 2318 134 74 25

64 2371 183 88 3763.
186 2371 345 88 Patin,
470 2371 203 88 membre
612 2371 122 88 de
673 2371 284 88 l’Académie
896 2371 284 88 française.
1119 2371 122 88 1°
1180 2371 284 88 certificat
1383 2371 122 88 aut.

111 2416 186 69 sig.
227 2416 116 69 2
274 2416 279 69 novembre
483 2416 210 69 1820.
623 2416 116 69 1
670 2416 140 69 p.
739 2416 210 69 in-8.
879 2416 116 69 —
926 2416 140 69 2°
996 2416 279 69 Discours
1205 2416 279 69 prononcé
1392 2416 116 69 aux

111 2464 308 75 funérailles
358 2464 123 75 de
419 2464 123 75 M.
481 2464 246 75 Ancelot.
665 2464 103 75 6
706 2464 123 75 p.
768 2464 144 75 pl.
850 2464 123 75 et
911 2464 185 75 demie
1034 2464 185 75 in-4,
1157 2464 123 75 et
1219 2464 144 75 une
1301 2464 164 75 note
1383 2464 123 75 aut.

75 2513 499 69 pour
386 2513 997 69 l’imprimeur.
1196 2513 312 69 4
1259 2513 249 69 50

69 2547 166 82 3764.
179 2547 277 82 Pean
401 2547 221 82 (Emile),
567 2547 185 82 député
696 2547 111 82 du
751 2547 314 82 Loiret
1010 2547 92 82 à
1047 2547 111 82 la
1102 2547 295 82 constituante
1342 2547 111 82 de
1379 2547 129 82 1848.

115 2620 129 50 L.
179 2620 172 50 aut.
286 2620 172 50 sig.
393 2620 214 50 Paris,
543 2620 129 50 24
608 2620 236 50 février
779 2620 193 50 1844.
908 2620 107 50 1
951 2620 129 50 p.
1015 2620 150 50 pl.
1101 2620 129 50 et
1165 2620 193 50 demie
1294 2620 193 50 in-8.
1422 2620 107 50 2
1444 2620 64 50 »

67 2663 194 61 3765.
197 2663 237 61 Péan
369 2663 129 61 de
434 2663 431 61 Saint-Gilles
800 2663 496 61 (Alexandre-Pierre),
1231 2663 215 61 cirier
1360 2663 151 61 ordi-

117 2704 193 65 naire
245 2704 129 65 en
310 2704 129 65 la
374 2704 215 65 grande
524 2704 344 65 chancellerie
804 2704 129 65 de
868 2704 236 65 France,
1040 2704 129 65 et
1104 2704 258 65 marchand
1297 2704 236 65 épicier
1448 2704 64 65 à

114 2747 225 85 Paris.
272 2747 158 85 Son
362 2747 248 85 contrat
543 2747 135 85 de
610 2747 248 85 mariage
791 2747 180 85 avec
903 2747 316 85 damoiselle
1129 2747 383 85 Marie
