1778 3002
607 52 181 82 —
679 52 254 82 303
788 52 109 82 —

85 128 263 110 Daminois,
287 128 182 110 signé
408 128 101 110 à
449 128 182 110 Paris
570 128 121 110 le
630 128 121 110 15
691 128 222 110 juillet
853 128 162 110 1738
954 128 141 110 (33
1034 128 323 110 signatures).
1297 128 101 110 9
1338 128 141 110 gr.
1398 128 81 110 p.

-12 208 1262 74 in-fol.
906 208 689 74 20
1136 208 344 74 »

38 254 168 67 3766.
150 254 393 67 Pelletier,
487 254 187 67 député
618 254 112 67 du
674 254 280 67 Cher
898 254 93 67 à
936 254 112 67 la
992 254 280 67 Convention.
1216 254 112 67 L.
1272 254 150 67 aut.
1347 254 131 67 sig.,

83 297 199 62 comme
216 297 332 62 commissaire
482 297 133 62 du
548 297 244 62 pouvoir
726 297 266 62 exécutif
925 297 177 62 près
1036 297 133 62 le
1102 297 266 62 tribunal
1280 297 199 62 correc-

83 347 258 70 tionnel,
277 347 129 70 et
342 347 129 70 le
406 347 280 70 directeur
621 347 129 70 du
686 347 172 70 jury
794 347 323 70 d’exception
1052 347 129 70 de
1095 347 387 70 l’arrondissement

82 407 125 63 de
145 407 230 63 Bourges
312 407 230 63 (Cher),
479 407 125 63 au
542 407 251 63 ministre
730 407 125 63 de
793 407 125 63 la
855 407 251 63 justice.
1043 407 251 63 Bourges,
1231 407 125 63 12
1273 407 209 63 pluviôse

77 458 176 68 an
165 458 205 68 IV.
282 458 146 68 5
340 458 205 68 gr.
457 458 176 68 p.
545 458 205 68 pl.
662 458 263 68 in-4.
837 458 205 68 (Un
954 458 205 68 peu
1071 458 351 68 tâchée.)
1335 458 176 68 15
1393 458 88 68 »

133 496 126 59 La
196 496 168 59 fête
301 496 147 59 qui
386 496 105 59 a
428 496 126 59 eu
491 496 168 59 lieu
596 496 105 59 à
638 496 295 59 l’occasion
870 496 126 59 de
933 496 126 59 la
996 496 189 59 juste
1122 496 253 59 punition
1312 496 126 59 du
1354 496 126 59 der-

84 536 177 62 nier
195 536 155 62 roi
283 536 155 62 des
372 536 266 62 Français
572 536 111 62 a
616 536 288 62 convainçu
838 536 155 62 les
927 536 310 62 royalistes
1171 536 155 62 que
1259 536 155 62 les
1326 536 155 62 amans

85 588 140 61 de
155 588 140 61 la
225 588 326 61 république
481 588 326 61 surpassent
737 588 140 61 de
807 588 280 61 beaucoup
1017 588 163 61 ses
1110 588 326 61 ennemis...
1343 588 140 61 Com-

85 633 169 67 ment
191 633 233 67 doivent
360 633 169 67 être
466 633 318 67 interprétés
720 633 275 67 plusieurs
932 633 254 67 articles
1122 633 148 67 des
1207 633 191 67 lois,
1313 633 169 67 notam-

85 683 191 59 ment,
212 683 297 59 concernant
445 683 297 59 l’exercice
678 683 148 59 des
763 683 212 59 cultes
911 683 191 59 réglé
1038 683 148 59 par
1123 683 127 59 la
1186 683 148 59 loi
1271 683 127 59 du
1335 683 106 59 7
1356 683 127 59 ven-

84 737 344 55 démiaire...
359 737 161 55 Les
451 737 298 55 ministres
681 737 138 55 du
750 737 207 55 culte
887 737 321 55 catholique
1140 737 275 55 exercent
1323 737 161 55 leurs

83 777 290 60 fonctions
305 777 178 60 dans
417 777 200 60 touts
550 777 156 60 les
640 777 245 60 temples
818 777 423 60 indistinctement
1174 777 178 60 sans
1263 777 223 60 déclara-

85 826 206 62 tions,
229 826 185 62 touts
353 826 144 62 les
435 826 206 62 signes
579 826 123 62 du
640 826 185 62 culte
764 826 247 62 existent
949 826 247 62 partout,
1134 826 226 62 partout
1298 826 123 62 on
1339 826 144 62 sonne

89 871 137 65 les
168 871 234 65 offices,
343 871 273 65 l’angelus,
558 871 176 65 etc.,
656 871 117 65 etc.

42 914 162 67 3767.
150 914 342 67 Pichon,
439 914 162 67 maire
547 914 108 67 de
601 914 234 67 Bordeaux.
781 914 162 67 Pièce
889 914 144 67 sig.
979 914 306 67 Pichon
1232 914 144 67 (sur
1304 914 180 67 parch.).

59 969 598 63 Bordeaux,
519 969 322 63 1er
703 969 414 63 avril
979 969 414 63 1553.
1255 969 276 63 10
1347 969 138 63 »

136 1018 153 56 «Le
223 1018 196 56 maire
354 1018 131 56 et
420 1018 218 56 jurats
572 1018 131 56 de
638 1018 305 56 Bourdeaulx
878 1018 305 56 certifient
1117 1018 109 56 à
1161 1018 174 56 tous
1248 1018 240 56 messieurs

84 1074 226 50 «Ogier
243 1074 136 50 de
310 1074 271 50 Bourgue,
514 1074 203 50 coner
650 1074 136 50 du
717 1074 158 50 Roy
808 1074 136 50 et
876 1074 249 50 général
1056 1074 136 50 de
1124 1074 158 50 ses
1215 1074 271 50 finances
1396 1074 90 50 en

88 1114 156 66 «la
177 1114 311 66 généralité
421 1114 133 66 de
488 1114 311 66 Guyenne...
732 1114 133 66 et
799 1114 244 66 Charles
977 1114 244 66 d’Aste,
1155 1114 200 66 aussi
1288 1114 200 66 coner
1399 1114 89 66 du

87 1159 190 58 «Roy
206 1159 142 58 et
277 1159 166 58 son
372 1159 308 58 comptable
609 1159 142 58 en
680 1159 142 58 la
752 1159 332 58 comptablye
1013 1159 142 58 de
1084 1159 142 58 la
1155 1159 142 58 d.
1226 1159 237 58 ville.
1368 1159 119 58 Que

89 1209 323 79 «l’exercice
348 1209 151 79 des
434 1209 258 79 lectures
627 1209 301 79 ordinaires
864 1209 129 79 du
929 1209 237 79 collège
1101 1209 129 79 de
1165 1209 237 79 Guyenne
1337 1209 108 79 a
1359 1209 129 79 esté

89 1262 215 65 «faict
240 1262 237 65 pendant
412 1262 129 65 ce
477 1262 258 65 quartier
670 1262 258 65 décembre
864 1262 172 65 finy
972 1262 129 65 le
1036 1262 237 65 dernier
1208 1262 172 65 jour
1316 1262 129 65 du
1359 1262 129 65 moys

92 1304 153 66 «de
179 1304 175 66 mars
289 1304 240 66 dernier
463 1304 196 66 soubz
594 1304 175 66 mtre
703 1304 218 66 Jaques
856 1304 262 66 Peletier
1052 1304 284 66 principal
1271 1304 175 66 aud.
1358 1304 131 66 col-

87 1355 226 61 «lege.
246 1355 136 61 En
314 1355 272 61 tesmoing
517 1355 136 61 de
585 1355 158 61 ce,
676 1355 181 61 etc.
766 1355 68 61 »

42 1401 197 69 3768.
174 1401 394 69 Piqures
502 1401 263 69 (Mémoire
699 1401 175 69 pour
809 1401 372 69 Auguste-Marie
1116 1401 241 69 Bizeul,
1269 1401 219 69 impliqué

92 1451 160 61 dans
192 1451 259 61 l’affaire
391 1451 179 61 des),
511 1451 140 61 par
591 1451 120 61 V.
650 1451 120 61 G.
710 1451 239 61 Claveau,
890 1451 219 61 avocat.
1049 1451 179 61 Notes
1169 1451 160 61 aut.
1269 1451 100 61 5
1309 1451 120 61 p.
1348 1451 140 61 in

90 1499 222 67 Quitt.
245 1499 178 67 aut.
356 1499 178 67 sig.
467 1499 133 67 de
534 1499 133 67 M.
601 1499 267 67 Claveau.
801 1499 111 67 2
845 1499 244 67 février
1023 1499 200 67 1828.
1156 1499 111 67 1
1200 1499 133 67 p.
1267 1499 200 67 in-8.
1400 1499 111 67 3
1422 1499 67 67 »

46 1546 165 77 3769.
156 1546 293 77 Piron
394 1546 238 77 (Alexis),
577 1546 165 77 poëte
687 1546 110 77 et
742 1546 183 77 auteur
871 1546 275 77 dramatique.
1091 1546 275 77 Etrennes
1311 1546 92 77 à
1329 1546 165 77 Mme

92 1593 159 66 a
192 1593 239 66 marquise
371 1593 119 66 de
431 1593 219 66 Mmn
590 1593 279 66 (Mimeure).
809 1593 179 66 Jolie
928 1593 179 66 pièce
1048 1593 119 66 de
1108 1593 179 66 vers.
1227 1593 159 66 Aut.
1307 1593 179 66 (1721).

37 1654 363 45 4
183 1654 436 45 p.
401 1654 508 45 pl.
691 1654 654 45 in-4.
1127 1654 436 45 16
1272 1654 218 45 »

43 1672 178 91 3770.
162 1672 375 91 Plouvier
477 1672 197 91 (Ed.),
616 1672 197 91 poëte,
754 1672 296 91 littérateur
991 1672 118 91 et
1050 1672 197 91 auteur
1188 1672 296 91 dramatique.
1405 1672 79 91 L.

55 1739 442 57 aut.
331 1739 442 57 sig.
607 1739 276 57 1
718 1739 331 57 p.
883 1739 497 57 in-8.
1215 1739 276 57 1
1270 1739 221 57 50

44 1786 189 63 3771.
170 1786 419 63 Pompignan
526 1786 356 63 (Jean-Georges
819 1786 293 63 Lefranc
1050 1786 210 63 de),
1197 1786 293 63 archevêque
1406 1786 84 63 de

88 1833 244 56 Vienne,
265 1833 221 56 député
420 1833 133 56 du
486 1833 266 56 Dauphiné
686 1833 111 56 à
730 1833 332 56 l’Assemblée
996 1833 376 56 constituante.
1306 1833 133 56 L.
1350 1833 133 56 aut.

92 1892 195 59 sig.,
222 1892 130 59 au
287 1892 216 59 prince
439 1892 130 59 de
503 1892 325 59 Montbarrey.
763 1892 238 59 Vienne,
936 1892 130 59 26
1001 1892 195 59 avril
1131 1892 195 59 1780.
1261 1892 130 59 2.
1326 1892 130 59 p.
1369 1892 108 59 pl.

-42 1936 1379 57 in-4.
877 1936 766 57 5
1030 1936 460 57 »

44 1966 194 81 3772.
174 1966 539 81 Pontchartrain,
648 1966 259 81 ministre
842 1966 129 81 de
907 1966 194 81 Louis
1036 1966 172 81 XIV.
1144 1966 129 81 L.
1209 1966 172 81 aut.
1317 1966 194 81 sig.,
1424 1966 65 81 à

81 2024 188 65 M.
175 2024 188 65 Le
268 2024 282 65 Bret.
456 2024 156 65 7
519 2024 376 65 novembre
801 2024 282 65 1691.
988 2024 156 65 1
1051 2024 188 65 p.
1145 2024 282 65 in-4.
1333 2024 156 65 2
1364 2024 125 65 50

48 2071 171 66 3773.
162 2071 379 66 Poujolat,
484 2071 190 66 député
617 2071 133 66 des
693 2071 512 66 Bouches-du-Rhône
1148 2071 95 66 à
1186 2071 114 66 la
1224 2071 265 66 Constituante

96 2127 110 63 de
151 2127 165 63 1848,
261 2127 294 63 littérateur,
500 2127 110 63 né
555 2127 92 63 à
591 2127 386 63 Marseille
922 2127 110 63 L.
977 2127 147 63 aut.
1069 2127 147 63 sig.
1161 2127 202 63 Ecouen.
1307 2127 92 63 7
1326 2127 165 63 octobre

71 2169 376 64 1846.
322 2169 209 64 2
405 2169 250 64 p.
530 2169 292 64 pl.
697 2169 250 64 et
822 2169 376 64 demie
1073 2169 376 64 in-8.
1323 2169 209 64 3
1365 2169 125 64 »

138 2219 131 69 An
204 2219 197 69 sujet
335 2219 131 69 de
400 2219 131 69 sa
466 2219 328 69 candidature
728 2219 109 69 à
772 2219 306 69 l’Académie
1012 2219 306 69 française;
1253 2219 153 69 ses
1318 2219 175 69 titres

97 2274 298 83 littéraires,
321 2274 112 83 etc.

587 2391 227 70 SOUS
700 2391 255 70 PRESSE:

46 2433 336 107 Catalogue
319 2433 189 107 d’une
446 2433 189 107 belle
572 2433 294 107 Collection
803 2433 126 107 de
866 2433 231 107 Lettres
1034 2433 442 107 autographes,
1392 2433 105 107 Ma-

87 2496 262 62 nuscrits,
288 2496 262 62 Documents
490 2496 322 62 historiques,
752 2496 181 62 etc.,
873 2496 282 62 comprenant
1094 2496 101 62 :
1134 2496 363 62 Correspondance
1416 2496 81 62 de

88 2551 238 51 Voltaire
267 2551 159 51 avec
366 2551 317 51 Mademoiselle
624 2551 258 51 Quinault;
822 2551 357 51 Correspondance
1119 2551 258 51 (inédite)
1318 2551 119 51 de
1357 2551 139 51 Beau-

90 2598 238 67 marchais,
273 2598 110 67 de
328 2598 220 67 Charlet,
493 2598 165 67 etc.,
585 2598 110 67 etc.

92 2681 277 75 N.B
313 2681 111 75 M.
369 2681 222 75 LAVERDET
535 2681 129 75 est
609 2681 148 75 chez
701 2681 129 75 lui
775 2681 111 75 de
830 2681 92 75 1
867 2681 166 75 heure
978 2681 92 75 à
1015 2681 111 75 4,
1070 2681 129 75 les
1144 2681 240 75 dimanches
1329 2681 111 75 et
1366 2681 129 75 fêtes

53 2734 239 91 exceptés,
237 2734 110 91 et
292 2734 110 91 du
347 2734 110 91 15
402 2734 166 91 avril
513 2734 110 91 au
568 2734 110 91 15
623 2734 221 91 octobre,
789 2734 129 91 les
863 2734 239 91 mersredis
1047 2734 110 91 et
1102 2734 203 91 samedis
1231 2734 221 91 seulement.
