1547 3056
586 88 212 74 EN
656 88 248 74 VENTE

255 136 163 95 A
321 136 195 95 LA
418 136 424 95 LIBRAIRIE
712 136 195 95 DEJ.

852 137 381 93 TECHENER,

504 194 146 75 RUE
588 194 125 75 DE
650 194 334 75 L’ARBRE-SEC,
901 194 104 75 52.

326 285 755 105 CORRESPONDANCE

598 385 230 66 ENTRE

-59 480 1496 108 DEATAUTHETRHAU

671 575 126 58 ET

415 637 586 99 BROSLHALL,

452 717 209 64 Avocat
599 717 126 64 au
661 717 272 64 Parlement
871 717 126 64 de
913 717 147 64 Lyon.

330 769 253 56 PUBLIÉE
514 769 161 56 SUR
606 769 161 56 LES
698 769 322 56 MANUSCRITS
929 769 253 56 ORIGINAUX

458 819 184 93 PAR
563 819 289 93 AUGUSTE
747 819 289 93 LAVERDET,

226 884 552 88 INTRODUCTION
690 884 203 88 PAR
807 884 174 88 M.
894 884 261 88 JULES
1039 884 232 88 JANIN.

325 955 236 65 Première
514 955 173 65 édition
640 955 205 65 complète,
797 955 94 65 en
844 955 157 65 partie
939 955 220 65 inédite

54 1019 106 53 Un
107 1019 177 53 volume
231 1019 141 53 in-8
319 1019 106 53 de
372 1019 177 53 XXXII—
496 1019 124 53 608
567 1019 177 53 pages,
690 1019 141 53 avec
778 1019 124 53 six
849 1019 265 53 fac-simile,
1061 1019 106 53 et
1096 1019 71 53 la

1148 1012 249 75 généalogie
1344 1012 107 75 de
1380 1012 71 75 la

492 1059 190 72 famille
630 1059 104 72 de
682 1059 190 72 Boileau
803 1059 208 72 Despréaux.

637 1105 137 64 DERRRRRRRRRD
749 1105 60 64 C0)
792 1105 43 64 C
800 1105 43 64 Cii

276 1154 331 58 SOMMAIRE
524 1154 165 58 DU
607 1154 303 58 CONTENU
827 1154 165 58 DE
910 1154 165 58 CE
965 1154 248 58 VOLUME:

335 1213 269 77 (COMPLÉMENT
550 1213 125 77 DES
622 1213 197 77 OEUVRES
765 1213 107 77 DE
819 1213 197 77 BOILEAU
944 1213 233 77 DESPRÉAUX.)

25 1250 246 96 PREMIÈRE
210 1250 205 96 PARTIE
354 1250 246 96 (Premier
538 1250 205 96 volume
682 1250 123 96 du
744 1250 308 96 manuscrit).
969 1250 62 96 —

1015 1254 344 83 Correspondance

1310 1255 155 75 entre

73 1312 211 61 Boileau
226 1312 249 61 Despréaux
417 1312 115 61 et
475 1312 249 61 Brossette
666 1312 268 61 (contenant
877 1312 364 61 soixante-quinze
1183 1312 211 61 lettres
1317 1312 134 61 auto-

78 1363 208 58 graphes
229 1363 208 58 signées
380 1363 113 58 de
437 1363 208 58 Boileau
588 1363 283 58 Despréaux).
815 1363 94 58 —
853 1363 170 58 Arrêt
966 1363 113 58 de
1023 1363 227 58 noblesse
1193 1363 113 58 de
1249 1363 113 58 la
1287 1363 170 58 famille

71 1404 119 49 de
131 1404 218 49 Boileau
289 1404 278 49 Despréaux.
508 1404 99 49 —
547 1404 238 49 Sentence
726 1404 139 49 des
805 1404 238 49 requêtes
984 1404 119 49 du
1043 1404 198 49 Palais
1182 1404 139 49 sur
1262 1404 119 49 le
1301 1404 159 49 procès

89 1450 108 53 du
143 1450 197 53 Lutrin.
286 1450 90 53 —
322 1450 197 53 Lettres
466 1450 108 53 et
520 1450 179 53 pièces
645 1450 108 53 de
699 1450 197 53 divers.
843 1450 90 53 —
879 1450 233 53 Testament
1058 1450 108 53 de
1112 1450 197 53 Boileau
1238 1450 215 53 Despréaux,

24 1497 224 46 DEUXIÈME
192 1497 205 46 PARTIE,
341 1497 112 46 ou
397 1497 392 46 Supplément
733 1497 242 46 (deuxième
919 1497 186 46 volume
1050 1497 112 46 du
1106 1497 261 46 manuscrit)
1292 1497 168 46 compre-

64 1539 148 44 nant
156 1539 129 44 les
230 1539 203 44 papiers
377 1539 111 44 de
433 1539 203 44 Boileau
580 1539 240 44 Despréaux
765 1539 203 44 laissés
913 1539 92 44 à
950 1539 111 44 sa
1005 1539 166 44 mort,
1116 1539 111 44 et
1171 1539 185 44 donnés
1300 1539 92 44 à
1319 1539 129 44 Bros-

66 1577 182 56 sette
187 1577 142 56 par
268 1577 202 56 l’abbé
410 1577 243 56 Boileau,
592 1577 142 56 son
672 1577 202 56 frère.
814 1577 101 56 —
854 1577 142 56 Les
935 1577 182 56 Héros
1057 1577 121 56 du
1117 1577 202 56 Roman,
1239 1577 222 56 dialogue.

69 1621 105 50 —
111 1621 168 50 Deux
216 1621 274 50 Epitaphes
427 1621 126 50 de
490 1621 232 50 Racine.
659 1621 105 50 —
701 1621 232 50 Réponse
869 1621 105 50 à
911 1621 126 50 un
975 1621 232 50 mémoire
1143 1621 126 50 de
1206 1621 211 50 Claude
1333 1621 126 50 Per-

66 1649 185 63 rault.
196 1649 93 63 —
233 1649 222 63 Lettres:
400 1649 111 63 au
455 1649 167 63 comte
566 1649 111 63 de
622 1649 222 63 Vivonne;
789 1649 93 63 à
826 1649 241 63 Maucroix;
1011 1649 93 63 à
1048 1649 185 63 Racine
1177 1649 148 63 (dix
1251 1649 204 63 lettres);

65 1703 101 45 à
105 1703 202 45 Madame
247 1703 243 45 Manchon,
429 1703 121 45 sa
490 1703 182 45 sœur;
611 1703 101 45 à
652 1703 202 45 Madame
793 1703 121 45 la
854 1703 243 45 marquise
1036 1703 121 45 de
1097 1703 263 45 Villette;
1299 1703 101 45 à
1340 1703 121 45 M.
1380 1703 81 45 de

64 1739 125 61 La
127 1739 270 61 Chapelle,
335 1739 146 61 son
418 1739 187 61 neveu
543 1739 166 61 (dix
647 1739 270 61 lettres);
854 1739 104 61 à
896 1739 125 61 M.
958 1739 125 61 le
1021 1739 187 61 comte
1146 1739 125 61 de
1187 1739 229 61 Maurepas;

1381 1749 75 46 à

69 1786 117 52 M.
128 1786 117 52 de
187 1786 351 52 Pontchartrain;
479 1786 98 52 à
518 1786 117 52 M.
577 1786 195 52 l’abbé
713 1786 215 52 Bignon;
870 1786 98 52 à
909 1786 117 52 M.
967 1786 117 52 le
1026 1786 176 52 comte
1143 1786 117 52 de
1201 1786 176 52 Revel
1318 1786 137 52 sur
1377 1786 78 52 le

66 1828 208 57 combat
212 1828 125 57 de
274 1828 250 57 Crémone;
461 1828 104 57 à
503 1828 125 57 M.
565 1828 125 57 Le
628 1828 250 57 Verrier;
815 1828 104 57 à
857 1828 312 57 Destouches;
1106 1828 125 57 au
1169 1828 166 57 père
1252 1828 208 57 Thoulier

63 1873 186 55 (trois
194 1873 242 55 lettres),
380 1873 168 55 etc.,
492 1873 205 55 etc...;
641 1873 224 55 Maucroix
809 1873 93 55 à
846 1873 242 55 Despréaux
1032 1873 168 55 (cinq
1144 1873 242 55 lettres);
1312 1873 149 55 Racine

69 1918 96 47 à
107 1918 270 47 Despréaux;
319 1918 116 47 le
377 1918 154 47 père
474 1918 231 47 Bouhours
647 1918 96 47 à
686 1918 270 47 Despréaux,
898 1918 174 47 etc.,
1014 1918 154 47 etc.
1110 1918 96 47 —
1148 1918 193 47 Pièces
1283 1918 116 47 de
1322 1918 135 47 vers:

65 1955 304 61 Epigrammes;
308 1955 223 61 Chanson
471 1955 101 61 à
511 1955 203 61 boire;
653 1955 223 61 Enigme;
816 1955 223 61 Parodie
978 1955 284 61 burlesque;
1201 1955 244 61 Réponses
1364 1955 101 61 aux

64 1993 235 62 jésuites
241 1993 118 62 de
299 1993 235 62 Trévoux;
476 1993 274 62 Quatrains;
691 1993 176 62 etc.,
809 1993 157 62 etc.
907 1993 235 62 Fragment
1083 1993 157 62 d’un
1181 1993 235 62 prologue
1337 1993 118 62 d’o-

65 2051 267 46 péra....;
271 2051 226 46 Préface
435 2051 164 46 pour
537 2051 123 46 la
599 2051 205 46 Satire
742 2051 164 46 XII;
845 2051 185 46 Notes
968 2051 164 46 pour
1070 2051 369 46 l’intelligence
1357 2051 103 46 des

67 2080 187 58 œuvres
198 2080 224 58 diverses
366 2080 112 58 de
422 2080 261 58 Despréaux,
627 2080 131 58 sur
702 2080 112 58 la
758 2080 205 58 préface
907 2080 112 58 de
963 2080 243 58 l’édition
1150 2080 149 58 in-4
1243 2080 112 58 de
1280 2080 131 58 1701.

29 2114 245 63 TROISIÊME
218 2114 207 63 PARTIE,
368 2114 113 63 ou
425 2114 396 63 Appendice
764 2114 94 63 —
802 2114 226 63 Mémoires
971 2114 113 63 de
1028 2114 264 63 Brossette,
1235 2114 132 63 sur
1291 2114 170 63 Boileau

68 2177 274 47 Despréaux,
284 2177 215 47 d’après
440 2177 137 47 les
519 2177 254 47 fragments
714 2177 254 47 originaux
910 2177 254 47 conservés
1106 2177 98 47 à
1145 2177 117 47 la
1184 2177 274 47 Bibliothèque

45 2211 245 59 Impériale.

320 2215 223 49 Lettres
482 2215 122 49 de
543 2215 122 49 M.
604 2215 122 49 A.
665 2215 264 49 Péricaud,
868 2215 122 49 et
928 2215 345 49 dissertation,
1213 2215 122 49 au
1273 2215 183 49 sujet
1375 2215 81 49 de

147 2222 201 44 —

64 2259 275 48 Brossette.
280 2259 98 48 —
319 2259 177 48 Table
437 2259 275 48 analytique
653 2259 137 48 des
731 2259 177 48 noms,
849 2259 137 48 des
927 2259 196 48 lieux,
1065 2259 177 48 etc.,
1182 2259 177 48 cités
1300 2259 157 48 dans
1379 2259 78 48 la

65 2301 349 44 correspondance
356 2301 175 44 entre
472 2301 213 44 Boileau
627 2301 252 44 Despréaux
821 2301 116 44 et
860 2301 233 44 Brossette.

1284 2321 115 79 10
1322 2321 96 79 fr.

189 2341 165 63 Prix,
299 2341 183 63 papier
427 2341 165 63 carré
518 2341 147 63 vélin.

1115 2357 166 58 6
1148 2357 100 58 »

852 2356 303 64 »
912 2356 182 64 »

1281 2390 113 52 15
1319 2390 94 52 fr.

297 2403 200 42 papier
437 2403 180 42 grand
557 2403 200 42 raisin
697 2403 220 42 vélin..
856 2403 100 42 .
896 2403 100 42 .
936 2403 100 42 .
976 2403 100 42 .
1016 2403 100 42 .
1056 2403 100 42 .
1096 2403 100 42 .
1136 2403 100 42 .
1176 2403 100 42 .
1196 2403 60 42 .

152 2438 152 56 —.

1276 2435 123 59 15
1317 2435 103 59 fr.

284 2444 211 52 papier
432 2444 190 52 grand
558 2444 380 52 raisin-vergé..
875 2444 106 52 .
917 2444 106 52 .
959 2444 106 52 .
1002 2444 106 52 .
1044 2444 106 52 .
1086 2444 106 52 .
1171 2444 106 52 .
1192 2444 63 52 .

186 2480 119 56 Il
246 2480 99 56 a
285 2480 139 56 été
365 2480 159 56 tiré
464 2480 278 56 vingt-cinq
682 2480 297 56 exemplaires
920 2480 139 56 sur
999 2480 198 56 papier
1118 2480 139 56 grand

72 2518 181 61 raisin
199 2518 163 61 fort,
308 2518 181 61 vergé,
435 2518 254 61 numérotés,
634 2518 145 61 avec
725 2518 163 61 titre
834 2518 200 61 imprimé
979 2518 145 61 noir
1070 2518 109 61 et
1106 2518 145 61 rouge,

1280 2554 124 69 30
1322 2554 103 69 fr.

1133 2565 150 46 6
1163 2565 90 46 »

62 2584 121 40 et
122 2584 202 40 collés
264 2584 182 40 après
385 2584 363 40 l’impression..
687 2584 101 40 .
728 2584 101 40 .
768 2584 101 40 .
809 2584 101 40 .
849 2584 101 40 .
889 2584 101 40 .
909 2584 61 40 .

1178 2596 270 70 Saint-

23 2588 242 82 L’épitaphe
213 2588 104 82 de
265 2588 173 82 Racine
386 2588 121 82 par
455 2588 190 82 Boileau
593 2588 242 82 Despréaux,
783 2588 225 82 conservée
956 2588 138 82 dans
1025 2588 173 82 l’Église

1169 2657 113 54 les
1233 2657 145 54 trois
1314 2657 145 54 papiers

62 2664 210 61 du-Mont,
220 2664 105 61 et
273 2664 246 61 reproduite
466 2664 140 61 dans
554 2664 105 61 ce
606 2664 193 61 volume,
747 2664 88 61 a
782 2664 123 61 été
852 2664 158 61 tirée
957 2664 88 61 à
992 2664 158 61 part,
1080 2664 105 61 pour

64 2694 158 55 grand
169 2694 193 55 raisin,
291 2694 210 55 seulement.

259 2735 56 51 15

225 2790 174 67 Paris.
346 2790 87 67 —
381 2790 261 67 Typographie
590 2790 104 67 de
642 2790 191 67 Gaittet
781 2790 104 67 et
833 2790 139 67 Cie,
920 2790 122 67 rue
990 2790 278 67 Git-le-Cœur,
1198 2790 70 67 7.
