1304 2135
585 42 107 59 —
627 42 107 59 4
649 42 64 59 —

166 80 159 87 cesse
272 80 106 87 de
325 80 177 87 Conti;
449 80 194 87 Sceaux,
590 80 88 87 9
626 80 124 87 mai
696 80 159 87 1713,
802 80 88 87 3
837 80 106 87 p.
890 80 159 87 in-4.
979 80 247 87 Intéressante

180 156 104 50 lettre.
255 156 47 50 4
265 156 28 50 »

173 169 183 74 27302.
301 169 165 74 MARIE
410 169 256 74 LECZINSKA,
611 169 165 74 femme
721 169 110 74 de
776 169 165 74 Louis
886 169 128 74 XV.
959 169 91 74 —
995 169 110 74 L.
1050 169 110 74 a.
1105 169 110 74 s.
1142 169 91 74 (au

171 226 136 57 card.
262 226 91 57 de
307 226 181 57 Fleury);
443 226 91 57 ce
488 226 91 57 21
534 226 181 57 (juillet
670 226 151 57 1730),
776 226 106 57 1/2
836 226 91 57 p.
882 226 136 57 in-4.
972 226 91 57 25
1003 226 45 57 »

198 262 182 48 Curieuse.
338 262 112 48 Elle
408 262 98 48 est
464 262 168 48 surprise
590 262 98 48 que
646 262 84 48 le
688 262 168 48 maréchal
815 262 84 48 de
857 262 168 48 Villeroy
983 262 112 48 soit
1053 262 112 48 mort
1109 262 112 48 ruiné.

174 302 109 51 Elle
243 302 96 51 est
297 302 164 51 contente
420 302 96 51 que
475 302 82 51 le
516 302 109 51 pape
584 302 123 51 qu’on
666 302 68 51 a
693 302 96 51 élu
748 302 164 51 (Clément
871 302 109 51 XII)
939 302 109 51 soit
1007 302 96 51 tel
1062 302 96 51 que
1117 302 82 51 le
1144 302 82 51 car-

182 340 108 48 dinal
254 340 72 48 le
278 340 132 48 désirait.

173 345 175 77 27303.
296 345 298 77 MARIE-LOUISE,
542 345 105 77 2e
594 345 158 77 femme
700 345 105 77 de
752 345 211 77 Napoléon
910 345 140 77 Ier.
998 345 88 77 —
1033 345 105 77 P.
1086 345 123 77 s.,
1138 345 88 77 sur

174 414 163 44 vélin,
288 414 146 44 comme
385 414 195 44 régente;
531 414 146 44 1813,
629 414 81 44 1
661 414 98 44 p.
710 414 163 44 double
824 414 179 44 in-fol.
954 414 81 44 6
970 414 49 44 »

503 437 89 65 27304.
566 437 107 65 NAPOLÉON
646 437 71 65 Ier.
690 437 45 65 —
708 437 116 65 Apostille
798 437 71 65 sig.
842 437 62 65 sur
878 437 62 65 une
914 437 89 65 lettre
976 437 71 65 aut.
1021 437 71 65 sig.
1056 437 36 65 de

447 495 113 52 l’abbé
526 495 124 52 BERNIER
616 495 57 52 à
639 495 79 52 lui
684 495 147 52 adressée;
797 495 124 52 Angers,
888 495 57 52 5
910 495 147 52 thermidor
1023 495 68 52 an
1046 495 79 52 VIII,

184 537 34 57 2
198 537 40 57 p.
218 537 47 57 pl.
245 537 60 57 in-4.
285 537 74 57 Superbe
339 537 67 57 pièce.
385 537 40 57 30
399 537 20 57 »

422 564 126 49 Bernier,
516 564 105 49 rallié
589 564 52 49 à
610 564 146 49 Bonaparte,
725 564 73 49 lui
767 564 126 49 prodigue
861 564 73 49 les
903 564 146 49 flatteries
1018 564 63 49 et
1049 564 73 49 les
1081 564 146 49 compliments.

430 602 129 49 Bonaparte
530 602 100 49 charge
599 602 139 49 Talleyrand
709 602 60 49 de
739 602 129 49 remercier
838 602 109 49 Bernier
918 602 60 49 en
947 602 70 49 son
977 602 60 49 nom.

455 635 100 67 27305.
525 635 120 67 NAPOLÉON
615 635 80 67 Ier.
665 635 100 67 Brevet
735 635 90 67 sig.,
794 635 70 67 sur
834 635 100 67 vélin,
904 635 90 67 comme
964 635 70 67 1er
994 635 90 67 consul;

185 688 22 52 an
196 688 30 52 XII,
215 688 19 52 1
223 688 22 52 p.
234 688 45 52 in-fol.,
267 688 34 52 vig.,
290 688 30 52 tête
308 688 34 52 impr.
330 688 22 52 et
342 688 41 52 cachet.
371 688 19 52 3
375 688 15 52 50

484 717 111 62 27306.
561 717 133 62 NAPOLÉON
661 717 89 62 III.
717 717 55 62 —
750 717 66 62 L.
783 717 66 62 a.
816 717 66 62 s.
849 717 55 62 à
872 717 66 62 M.
905 717 133 62 Dufrène;
1004 717 100 62 Rome,
1071 717 55 62 8
1093 717 100 62 avril
1148 717 78 62 1828,

180 766 87 55 3/4
229 766 74 55 de
266 766 74 55 p.
304 766 112 55 in-8.
378 766 74 55 40
403 766 37 55 »

208 792 123 59 Jolie
290 792 137 59 lettre
386 792 82 59 de
427 792 82 59 sa
468 792 178 59 jeunesse.
604 792 164 59 Souhaits
727 792 82 59 de
768 792 96 59 bon
809 792 123 59 voyage.

179 819 141 74 27307.
277 819 169 74 NAPOLÉON
404 819 113 74 III.
474 819 84 74 L.
517 819 98 74 s.;
573 819 155 74 Elysée,
685 819 127 74 1849,
770 819 98 74 1/2
826 819 84 74 p.
868 819 127 74 in-4.
953 819 84 74 12
981 819 42 74 »

187 870 144 62 27308.
287 870 158 62 ORLÉANS
403 870 187 62 (Philippe
547 870 86 62 de
590 870 158 62 FRANCE,
705 870 101 62 duc
762 870 115 62 d’),
834 870 130 62 frère
921 870 130 62 puîné
1007 870 86 62 du
1036 870 72 62 roi

458 915 110 55 Louis
531 915 98 55 XIV.
593 915 61 55 —
617 915 74 55 L.
654 915 74 55 a.
691 915 74 55 s.
727 915 74 55 au
764 915 86 55 duc
813 915 74 55 de
850 915 135 55 Savoie;
948 915 74 55 19
985 915 98 55 juin
1046 915 110 55 1684,
1120 915 61 55 2
1132 915 49 55 p.

180 965 125 48 in-4,
263 965 152 48 cachets
374 965 83 48 et
416 965 139 48 soies.
513 965 83 48 20
540 965 42 48 »

207 997 153 55 Réponse
318 997 70 55 à
346 997 83 55 la
388 997 222 55 notification
569 997 83 55 de
610 997 97 55 son
666 997 195 55 avénement.
819 997 83 55 Il
861 997 153 55 cherche
972 997 70 55 à
1000 997 83 55 le
1041 997 181 55 détourner
1166 997 70 55 des

175 1030 153 49 dangers
286 1030 83 49 de
328 1030 83 49 la
369 1030 139 49 chasse
466 1030 83 49 et
508 1030 166 49 l’excuse
633 1030 83 49 en
674 1030 139 49 disant
771 1030 125 49 qu’il
855 1030 125 49 n’est
938 1030 97 49 pas
993 1030 125 49 assez
1076 1030 125 49 vieux
1146 1030 83 49 pour

179 1058 123 53 avoir
261 1058 137 53 oublié
357 1058 96 53 que
412 1058 96 53 les
467 1058 137 53 jeunes
563 1058 110 53 gens
631 1058 164 53 n’aiment
755 1058 96 53 pas
809 1058 123 53 qu’on
892 1058 110 53 leur
960 1058 123 53 parle
1042 1058 178 53 librement
1166 1058 68 53 sur

184 1096 81 49 ce
224 1096 134 49 qu’ils
318 1096 134 49 aiment
412 1096 67 49 à
439 1096 134 49 faire,
533 1096 81 49 et
573 1096 81 49 il
614 1096 161 49 l’engage
735 1096 67 49 à
762 1096 161 49 recevoir
883 1096 94 49 ses
936 1096 108 49 avis
1003 1096 121 49 comme
1084 1096 108 49 d’un
1138 1096 94 49 homme

184 1121 94 61 qui
237 1121 135 61 l’aime
332 1121 81 61 et
372 1121 94 61 lui
426 1121 162 61 souhaite
548 1121 81 61 du
588 1121 148 61 bonheur
696 1121 94 61 sur
750 1121 135 61 toutes
845 1121 135 61 sortes
939 1121 81 61 de
966 1121 162 61 chapitres.

190 1168 134 48 27309.
283 1168 147 48 ORLÉANS
390 1168 187 48 (Philippe,
537 1168 93 48 duc
590 1168 107 48 d’),
657 1168 134 48 régent
751 1168 80 48 de
791 1168 147 48 France.
897 1168 67 48 —
924 1168 80 48 L.
964 1168 80 48 s.
991 1168 40 48 à

179 1203 278 65 l’archevêque
405 1203 104 65 de
457 1203 174 65 Reims;
579 1203 174 65 Paris,
701 1203 104 65 21
753 1203 139 65 déc.
840 1203 157 65 1716,
944 1203 87 65 4
979 1203 104 65 p.
1014 1203 87 65 1/2

193 1256 81 42 in-4.
247 1256 54 42 15
265 1256 27 42 »

218 1276 126 59 Pièce
302 1276 195 59 historique
455 1276 98 59 par
511 1276 168 59 laquelle
637 1276 84 59 il
679 1276 98 59 lui
735 1276 168 59 rappelle
860 1276 98 59 que
916 1276 98 59 les
972 1276 154 59 évêques
1083 1276 84 59 ne
1111 1276 126 59 doivent

187 1317 168 47 recevoir
313 1317 140 47 aucuns
411 1317 126 47 brefs
495 1317 84 47 ni
537 1317 140 47 bulles
635 1317 84 47 de
677 1317 112 47 Rome
746 1317 112 47 sans
816 1317 154 47 lettres
928 1317 168 47 patentes
1054 1317 84 47 du
1096 1317 98 47 Roi
1138 1317 98 47 enre-

187 1349 187 49 gistrées.
330 1349 86 49 Il
373 1349 187 49 l’exhorte
517 1349 72 49 à
546 1349 158 49 l’aider
661 1349 115 49 dans
732 1349 101 49 ses
790 1349 158 49 efforts
905 1349 72 49 à
933 1349 158 49 ramener
1048 1349 86 49 la
1091 1349 115 49 paix
1149 1349 86 49 dans

172 1382 138 52 l'Église.

190 1389 145 89 27310.
292 1389 160 89 ORLÉANS
408 1389 247 89 (L.-Ph.-Jos.,
612 1389 102 89 duc
670 1389 116 89 d’),
743 1389 102 89 dit
801 1389 407 89 Philippe-Egalité
1150 1389 87 89 con-

193 1455 166 61 ventionnel,
326 1455 133 61 décapité
425 1455 66 61 en
458 1455 99 61 1793.
525 1455 55 61 —
547 1455 66 61 P.
580 1455 77 61 s.,
624 1455 77 61 sur
668 1455 111 61 vélin;
735 1455 77 61 1782,

195 1501 98 58 1/2
251 1501 84 58 p.
293 1501 112 58 in-8
363 1501 154 58 oblong.
476 1501 70 58 3
490 1501 42 58 »

204 1530 163 64 27311.
318 1530 179 64 ORLÉANS
448 1530 212 64 (Adélaïde
611 1530 130 64 d’),
693 1530 130 64 sœur
774 1530 98 64 de
823 1530 310 64 Louis-Philippe.
1084 1530 82 64 —
1117 1530 98 64 P.
1149 1530 82 64 s.,

189 1585 57 55 1
211 1585 68 55 p.
245 1585 125 55 in-fol.
336 1585 57 55 2
348 1585 45 55 50

193 1608 161 65 27312.
306 1608 194 65 TOULOUSE
451 1608 210 65 (L.-Alex.
613 1608 97 65 de
661 1608 194 65 BOURBON,
806 1608 145 65 comte
903 1608 129 65 de),
984 1608 129 65 fils
1064 1608 178 65 naturel
1177 1608 65 65 de

194 1653 162 60 Louis
302 1653 144 60 XIV,
391 1653 287 60 grand-amiral
625 1653 108 60 de
679 1653 197 60 France.
822 1653 90 60 —
858 1653 108 60 L.
912 1653 108 60 a.
966 1653 108 60 s.
1020 1653 108 60 au
1073 1653 162 60 card.
1163 1653 72 60 de

187 1693 206 61 Fleury;
337 1693 187 61 Marly,
468 1693 112 61 29
525 1693 150 61 juin
618 1693 169 61 1730,
731 1693 131 61 1/2
806 1693 112 61 p.
862 1693 169 61 in-4,
975 1693 206 61 cachet.
1106 1693 131 61 Jolie

196 1750 105 52 lettre.
272 1750 48 52 6
281 1750 38 52 50

199 1772 157 64 27313.
309 1772 204 64 CAVAIGNAC
466 1772 204 64 (Eugène),
622 1772 125 64 chef
701 1772 94 64 du
747 1772 172 64 pouvoir
873 1772 188 64 exécutif
1014 1772 94 64 en
1061 1772 141 64 1848.
1139 1772 47 64 —

193 1815 87 64 L.
236 1815 87 64 a.
279 1815 101 64 s.;
337 1815 130 64 Oran,
424 1815 87 64 28
467 1815 130 64 janv.
553 1815 130 64 1848,
640 1815 72 64 2
669 1815 87 64 p.
712 1815 130 64 in-8.
799 1815 130 64 Jolie
885 1815 159 64 lettre.
1001 1815 87 64 10
1030 1815 43 64 »

196 1854 129 67 27314.
286 1854 129 67 THIERS
376 1854 129 67 (Ad.),
467 1854 167 67 président
595 1854 77 67 de
634 1854 77 67 la
673 1854 180 67 République
814 1854 77 67 de
853 1854 116 67 1871.
930 1854 64 67 —
956 1854 77 67 L.
995 1854 77 67 a.
1020 1854 52 67 s.

193 1905 90 64 au
238 1905 181 64 libraire
374 1905 196 64 Lecointe;
524 1905 90 64 28
569 1905 120 64 déc.
645 1905 136 64 1842,
735 1905 105 64 1/2
795 1905 90 64 p.
840 1905 136 64 in-8.
931 1905 90 64 10
961 1905 45 64 »

234 1944 178 52 Remerciments
379 1944 89 52 d’un
434 1944 156 52 exemplaire
557 1944 67 52 de
590 1944 78 52 son
635 1944 167 52 Histoire
768 1944 67 52 de
802 1944 67 52 la
835 1944 200 52 Révolution
991 1944 156 52 fran

194 1992 106 46 çaise

188 2000 125 84 27315.
276 2000 138 84 THIERS.
377 2000 75 84 L.
414 2000 75 84 a.
452 2000 88 84 s.,
502 2000 63 84 1
527 2000 75 84 p.
565 2000 113 84 in-8.
640 2000 63 84 4
652 2000 38 84 »
