1140 2245
15 39 659 115 LIBRAIRIE
509 39 577 115 ANCIENNE

306 146 322 87 ET
414 146 698 87 AUTOGRAPHES

498 220 104 62 DE

233 292 374 77 JACQUES
500 292 374 77 CHARAVAY

133 365 230 76 Rue
294 365 161 76 des
386 365 482 76 Grands-Augustins,
776 365 207 76 26.

15 435 187 75 LIVRES
146 435 225 75 ANCIENS,
315 435 187 75 ACHATS
446 435 112 75 DE
502 435 318 75 BIBLIOTHÈQUES
764 435 112 75 ET
820 435 112 75 DE
858 435 243 75 COLLECTIONS

41 495 359 50 D’AUTOGRAPHES;
340 495 260 50 ÉCHANGES,
540 495 319 50 COMMISSIONS;
800 495 200 50 VENTES
939 495 140 50 AUX
999 495 100 50 EN-

56 531 167 65 CHÈRES
173 531 217 65 PUBLIQUES
340 531 100 65 DE
390 531 184 65 LETTRES
524 531 250 65 AUTOGRAPHES
724 531 217 65 MOYENNANT
874 531 234 65 vingt

63 575 153 66 pour
174 575 181 66 cent
313 575 83 66 ET
355 575 83 66 DE
397 575 153 66 LIVRES,
508 575 181 66 quinze
647 575 111 66 pour
717 575 111 66 cent
786 575 97 66 sur
842 575 83 66 la
884 575 167 66 totalité
995 575 111 66 de

62 616 148 64 la
160 616 230 64 vente
341 616 82 64 A
374 616 99 64 LA
423 616 164 64 CHARGE
538 616 115 64 DES
604 616 214 64 VENDEURS,
768 616 131 64 TOUT
834 616 164 64 COMPRIS.

98 730 202 59 N°
232 730 180 59 152.
345 730 112 59 —
390 730 472 59 SEPTEMBRE-OCTOBRE
771 730 225 59 1867

357 859 368 75 AUTOGRAPHES

120 934 117 57 21898
198 934 143 57 ALBITTE
303 934 91 57 (A.
355 934 104 57 L.),
420 934 235 57 conventionnel,
616 934 143 57 célèbre
720 934 91 57 par
772 934 91 57 ses
824 934 156 57 missions
942 934 104 57 dans
994 934 104 57 divers

123 977 224 47 départements.
307 977 119 47 L.
386 977 79 47 a.
426 977 132 47 s.
518 977 66 47 à
545 977 92 47 son
597 977 158 47 collègue
716 977 171 47 Saliceti;
848 977 145 47 Commune
940 977 158 47 affranchie

118 1008 152 46 (Lyon),
229 1008 83 46 27
270 1008 166 46 frimaire
395 1008 83 46 an
437 1008 97 46 II,
492 1008 69 46 1
520 1008 83 46 p.
561 1008 97 46 pl.
617 1008 125 46 in-4.
700 1008 69 46 8
713 1008 42 46 »

152 1039 76 46 Il
190 1039 76 46 ne
228 1039 139 46 néglige
329 1039 101 46 rien
392 1039 101 46 pour
456 1039 164 46 augmenter
582 1039 76 46 en
620 1039 177 46 artillerie
759 1039 88 46 les
809 1039 126 46 moyens
898 1039 114 46 qu'il
961 1039 38 46 a

119 1077 87 52 de
162 1077 174 52 parvenir
292 1077 72 52 à
321 1077 159 52 vaincre
437 1077 101 52 les
495 1077 174 52 ennemis,
625 1077 87 52 et
668 1077 72 52 à
697 1077 174 52 détruire
827 1077 87 52 la
871 1077 116 52 plus
943 1077 145 52 infâme
1030 1077 72 52 des

125 1110 137 48 villes
221 1110 179 48 (Toulon).
359 1110 124 48 «Tout
441 1110 82 48 va
483 1110 165 48 toujours
606 1110 96 48 ici
661 1110 82 48 de
702 1110 124 48 même,
785 1110 82 48 on
826 1110 151 48 démolit
936 1110 82 48 et
977 1110 110 48 l’on
1032 1110 69 48 fu-

120 1143 136 46 sille.
216 1143 136 46 Collot
311 1143 177 46 d’Herbois
448 1143 96 46 est
502 1143 109 46 allé
571 1143 68 46 à
598 1143 123 46 Paris
680 1143 109 46 pour
748 1143 123 46 faire
830 1143 191 46 déterminer
967 1143 136 46 franche-

114 1178 110 40 ment
183 1178 83 40 ce
225 1178 97 40 que
280 1178 110 40 l’on
349 1178 110 40 doit
418 1178 124 40 faire
500 1178 83 40 de
542 1178 124 40 cette
624 1178 138 40 ville,
721 1178 110 40 qui,
790 1178 83 40 je
831 1178 138 40 crois,
928 1178 83 40 ne
969 1178 110 40 sera
1024 1178 69 40 ja-

113 1212 114 45 mais
184 1212 71 45 à
213 1212 86 45 la
256 1212 157 45 hauteur
370 1212 86 45 de
413 1212 86 45 la
441 1212 229 45 révolution...»

120 1251 120 53 21899
200 1251 147 53 AMANTON
307 1251 107 53 (Cl.
373 1251 134 53 Nic.),
467 1251 134 53 fécond
560 1251 200 53 littérateur
721 1251 80 53 et
761 1251 200 53 publiciste,
921 1251 120 53 connu
1001 1251 93 53 par
1041 1251 67 53 ses

122 1289 144 42 travaux
227 1289 92 42 sur
279 1289 79 42 la
319 1289 184 42 Bourgogne.
463 1289 118 42 P.
542 1289 79 42 a.
581 1289 144 42 s.
686 1289 131 42 palais
778 1289 79 42 de
817 1289 144 42 Meudon,
922 1289 66 42 5
949 1289 105 42 nov.
1001 1289 92 42 1834,

118 1314 57 49 2
140 1314 68 49 p.
175 1314 80 49 3/4
220 1314 103 49 in-4.
288 1314 57 49 3
300 1314 34 49 »

157 1355 153 61 Notice
264 1355 107 61 sur
325 1355 107 61 Mme
386 1355 168 61 Gardel,
509 1355 107 61 une
570 1355 107 61 des
631 1355 122 61 plus
708 1355 184 61 célèbres
846 1355 199 61 danseuses
999 1355 92 61 de
1029 1355 77 61 son

107 1387 221 48 temps,
262 1387 155 48 née
350 1387 110 48 à
394 1387 265 48 Auxonne,
593 1387 133 48 en
637 1387 265 48 Bourgogne.

127 1429 114 54 21900
203 1429 114 54 ARAGO
280 1429 178 54 (Jacques),
419 1429 152 54 voyageur
533 1429 76 54 et
571 1429 203 54 littérateur.
736 1429 114 54 P.
812 1429 140 54 s.
914 1429 101 54 sig.
977 1429 114 54 aussi
1041 1429 63 54 par

116 1462 106 54 MM.
176 1462 212 54 Marescq
343 1462 91 54 et
388 1462 182 54 Cie
525 1462 151 54 Paris,
631 1462 91 54 22
676 1462 136 54 févr.
767 1462 136 54 1853,
858 1462 76 54 2
888 1462 91 54 p.
933 1462 136 54 in-4.
1024 1462 76 54 3
1039 1462 61 54 50

156 1500 133 58 Traité
249 1500 93 58 par
302 1500 133 58 lequel
395 1500 80 58 il
435 1500 160 58 s’engage
555 1500 67 58 à
582 1500 146 58 laisser
688 1500 186 58 reproduire
835 1500 80 58 en
875 1500 133 58 format
968 1500 107 58 pet.
1021 1500 80 58 in

116 1527 70 53 à
144 1527 70 53 2
172 1527 168 53 colonnes
298 1527 98 53 les
354 1527 168 53 ouvrages
480 1527 126 53 qu’il
550 1527 140 53 désigne.

124 1552 118 71 21901
202 1552 144 71 ARNAULD
307 1552 170 71 D’ANDILLY
438 1552 170 71 (Robert),
568 1552 157 71 illustre
686 1552 170 71 solitaire
817 1552 78 71 de
856 1552 196 71 Port-Royal.
999 1552 105 71 Quitt.

113 1611 100 49 aut.
176 1611 113 49 sig.,
251 1611 88 49 sur
302 1611 125 49 vélin,
389 1611 63 49 1
414 1611 75 49 p.
452 1611 100 49 in-4
515 1611 138 49 oblong.
615 1611 113 49 Jolie
690 1611 125 49 pièce.
778 1611 63 49 5
790 1611 38 49 »

117 1645 120 49 21902
196 1645 133 49 BARBÈS
289 1645 173 49 (Armand),
422 1645 146 49 célèbre
529 1645 252 49 révolutionnaire
741 1645 80 49 et
781 1645 213 49 représentant
954 1645 80 49 du
980 1645 120 49 peuple.

123 1684 111 40 L.
197 1684 74 40 a.
234 1684 124 40 s.
321 1684 74 40 au
358 1684 161 40 directeur
481 1684 74 40 du
519 1684 99 40 mont
580 1684 210 40 Saint-Michel,
754 1684 62 40 1
778 1684 74 40 p.
815 1684 87 40 1/2
865 1684 111 40 in-4.
939 1684 111 40 Jolie
1013 1684 74 40 et
1038 1684 62 40 cu-

117 1709 103 47 rieuse
189 1709 113 47 lettre.
271 1709 51 47 6
281 1709 31 47 »

115 1751 113 41 21903
191 1751 176 41 BARTHÉLEMY
329 1751 113 41 (Aug.
404 1751 100 41 M.),
467 1751 138 41 célèbre
567 1751 113 41 poëte
642 1751 176 41 satirique,
780 1751 125 41 auteur
868 1751 75 41 de
893 1751 201 41 Némésis

123 1784 107 43 L.
194 1784 71 43 a.
230 1784 119 43 s.
313 1784 71 43 au
349 1784 154 43 rédacteur
467 1784 71 43 de
503 1784 154 43 l'Echo
621 1784 71 43 du
657 1784 178 43 peuple
799 1784 59 43 à
823 1784 154 43 Poitiers;
942 1784 71 43 18
977 1784 83 43 mai
1013 1784 83 43 1832,

123 1816 44 54 1
141 1816 53 54 p.
168 1816 62 54 pl.
203 1816 80 54 in-8.
257 1816 44 54 3
265 1816 36 54 50

149 1836 79 71 Il
188 1836 79 71 le
227 1836 157 71 remercie
345 1836 79 71 de
385 1836 196 71 l’insertion
542 1836 105 71 dans
607 1836 92 71 son
660 1836 183 71 feuilleton
804 1836 79 71 de
843 1836 131 71 divers
935 1836 157 71 extraits
1040 1836 65 71 des

125 1888 172 46 Journées
262 1888 69 46 de
296 1888 69 46 la
319 1888 195 46 Révolution

120 1923 121 45 21904
200 1923 148 45 BAUDEAU
308 1923 148 45 (l’abbé
416 1923 175 45 Nicolas),
551 1923 135 45 savant
645 1923 202 45 économiste,
807 1923 94 45 ami
861 1923 81 45 et
901 1923 121 45 émule
982 1923 81 45 de
1009 1923 94 45 Ques-

118 1967 103 40 nay,
182 1967 77 40 né
221 1967 64 40 à
246 1967 154 40 Amboise.
362 1967 115 40 P.
439 1967 77 40 a.
477 1967 141 40 s.
580 1967 115 40 1777,
656 1967 64 40 1
682 1967 77 40 p.
721 1967 90 40 1/2
772 1967 141 40 in-fol.
874 1967 179 40 Très-belle
1002 1967 103 40 pièce.

1024 2001 42 39 4
1032 2001 25 39 »

125 2035 115 49 21905
202 2035 178 49 BAUDELAIRE
342 2035 178 49 (Charles),
482 2035 127 49 poëte,
571 2035 127 49 auteur
660 2035 89 49 des
711 2035 166 49 Fleurs
839 2035 76 49 du
877 2035 102 49 mal.
940 2035 127 49 Voyage
1017 2035 89 49 à

127 2069 192 39 Cythère,
281 2069 115 39 dédié
358 2069 64 39 à
383 2069 128 39 Gérard
473 2069 77 39 de
511 2069 192 39 Nerval
665 2069 115 39 pièce
742 2069 77 39 de
780 2069 102 39 vers
844 2069 102 39 aut.
908 2069 115 39 sig.,
985 2069 64 39 2
1010 2069 77 39 p.
1036 2069 64 39 3/4

124 2101 65 46 in-4.
167 2101 36 46 4
174 2101 29 46 50

116 2117 109 73 21906
189 2117 109 73 BAYLE
261 2117 158 73 (Pierre),
383 2117 146 73 illustre
492 2117 170 73 philosophe
625 2117 73 73 et
662 2117 158 73 écrivain.
783 2117 109 73 L.
856 2117 73 73 a.
892 2117 121 73 s.
977 2117 61 73 à
989 2117 109 73 Ménage;

115 2174 186 50 Rotterdam,
261 2174 80 50 23
301 2174 107 50 nov.
368 2174 120 50 1690,
448 2174 67 50 3
474 2174 80 50 p.
514 2174 120 50 in-4,
594 2174 146 50 cachet.
700 2174 80 50 32
727 2174 40 50 »
