1160 2252
554 31 68 54 —
582 31 68 54 4
595 31 41 54 —

126 75 111 77 bien
195 75 194 77 tranquille
347 75 97 77 sur
403 75 111 77 lui.
472 75 83 77 Je
513 75 138 77 désire
610 75 124 77 aller
693 75 152 77 d’abord
804 75 69 77 à
831 75 180 77 Saint-Leu
970 75 83 77 et
1011 75 83 77 ne
1039 75 69 77 pas

125 119 100 59 m’y
182 119 157 59 arrêter
296 119 85 59 du
338 119 128 59 tout.
424 119 85 59 Je
466 119 114 59 vous
538 119 114 59 prie
609 119 214 59 d’approuver
780 119 100 59 mon
822 119 171 59 projet...»

127 157 112 61 21928
201 157 161 61 BONAPARTE
325 157 149 61 (Élisa),
437 157 161 61 princesse
561 157 75 61 de
599 157 137 61 Lucques
698 157 75 61 et
735 157 75 61 de
772 157 161 61 Piombino,
884 157 112 61 grande-

137 196 156 55 duchesse
254 196 78 55 de
293 196 156 55 Toscane,
410 196 104 55 sœur
475 196 117 55 aînée
553 196 78 55 de
592 196 156 55 Napoléon
709 196 104 55 Ier.
774 196 91 55 L.
826 196 143 55 s.
930 196 104 55 avec
995 196 78 55 la
1021 196 91 55 sous-

135 228 128 60 cription
231 228 64 60 et
263 228 53 60 5
284 228 107 60 lignes
359 228 117 60 autogr.
444 228 64 60 (à
476 228 181 60 l’impératrice
625 228 160 60 Joséphine),
753 228 53 60 1
775 228 64 60 p.
806 228 75 60 1/2
838 228 75 60 in

1013 262 123 37 5
1038 262 74 37 »

162 288 188 64 Très-belle
310 288 135 64 lettre
404 288 81 64 de
444 288 215 64 félicitation
619 288 94 64 sur
673 288 81 64 la
713 288 188 64 nomination
861 288 81 64 du
902 288 135 64 prince
996 288 121 64 royal
1063 288 54 64 de

130 332 181 54 Hollande
266 332 91 54 au
311 332 226 54 grand-duché
492 332 91 54 de
537 332 136 54 Berg.
628 332 75 54 —
658 332 121 54 Elle
734 332 151 54 ajoute
839 332 91 54 en
870 332 242 54 post

126 368 91 50 «Le
178 368 104 50 jour
243 368 78 50 de
282 368 78 50 la
320 368 104 50 fête
385 368 78 50 de
424 368 78 50 V.
463 368 78 50 M.
502 368 104 50 j’ai
567 368 104 50 fait
631 368 168 50 illuminer
761 368 78 50 la
800 368 130 50 ville.
891 368 104 50 Nous
955 368 117 50 avons
1020 368 91 50 remis

125 412 69 43 à
153 412 166 43 dimanche
277 412 83 43 le
319 412 124 43 grand
401 412 138 43 cercle
498 412 83 43 et
540 412 166 43 concert,
664 412 83 43 le
705 412 138 43 prince
802 412 166 43 désirait
926 412 83 43 si
954 412 152 43 trouver.»

130 438 119 61 21929
209 438 171 61 BONAPARTE
341 438 92 61 (le
394 438 132 61 prince
486 438 185 61 Napoléon),
631 438 106 61 fils
697 438 79 61 du
737 438 92 61 roi
789 438 145 61 Jérôme,
895 438 158 61 ministre
1014 438 79 61 et
1040 438 66 61 sé-

135 471 140 54 nateur.
237 471 114 54 L.
313 471 76 54 a.
351 471 127 54 s.
440 471 64 54 à
466 471 76 54 la
504 471 203 54 comtesse...;
669 471 64 54 7
695 471 114 54 juin,
771 471 89 54 3/4
822 471 76 54 de
860 471 76 54 p.
898 471 114 54 in-8.
961 471 153 54 Très

140 523 94 36 lettre.
209 523 43 36 7
217 523 26 36 »

135 543 108 53 21930
207 543 145 53 BORROMÉE
316 543 121 53 (saint
400 543 157 53 Charles),
521 543 169 53 l’illustre
653 543 169 53 archevêque
786 543 72 53 de
822 543 121 53 Milan.
906 543 108 53 L.
978 543 72 53 s.
1003 543 108 53 Ca

134 579 153 55 rolus
249 579 128 55 carlis
339 579 179 55 Borromeus,
479 579 204 55 legatus
645 579 77 55 en
683 579 128 55 latin,
773 579 89 55 sur
824 579 128 55 vélin,
913 579 64 55 à
939 579 115 55 Louis
1003 579 102 55 Gipsi,

133 611 160 56 citoyen
250 611 87 56 de
293 611 175 56 Bologne;
424 611 131 56 Rome,
512 611 87 56 12
555 611 131 56 avril
643 611 131 56 1562,
730 611 73 56 1
759 611 87 56 p.
803 611 160 56 in-fol.
919 611 160 56 oblong.
1035 611 87 56 75
1064 611 44 56 »

157 661 126 39 Cette
241 661 196 39 magnifique
395 661 126 39 pièce
479 661 98 39 est
535 661 154 39 décorée
646 661 210 39 d’ornements
814 661 84 39 et
856 661 196 39 mériterait
996 661 112 39 d’être

137 689 166 51 encadrée.
265 689 76 51 Le
303 689 115 51 titre
379 689 229 51 Carolus
570 689 89 51 est
621 689 89 51 sur
672 689 89 51 une
723 689 115 51 seule
799 689 127 51 ligne,
889 689 76 51 en
927 689 140 51 lettres
1016 689 89 51 d’or,

131 721 126 50 entre
215 721 155 50 chacune
328 721 197 50 desquelles
482 721 112 50 sont
552 721 98 50 des
609 721 140 50 fleurs
707 721 155 50 peintes
819 721 112 50 avec
889 721 126 50 grand
960 721 98 50 soin.

138 765 107 43 21931
210 765 155 43 BOUCHOTTE
329 765 83 43 (J.
376 765 71 43 B.
412 765 119 43 Noël),
495 765 131 43 célèbre
590 765 143 43 ministre
697 765 71 43 de
733 765 71 43 la
769 765 119 43 guerre
852 765 71 43 en
888 765 107 43 1793.
959 765 71 43 1°
983 765 131 43 L.

137 794 111 48 a.
210 794 123 48 s.
296 794 61 48 à
321 794 74 48 M.
358 794 147 48 Michaud,
468 794 135 48 éditeur
567 794 74 48 de
603 794 74 48 la
640 794 209 48 Biographie
812 794 86 48 des
861 794 123 48 hommes
935 794 172 48 vivants;

126 826 148 49 Paris,
230 826 74 49 3
259 826 133 49 avril
348 826 133 49 1821,
437 826 74 49 1
467 826 89 49 p.
511 826 133 49 in-4;
600 826 89 49 2°
644 826 237 49 Observations
837 826 207 49 (annoncées
1000 826 118 49 dans
1059 826 59 49 la

136 863 137 43 lettre
232 863 96 43 qui
287 863 164 43 précède)
410 863 96 43 sur
464 863 82 43 la
505 863 137 43 notice
601 863 150 43 publiée
711 863 109 43 dans
779 863 82 43 la
820 863 232 43 Biographie
998 863 109 43 des

134 902 171 42 hommes
265 902 211 42 vivants
437 902 171 42 manuscrit
568 902 158 42 autogr.,
687 902 79 42 26
726 902 79 42 p.
766 902 145 42 in-fol.
871 902 66 42 à
897 902 171 42 mi-marge.
1016 902 92 42 Docu-

130 936 96 47 ment
190 936 229 47 très-important.
383 936 72 47 14
407 936 36 47 »

135 964 120 47 21932
214 964 106 47 BRET
281 964 186 47 (Antoine),
427 964 133 47 fécond
520 964 133 47 auteur
613 964 186 47 dramatique
759 964 80 47 du
799 964 213 47 dix-huitième
972 964 146 47 siècle,
1065 964 53 47 né

140 1002 54 56 à
162 1002 108 56 Dijon.
237 1002 97 56 L.
302 1002 65 56 a.
334 1002 118 56 s.
420 1002 108 56 Paris,
496 1002 54 56 7
517 1002 86 56 oct.
571 1002 97 56 1781,
636 1002 54 56 1
657 1002 65 56 p.
689 1002 97 56 in-4.
754 1002 54 56 3
765 1002 32 56 »

141 1042 109 47 21933
214 1042 134 47 BRIZEUX
311 1042 109 47 (A.),
384 1042 134 47 célèbre
481 1042 109 47 poëte
554 1042 134 47 breton,
651 1042 121 47 auteur
736 1042 73 47 de
772 1042 158 47 Marie.
894 1042 73 47 L.
930 1042 73 47 a.
967 1042 121 47 s.
1040 1042 36 47 à

134 1076 79 49 M.
173 1076 132 49 Bixio;
266 1076 132 49 Paris,
358 1076 79 49 11
398 1076 93 49 mai
451 1076 119 49 1833,
530 1076 66 49 2
557 1076 79 49 p.
596 1076 93 49 pl.
649 1076 119 49 in-8,
728 1076 145 49 cachet.
834 1076 66 49 8
847 1076 40 49 »

163 1115 233 54 Très-curieuse
355 1115 151 54 épître.
465 1115 69 54 —
493 1115 82 54 Il
534 1115 96 54 n’a
589 1115 96 54 pas
644 1115 137 54 conclu
740 1115 110 54 avec
808 1115 82 54 M.
849 1115 137 54 Buloz,
945 1115 110 54 mais
1000 1115 110 54 rompu.

133 1148 100 40 «Le
190 1148 171 40 prétexte
318 1148 71 40 a
347 1148 114 40 été,
418 1148 157 40 dit-il,
533 1148 100 40 mon
590 1148 129 40 refus
675 1148 86 40 de
718 1148 143 40 signer
818 1148 86 40 le
861 1148 143 40 poëme.
961 1148 129 40 Ormes
1032 1148 86 40 vers

143 1174 118 53 tant
217 1174 118 53 plus
290 1174 147 53 connus
393 1174 103 53 que
452 1174 103 53 mon
511 1174 118 53 nom,
585 1174 88 53 ce
629 1174 132 53 refus
717 1174 88 53 ne
761 1174 118 53 peut
835 1174 118 53 être
908 1174 176 53 nuisible
1040 1174 74 53 à
1055 1174 59 53 la

132 1207 148 59 Revue.
236 1207 89 59 M.
280 1207 207 59 Ballanche,
442 1207 177 59 Mérimée,
575 1207 177 59 Dittmer,
708 1207 89 59 de
752 1207 148 59 Vigny,
855 1207 118 59 dans
929 1207 103 59 ses
973 1207 148 59 premiers

132 1240 150 57 poëmes,
242 1240 109 57 deux
310 1240 109 57 fois
378 1240 232 57 Sainte-Beuve,
569 1240 96 57 ont
624 1240 136 57 publié
719 1240 82 57 de
760 1240 82 57 la
801 1240 150 57 sorte.»
910 1240 82 57 Il
951 1240 136 57 désire
1033 1240 82 57 donc

133 1281 141 50 garder
232 1281 183 50 l’anonyme
373 1281 85 50 et
415 1281 113 50 prie
486 1281 85 50 M.
528 1281 127 50 Bixio
613 1281 85 50 de
655 1281 183 50 l’appuyer
796 1281 141 50 auprès
895 1281 85 50 de
937 1281 85 50 M.
965 1281 113 50 Buloz.

144 1309 120 55 21934
224 1309 147 55 CAPELLE
331 1309 174 55 (Pierre),
464 1309 200 55 littérateur
625 1309 80 55 et
665 1309 214 55 chansonnier,
838 1309 80 55 un
879 1309 94 55 des
932 1309 187 55 fondateurs
1066 1309 53 55 du

139 1356 162 46 Caveau
263 1356 200 46 moderne
426 1356 75 46 né
463 1356 62 46 à
488 1356 175 46 Montauban.
625 1356 287 46 L'Epicurien
875 1356 137 46 chanson
975 1356 100 46 aut.
1025 1356 87 46 sig.,

133 1381 100 46 avec
196 1381 138 46 ratures
297 1381 75 46 et
334 1381 201 46 corrections,
497 1381 63 46 3
522 1381 75 46 p.
560 1381 113 46 in-4.
635 1381 176 46 Très-jolie
773 1381 125 46 pièce.
861 1381 63 46 3
874 1381 50 46 50

145 1404 145 65 ATINAT
247 1404 203 65 (Nicolas),
407 1404 174 65 illustre
537 1404 174 65 maréchal
668 1404 87 65 de
712 1404 160 65 France.
828 1404 160 65 Laissez
944 1404 145 65 passer
1031 1404 87 65 sig.

143 1450 90 52 et
188 1450 150 52 rempli
293 1450 105 52 par
353 1450 180 52 Catinat,
489 1450 135 52 comme
579 1450 331 52 maréchal-des-camps
864 1450 90 52 et
910 1450 210 52 gouverneur
1060 1450 60 52 de

144 1490 129 48 Casal;
235 1490 129 48 Casal,
325 1490 78 48 25
364 1490 104 48 août
429 1490 116 48 1662,
506 1490 65 48 1
532 1490 78 48 p.
571 1490 104 48 in-4
636 1490 142 48 oblong.
739 1490 65 48 3
752 1490 52 48 50

149 1522 125 57 21936
232 1522 139 57 CAVOUR
330 1522 180 57 (Camille,
468 1522 125 57 comte
552 1522 111 57 de),
621 1522 167 57 illustre
746 1522 125 57 homme
829 1522 153 57 d’État,
941 1522 83 57 le
968 1522 153 57 promoteur

146 1568 59 40 de
176 1568 108 40 l’unité
254 1568 137 40 italienne.
361 1568 88 40 L.
420 1568 59 40 a.
449 1568 108 40 s.
528 1568 59 40 en
557 1568 127 40 français,
655 1568 49 40 à
674 1568 59 40 M.
704 1568 117 40 Gilbert;
792 1568 98 40 Turin,
860 1568 49 40 9
870 1568 49 40 mai

151 1597 94 43 1827,
213 1597 52 43 3
234 1597 63 43 p.
266 1597 73 43 pl.
307 1597 115 43 in-fol.
391 1597 115 43 Superbe
475 1597 105 43 pièce.
548 1597 167 43 Rare
684 1597 63 43 14
705 1597 31 43 »

154 1622 74 58 21937
203 1622 91 58 CHARLES
269 1622 66 58 XII,
310 1622 115 58 l’illustre
401 1622 58 58 roi
434 1622 49 58 de
459 1622 82 58 Suède.
517 1622 74 58 L.
566 1622 91 58 s.
632 1622 115 58 contresig.
723 1622 58 58 par
756 1622 132 58 Piper
855 1622 49 58 (son

142 1667 116 48 célèbre
227 1667 116 48 général
311 1667 63 48 et
343 1667 148 48 ministre);
459 1667 116 48 Ravitz,
543 1667 53 48 6
564 1667 84 48 juin
617 1667 95 48 1703,
680 1667 53 48 1
701 1667 63 48 p.
732 1667 74 48 1/2
775 1667 95 48 in-4.
827 1667 53 48 Su-

156 1703 69 55 erbe
199 1703 86 55 pièce.
259 1703 137 55 Rare
371 1703 52 55 25
388 1703 26 55 »

290 1715 92 87 21938
351 1715 112 87 CHARLET
432 1715 71 87 (N.
473 1715 81 87 T.),
524 1715 122 87 peintre,
616 1715 112 87 célèbre
697 1715 71 87 par
738 1715 71 87 ses
778 1715 112 87 croquis
860 1715 143 87 militaires
972 1715 61 87 de
992 1715 41 87 la

139 1774 153 53 Révolution
259 1774 66 53 et
292 1774 66 53 de
325 1774 142 53 l’Empire.
435 1774 99 53 L.
500 1774 66 53 a.
533 1774 109 53 s.
610 1774 55 53 à
632 1774 66 53 M.
664 1774 131 53 Dehèque;
763 1774 55 53 2
785 1774 88 53 août
840 1774 99 53 1842,
905 1774 55 53 1
916 1774 44 53 p.

151 1820 57 46 pl.
183 1820 73 46 in-4.
232 1820 41 46 4
240 1820 33 46 50

167 1824 125 76 Jolie
250 1824 83 76 et
292 1824 208 76 spirituelle
458 1824 152 76 épître,
569 1824 83 76 où
610 1824 83 76 il
652 1824 152 76 demande
763 1824 111 76 avec
832 1824 166 76 instance
957 1824 139 76 d’être
1040 1824 83 76 dis-

155 1878 119 54 ensé
229 1878 89 54 du
274 1878 163 54 service
392 1878 89 54 de
437 1878 119 54 nuit
511 1878 119 54 dans
585 1878 89 54 la
630 1878 133 54 garde
719 1878 208 54 nationale.
882 1878 193 54 «Veuillez
1015 1878 104 54 donc,

144 1907 168 65 Monsieur
270 1907 84 65 le
312 1907 210 65 secrétaire,
480 1907 126 65 avoir
564 1907 182 65 l’extrême
703 1907 126 65 bonté
787 1907 84 65 de
829 1907 154 65 vouloir
941 1907 112 65 bien
1011 1907 84 65 me
1039 1907 84 65 dire

146 1950 83 50 où
188 1950 83 50 en
229 1950 97 50 est
284 1950 97 50 mon
339 1950 152 50 affaire
449 1950 110 50 qui,
518 1950 83 50 si
560 1950 110 50 elle
629 1950 165 50 tournait
753 1950 110 50 mal,
822 1950 83 50 me
863 1950 179 50 forcerait
1001 1950 69 50 à
1029 1950 83 50 me
1056 1950 69 50 ré-

147 1982 135 55 fugier
241 1982 108 55 dans
309 1982 81 55 la
349 1982 149 55 Metidja
457 1982 81 55 où
498 1982 162 55 derrière
619 1982 95 55 les
673 1982 135 55 portes
768 1982 81 55 de
795 1982 122 55 fer...»

153 2017 85 58 21939
209 2017 85 58 CLÉRY
266 2017 66 58 (J.
304 2017 57 58 B.
333 2017 104 58 HANET),
409 2017 85 58 valet
466 2017 57 58 de
494 2017 104 58 chambre
570 2017 57 58 de
599 2017 85 58 Louis
656 2017 66 58 XVI
694 2017 104 58 pendant
770 2017 57 58 sa
789 2017 47 58 dé-

148 2053 145 55 tention
253 2053 79 55 au
293 2053 145 55 Temple,
398 2053 132 55 auteur
490 2053 79 55 de
530 2053 211 55 Mémoires.
701 2053 79 55 L.
741 2053 79 55 a.
780 2053 132 55 s.
873 2053 79 55 au
912 2053 119 55 baron
991 2053 79 55 de
1018 2053 105 55 Limon,

145 2091 55 58 à
167 2091 121 58 Prague;
255 2091 66 58 21
288 2091 99 58 sept.
354 2091 99 58 1798,
420 2091 55 58 2
442 2091 66 58 p.
474 2091 99 58 in-8.
540 2091 176 58 Rare
683 2091 66 58 20
705 2091 33 58 »

176 2106 124 71 Jolie
259 2106 82 71 et
300 2106 220 71 intéressante
478 2106 151 71 épître.
588 2106 69 71 —
616 2106 96 71 «Je
671 2106 151 71 regrete
781 2106 110 71 bien
849 2106 82 71 de
890 2106 151 71 n’avoir
1000 2106 96 71 pas
1042 2106 82 71 avec

148 2158 98 56 moi
204 2158 84 56 un
246 2158 197 56 exemplaire
401 2158 84 56 du
443 2158 155 56 journal
556 2158 98 56 que
612 2158 84 56 je
654 2158 127 56 viens
738 2158 84 56 de
781 2158 155 56 publier
893 2158 98 56 sur
949 2158 98 56 les
991 2158 141 56 derniers
