1207 2250
497 -1 85 70 —
531 -1 102 70 12
565 -1 51 70 —

30 58 138 70 22037
121 58 199 70 TOURVILLE
274 58 107 70 (A.
335 58 92 70 H.
381 58 92 70 de
427 58 199 70 COTENTin,
580 58 138 70 comte
672 58 122 70 de),
748 58 168 70 célèbre
870 58 153 70 amiral
977 58 92 70 et
1008 58 107 70 maré-

138 99 100 55 chal
201 99 75 55 de
239 99 138 55 France.
339 99 113 55 L.
414 99 75 55 s.
452 99 75 55 le
489 99 88 55 Mal
540 99 75 55 de
577 99 226 55 Tourville;
765 99 276 55 Fontenoy-le-Comte,
1003 99 75 55 19
1028 99 88 55 sept.

142 150 99 49 1696,
208 150 55 49 2
230 150 66 49 p.
263 150 121 49 in-fol.
352 150 66 49 10
374 150 33 49 »

170 178 87 58 Il
214 178 160 58 annonce
330 178 131 58 qu’il
418 178 87 58 va
461 178 131 58 faire
549 178 175 58 célébrer
680 178 116 58 dans
752 178 189 58 l’étendue
898 178 87 58 de
941 178 102 58 son
985 178 131 58 comman-

135 205 139 54 dement
233 205 98 54 des
288 205 237 54 réjouissances
484 205 70 54 à
512 205 195 54 l’occasion
665 205 84 54 de
707 205 84 54 la
749 205 112 54 paix
818 205 125 54 entre
902 205 84 54 la
944 205 139 54 France
1041 205 84 54 et
1069 205 56 54 la

118 257 166 42 Savoie.

465 280 44 52 22038
495 280 54 52 TRAVIÈS
534 280 39 52 (Ch.
558 280 49 52 Jos.),
593 280 54 52 peintre
632 280 29 52 et
646 280 88 52 caricaturiste,
720 280 59 52 créateur
764 280 29 52 du
779 280 39 52 type
798 280 20 52 de

137 310 209 61 Mayeux
312 310 70 61 un
346 310 81 61 des
393 310 163 61 fondateurs
521 310 70 61 du
556 310 244 61 Charivar.
765 310 116 61 Billet
846 310 93 61 aut.
904 310 105 61 sig.;
974 310 105 61 Paris
1032 310 81 61 1855.

148 362 58 44 1
171 362 69 44 p.
205 362 104 44 in-12
274 362 127 44 oblong.
366 362 58 44 3
378 362 35 44 »

267 373 104 74 22036
337 373 115 74 VALAZÉ
417 373 92 74 (Ét.
475 373 161 74 DUFRICHE),
602 373 127 74 célèbre
694 373 196 74 conventionnel
855 373 150 74 girondin,
970 373 81 74 qui
1016 373 69 74 se
1039 373 81 74 donna

144 417 75 60 la
182 417 101 60 mort
245 417 101 60 pour
308 417 126 60 éviter
396 417 189 60 l’échafaud,
547 417 75 60 en
584 417 113 60 1793.
660 417 113 60 P.
735 417 75 60 a.
773 417 138 60 s.
874 417 101 60 sig.
936 417 113 60 aussi
1012 417 88 60 par
1050 417 75 60 deux

138 449 145 57 autres
239 449 159 57 membres
355 449 87 57 de
398 449 87 57 sa
442 449 174 57 famille;
572 449 87 57 16
616 449 130 57 janv.
703 449 130 57 1771,
790 449 72 57 2
819 449 87 57 p.
862 449 101 57 3/4
920 449 159 57 in-fol.
1022 449 101 57 Belle

149 502 75 43 pièce.
201 502 119 43 Rare
298 502 45 43 10
313 502 22 43 »

152 514 108 63 22040
224 514 120 63 VERNET
308 514 156 63 (Joseph),
429 514 72 63 le
465 514 132 63 célèbre
561 514 132 63 peintre
657 514 72 63 de
693 514 144 63 marines.
801 514 108 63 L.
873 514 72 63 a.
910 514 132 63 s.
1006 514 120 63 Paris,
1078 514 48 63 25

143 564 85 52 mai
191 564 109 52 1782,
264 564 61 52 1
289 564 73 52 p.
325 564 85 52 pl.
374 564 109 52 in-4.
447 564 109 52 Belle
520 564 134 52 lettre.
617 564 73 52 10
642 564 36 52 »

301 590 90 66 22041
361 590 120 66 VICTOIRE
451 590 210 66 (Louise-Thérèse),
631 590 90 66 fille
691 590 60 66 de
721 590 90 66 Louis
781 590 70 66 XV,
821 590 110 66 célèbre
901 590 70 66 par
941 590 60 66 sa
961 590 80 66 piété.

145 632 99 57 L.
211 632 66 57 a.
244 632 121 57 s.
331 632 154 57 Lunéville,
452 632 66 57 14
485 632 66 57 au
518 632 99 57 soir,
584 632 77 57 3/4
628 632 66 57 de
660 632 66 57 p.
693 632 99 57 in-4.
759 632 55 57 2
770 632 44 57 50

155 662 125 56 22042
238 662 152 56 VOLNAIS
349 662 180 56 (Claudine
488 662 166 56 FERRÈRE,
612 662 111 56 dite
682 662 139 56 Mlle),
779 662 97 56 une
834 662 97 56 des
889 662 194 56 meilleures
1028 662 97 56 comé-

153 700 132 70 diennes
249 700 72 70 du
285 700 251 70 Théâtre-Français.
500 700 108 70 L.
572 700 72 70 a.
607 700 120 70 s.
691 700 60 70 à
715 700 84 70 Mme
763 700 144 70 Branchu;
871 700 60 70 8
894 700 108 70 avril
954 700 84 70 1834,

153 745 56 50 1
175 745 67 50 p.
208 745 78 50 pl.
253 745 100 50 in-8.
320 745 56 50 4
331 745 33 50 »

191 760 48 80 Elle
221 760 42 80 lui
245 760 66 80 annonce
293 760 72 80 qu’après
346 760 54 80 douze
382 760 42 80 ans
406 760 36 80 de
424 760 54 80 repos
460 760 48 80 elle
490 760 48 80 joue
520 760 54 80 la
555 760 48 80 Mère
579 760 60 80 cou

155 815 101 53 pable
239 815 36 53 et
256 815 36 53 la
274 815 48 53 prie
304 815 83 53 d’assister
370 815 30 53 à
382 815 54 53 cette
417 815 107 53 représentation
507 815 54 53 «qui,
543 815 78 53 dit-elle,
596 815 36 53 sera

152 852 55 49 la
179 852 110 49 dernière
262 852 55 49 si
289 852 55 49 je
317 852 73 49 n’ai
363 852 64 49 pas
400 852 55 49 le
427 852 92 49 succès
491 852 64 49 que
528 852 55 49 je
546 852 92 49 désire.»

151 864 98 67 22043
216 864 87 67 YVON
271 864 109 67 (Ad.),
346 864 119 67 célèbre
433 864 119 67 peintre
520 864 65 67 de
553 864 152 67 batailles.
672 864 98 67 L.
737 864 65 67 a.
770 864 119 67 s.
857 864 98 67 1856,
922 864 54 67 1
943 864 65 67 p.
965 864 76 67 in

158 923 84 56 Jolie
213 923 102 56 lettre.
288 923 46 56 2
297 923 37 56 25

271 978 226 70 MEMBRES
449 978 97 70 DE
497 978 226 70 L'ACADÉMIE
659 978 258 70 FRANÇAISE

155 1033 119 65 22044
234 1033 158 65 ARGENSON
353 1033 185 65 (Marc-Ant.
498 1033 106 65 René
564 1033 79 65 de
603 1033 132 65 PAULMY
696 1033 106 65 d’),
762 1033 132 65 érudit
854 1033 79 65 et
894 1033 211 65 littérateur,
1052 1033 79 65 dont

152 1072 77 62 la
191 1072 205 62 bibliothèque
357 1072 90 62 fut
408 1072 77 62 le
446 1072 166 62 fondement
574 1072 77 62 de
613 1072 115 62 celle
689 1072 77 62 de
728 1072 179 62 l’Arsenal.
868 1072 115 62 L.
945 1072 77 62 a.
984 1072 141 62 s.
1073 1072 64 62 No-

157 1106 144 58 verra,
257 1106 115 58 près
329 1106 158 58 Padoue,
445 1106 72 58 3
473 1106 144 58 juill.
574 1106 130 58 1767,
661 1106 72 58 2
690 1106 86 58 p.
733 1106 130 58 in-4.
819 1106 187 58 Charmante
963 1106 158 58 épître.
1078 1106 72 58 4
1093 1106 43 58 »

158 1153 96 52 22045
222 1153 150 52 BARTHÉLEMY
340 1153 118 52 (l’abbé
426 1153 64 52 J.
458 1153 86 52 J.),
511 1153 64 52 le
543 1153 107 52 savant
618 1153 107 52 auteur
693 1153 64 52 du
725 1153 139 52 Voyage
832 1153 107 52 du
896 1153 150 52 jeune

160 1190 206 46 Anacharsis.
332 1190 69 46 L.
366 1190 69 46 a.
400 1190 126 46 s.
492 1190 115 46 Paris,
572 1190 69 46 27
607 1190 103 46 janv.
676 1190 103 46 1785,
744 1190 57 46 2
767 1190 69 46 p.
802 1190 103 46 in-4.
871 1190 69 46 14
894 1190 34 46 »

185 1216 237 59 Très-curieuse
380 1216 139 59 épître
478 1216 97 59 sur
533 1216 84 59 le
575 1216 125 59 baron
659 1216 84 59 de
700 1216 237 59 Sainte-Croix,
895 1216 97 59 qui
951 1216 70 59 a
979 1216 97 59 été
1021 1216 111 59 chargé

159 1260 102 50 par
218 1260 102 50 les
276 1260 131 50 Etats
364 1260 88 50 du
407 1260 146 50 comtat
510 1260 190 50 Venaissin
656 1260 88 50 de
699 1260 161 50 rédiger
816 1260 131 50 leurs
904 1260 233 50 remontrances
1079 1260 58 50 au

157 1299 129 45 Pape,
242 1299 86 45 et
285 1299 100 45 qui
342 1299 100 45 est
400 1299 186 45 persécuté
542 1299 71 45 à
571 1299 86 45 ce
599 1299 129 45 propos.

161 1323 105 60 22046
231 1323 128 60 BAUSSET
325 1323 82 60 (L.
371 1323 93 60 Fr.,
429 1323 140 60 cardinal
534 1323 93 60 de),
593 1323 152 60 historien
709 1323 70 60 de
744 1323 128 60 Fénelon
838 1323 70 60 et
873 1323 70 60 de
907 1323 140 60 Bossuet.
1001 1323 128 60 L.

159 1356 115 61 a.
236 1356 141 61 s.
338 1356 205 61 Montpellier,
505 1356 77 61 11
543 1356 115 61 janv.
620 1356 115 61 1787,
697 1356 90 61 3/4
748 1356 77 61 de
787 1356 77 61 p.
825 1356 115 61 in-4.
902 1356 115 61 Belle
979 1356 141 61 lettre.
1081 1356 64 61 2
1094 1356 51 61 50

154 1407 105 43 22047
224 1407 116 43 BERNIS
306 1407 81 43 (le
352 1407 140 43 cardinal
457 1407 93 43 de),
515 1407 116 43 poëte,
597 1407 151 43 diplomate
713 1407 70 43 et
748 1407 151 43 ministre.
864 1407 105 43 L.
934 1407 70 43 a.
969 1407 128 43 s.
1051 1407 81 43 Rome,

154 1439 73 44 26
190 1439 110 44 janv.
264 1439 110 44 1780,
337 1439 61 44 1
362 1439 73 44 p.
398 1439 86 44 pl.
447 1439 110 44 in-4.
521 1439 110 44 Jolie
594 1439 135 44 lettre.
692 1439 61 44 9
704 1439 37 44 »

164 1459 100 61 22048
231 1459 89 61 BIOT
286 1459 78 61 (J.
331 1459 89 61 B.),
386 1459 134 61 illustre
487 1459 111 61 savant
564 1459 67 61 et
598 1459 145 61 écrivain.
709 1459 100 61 L.
776 1459 67 61 a.
809 1459 111 61 s.
887 1459 56 61 à
909 1459 67 61 un
943 1459 67 61 de
976 1459 78 61 ses
1009 1459 134 61 confrères;

163 1513 167 44 Nointel,
288 1513 83 44 20
330 1513 111 44 oct.
399 1513 125 44 1833,
483 1513 70 44 2
511 1513 83 44 p.
552 1513 97 44 1/2
608 1513 125 44 in-4.
691 1513 70 44 3
705 1513 42 44 »

198 1531 221 60 Intéressante
377 1531 138 60 lettre
474 1531 234 60 scientifique,
667 1531 83 60 où
708 1531 83 60 il
750 1531 152 60 annonce
860 1531 124 60 qu’il
943 1531 97 60 est
998 1531 152 60 parvenu
1095 1531 41 60 à

166 1573 182 57 exprimer
302 1573 91 57 la
347 1573 136 57 forme
438 1573 197 57 élastique
589 1573 91 57 de
635 1573 91 57 la
680 1573 151 57 vapeur
786 1573 166 57 aqueuse
907 1573 106 57 par
968 1573 106 57 une
1013 1573 136 57 formule

163 1616 191 48 analytique
314 1616 219 48 très-simple.
492 1616 150 48 Détails
601 1616 246 48 circonstanciés
806 1616 68 48 à
834 1616 96 48 cet
875 1616 109 48 égard.

169 1659 112 43 22049
243 1659 212 43 CHATEAUBRIAND
418 1659 87 43 (le
468 1659 137 43 vicomte
568 1659 100 43 de),
631 1659 150 43 illustre
743 1659 162 43 écrivain.
868 1659 112 43 L.
943 1659 125 43 s.
1031 1659 62 43 à
1043 1659 100 43 Lamen-

166 1689 116 42 nais;
244 1689 129 42 Paris,
334 1689 77 42 28
372 1689 90 42 mai
424 1689 116 42 1844,
502 1689 65 42 1
527 1689 77 42 p.
566 1689 116 42 in-8.
643 1689 65 42 4
656 1689 39 42 »

202 1721 176 48 Curieuse
334 1721 162 48 épître,
452 1721 88 48 où
496 1721 88 48 il
540 1721 103 48 lui
599 1721 162 48 exprime
716 1721 103 48 son
775 1721 206 48 admiration
936 1721 117 48 pour
1010 1721 117 48 lui.
1069 1721 73 48 «Je

174 1749 161 53 voudrais
294 1749 107 53 vous
362 1749 107 53 voir
429 1749 107 53 Pape
496 1749 148 53 dit-il;
604 1749 81 53 si
644 1749 107 53 vous
711 1749 81 53 me
751 1749 81 53 le
792 1749 202 53 permettiez,
953 1749 81 53 je
980 1749 161 53 travaille-

172 1796 106 47 rais
238 1796 66 47 à
264 1796 106 47 vous
330 1796 119 47 faire
396 1796 185 47 cardinal...»

399 1811 94 68 22050
461 1811 156 68 COETLOSQUET
586 1811 73 68 (J.
627 1811 104 68 Gilles
700 1811 83 68 de),
752 1811 104 68 évêque
825 1811 62 68 de
856 1811 125 68 Limoges,
950 1811 146 68 précepteur
1064 1811 73 68 des
1095 1811 52 68 en-

173 1853 108 55 fants
245 1853 72 55 de
281 1853 132 55 France.
377 1853 108 55 L.
449 1853 72 55 a.
485 1853 132 55 s.
581 1853 180 55 Versailles,
726 1853 84 55 1er
774 1853 96 55 juin
834 1853 108 55 1766,
906 1853 60 55 1
930 1853 72 55 p.
966 1853 84 55 pl.
1014 1853 108 55 in-4.
1086 1853 60 55 3
1098 1853 48 55 50

170 1889 113 65 22051
246 1889 138 65 COLBERT
346 1889 88 65 (J.
396 1889 100 65 B.),
458 1889 75 65 le
496 1889 113 65 grand
571 1889 150 65 ministre
684 1889 75 65 de
721 1889 113 65 Louis
796 1889 100 65 XIV.
859 1889 88 65 P.
909 1889 138 65 s.
997 1889 150 65 Saint-

174 1929 217 61 main-en-Laye,
353 1929 64 61 3
378 1929 115 61 févr.
455 1929 115 61 1672,
531 1929 64 61 2
557 1929 77 61 p.
595 1929 140 61 in-fol.
697 1929 115 61 Belle
774 1929 128 61 pièce.
863 1929 64 61 3
876 1929 38 61 »

177 1956 105 70 22052
247 1956 70 70 LE
282 1956 105 70 MÊME.
352 1956 105 70 L.
422 1956 116 70 s.
503 1956 58 70 à
527 1956 70 70 M.
562 1956 128 70 Lebret,
655 1956 93 70 avec
713 1956 58 70 3
736 1956 105 70 lign.
806 1956 140 70 autogr.;
911 1956 116 70 Paris,
993 1956 70 70 27
1028 1956 82 70 mai
1062 1956 82 70 1683,

179 2017 56 47 1
201 2017 68 47 p.
235 2017 101 47 in-4.
303 2017 158 47 Très-jolie
427 2017 124 47 lettre.
517 2017 56 47 6
528 2017 34 47 »

187 2028 85 71 22052
243 2028 199 71 COLLIN-HARLEVILLE
414 2028 66 71 (J.
452 2028 76 71 F.),
499 2028 104 71 célèbre
575 2028 85 71 poëte
632 2028 57 71 et
660 2028 95 71 auteur
727 2028 142 71 dramatique.
831 2028 104 71 L.

181 2090 94 46 a.
243 2090 115 46 s.
327 2090 63 46 19
358 2090 136 46 frimaire,
463 2090 73 46 1/2
505 2090 63 46 p.
536 2090 94 46 in-4.
599 2090 94 46 Jolie
662 2090 115 46 lettre.
746 2090 52 46 5
756 2090 42 46 50

178 2107 108 64 22054
250 2107 72 64 LE
286 2107 108 64 MÊME.
358 2107 108 64 L.
430 2107 132 64 a.
526 2107 96 64 sig.
586 2107 72 64 C.
622 2107 84 64 H.;
671 2107 120 64 Paris,
755 2107 60 64 7
779 2107 144 64 pluviôse
887 2107 72 64 an
923 2107 84 64 IV,
971 2107 60 64 1
995 2107 72 64 p.
1031 2107 84 64 1/2
1067 2107 84 64 in

182 2165 78 50 Jolie
234 2165 95 50 lettre.
304 2165 43 50 3
312 2165 35 50 75
