1151 2222
534 -2 50 68 —
554 -2 60 68 11
574 -2 30 68 —

150 71 149 55 Superbe
259 71 81 55 et
300 71 163 55 curieuse
421 71 149 55 lettre,
530 71 81 55 où
571 71 81 55 il
611 71 95 55 lui
665 71 149 55 annonce
774 71 122 55 qu’il
855 71 95 55 est
909 71 122 55 enfin
977 71 122 55 délivré

119 103 83 51 du
161 103 166 51 rectorat
285 103 152 51 (charge
395 103 124 51 qu’il
478 103 124 51 avait
561 103 152 51 obtenue
671 103 83 51 en
713 103 138 51 1694).
809 103 138 51 «Quand
906 103 124 51 cette
975 103 124 51 charge,

126 152 149 34 dit-il,
235 152 81 34 ne
275 152 162 34 m’auroit
397 152 122 34 servi
478 152 108 34 qu’à
546 152 81 34 me
587 152 122 34 faire
668 152 135 34 sentir
763 152 81 34 et
803 152 149 34 estimer
912 152 81 34 la
952 152 149 34 douceur
1047 152 54 34 du

120 181 120 36 repos
200 181 80 36 et
240 181 80 36 de
280 181 80 36 la
320 181 93 36 vie
373 181 147 36 privée,
480 181 160 36 j’aurois
600 181 107 36 fort
666 181 120 36 grand
746 181 120 36 sujet
826 181 107 36 d’en
893 181 120 36 estre
960 181 133 36 content.

120 214 86 46 Il
163 214 72 46 y
192 214 72 46 a
220 214 187 46 longtemps
364 214 101 46 que
422 214 86 46 je
465 214 115 46 suis
537 214 129 46 comme
623 214 115 46 dans
695 214 101 46 une
753 214 115 46 soif
825 214 158 46 ardente
940 214 86 46 de
969 214 129 46 l’étude

121 248 82 38 et
162 248 96 38 que
217 248 82 38 je
258 248 165 38 retourne
382 248 96 38 les
437 248 110 38 yeux
505 248 110 38 vers
574 248 96 38 les
629 248 151 38 livres,
738 248 96 38 mes
793 248 110 38 bons
862 248 82 38 et
903 248 151 38 fidèles
999 248 96 38 amis,

116 285 120 36 avec
191 285 105 36 qui
251 285 90 36 je
296 285 120 36 n’ai
371 285 90 36 eu
416 285 135 36 guère
506 285 90 36 de
551 285 180 36 commerce
685 285 150 36 depuis
790 285 120 36 deux
865 285 120 36 ans.
940 285 90 36 Je
985 285 120 36 vais
1045 285 60 36 me

120 312 144 44 rendre
220 312 72 44 à
249 312 101 44 eux
306 312 115 44 tout
378 312 216 44 entièrement
551 312 86 44 et
594 312 129 44 faire
680 312 86 44 un
723 312 144 44 nouvel
824 312 115 44 amas
896 312 86 44 de
939 312 129 44 latin
1011 312 86 44 pour

124 350 95 44 les
179 350 150 44 besoins
288 350 123 44 qu’on
370 350 82 44 en
411 350 109 44 peut
465 350 150 44 avoir...»

119 386 122 36 22027
200 386 135 36 ROVÈRE
294 386 95 36 (J.
348 386 95 36 St.
402 386 95 36 Fr.
456 386 135 36 Xav.),
551 386 135 36 député
645 386 95 36 des
699 386 270 36 Bouches-du-Rhône
929 386 68 36 à
956 386 81 36 la
983 386 122 36 Conven-

119 418 121 36 tion,
199 418 121 36 connu
280 418 94 36 par
333 418 94 36 ses
387 418 161 36 missions
508 418 107 36 dans
575 418 81 36 le
616 418 121 36 Midi.
696 418 121 36 L.
777 418 81 36 a.
817 418 134 36 s.
911 418 67 36 à
924 418 175 36 Kellermann;

120 450 125 43 Paris,
207 450 75 43 16
244 450 187 43 vendémiaire
394 450 75 43 an
431 450 87 43 IV,
481 450 75 43 1.
519 450 75 43 p.
556 450 87 43 pl.
606 450 112 43 in-4.
681 450 62 43 4
693 450 50 43 50

154 487 123 43 Belle
236 487 151 43 lettre,
346 487 82 43 où
387 487 82 43 il
428 487 82 43 le
469 487 164 43 félicite
592 487 96 43 sur
647 487 96 43 ses
702 487 192 43 victoires.
853 487 96 43 «Je
907 487 110 43 n’en
976 487 110 43 suis
1031 487 68 43 pas

117 518 163 54 surpris,
239 518 203 54 connaissant
402 518 95 54 vos
456 518 136 54 talens
551 518 81 54 et
592 518 122 54 votre
673 518 108 54 zèle
741 518 203 54 infatigable
904 518 108 54 pour
971 518 95 54 les
1012 518 95 54 inté-

116 546 113 53 rêts
186 546 85 53 et
229 546 85 53 la
271 546 141 53 gloire
369 546 85 53 de
412 546 85 53 la
440 546 197 53 République.»

125 582 110 51 22028
198 582 196 51 SAINT-PIERRE
358 582 86 51 (H.
407 582 159 51 Bernardin
530 582 98 51 de),
591 582 123 51 auteur
677 582 74 51 de
713 582 135 51 Paul
812 582 74 51 et
848 582 209 51 Virginie
1008 582 98 51 membre

127 631 75 48 de
164 631 137 48 l’Acad.
264 631 87 48 fr.
314 631 112 48 L.
389 631 75 48 a.
426 631 125 48 s.
514 631 62 48 à
539 631 75 48 M.
576 631 100 48 ...;
639 631 125 48 Paris,
726 631 62 48 3
751 631 100 48 déc.
814 631 137 48 (1767),
914 631 62 48 2
939 631 75 48 p.
976 631 87 48 pl.
1014 631 87 48 in

991 657 141 50 12
1038 657 71 50 »

157 672 171 68 Curieuse
285 672 156 68 épître,
398 672 85 68 où
441 672 85 68 il
484 672 99 68 lui
541 672 156 68 annonce
654 672 128 68 qu’il
739 672 85 68 va
782 672 114 68 sans
853 672 128 68 doute
938 672 128 68 aller
1010 672 99 68 comme

123 732 184 44 capitaine
265 732 85 44 ou
307 732 128 44 comme
392 732 184 44 ingénieur
534 732 99 44 aux
591 732 184 44 colonies.
733 732 85 44 Il
776 732 213 44 préférerait
946 732 85 44 le
974 732 128 44 premier

125 759 110 45 ças.
194 759 96 45 «Le
249 759 124 45 corps
331 759 96 45 des
386 759 206 45 ingénieurs,
551 759 151 45 dlt-il,
661 759 96 45 est
716 759 289 45 très-respectable,
964 759 110 45 mais
1032 759 82 45 il
1060 759 41 45 y

123 798 133 46 règne
212 798 104 46 une
271 798 177 46 jalousie
404 798 104 46 qui
463 798 89 46 ne
508 798 89 46 me
552 798 237 46 pardonneroit
744 798 104 46 pas
803 798 148 46 d’être
907 798 133 46 entré
996 798 104 46 par
1040 798 74 46 une

120 820 124 62 autre
203 820 124 62 porte
286 820 97 62 que
341 820 124 62 celle
424 820 97 62 des
479 820 193 62 écoles...»
631 820 69 62 —
659 820 221 62 Intéressants
825 820 138 62 détails.

131 846 111 59 22029
205 846 98 59 SAND
266 846 160 59 (George),
389 846 111 59 notre
463 846 135 59 célèbre
561 846 185 59 romancière.
709 846 123 59 Traité
795 846 98 59 sig.
857 846 160 59 George
968 846 135 59 Sand

127 894 96 44 A.
191 894 149 44 Dupin
308 894 85 44 sig.
361 894 96 44 aussi
425 894 74 44 par
468 894 128 44 Emile
563 894 160 44 Aucante
691 894 64 44 et
723 894 191 44 Pelvey;
883 894 106 44 Paris,
957 894 53 44 4
978 894 96 44 sept.
1032 894 74 44 1857,

153 931 44 50 2
171 931 52 50 p.
197 931 61 50 pl.
232 931 78 50 in-4.
284 931 139 50 Rare
397 931 70 50 sig.
441 931 78 50 A.
493 931 122 50 Dupin
588 931 52 50 10
606 931 26 50 »

155 961 145 54 Traité
256 961 101 54 par
314 961 145 54 lequel
415 961 101 54 Mme
473 961 145 54 George
574 961 116 54 Sand
646 961 116 54 cède
719 961 72 54 à
747 961 145 54 Pelvey
849 961 87 54 le
892 961 130 54 droit
979 961 87 54 de
1008 961 101 54 faire

132 1009 147 39 usqu’au
239 1009 94 39 1er
292 1009 147 39 juillet
399 1009 107 39 1858
466 1009 107 39 tels
532 1009 147 39 tirages
639 1009 120 39 qu’il
720 1009 94 39 lui
773 1009 187 39 conviendra
920 1009 107 39 «sur
987 1009 94 39 les
1027 1009 80 39 cli-

124 1040 108 44 chés
191 1040 81 44 de
231 1040 175 44 l’édition
366 1040 175 44 illustrée
501 1040 121 44 petit
582 1040 108 44 in-4
649 1040 67 44 à
676 1040 81 44 20
717 1040 162 44 centimes
838 1040 81 44 de
878 1040 94 44 ses
932 1040 148 44 œuvres.
1027 1040 40 44 »

123 1079 106 35 22030
194 1079 142 35 SAUSSURE
300 1079 83 35 (H.
347 1079 142 35 Bénédict
454 1079 94 35 de),
513 1079 118 35 savant
595 1079 177 35 naturaliste
737 1079 71 35 et
772 1079 153 35 physicien
891 1079 130 35 suisse.
973 1079 130 35 L.

126 1109 101 45 a.
193 1109 123 45 s.
283 1109 123 45 Genève,
372 1109 67 45 30
406 1109 90 45 juin
462 1109 101 45 1786,
529 1109 56 45 2
551 1109 67 45 p.
585 1109 101 45 in-4.
652 1109 67 45 10
674 1109 34 45 »

155 1146 124 45 Belle
238 1146 138 45 lettre
335 1146 152 45 d’envoi
445 1146 83 45 du
487 1146 83 45 2e
528 1146 138 45 volume
625 1146 83 45 de
666 1146 97 45 ses
708 1146 138 45 voyages.

120 1187 126 42 22031
204 1187 112 42 SAXE
274 1187 168 42 (Maurice
401 1187 112 42 de),
471 1187 168 42 illustre
597 1187 168 42 maréchal
723 1187 84 42 de
765 1187 154 42 France,
878 1187 84 42 le
920 1187 182 42 vainqueur
1046 1187 56 42 de

126 1218 162 43 Fontenoy.
250 1218 112 43 L.
325 1218 75 43 a.
363 1218 162 43 s.
488 1218 100 43 camp
550 1218 75 43 de
588 1218 75 43 La
625 1218 200 43 Commanderie,
788 1218 62 43 6
813 1218 112 43 août,
888 1218 62 43 2
913 1218 75 43 p.
950 1218 112 43 in-4.
1013 1218 87 43 Belle

131 1253 75 39 lettre.
186 1253 41 39 20
200 1253 21 39 »

126 1285 109 41 22032
198 1285 133 41 SONNINI
295 1285 97 41 (Ch.
355 1285 97 41 Nic.
416 1285 97 41 S.),
476 1285 133 41 célèbre
573 1285 145 41 voyageur
681 1285 72 41 et
718 1285 193 41 naturaliste.
875 1285 109 41 L.
947 1285 72 41 a.
983 1285 121 41 s.
1056 1285 48 41 au

125 1318 101 46 cit.
188 1318 139 46 Ravrio;
289 1318 126 46 Nancy,
377 1318 76 46 14
415 1318 164 46 thermidor
541 1318 76 46 an
579 1318 88 46 II,
629 1318 63 46 1
654 1318 76 46 p.
692 1318 88 46 1/2
742 1318 113 46 in-4.
818 1318 63 46 3
831 1318 50 46 50

159 1358 81 41 Il
200 1358 149 41 annonce
308 1358 122 41 qu’il
389 1358 122 41 n’est
470 1358 108 41 plus
538 1358 108 41 juge
605 1358 81 41 et
646 1358 95 41 que
700 1358 81 41 la
740 1358 189 41 Convention
889 1358 68 41 a
916 1358 149 41 reconnu
1010 1358 95 41 l’in-

124 1394 158 42 justice
238 1394 201 42 qu’avaient
396 1394 158 42 commise
510 1394 143 42 envers
611 1394 100 42 lui
668 1394 86 42 et
711 1394 100 42 ses
768 1394 186 42 collègues
911 1394 201 42 Saint-Just
1055 1394 57 42 et

129 1424 110 45 Lebas,
206 1424 99 45 qu’il
273 1424 133 45 qualifie
372 1424 66 45 de
394 1424 210 45 scélérats

123 1461 123 49 22033
205 1461 151 49 SOUBISE
315 1461 164 49 (Charles
438 1461 82 49 de
479 1461 137 49 ROHAN,
575 1461 137 49 prince
671 1461 110 49 de),
739 1461 164 49 maréchal
863 1461 82 49 de
904 1461 151 49 France,
999 1461 110 49 fameux

129 1503 90 33 par
180 1503 77 33 sa
219 1503 141 33 défaite
321 1503 77 33 de
360 1503 154 33 Rosbach.
475 1503 115 33 L.
552 1503 77 33 a.
590 1503 128 33 s.
680 1503 77 33 au
719 1503 90 33 mis
770 1503 77 33 de
808 1503 167 33 Langeron;
936 1503 103 33 camp
1000 1503 77 33 de
1026 1503 77 33 Cœs-

122 1535 138 42 feldt,
219 1535 97 42 1er
274 1535 111 42 oct.
343 1535 124 42 1761,
426 1535 69 42 3
454 1535 83 42 p.
495 1535 97 42 1/2
550 1535 124 42 in-4.
633 1535 124 42 Belle
716 1535 83 42 et
758 1535 221 42 intéressante
937 1535 152 42 lettre.
1048 1535 69 42 5
1062 1535 41 42 »

131 1566 99 52 22034
197 1566 77 52 SUE
241 1566 143 52 (Eugène),
351 1566 66 52 le
384 1566 121 52 célèbre
472 1566 154 52 romancier.
593 1566 99 52 P.
658 1566 121 52 s.
746 1566 88 52 sig.
801 1566 99 52 aussi
867 1566 77 52 par
911 1566 66 52 M.
933 1566 176 52 Paulin;

124 1604 72 50 19
160 1604 97 50 juin
220 1604 109 50 1844,
293 1604 60 50 4
317 1604 72 50 p.
353 1604 109 50 in-4.
414 1604 60 50 18»

157 1643 128 43 C’est
242 1643 85 43 le
285 1643 142 43 traité
384 1643 99 43 par
441 1643 142 43 lequel
541 1643 142 43 Eugène
640 1643 99 43 Sue
697 1643 114 43 cède
768 1643 71 43 à
796 1643 85 43 M.
839 1643 142 43 Paulin
938 1643 85 43 le
981 1643 128 43 droit
1052 1643 57 43 de

132 1684 189 35 ublication
280 1684 148 35 complet
387 1684 81 35 et
428 1684 108 35 sans
495 1684 162 35 réserves
616 1684 81 35 du
657 1684 148 35 Juif
764 1684 202 35 errant
926 1684 175 35 moyennant
1047 1684 54 35 la

129 1711 105 53 omme
195 1711 79 53 de
234 1711 145 53 110,000
339 1711 92 53 fr.
392 1711 66 53 —
418 1711 66 53 A
445 1711 79 53 ce
484 1711 132 53 traité
576 1711 92 53 est
629 1711 132 53 annexé
721 1711 118 53 celui
800 1711 118 53 passé
879 1711 118 53 entre
945 1711 158 53 Eu

124 1742 134 49 gène
221 1742 134 49 Sue
318 1742 73 49 et
355 1742 73 49 le
391 1742 170 49 docteur
525 1742 170 49 Véron
659 1742 97 49 pour
720 1742 73 49 la
756 1742 182 49 publication
902 1742 109 49 dudit
975 1742 109 49 roman
1036 1742 73 49 dans

126 1781 77 41 le
165 1781 348 41 Constitutionnel
475 1781 168 41 moyennant
604 1781 142 41 100,000
707 1781 103 41 fr.,
771 1781 129 41 traité
862 1781 116 41 signé
939 1781 90 41 par
991 1781 90 41 eux
1030 1781 77 41 pour

125 1808 124 37 copie
208 1808 179 37 conforme,
346 1808 69 37 3
373 1808 83 37 p.
414 1808 96 37 1/2
470 1808 124 37 in-4,
552 1808 83 37 et
593 1808 83 37 le
635 1808 151 37 tableau
745 1808 83 37 de
786 1808 151 37 l’ordre
896 1808 83 37 de
924 1808 179 37 publication

120 1838 97 44 des
176 1838 166 44 volumes,
300 1838 125 44 signé
384 1838 97 44 par
439 1838 97 44 les
495 1838 139 44 mêmes,
592 1838 69 44 1
620 1838 83 44 p.
661 1838 153 44 in-fol.
772 1838 69 44 —
800 1838 153 44 Dossier
911 1838 111 44 fort
966 1838 139 44 curieux.

139 1885 109 46 22035
212 1885 170 46 TALLEYRAND
345 1885 97 46 (Ch.
405 1885 73 46 M.
442 1885 97 46 de),
502 1885 73 46 le
539 1885 133 46 célèbre
636 1885 170 46 diplomate.
769 1885 109 46 L.
841 1885 73 46 a.
878 1885 121 46 s.
963 1885 61 46 à
975 1885 133 46 Alexandre

132 1913 200 42 Beauharnais;
295 1913 138 42 (1790);
395 1913 88 42 1/2
445 1913 75 42 p.
483 1913 113 42 in-4.
558 1913 175 42 Très-jolie
696 1913 138 42 lettre.
796 1913 63 42 8
808 1913 38 42 »

131 1930 102 56 22036
199 1930 102 56 TALMA
267 1930 91 56 (Fr.
324 1930 114 56 Jos.),
403 1930 159 56 l’illustre
528 1930 159 56 tragédien.
653 1930 102 56 L.
721 1930 68 56 a.
755 1930 114 56 s.
835 1930 57 56 à
857 1930 125 56 Mgr...;
937 1930 170 56 Valenciennes,

135 1982 65 53 18
168 1982 109 53 juill.
244 1982 98 53 1817,
310 1982 55 53 2
332 1982 65 53 p.
364 1982 76 53 pl.
408 1982 98 53 in-4.
473 1982 65 53 16
495 1982 33 53 »

166 1999 159 61 Superbe
281 1999 159 61 lettre,
397 1999 87 61 où
441 1999 87 61 il
484 1999 101 61 lui
542 1999 203 61 représente
701 1999 101 61 que
759 1999 87 61 le
803 1999 159 61 marquis
919 1999 174 61 d’Osmond
1035 1999 72 61 l’a

125 2047 141 50 reténu
224 2047 141 50 quinze
322 2047 127 50 jours
407 2047 70 50 à
435 2047 155 50 Londres
548 2047 113 50 pour
618 2047 85 50 S.
660 2047 85 50 A.
702 2047 85 50 R.
745 2047 85 50 le
787 2047 141 50 prince
886 2047 141 50 régent
984 2047 85 50 et
1026 2047 99 50 lui
1069 2047 42 50 a

135 2085 154 50 occasionné
256 2085 77 50 des
300 2085 99 50 frais
366 2085 198 50 considérables.
531 2085 66 50 Il
564 2085 77 50 lui
608 2085 132 50 demande,
707 2085 99 50 comme
762 2085 99 50 compen-

122 2117 117 38 sation,
208 2117 64 38 de
240 2117 117 38 vouloir
325 2117 85 38 bien
378 2117 75 38 lui
421 2117 128 38 accorder
517 2117 64 38 le
549 2117 96 38 reste
613 2117 64 38 du
645 2117 85 38 mois
698 2117 85 38 pour
752 2117 117 38 réparer
826 2117 43 38 au

120 2155 126 39 moins
204 2155 84 39 en
246 2155 140 39 partie
344 2155 84 39 la
386 2155 126 39 perte
471 2155 98 39 qui
527 2155 98 39 lui
583 2155 70 39 a
611 2155 98 39 été
653 2155 126 39 causée.
