1148 2283
538 13 91 69 —
574 13 109 69 10
611 13 55 69 —

461 22 102 55 —

150 74 123 63 22012
232 74 177 63 NORMANDIE
368 74 136 63 (Louis
464 74 136 63 PERRIN
559 74 82 63 DE
600 74 150 63 LAGNEU,
709 74 164 63 prétendu
832 74 95 63 duc
886 74 109 63 de),
954 74 82 63 un
995 74 95 63 des
1036 74 82 63 faux

142 121 131 57 Louis
230 121 131 57 XVII.
317 121 146 57 Lettre
419 121 175 57 imprimée
551 121 160 57 signée;
667 121 219 57 Luxembourg,
842 121 73 57 6
871 121 131 57 janv.
959 121 131 57 1830,
1046 121 73 57 1
1061 121 58 57 p.

141 159 65 51 1/2
178 159 83 51 in-4.
233 159 46 51 6
242 159 28 51 »

173 175 126 63 u'est
257 175 98 63 une
313 175 196 63 circulaire
466 175 168 63 adressée
592 175 98 63 aux
648 175 168 63 Français
774 175 112 63 pour
844 175 112 63 leur
913 175 168 63 déclarer
1025 175 98 63 qu’il

136 228 95 43 est
191 228 108 43 bien
258 228 81 43 le
299 228 108 43 fils
366 228 81 43 de
407 228 203 43 l’infortuné
569 228 122 43 Louis
650 228 108 43 XVI,
718 228 122 43 qu’il
799 228 95 43 est
853 228 149 43 vivant,
961 228 81 43 et
1001 228 108 43 leur
1055 228 68 43 dé-

136 263 109 42 noncer
213 263 66 42 le
245 263 120 42 système
333 263 142 42 oppressif
442 263 87 42 dont
497 263 76 42 les
540 263 153 42 souverains
660 263 66 42 de
693 263 131 42 l’Europe
781 263 76 42 usent

139 293 135 43 contre
233 293 108 43 lui.
300 293 216 43 Très-curieux
462 293 135 43 détails.

148 329 107 58 22013
219 329 131 58 NOURRIT
315 329 119 58 (Ad.),
398 329 71 58 un
433 329 83 58 des
481 329 95 58 plus
540 329 143 58 célèbres
647 329 155 58 chanteurs
766 329 71 58 de
802 329 143 58 l’Opéra.
909 329 107 58 L.
980 329 71 58 a.
1016 329 119 58 s.
1087 329 36 58 à

138 361 75 57 M.
175 361 125 57 Bixio;
262 361 75 57 27
300 361 112 57 sept.
375 361 137 57 (1833),
475 361 87 57 3/4
525 361 75 57 de
562 361 75 57 p.
599 361 112 57 in-8.
674 361 112 57 Jolie
749 361 137 57 lettre.
849 361 62 57 3
862 361 37 57 »

146 388 119 64 22014
225 388 146 64 OERSTED
331 388 265 64 (Jean-Chrétien),
556 388 172 64 physicien
688 388 146 64 danois,
794 388 93 64 qui
847 388 185 64 s’illustra
993 388 66 64 à
1006 388 106 64 jamais

138 431 87 53 par
187 431 75 53 la
225 431 174 53 découverte
361 431 75 53 de
398 431 311 53 l’électro-magnétisme,
672 431 137 53 associé
771 431 75 53 de
808 431 186 53 l’Institut.
958 431 112 53 L.
1020 431 99 53 a.

134 470 191 46 s.
285 470 82 46 en
326 470 178 46 allemand;
463 470 205 46 Copenhague,
627 470 82 46 22
668 470 123 46 janv.
750 470 123 46 1822,
832 470 68 46 1
859 470 82 46 p.
900 470 96 46 pl.
955 470 123 46 in-8.
1023 470 96 46 Jolie

148 511 69 41 pièce.
196 511 35 41 6
203 511 21 41 »

146 521 119 69 22015
225 521 146 69 ORLÉANS
331 521 172 69 (Charles,
464 521 93 69 duc
517 521 106 69 d’),
583 521 119 69 connu
663 521 93 69 par
716 521 80 69 sa
755 521 133 69 longue
848 521 172 69 captivité
981 521 80 69 en
1007 521 106 69 Angle-

136 573 116 54 terre
214 573 77 54 un
252 573 90 54 des
304 573 168 54 meilleurs
433 573 129 54 poëtes
523 573 77 54 de
562 573 90 54 son
614 573 129 54 temps,
704 573 103 54 père
769 573 77 54 de
807 573 116 54 Louis
885 573 103 54 XII.
949 573 116 54 P.
1014 573 103 54 s.

131 608 238 57 Karolus
332 608 75 57 en
369 608 125 57 latin,
457 608 88 57 sur
507 608 125 57 vélin;
594 608 113 57 Lyon,
669 608 75 57 19
707 608 100 57 juin
769 608 113 57 1450,
844 608 63 57 1
869 608 75 57 p.
907 608 138 57 in-fol.
994 608 113 57 oblong.

1022 642 96 42 8
1060 642 58 42 »

135 661 125 66 22016
218 661 250 66 PARIS-DUVERNEY
426 661 180 66 (Joseph),
565 661 139 66 habile
662 661 180 66 financier
801 661 83 66 de
842 661 166 66 l’époque
967 661 83 66 de
1009 661 83 66 la
1037 661 69 66 Ré-

141 711 129 50 gence,
232 711 181 50 adversaire
374 711 78 50 de
413 711 104 50 Law.
478 711 117 50 L.
555 711 78 50 a.
594 711 117 50 s.
672 711 65 50 à
698 711 78 50 M.
737 711 168 50 Fuzelier;
866 711 65 50 2
892 711 117 50 avril
970 711 117 50 1724,
1047 711 65 50 1
1060 711 52 50 p.

144 754 78 43 in-4,
196 754 95 43 cachet.
265 754 138 43 Rare
378 754 43 43 5
395 754 43 43 »

167 782 120 54 Belle
247 782 146 54 lettre,
353 782 160 54 relative
473 782 67 54 à
500 782 93 54 des
553 782 160 54 libelles
673 782 146 54 dirigés
779 782 133 54 contre
872 782 93 54 lui
926 782 80 54 et
952 782 160 54 distribués

141 822 84 40 ar
183 822 84 40 un
225 822 84 40 de
267 822 98 40 ses
324 822 154 40 anciens
436 822 154 40 commis.
548 822 98 40 «Je
604 822 154 40 méprise
717 822 211 40 égallement,
885 822 154 40 dit-il,
998 822 84 40 le
1026 822 84 40 dis-

135 852 171 54 tributeur
266 852 79 54 êt
305 852 197 54 l’ouvrage.»
463 852 79 54 Il
502 852 144 54 accepte
607 852 79 54 le
647 852 144 54 désaveu
752 852 118 54 qu’en
830 852 105 54 fait
896 852 157 54 Fuzelier
1001 852 105 54 (soup-

137 886 115 55 onné
208 886 115 55 d’en
280 886 115 55 être
337 886 172 55 l’auteur).

141 912 108 73 22017
213 912 96 73 PEEL
273 912 156 73 (Robert),
393 912 144 73 illustre
501 912 108 73 homme
573 912 120 73 d’État
658 912 144 73 anglais.
766 912 108 73 L.
838 912 72 73 a.
874 912 132 73 s.
970 912 108 73 1833,
1042 912 60 73 1
1054 912 48 73 p.

138 962 65 44 3/4
175 962 83 44 in-8.
230 962 46 44 5
239 962 28 44 »

131 990 108 52 22018
203 990 132 52 PEIGNOT
299 990 168 52 (Gabriel),
430 990 72 52 un
466 990 72 52 de
502 990 84 52 nos
550 990 96 52 plus
610 990 132 52 savants
706 990 216 52 bibliographes.
885 990 108 52 L.
957 990 132 52 a.
1041 990 72 52 sig.

126 1030 77 46 G.
165 1030 90 46 P.,
216 1030 64 46 à
242 1030 77 46 M.
281 1030 116 46 Juif;
358 1030 129 46 Dijon,
449 1030 77 46 22
487 1030 116 46 janv.
565 1030 116 46 1814,
642 1030 64 46 1
668 1030 77 46 p.
706 1030 90 46 pl.
758 1030 116 46 in-4.
835 1030 64 46 3
848 1030 39 46 »

160 1060 169 57 Curieuse
286 1060 140 57 épître
385 1060 98 57 sur
441 1060 169 57 l’entrée
567 1060 98 57 des
623 1060 140 57 alliés
722 1060 70 57 à
750 1060 126 57 Dijon
834 1060 84 57 et
876 1060 112 57 leur
946 1060 140 57 séjour
1031 1060 84 57 dans

132 1099 111 57 cette
193 1099 99 57 ville.

141 1132 120 58 22019
221 1132 133 58 PINGRÉ
314 1132 133 58 (Alex.
407 1132 120 58 Guy),
487 1132 133 58 savant
580 1132 186 58 astronome,
727 1132 240 58 bibliothécaire
927 1132 80 58 de
953 1132 160 58 Sainte-

126 1176 166 49 neviève,
251 1176 139 49 membre
348 1176 83 49 de
390 1176 208 49 l’Institut.
556 1176 139 49 Pièces
653 1176 83 49 de
695 1176 111 49 vers
764 1176 166 49 autogr.,
889 1176 69 49 1
917 1176 83 49 p.
958 1176 111 49 pet.
1014 1176 97 49 in

1013 1211 118 37 3
1037 1211 71 37 »

162 1238 211 45 Épigrammes
328 1238 211 45 sanglantes
494 1238 151 45 contre
585 1238 226 45 Beaumarchais.

141 1271 111 56 2202
210 1271 166 56 POMPONNE
335 1271 250 56 (Henri-Charles
543 1271 166 56 ARNAULD,
668 1271 111 56 abbé
738 1271 111 56 de),
807 1271 180 56 diplomate
946 1271 153 56 érudit,
1043 1271 69 56 am-

135 1318 163 43 bassadeur
261 1318 63 43 à
286 1318 138 43 Venise,
387 1318 126 43 membre
475 1318 75 43 de
512 1318 138 43 l’Acad.
613 1318 88 43 des
663 1318 163 43 inscript.
788 1318 113 43 L.
864 1318 75 43 a.
902 1318 126 43 s.
989 1318 63 43 à
1002 1318 113 43 Mme...;

134 1349 73 57 27
170 1349 121 57 avril,
255 1349 61 57 1
280 1349 73 57 p.
316 1349 109 57 in-4.
389 1349 109 57 Belle
462 1349 73 57 et
498 1349 194 57 intéressante
656 1349 134 57 lettre.
753 1349 61 57 5
766 1349 36 57 »

140 1375 108 53 22021
212 1375 108 53 RAMEY
284 1375 96 53 (Et.
344 1375 132 53 Jules),
440 1375 120 53 habile
524 1375 168 53 sculpteur,
655 1375 120 53 membre
739 1375 72 53 de
775 1375 180 53 l’Institut.
919 1375 108 53 L.
991 1375 72 53 a.
1015 1375 96 53 s.

153 1426 36 41 1
167 1426 44 41 p.
189 1426 65 41 in-8.
233 1426 36 41 2
240 1426 29 41 25

128 1442 123 58 22022
210 1442 164 58 RATTAZZI
334 1442 137 58 (Marie
429 1442 178 58 BONAPARTE
566 1442 123 58 WYSE,
648 1442 192 58 comtesse),
799 1442 151 58 d’abord
908 1442 96 58 Mme
963 1442 82 58 de
991 1442 109 58 Solms;

131 1499 176 37 romancière
270 1499 189 37 distinguée,
421 1499 201 37 petite-fille
584 1499 76 37 de
622 1499 126 37 Lucien
710 1499 176 37 Bonaparte.
849 1499 113 37 L.
924 1499 76 37 a.
962 1499 126 37 s.
1050 1499 63 37 à
1063 1499 50 37 un

137 1533 114 51 nomme
213 1533 76 51 de
251 1533 152 51 lettres;
366 1533 127 51 Paris,
454 1533 139 51 juillet
556 1533 114 51 1862,
632 1533 63 51 2
657 1533 76 51 p.
695 1533 114 51 in-8.
771 1533 63 51 6
784 1533 38 51 »

164 1545 169 65 Charmante
294 1545 143 65 épître,
398 1545 78 65 où
437 1545 104 65 elle
502 1545 91 65 lui
554 1545 130 65 envoie
645 1545 78 65 un
683 1545 78 65 de
722 1545 91 65 ses
774 1545 143 65 livres,
878 1545 117 65 la
943 1545 169 65 Réputa

130 1598 142 44 tion
234 1598 116 44 d’une
311 1598 181 44 femme
453 1598 91 44 «Ce
505 1598 116 44 roman
583 1598 91 44 est
634 1598 78 44 le
673 1598 142 44 premier
777 1598 91 44 que
828 1598 116 44 j’ose
906 1598 129 44 livrer
997 1598 65 44 à
1022 1598 78 44 la
1048 1598 65 44 pu-

128 1632 150 44 blicité
238 1632 205 44 parisienne,
402 1632 82 44 et
443 1632 82 44 ce
484 1632 123 44 n’est
566 1632 96 44 pas
621 1632 109 44 sans
689 1632 164 44 trembler
812 1632 82 44 un
853 1632 96 44 peu
908 1632 96 44 que
949 1632 164 44 j’affronte

134 1673 85 47 la
176 1673 170 47 critique
303 1673 85 47 et
346 1673 99 47 que
402 1673 85 47 je
445 1673 155 47 demande
558 1673 198 47 indulgence
713 1673 113 47 pour
784 1673 99 47 mon
826 1673 184 47 héroïne...»

141 1704 118 47 22023
220 1704 145 47 AUCOURT
325 1704 105 47 (Fr.
390 1704 79 47 M.
430 1704 105 47 Ant.
496 1704 197 47 SAUCEROTTE,
653 1704 131 47 dite),
745 1704 145 47 célèbre
850 1704 145 47 actrice
955 1704 79 47 du
982 1704 131 47 Théâtre-

131 1741 144 42 Français.
242 1741 100 42 L.
308 1741 67 42 a.
342 1741 111 42 s.
419 1741 55 42 à
441 1741 111 42 M....,
519 1741 55 42 1
541 1741 67 42 p.
575 1741 100 42 in-4.
641 1741 122 42 Légères
730 1741 122 42 taches.
819 1741 55 42 6
830 1741 33 42 »

163 1776 171 51 Curieuse
291 1776 157 51 épître,
405 1776 85 51 où
447 1776 114 51 elle
519 1776 100 51 lui
575 1776 199 51 recommande
732 1776 100 51 son
789 1776 199 51 cuisinier,
945 1776 100 51 qui
1002 1776 100 51 est
1045 1776 57 51 un

136 1814 163 42 honnête
255 1814 133 42 homme
343 1814 89 42 et
388 1814 89 42 un
432 1814 163 42 artiste
551 1814 178 42 émérite.
684 1814 104 42 «Il
743 1814 74 42 a
773 1814 192 42 appartenu
921 1814 133 42 avant
1009 1814 104 42 moi
1054 1814 59 42 au

123 1841 104 52 feu
183 1841 179 52 maréchal
317 1841 90 52 de
347 1841 194 52 Richelieu.»

147 1860 79 72 22024
200 1860 149 72 ROBERT-FLEURY
322 1860 79 72 (Jos.
375 1860 87 72 Nic.),
436 1860 96 72 peintre
506 1860 131 72 d’histoire,
611 1860 87 72 membre
672 1860 52 72 de
689 1860 114 72 l’Institut.

132 1917 94 48 L.
194 1917 62 48 a.
225 1917 114 48 s.
308 1917 94 48 1860,
371 1917 52 48 2
391 1917 62 48 p.
423 1917 73 48 pl.
464 1917 94 48 in-8.
527 1917 146 48 Très-belle
641 1917 114 48 lettre.
724 1917 52 48 2
734 1917 42 48 50

136 1955 111 44 22025
210 1955 124 44 ROLAND
296 1955 87 44 (J.
346 1955 99 44 M.),
408 1955 136 44 célèbre
506 1955 148 44 ministre
618 1955 74 44 de
655 1955 185 44 l’intérieur
803 1955 74 44 de
840 1955 74 44 la
877 1955 185 44 Révolution.
1013 1955 99 44 Lettre

121 1989 164 48 imprimée
244 1989 151 48 signée;
354 1989 137 48 Paris,
450 1989 82 48 24
491 1989 109 48 mars
559 1989 123 48 1792.
641 1989 68 48 1
669 1989 82 48 p.
710 1989 151 48 in-fol.
819 1989 68 48 5
833 1989 41 48 »

154 2028 126 45 Pièce
238 2028 210 45 historique.
407 2028 70 45 —
435 2028 126 45 C’est
519 2028 84 45 la
561 2028 196 45 circulaire
715 2028 98 45 par
771 2028 168 45 laquelle
898 2028 140 45 Roland
982 2028 126 45 annonce

124 2060 128 45 qu’il
209 2060 128 45 vient
295 2060 143 45 d’être
395 2060 128 45 nommé
480 2060 171 45 ministre
609 2060 86 45 de
652 2060 228 45 l’intérieur,
837 2060 86 45 en
880 2060 228 45 remplacement
1051 2060 57 45 de

137 2092 110 50 cahier
214 2092 66 50 de
247 2092 142 50 Gerville.
356 2092 55 50 5
367 2092 33 50 »

126 2134 106 46 22026
197 2134 117 46 ROLLIN
279 2134 164 46 (Charles),
408 2134 70 46 le
443 2134 129 46 célèbre
537 2134 164 46 historien.
666 2134 106 46 L.
737 2134 70 46 a.
772 2134 117 46 s.
854 2134 59 46 à
878 2134 141 46 Mgr....;
984 2134 117 46 Paris,
1054 2134 47 46 11

127 2167 78 54 oct.
176 2167 88 54 1696,
235 2167 49 54 2
254 2167 59 54 p.
284 2167 88 54 in-4.
342 2167 156 54 Rare
469 2167 59 54 50
489 2167 29 54 »
