1168 2233
483 20 143 69 —
541 20 143 69 3
569 20 86 69 —

162 74 200 84 Très-belle
319 74 157 84 lettre,
433 74 86 84 où
476 74 86 84 il
519 74 143 84 répond
619 74 72 84 à
648 74 172 84 diverses
777 74 186 84 questions
905 74 215 84 scientifiques

128 132 173 51 jui
227 132 173 51 lui
326 132 173 51 ont
424 132 173 51 été
498 132 222 51 posées.

132 158 109 64 21916
205 158 121 64 BESONS
289 158 145 64 (Jacques
398 158 121 64 BAZIN,
483 158 145 64 seigneur
592 158 97 64 de),
653 158 145 64 maréchal
762 158 73 64 de
798 158 133 64 France.
895 158 109 64 P.
968 158 133 64 s.
1052 158 61 64 Pa-

130 201 101 57 ris,
194 201 63 57 6
219 201 114 57 févr.
295 201 114 57 1698,
371 201 63 57 1
397 201 76 57 p.
435 201 101 57 in-4
498 201 139 57 oblong.
599 201 114 57 Jolie
676 201 127 57 pièce.
764 201 63 57 3
777 201 38 57 »

126 236 135 50 21917
216 236 285 50 BÉTHUNE-CHAROST
456 236 180 50 (Armand,
591 236 180 50 marquis,
726 236 120 50 puis
801 236 105 50 duc
861 236 120 50 de),
921 236 195 50 lieutenant-

130 277 164 43 général
249 277 90 43 au
294 277 239 43 gouvernement
488 277 90 43 de
533 277 194 43 Picardie,
682 277 209 43 gouverneur
846 277 224 43 particulier
1025 277 90 43 de
1055 277 60 43 la

135 309 114 57 ville
211 309 76 57 de
249 309 140 57 Calais.
351 309 114 57 L.
427 309 76 57 a.
465 309 127 57 s.
554 309 63 57 à
579 309 76 57 M.
617 309 76 57 de
655 309 165 57 Pomponne;
782 309 127 57 Paris,
871 309 63 57 2
896 309 114 57 janv.
972 309 114 57 1663,
1049 309 63 57 1
1061 309 51 57 p.

131 342 128 52 in-4,
216 342 157 52 cachets
330 342 85 52 et
373 342 142 52 soies.
473 342 199 52 Très-belle
629 342 157 52 lettre.
743 342 71 52 8
757 342 43 52 »

129 381 126 54 21918
213 381 225 54 BEURNONVILLE
396 381 154 54 (Pierre
508 381 112 54 RIEL
578 381 112 54 de),
649 381 169 54 ministre
775 381 84 54 de
817 381 84 54 la
859 381 154 54 guerre;
972 381 126 54 livré
1042 381 70 54 aux

137 415 212 52 Autrichiens
306 415 99 52 par
363 415 198 52 Dumouriez,
518 415 113 52 puis
589 415 170 52 maréchal
716 415 85 52 de
759 415 141 52 France
858 415 113 52 sous
928 415 127 52 Louis
999 415 113 52 XVIII.

128 450 112 54 L.
202 450 75 54 a.
240 450 137 54 s.
339 450 137 54 château
439 450 75 54 de
476 450 174 54 Balincour,
614 450 75 54 24
651 450 112 54 sept.
726 450 112 54 1807,
800 450 62 54 4
825 450 75 54 p.
863 450 112 54 in-4.
938 450 112 54 Belle
1000 450 112 54 lettre.

1016 494 123 43 3
1041 494 74 43 »

131 521 106 47 21919
202 521 106 47 BEYLE
273 521 142 47 (Henri),
379 521 83 47 dit
426 521 248 47 Stendhall
639 521 71 47 un
674 521 71 47 de
710 521 83 47 nos
757 521 153 47 écrivains
875 521 83 47 les
922 521 94 47 plus
969 521 142 47 originaux.

130 556 115 43 L.
207 556 76 43 a.
245 556 127 43 s.
334 556 64 43 à
360 556 76 43 M.
398 556 127 43 Moore;
487 556 191 43 Versailles,
640 556 76 43 20
678 556 102 43 juin
742 556 140 43 (1826),
844 556 64 43 3
869 556 76 43 p.
907 556 89 43 pl.
958 556 115 43 in-8.
1022 556 89 43 Belle

132 587 84 47 lettre.
194 587 123 47 Rare
294 587 38 47 6
301 587 31 47 50

420 623 91 51 21920
481 623 101 51 BEZOUT
551 623 141 51 (Étienne),
662 623 111 51 célèbre
743 623 182 51 mathématicien,
895 623 101 51 membre
965 623 61 51 de
996 623 111 51 l’Acad.
1066 623 51 51 des

139 671 145 41 ciences.
248 671 109 41 L.
320 671 73 41 a.
357 671 121 41 s.
441 671 60 41 à
465 671 73 41 M.
502 671 145 41 Lévêque,
611 671 60 41 à
635 671 133 41 Nantes;
732 671 121 41 Paris,
816 671 73 41 25
852 671 97 41 août
913 671 109 41 1782,
986 671 60 41 2
998 671 48 41 p.

141 696 66 44 in-4.
185 696 37 44 4
192 696 29 44 50

168 738 200 39 Très-belle
325 738 157 39 lettre,
439 738 86 39 où
482 738 86 39 il
525 738 100 39 lui
582 738 157 39 annonce
696 738 128 39 qu’il
782 738 71 39 a
810 738 86 39 eu
853 738 100 39 des
910 738 114 39 voix
982 738 114 39 pour
1039 738 71 39 une

131 765 129 48 place
217 765 86 48 de
260 765 244 48 correspondant
461 765 72 48 à
490 765 201 48 l’Académie
648 765 101 48 des
706 765 187 48 sciences,
849 765 115 48 mais
921 765 86 48 il
964 765 72 48 a
979 765 129 48 échoué.

126 808 83 42 Il
168 808 167 42 attribue
293 808 97 42 cet
348 808 167 42 insuccès
474 808 83 42 au
515 808 125 42 petit
599 808 139 42 nombre
696 808 83 42 de
738 808 139 42 places
835 808 97 42 qui
891 808 97 42 ont
946 808 125 42 vaqué
1016 808 97 42 cette

134 838 154 45 année.
241 838 200 45 (Lévêque,
396 838 154 45 savant
503 838 247 45 hydrographe,
704 838 154 45 devint
812 838 123 45 plus
889 838 123 45 tard
966 838 154 45 membre
1058 838 62 45 de

113 866 193 47 l’Institut.)

130 896 124 52 21921
213 896 138 52 BIÈVRE
310 896 152 52 (George
420 896 180 52 MARÉCHAL,
558 896 152 52 marquis
669 896 111 52 de),
738 896 152 52 célèbre
849 896 207 52 littérateur
1014 896 83 52 et
1042 896 69 52 bel

136 943 141 35 esprit
235 943 85 35 du
277 943 225 35 dix-huitième
460 943 155 35 siècle,
573 943 113 35 dont
643 943 85 35 on
685 943 70 35 a
713 943 141 35 publié
812 943 99 35 les
868 943 113 35 bons
939 943 113 35 mots
1009 943 113 35 sous
1066 943 56 35 le

131 978 120 41 titre
210 978 80 41 de
250 978 226 41 Biévriana.
436 978 80 41 L.
476 978 80 41 a.
516 978 146 41 s.
622 978 133 41 Paris,
715 978 80 41 12
755 978 106 41 nov.
822 978 120 41 1785,
901 978 66 41 2
928 978 80 41 p.
968 978 120 41 in-4.
1061 978 66 41 7
1074 978 40 41 »

161 1007 238 52 Très-curieuse
357 1007 140 52 épître
455 1007 98 52 sur
511 1007 224 52 l’ancienneté
692 1007 84 52 de
734 1007 84 52 sa
776 1007 154 52 famille
888 1007 84 52 et
930 1007 98 52 des
986 1007 140 52 pièces
1070 1007 56 52 la

109 1041 196 47 concernant.

136 1077 62 52 21922
177 1077 41 52 BO
198 1077 48 52 (J.
226 1077 55 52 B.),
260 1077 117 52 conventionnel
357 1077 103 52 montagnard,
439 1077 76 52 célèbre
495 1077 48 52 par
522 1077 41 52 sa
543 1077 76 52 mission
598 1077 34 52 à
605 1077 62 52 Nantes.

131 1117 118 45 P.
209 1117 78 45 a.
249 1117 118 45 s.
327 1117 144 45 Nantes,
432 1117 78 45 21
471 1117 157 45 messidor
589 1117 78 45 an
628 1117 92 45 II,
680 1117 92 45 3/4
733 1117 78 45 de
772 1117 78 45 p.
811 1117 118 45 in-4,
890 1117 118 45 vig.,
968 1117 105 45 tête
1020 1117 92 45 impr.

135 1150 58 40 et
164 1150 107 40 cachet.
242 1150 49 40 4
252 1150 29 40 »

163 1185 81 42 Il
204 1185 136 42 arrête
299 1185 95 42 que
353 1185 217 42 l’accusateur
529 1185 136 42 public
624 1185 108 42 près
692 1185 81 42 le
733 1185 163 42 tribunal
855 1185 163 42 criminel
976 1185 81 42 de
1004 1185 108 42 Maine-

134 1217 163 61 et-Loire
257 1217 95 61 est
311 1217 163 61 autorisé
433 1217 68 61 à
460 1217 122 61 lever
542 1217 95 61 les
596 1217 149 61 scellés
705 1217 149 61 apposés
813 1217 95 61 sur
868 1217 95 61 les
922 1217 149 61 papiers
1031 1217 81 61 de
1058 1217 54 61 la

133 1259 205 42 Commission
295 1259 191 42 militaire
427 1259 161 42 d’Angers.

136 1282 108 58 21923
208 1282 169 58 BONAPARTE,
341 1282 132 58 général
437 1282 72 58 en
473 1282 96 58 chef
533 1282 72 58 de
569 1282 132 58 l’armée
666 1282 156 58 d’Italie.
786 1282 108 58 L.
858 1282 120 58 s.
942 1282 72 58 au
979 1282 96 58 cit.
1027 1282 84 58 Alle-

132 1342 129 46 mand;
218 1342 288 46 quartier-général
463 1342 86 46 de
506 1342 144 46 Milan,
606 1342 86 46 16
650 1342 144 46 nivôse
750 1342 86 46 an
793 1342 86 46 V,
837 1342 101 46 3/4
894 1342 86 46 de
937 1342 86 46 p.
966 1342 144 46 in

134 1356 95 62 tête
193 1356 106 62 impr.
264 1356 71 62 et
300 1356 95 62 vig.
359 1356 106 62 Belle
430 1356 118 62 pièce.
513 1356 59 62 7
525 1356 35 62 »

136 1390 115 65 21924
213 1390 178 65 BONAPARTE,
353 1390 140 65 général
455 1390 76 65 en
493 1390 102 65 chef
557 1390 76 65 de
595 1390 140 65 l’armée
697 1390 166 65 d’Égypte.
824 1390 115 65 L.
900 1390 140 65 s.
1002 1390 76 65 le
1028 1390 89 65 Caire

128 1441 73 56 an
164 1441 97 56 VII,
225 1441 85 56 1/2
273 1441 73 56 p.
309 1441 145 56 in-fol.,
418 1441 97 56 vig.
478 1441 73 56 et
515 1441 97 56 tête
575 1441 109 56 impr.
648 1441 60 56 5
660 1441 48 56 50

130 1488 123 36 21925
213 1488 178 36 BONAPARTE
350 1488 178 36 (Joseph),
487 1488 96 36 roi
541 1488 82 36 de
583 1488 151 36 Naples,
692 1488 110 36 puis
761 1488 192 36 d’Espagne,
911 1488 123 36 frère
994 1488 82 36 de
1021 1488 96 36 Napo-

132 1525 102 50 léon
196 1525 102 50 Ier.
260 1525 115 50 L.
336 1525 76 50 a.
374 1525 127 50 s.
463 1525 76 50 (à
502 1525 217 50 l’impératrice
680 1525 191 50 Joséphine);
833 1525 166 50 Livourne,
960 1525 76 50 16
986 1525 127 50 brumaire

131 1562 105 37 an
183 1562 105 37 V,
235 1562 87 37 1
270 1562 87 37 p
305 1562 122 37 3/4
375 1562 157 37 in-4,
480 1562 175 37 papier
603 1562 140 37 doré
690 1562 122 37 sur
760 1562 210 37 tranche.
918 1562 105 37 10
953 1562 52 37 »

163 1594 183 47 Très-jolie
306 1594 143 47 lettre.
411 1594 78 47 Il
450 1594 78 47 la
489 1594 157 47 félicite
606 1594 91 47 sur
659 1594 91 47 son
711 1594 143 47 voyage,
815 1594 104 47 car,
880 1594 143 47 dit-il,
972 1594 143 47 lorsqu’on

134 1625 141 49 voyage
233 1625 85 49 on
275 1625 85 49 se
317 1625 127 49 porte
402 1625 127 49 bien.
486 1625 85 49 Il
528 1625 99 49 est
585 1625 113 49 dans
655 1625 99 49 une
711 1625 127 49 ville
796 1625 183 49 dépourvue
937 1625 85 49 de
979 1625 127 49 toutz
1050 1625 70 49 «Je

133 1662 118 34 vous
207 1662 132 34 prie,
295 1662 88 34 ma
339 1662 132 34 chère
427 1662 132 34 sœur,
515 1662 220 34 d’ambrasser
692 1662 88 34 ma
736 1662 147 34 petite
839 1662 176 34 Zénaïde,
971 1662 88 34 en
1000 1662 118 34 atten-

135 1691 116 42 dant
207 1691 101 42 que
265 1691 116 42 vous
337 1691 174 42 puissiés
468 1691 87 42 me
511 1691 145 42 donner
612 1691 87 42 le
656 1691 159 42 plaisir
772 1691 87 42 de
815 1691 116 42 m’en
887 1691 130 42 faire
960 1691 159 42 ambrasser

138 1726 103 52 ine
183 1726 221 52 semblable...»

134 1744 130 72 21926
220 1744 188 72 BONAPARTE
364 1744 144 72 (Julie
466 1744 159 72 CLARY),
581 1744 130 72 reine
668 1744 202 72 d’Espagne,
826 1744 130 72 femme
913 1744 87 72 du
942 1744 173 72 précédent.

133 1798 112 34 L.
207 1798 75 34 a.
244 1798 124 34 s.
331 1798 75 34 (à
369 1798 211 34 l’impératrice
543 1798 186 34 Joséphine);
692 1798 224 34 Mortefontaine,
878 1798 75 34 28
915 1798 99 34 déc.
977 1798 112 34 1806,
1052 1798 62 34 1
1064 1798 50 34 p.

138 1829 60 40 in-4.
179 1829 34 40 6
185 1829 27 40 50

160 1846 139 73 Belle
252 1846 154 73 lettre
360 1846 92 73 de
406 1846 231 73 compliments
591 1846 77 73 à
622 1846 216 73 l’occasion
791 1846 92 73 du
838 1846 277 73 renouvellement
1053 1846 62 73 de

113 1889 148 58 l’année.

135 1932 110 53 21927
208 1932 159 53 BONAPARTE
330 1932 146 53 (Louis),
440 1932 85 53 roi
489 1932 73 53 de
525 1932 159 53 Hollande,
647 1932 98 53 père
708 1932 73 53 de
745 1932 146 53 Napoléon
855 1932 98 53 III.
916 1932 110 53 L.
989 1932 73 53 a.
1013 1932 98 53 s.

135 1971 74 46 à
165 1971 252 46 l’impératrice
373 1971 223 46 Joséphine);
551 1971 89 46 Du
595 1971 119 46 Lis,
670 1971 104 46 20,
729 1971 104 46 mai
788 1971 134 46 1807,
877 1971 74 46 2
907 1971 89 46 p.
952 1971 134 46 in-4.
1041 1971 89 46 30
1070 1971 45 46 »

162 2004 150 42 Superbe
271 2004 136 42 lettre
367 2004 95 42 sur
421 2004 82 42 la
462 2004 109 42 mort
531 2004 82 42 de
571 2004 95 42 son
626 2004 109 42 fils
694 2004 109 42 aîné
762 2004 286 42 Napoléon-Charles,
1008 2004 95 42 qui
1049 2004 68 42 ve-

132 2030 113 48 nait
203 2030 142 48 d’être
302 2030 142 48 enlevé
401 2030 99 48 par
458 2030 85 48 le
500 2030 142 48 croup.
600 2030 85 48 Il
642 2030 156 48 demande
756 2030 99 48 les
812 2030 142 48 ordres
912 2030 85 48 de
940 2030 170 48 l’Empereur

128 2077 69 41 à
156 2077 83 41 ce
198 2077 139 41 sujet.
295 2077 97 41 «En
350 2077 181 41 attendant
489 2077 83 41 je
531 2077 111 41 fais
600 2077 167 41 conduire
725 2077 97 41 les
781 2077 194 41 dépouilles
933 2077 181 41 mortelles
1058 2077 56 41 de

140 2112 94 36 non
193 2112 108 36 fils
261 2112 67 36 à
288 2112 148 36 Paris.»
396 2112 81 36 Il
436 2112 81 36 va
477 2112 81 36 se
517 2112 135 36 rendre
612 2112 108 36 dans
679 2112 81 36 le
720 2112 108 36 Midi
787 2112 108 36 pour
855 2112 162 36 rétablir
976 2112 81 36 sa
1003 2112 108 36 santé.

134 2142 185 50 «Napoléon
276 2142 143 50 (frère
376 2142 86 50 de
419 2142 171 50 Napoléon
547 2142 114 50 III)
618 2142 157 50 restera
732 2142 143 50 auprès
832 2142 86 50 de
875 2142 114 50 vous
946 2142 86 50 et
989 2142 86 50 je
1017 2142 100 50 serai
