1166 2249
458 6 138 76 —
514 6 166 76 16
569 6 83 76 —

163 69 155 63 Charmante
282 69 131 63 épître,
378 69 71 63 où
413 69 71 63 il
449 69 107 63 parle
520 69 71 63 de
556 69 143 63 l’élégie
663 69 107 63 qu’il
735 69 60 63 a
759 69 107 63 faite
830 69 95 63 pour
890 69 71 63 le
914 69 71 63 Père

123 125 157 49 Mambrun,
241 125 79 49 de
280 125 144 49 Halley,
385 125 79 49 du
425 125 118 49 poëte
503 125 157 49 Segrais,
622 125 92 49 qui
674 125 118 49 n’est
753 125 92 49 pas
805 125 131 49 encore
884 125 105 49 revenu

122 162 74 39 à
152 162 134 39 Caen,
241 162 89 39 de
286 162 89 39 M.
330 162 89 39 de
375 162 163 39 Montmor
479 162 89 39 etc.

138 185 91 66 22121
199 185 81 66 HUGO
250 185 132 66 (Victor),
351 185 122 66 illustre
442 185 91 66 poëte
503 185 61 66 et
534 185 132 66 écrivain.
635 185 91 66 L.
696 185 61 66 a.
727 185 112 66 s.
808 185 51 66 1
828 185 61 66 p.
859 185 71 66 1/2
899 185 91 66 in-8.
950 185 71 66 Jolie

130 238 82 40 lettre.
189 238 37 40 2
196 238 30 40 50

138 249 99 75 22122
204 249 66 75 LE
237 249 99 75 MÊME.
303 249 99 75 L.
368 249 66 75 a.
401 249 110 75 s.
478 249 55 75 à
500 249 66 75 M.
533 249 99 75 Noël;
599 249 55 75 7
621 249 99 75 sept.
687 249 99 75 1830,
753 249 55 75 1
774 249 66 75 p.
807 249 77 75 pl.
851 249 99 75 in-4.
917 249 55 75 3
928 249 33 75 »

159 289 82 60 Il
200 289 151 60 déclare
310 289 178 60 souscrire
448 289 82 60 au
489 289 151 60 banquet
599 289 233 60 franc-comtois
791 289 96 60 qui
846 289 110 60 doit
914 289 124 60 avoir
983 289 96 60 lieu.

124 351 112 47 22123
198 351 75 47 LE
235 351 112 47 MÊME.
310 351 112 47 L.
384 351 124 47 a
471 351 99 47 sig.
534 351 75 47 V.
571 351 87 47 H.,
620 351 62 47 à
645 351 75 47 M.
683 351 137 47 Chenay;
782 351 261 47 Hauteville-House,
1006 351 75 47 14
1030 351 75 47 déc.

135 386 133 51 18617),
232 386 61 51 3
256 386 73 51 p.
292 386 85 51 pl.
341 386 121 51 in-12.
426 386 61 51 5
438 386 36 51 »

152 398 239 71 Très-curieuse
349 398 140 71 épître
447 398 98 71 sur
503 398 84 71 la
545 398 211 71 publication
714 398 84 71 de
756 398 98 71 son
812 398 126 71 album
896 398 84 71 de
925 398 140 71 dessins.

124 454 94 55 22124
186 454 63 55 LE
218 454 94 55 MÊME.
281 454 94 55 L.
343 454 115 55 a.
427 454 84 55 sig.
480 454 63 55 V.
511 454 73 55 H.,
553 454 52 55 à
574 454 94 55 Méry,
637 454 52 55 1
658 454 63 55 p.
689 454 73 55 pl.
731 454 94 55 in-8.
794 454 52 55 2
804 454 42 55 25

150 471 178 71 Très-jolie
290 471 140 71 lettre,
392 471 76 71 où
430 471 76 71 il
468 471 76 71 le
506 471 153 71 félicite
621 471 89 71 sur
671 471 89 71 ses
722 471 140 71 succès.
824 471 114 71 «Vous
900 471 127 71 faites
976 471 64 71 des

123 529 207 49 merveilles,
289 529 152 49 pendant
399 529 97 49 que
455 529 111 49 nous
524 529 152 49 faisons
634 529 97 49 des
690 529 152 49 ordures
800 529 111 49 sous
869 529 193 49 lesquelles
1007 529 97 49 cette

129 569 143 47 ideuse
229 569 185 47 politique
357 569 242 47 m’engloutit...»

120 599 126 53 22125
204 599 84 53 LE
246 599 126 53 MÊME.
330 599 182 53 Discours,
471 599 84 53 en
513 599 140 53 partie
611 599 168 53 autogr.,
737 599 168 53 prononcé
864 599 70 53 à
892 599 84 53 la
934 599 154 53 Chambre
1032 599 70 53 des

124 632 128 53 pairs
209 632 86 53 le
252 632 86 53 19
295 632 114 53 mars
366 632 128 53 1846,
452 632 86 53 19
494 632 86 53 p.
537 632 128 53 in-4,
623 632 114 53 dont
694 632 71 53 6
722 632 86 53 de
765 632 86 53 la
808 632 114 53 main
879 632 86 53 de
922 632 143 53 Victor
1007 632 86 53 Hugo

123 670 77 52 et
162 670 77 52 le
200 670 115 52 reste
277 670 102 52 avec
340 670 77 52 de
379 670 179 52 nombreuses
519 670 141 52 ratures
622 670 77 52 et
660 670 153 52 correct.
775 670 141 52 autogr.
877 670 77 52 10
903 670 38 52 »

158 704 153 57 Superbe
269 704 167 57 discours
394 704 83 57 où
436 704 139 57 Victor
533 704 125 57 Hugo,
616 704 153 57 indigné
727 704 97 57 des
783 704 180 57 violences
922 704 167 57 exercées
1033 704 69 57 par

122 741 197 49 l’Autriche
277 741 141 49 contre
375 741 98 49 les
431 741 183 49 habitants
572 741 84 49 de
614 741 84 49 la
656 741 183 49 Gallicie,
797 741 155 49 demande
909 741 183 49 hautement
1036 741 70 49 que

122 775 82 46 la
163 775 136 46 France
259 775 205 46 intervienne
423 775 82 46 en
464 775 136 46 faveur
559 775 82 46 de
600 775 82 46 la
641 775 164 46 Pologne,
764 775 109 46 dont
832 775 82 46 il
873 775 150 46 retrace
982 775 82 46 en
1009 775 96 46 quel-

126 807 114 51 ques
197 807 114 51 mots
268 807 128 51 d’une
353 807 142 51 grande
453 807 185 51 éloquence
595 807 199 51 l’histoire
751 807 85 51 et
794 807 213 51 l’influence
965 807 156 51 qu’elle
1064 807 43 51 a

127 841 150 47 exercée
236 841 95 47 sur
291 841 163 47 l’Europe
413 841 82 47 et
454 841 95 47 sur
508 841 82 47 la
549 841 136 47 France
644 841 82 47 en
672 841 190 47 particulier.

134 878 81 59 22126
188 878 54 59 LE
215 878 81 59 MÊME.
269 878 81 59 L.
323 878 54 59 a.
350 878 99 59 s.
423 878 45 59 1
441 878 54 59 p.
468 878 81 59 in-8.
522 878 45 59 1
531 878 36 59 75

129 905 81 68 22127
183 905 54 68 LE
210 905 81 68 MÊME.
265 905 81 68 L.
319 905 99 68 a.
391 905 72 68 sig.
436 905 118 68 Victor
527 905 99 68 H.
599 905 45 68 1
617 905 54 68 p.
645 905 81 68 in-8.
699 905 45 68 1
708 905 36 68 50

134 935 120 72 22128
214 935 80 72 LE
254 935 120 72 MÊME.
334 935 160 72 Discours
454 935 160 72 autogr.,
575 935 107 72 sig.
641 935 80 72 en
681 935 120 72 tête,
762 935 160 72 prononcé
882 935 67 72 à
909 935 80 72 la
949 935 147 72 Chambre
1042 935 67 72 des

125 985 119 54 pairs
204 985 79 54 le
244 985 93 54 1er
297 985 119 54 avril
376 985 119 54 1846,
456 985 66 54 1
482 985 79 54 p.
522 985 119 54 in-4.
602 985 146 54 Relatif
708 985 79 54 au
747 985 159 54 commerce
867 985 79 54 et
906 985 66 54 à
920 985 185 54 l’industrie.

1020 1019 80 48 4
1036 1019 64 48 50

137 1039 101 75 22129
204 1039 79 75 JAY
249 1039 101 75 (A.),
317 1039 169 75 littérateur
452 1039 68 75 et
486 1039 158 75 publiciste
610 1039 158 75 distingué.
733 1039 101 75 L.
801 1039 68 75 a.
835 1039 113 75 s.
914 1039 56 75 à
936 1039 124 75 Tissot,
1026 1039 79 75 3/4
1060 1039 45 75 de

122 1101 60 52 p.
152 1101 89 52 in-8.
211 1101 50 52 3
221 1101 30 52 »

160 1117 243 58 Très-curieuse
360 1117 157 58 épître,
474 1117 143 58 écrite
575 1117 300 58 vraisemblablement
832 1117 129 58 comme
918 1117 186 58 rédacteur
1047 1117 57 58 de

124 1165 74 53 la
161 1165 236 53 Minerve
359 1165 74 53 et
397 1165 149 53 relative
508 1165 62 53 à
533 1165 74 53 un
570 1165 74 53 de
608 1165 87 53 ses
657 1165 149 53 articles
769 1165 87 53 qui
819 1165 62 53 a
843 1165 124 53 excité
930 1165 74 53 de
955 1165 149 53 nombreuses

124 1199 227 45 réclamations
308 1199 85 45 et
351 1199 128 45 qu’il
436 1199 170 45 soutient
564 1199 114 45 être
635 1199 85 45 un
677 1199 99 45 des
734 1199 114 45 plus
805 1199 142 45 fermes
904 1199 99 45 qui
961 1199 128 45 aient
1032 1199 71 45 été

124 1242 142 37 faits.
223 1242 85 37 Il
265 1242 85 37 a,
308 1242 85 37 du
350 1242 127 37 reste
435 1242 113 37 reçu
506 1242 241 37 l’approbation
704 1242 85 37 de
747 1242 85 37 M.
789 1242 85 37 de
832 1242 127 37 Jouy,
917 1242 85 37 de
959 1242 85 37 M.
988 1242 113 37 Béran-

121 1260 150 48 ranger,
230 1260 82 48 et
271 1260 163 48 d’autres
393 1260 163 48 libéraux
516 1260 82 48 de
556 1260 122 48 cette
624 1260 109 48 force.

136 1301 102 47 22130
204 1301 91 47 JOUY
261 1301 79 47 (V.
306 1301 91 47 JOs.
363 1301 136 47 ÉTIENNE,
465 1301 102 47 dit),
533 1301 170 47 littérateur
669 1301 68 47 et
703 1301 114 47 auteur
783 1301 170 47 dramatique.
919 1301 102 47 L.
987 1301 68 47 a.
1010 1301 102 47 s.

126 1341 107 55 1829,
198 1341 60 55 1
221 1341 71 55 p.
257 1341 107 55 in-4.
328 1341 60 55 2
340 1341 36 55 »

127 1430 116 53 22131
204 1430 206 53 Dictionnaire
372 1430 77 53 de
410 1430 129 53 pièces
501 1430 193 53 autographes
655 1430 129 53 volées
745 1430 90 53 aux
797 1430 219 53 bibliothèques
964 1430 142 53 publiques

130 1468 82 47 de
171 1468 82 47 la
212 1468 137 47 France
308 1468 96 47 par
363 1468 109 47 Lud.
431 1468 150 47 Lalanne
540 1468 82 47 et
581 1468 82 47 H.
622 1468 164 47 Bordier;
745 1468 178 47 Paris,
868 1468 232 47 Panckoucke

131 1508 87 49 1853,
189 1508 87 49 in-8,
248 1508 68 49 br.
286 1508 155 49 Rare
413 1508 58 49 10
432 1508 29 49 »

160 1537 85 60 Ce
202 1537 141 60 livre,
301 1537 240 60 indispensable
499 1537 99 60 aux
556 1537 184 60 amateurs,
697 1537 99 60 est
754 1537 141 60 épuisé
853 1537 141 60 depuis
937 1537 170 60 longtemps.

129 1578 107 48 22132
200 1578 119 48 Manuel
283 1578 71 48 de
319 1578 154 48 l’amateur
437 1578 213 48 d’autographes,
615 1578 83 48 par
662 1578 71 48 P.
698 1578 95 48 Jul.
757 1578 154 48 Fontaine;
876 1578 190 48 Paris
1018 1578 83 48 1836,

124 1619 98 46 in-8,
189 1619 76 46 br.
233 1619 54 46 4
243 1619 33 46 »

125 1657 114 43 22133
202 1657 153 43 Relation
316 1657 89 43 des
367 1657 153 43 derniers
481 1657 178 43 événements
621 1657 76 43 de
659 1657 76 43 la
697 1657 165 43 captivité
824 1657 76 43 de
863 1657 165 43 Monsieur,
990 1657 114 43 frère
1053 1657 51 43 du

131 1683 95 48 roi
186 1683 122 48 Louis
267 1683 109 48 XVI,
335 1683 82 48 et
376 1683 82 48 de
417 1683 82 48 sa
458 1683 190 48 délivrance
607 1683 95 48 par
661 1683 82 48 M.
702 1683 82 48 le
743 1683 122 48 comte
825 1683 177 48 d’Avaray,
960 1683 82 48 le
1001 1683 82 48 21
1028 1683 82 48 juin

125 1722 161 46 1791;
232 1722 232 46 Paris,
411 1722 107 46 Le
464 1722 286 46 Normant
696 1722 161 46 1823,
803 1722 161 46 in-8.
911 1722 89 46 4
928 1722 54 46 »

159 1758 82 47 Ce
200 1758 151 47 curieux
310 1758 165 47 opuscule
434 1758 165 47 contient
557 1758 123 47 trois
639 1758 192 47 portraits,
790 1758 110 47 dont
859 1758 82 47 un
900 1758 82 47 de
941 1758 123 47 Louis
1010 1758 96 47 XVIII

132 1788 83 47 et
174 1788 83 47 un
215 1788 83 47 du
256 1788 124 47 comte
339 1788 179 47 d’Avaray,
476 1788 83 47 et
517 1788 110 47 deux
586 1788 193 47 fac-simile
738 1788 83 47 de
779 1788 151 47 lettres
889 1788 83 47 de
930 1788 124 47 Louis
999 1788 110 47 XVIII.

127 1832 81 47 On
167 1832 67 47 y
194 1832 67 47 a
221 1832 121 47 joint
302 1832 94 47 une
356 1832 121 47 belle
437 1832 135 47 lettre
531 1832 135 47 signée
625 1832 81 47 du
666 1832 94 47 duc
720 1832 175 47 d’Avaray,
855 1832 108 47 fils
922 1832 81 47 du
963 1832 135 47 comte.
1044 1832 40 47 —

138 1976 348 55 L’authenticité
437 1976 116 55 des
503 1976 249 55 Autographes
702 1976 116 55 est
752 1976 249 55 garantie.

21 2020 90 76 Le
66 2020 194 76 Catalogue
215 2020 119 76 sera
290 2020 149 76 envoyé
394 2020 75 76 à
424 2020 149 76 toutes
529 2020 105 76 les
588 2020 194 76 personnes
738 2020 105 76 qui
797 2020 90 76 en
842 2020 149 76 feront
947 2020 90 76 la
977 2020 134 76 demande

36 2083 200 60 (Affranchir)

277 2169 211 45 Strasbourg,
446 2169 211 45 typographie
615 2169 85 45 de
658 2169 85 45 G.
686 2169 183 45 Silbermann.
