1210 2245
516 19 106 62 —
558 19 127 62 13
601 19 64 62 —

562 73 62 58 22055
604 73 90 58 CONDORCET
673 73 48 58 (le
700 73 76 58 marquis
756 73 55 58 de),
790 73 83 58 illustre
852 73 69 58 savant
901 73 41 58 et
922 73 90 58 écrivain.
991 73 62 58 P.
1032 73 76 58 a.
1081 73 41 58 avec

146 131 94 56 ratures
215 131 51 56 et
240 131 111 56 correct.;
325 131 102 56 (1791?),
402 131 43 56 1
419 131 51 56 p.
445 131 60 56 1/4
479 131 77 56 in-4.
530 131 43 56 4
538 131 26 56 »

176 143 143 69 Projet
276 143 129 69 d’une
362 143 158 69 adresse
477 143 86 69 de
520 143 201 69 l’Académie
678 143 100 69 des
735 143 172 69 sciences
864 143 72 69 à
893 143 215 69 l’Assemblée
1050 143 72 69 na-

140 185 153 67 tionale
251 185 111 67 pour
321 185 97 67 lui
377 185 181 67 témoigner
516 185 83 67 sa
558 185 250 67 reconnaissance
766 185 83 67 de
808 185 83 67 la
850 185 181 67 confiance
989 185 111 67 dont
1045 185 83 67 elle

139 227 75 51 a
169 227 120 51 bien
244 227 135 51 voulu
334 227 105 51 lui
394 227 150 51 donner
499 227 105 51 des
559 227 180 51 marques.
694 227 75 51 —
724 227 180 51 Document
844 227 150 51 curieux.

156 259 104 62 22056
226 259 116 62 COUSIN
307 259 150 62 (Victor),
422 259 127 62 célèbre
515 259 139 62 écrivain
619 259 69 62 et
654 259 173 62 philosophe.
793 259 104 62 L.
862 259 69 62 a.
897 259 127 62 s.
989 259 58 62 1
1012 259 69 62 p.
1035 259 93 62 in

1043 292 58 44 2
1055 292 35 44 »

153 319 94 76 22057
215 319 63 76 LE
246 319 94 76 MÊME.
309 319 94 76 L.
371 319 63 76 a.
403 319 104 76 s.
476 319 52 76 à
497 319 63 76 M.
528 319 146 76 Bouchitté;
642 319 115 76 samedi,
726 319 52 76 à
747 319 156 76 l’Académie,
872 319 73 76 3/4
913 319 63 76 de
934 319 42 76 p.

149 384 78 49 in-8.
201 384 43 49 3
210 384 26 49 »

178 403 72 65 Il
214 403 84 65 lui
262 403 132 65 annonce
358 403 72 65 le
394 403 144 65 résultat
502 403 72 65 de
538 403 168 65 l’élection
670 403 72 65 de
706 403 168 65 l’Académie
838 403 96 65 (des
886 403 120 65 sciences

152 449 147 61 morales
258 449 80 61 et
285 449 187 61 politiques).

156 464 101 74 22058
223 464 67 74 LE
256 464 101 74 MÊME.
323 464 101 74 L.
390 464 123 74 a.
480 464 89 74 sig.
536 464 67 74 V.
569 464 78 74 C.,
614 464 56 74 à
636 464 67 74 M.
670 464 123 74 Ménard,
759 464 123 74 avocat,
848 464 56 74 2
871 464 67 74 p.
904 464 101 74 in-4.
971 464 56 74 3
982 464 34 74 »

177 522 115 55 C’est
254 522 89 55 une
305 522 127 55 lettre
394 522 76 55 de
432 522 76 55 sa
470 522 166 55 jeunesse,
598 522 76 55 où
636 522 76 55 il
674 522 127 55 répond
764 522 64 55 à
789 522 89 55 une
840 522 153 55 question
955 522 89 55 sur
993 522 51 55 la

151 562 183 58 propriété
291 562 98 58 qui
348 562 98 58 lui
404 562 98 58 est
460 562 169 58 adressée
586 562 98 58 par
643 562 84 58 M.
671 562 126 58 Ménard.

164 568 99 77 22059
230 568 111 77 CUVIER
308 568 144 77 (George),
418 568 155 77 l’illustre
540 568 177 77 naturaliste.
683 568 111 77 Billet
761 568 88 77 aut.
816 568 99 77 sig.;
882 568 111 77 Paris,
960 568 55 77 5
971 568 66 77 oct.

163 641 100 44 1809,
230 641 78 44 1/2
274 641 67 44 p.
308 641 100 44 in-4.
374 641 56 44 2
385 641 45 44 50

161 641 103 77 22060
229 641 229 77 CUVILLIER-FLEURY
423 641 80 77 (A.
469 641 91 77 A.),
526 641 171 77 littérateur
663 641 69 77 et
698 641 160 77 publiciste
823 641 160 77 distingué.
949 641 103 77 L.
1018 641 69 77 a.
1041 641 91 77 s.

149 705 63 50 à
175 705 76 50 M.
213 705 101 50 ...;
276 705 127 50 palais
365 705 89 50 des
415 705 177 50 Tuileries,
555 705 76 50 20
592 705 101 50 août
656 705 114 50 1834,
732 705 63 50 1
757 705 76 50 p.
795 705 89 50 pl.
846 705 114 50 in-8.
922 705 63 50 2
934 705 51 50 25

187 713 129 82 Prière
278 713 78 82 de
316 713 181 82 reproduire
459 713 103 82 deux
523 713 116 82 notes
601 713 78 82 du
640 713 181 82 Journal
782 713 91 82 des
834 713 181 82 Débats
976 713 91 82 sur
1028 713 78 82 le
1053 713 78 82 ban-

152 774 112 51 quet
222 774 126 51 donné
306 774 98 51 par
362 774 84 51 le
404 774 98 51 roi
460 774 98 51 aux
516 774 168 51 lauréats
642 774 84 51 du
684 774 168 51 concours
810 774 154 51 général
922 774 84 51 et
964 774 98 51 sur
1020 774 84 51 la
1048 774 84 51 dis-

154 801 179 65 tribution
292 801 96 65 des
347 801 110 65 prix
416 801 83 65 au
457 801 151 65 collège
567 801 124 65 Henri
650 801 96 65 IV.
705 801 124 65 «Vous
787 801 83 65 ne
828 801 206 65 m’obligerez
993 801 96 65 pas
1035 801 96 65 seul:

153 835 100 66 car
210 835 85 66 le
252 835 100 66 duc
309 835 171 66 d’Aumale
437 835 85 66 en
480 835 128 66 sera,
566 835 114 66 j’en
637 835 114 66 suis
708 835 185 66 persuadé,
850 835 142 66 encore
950 835 114 66 plus
1007 835 128 66 content

157 887 114 43 que
206 887 114 43 moi.»

165 899 90 72 22064
225 899 60 72 LE
255 899 90 72 MÊME.
315 899 90 72 L.
374 899 60 72 a.
404 899 110 72 s.
484 899 90 72 1866,
544 899 50 72 1
564 899 60 72 p.
594 899 70 72 1/2
633 899 90 72 in-8.
693 899 50 72 1
703 899 40 72 50

164 920 105 82 22062
234 920 117 82 DACIER
316 920 82 82 (J.
363 920 105 82 Bon),
433 920 117 82 savant
515 920 117 82 érudit
597 920 70 82 et
632 920 187 82 littérateur.
784 920 105 82 L.
854 920 70 82 a.
889 920 129 82 s.
983 920 105 82 comme
1041 920 94 82 secré-

158 974 122 59 taire
240 974 176 59 perpétuel
375 974 81 59 de
415 974 81 59 la
456 974 135 59 classe
550 974 189 59 d’histoire
699 974 81 59 et
740 974 81 59 de
780 974 216 59 littérature;
956 974 122 59 Paris
1037 974 68 59 9
1050 974 95 59 avril

159 1007 120 61 1813,
239 1007 67 61 1
265 1007 80 61 p.
305 1007 160 61 in-fol.,
426 1007 147 61 en-tête
532 1007 80 61 et
572 1007 107 61 vig.
639 1007 80 61 de
679 1007 200 61 l’Institut.
839 1007 187 61 Très-belie
986 1007 133 61 pièce.
1079 1007 67 61 2
1093 1007 53 61 75

165 1039 124 63 22063
248 1039 152 63 DANGEAU
358 1039 110 63 (Ph.
427 1039 83 63 de
468 1039 207 63 COURCILLON,
634 1039 97 63 mis
689 1039 110 63 de),
758 1039 138 63 habile
855 1039 193 63 diplomate,
1006 1039 138 63 auteur
1089 1039 55 63 de

161 1073 201 68 Mémoires.
324 1073 75 68 P.
362 1073 138 68 s.,
462 1073 88 68 sur
512 1073 125 68 vélin;
600 1073 113 68 1703,
675 1073 138 68 in-fol.
776 1073 138 68 oblong.
876 1073 100 68 Deux
938 1073 138 68 piqûres
1039 1073 75 68 de
1064 1073 75 68 vers

167 1131 137 44 enlevant
269 1131 137 44 quelques
372 1131 137 44 lettres.
475 1131 57 44 1
486 1131 46 44 50

169 1137 117 74 22064
247 1137 104 74 DARU
312 1137 91 74 (le
364 1137 117 74 comte
442 1137 78 74 P.
481 1137 78 74 A.
520 1137 143 74 Bruno),
624 1137 156 74 ministre
741 1137 78 74 de
780 1137 156 74 Napoléon
897 1137 104 74 Ier,
962 1137 182 74 traducteur
1092 1137 52 74 et

173 1181 167 71 historien.
305 1181 108 71 L.
376 1181 72 71 a.
412 1181 131 71 s.
508 1181 131 71 Berlin,
603 1181 60 71 5
627 1181 108 71 avril
699 1181 108 71 1808,
771 1181 60 71 1
794 1181 72 71 p.
830 1181 131 71 in-fol.
926 1181 108 71 Belle
998 1181 131 71 lettre.
1093 1181 60 71 2
1105 1181 48 71 50

170 1219 100 63 22065
236 1219 67 63 LE
270 1219 100 63 MÊME.
336 1219 100 63 L.
403 1219 67 63 a.
436 1219 111 63 s.
514 1219 55 63 à
536 1219 111 63 Fariau
613 1219 67 63 de
647 1219 166 63 Saint-Ange;
780 1219 155 63 Amsterdam,
902 1219 67 63 24
935 1219 111 63 juill.
1001 1219 67 63 1810

169 1270 59 61 1
193 1270 71 61 p.
228 1270 83 61 pl.
275 1270 106 61 in-4,
346 1270 130 61 cachet.
441 1270 59 61 3
453 1270 35 61 »

203 1289 120 66 Jolie
283 1289 146 66 lettre,
389 1289 160 66 relative
509 1289 67 66 à
536 1289 80 66 la
575 1289 173 66 réception
709 1289 80 66 de
749 1289 186 66 Saint-Ange
895 1289 67 66 à
922 1289 186 66 l’Académie
1055 1289 93 66 fran-

173 1335 135 56 çaise,
268 1335 81 56 et
309 1335 68 56 à
336 1335 81 56 un
376 1335 162 56 discours
498 1335 122 56 qu’il
579 1335 108 56 doit
646 1335 176 56 prononcer
781 1335 81 56 en
822 1335 122 56 cette
889 1335 149 56 occasion.

176 1361 107 66 22066
247 1361 71 66 LE
283 1361 107 66 MÊME.
354 1361 107 66 L.
425 1361 71 66 a.
460 1361 118 66 s.
543 1361 59 66 à
567 1361 130 66 Mathieu
662 1361 118 66 Dumas;
744 1361 71 66 10
780 1361 95 66 oct.
839 1361 107 66 1826,
910 1361 59 66 2
934 1361 71 66 p.
969 1361 83 66 1/2
1017 1361 107 66 in-4.
1088 1361 59 66 3
1100 1361 47 66 50

199 1405 172 63 Très-belle
334 1405 74 63 et
371 1405 196 63 intéressante
530 1405 123 63 lettre
616 1405 86 63 sur
665 1405 86 63 les
714 1405 245 63 Souvenirs
923 1405 74 63 du
947 1405 123 63 général.

166 1440 106 72 22067
237 1440 118 72 DAUNOU
319 1440 82 72 (P.
367 1440 82 72 Cl.
414 1440 106 72 Fr.),
484 1440 212 72 conventionnel,
661 1440 118 72 érudit
744 1440 71 72 et
779 1440 165 72 historien.
909 1440 106 72 L.
979 1440 71 72 a.
1015 1440 130 72 s.
1097 1440 59 72 Pa-

231 1489 111 63 ris,18
309 1489 111 63 nivôse
386 1489 67 63 an
420 1489 100 63 XIII,
486 1489 56 63 1
509 1489 67 63 p.
542 1489 100 63 in-4.
609 1489 56 63 3
620 1489 33 63 »

236 1509 87 73 Il
279 1509 159 73 annonce
394 1509 130 73 qu’il
481 1509 72 73 a
510 1509 116 73 reçu
582 1509 87 73 il
626 1509 101 73 n’y
683 1509 72 73 a
712 1509 101 73 que
770 1509 116 73 deux
842 1509 130 73 jours
929 1509 87 73 sa
972 1509 202 73 nomination
1117 1509 43 73 à

182 1549 79 65 la
221 1549 119 65 place
301 1549 225 65 d’archiviste,
486 1549 79 65 et
525 1549 119 65 qu’il
605 1549 79 65 ne
644 1549 106 65 sait
711 1549 93 65 pas
763 1549 132 65 encore
856 1549 106 65 s’il
922 1549 66 65 y
948 1549 106 65 aura
1015 1549 106 65 lieu
1081 1549 66 65 à
1094 1549 66 65 une

177 1602 168 50 nouvelle
289 1602 210 50 organisation.

183 1605 83 76 22068
238 1605 55 76 LE
266 1605 83 76 MÊME.
321 1605 74 76 Art.
367 1605 74 76 aut.
413 1605 74 76 sig.
459 1605 74 76 pour
505 1605 55 76 le
533 1605 129 76 Journal
634 1605 64 76 des
671 1605 138 76 savants
782 1605 74 76 avec
828 1605 101 76 ratures
892 1605 37 76 et

180 1668 166 52 correct.,
308 1668 64 52 1
334 1668 77 52 p.
372 1668 90 52 3/4
423 1668 115 52 in-4,
500 1668 64 52 à
526 1668 166 52 mi-marge.
654 1668 64 52 3
667 1668 38 52 »

210 1686 137 68 Article
309 1686 87 68 sur
359 1686 212 68 l'Histoire
534 1686 75 68 de
572 1686 150 68 l’empire
684 1686 75 68 de
722 1686 200 68 Russie,
884 1686 75 68 de
922 1686 162 68 Karamsin,
1034 1686 125 68 traduite

176 1748 102 46 par
219 1748 145 46 Boulard.

182 1758 110 69 22069
255 1758 160 69 DELAVIGNE
378 1758 172 69 (Casimir),
513 1758 110 69 poëte
587 1758 184 69 dramatique.
734 1758 74 69 Le
771 1758 110 69 titre
844 1758 74 69 de
881 1758 160 69 Marino
992 1758 160 69 Faliero

182 1801 106 55 avec
248 1801 79 55 un
288 1801 119 55 envoi
367 1801 106 55 aut.
433 1801 106 55 sig.
499 1801 79 55 au
539 1801 119 55 comte
618 1801 159 55 Français
737 1801 79 55 de
777 1801 145 55 Nantes,
883 1801 119 55 in-8.
962 1801 66 55 2
975 1801 40 55 »

182 1841 105 54 22070
252 1841 128 54 DELILLE
345 1841 128 54 (l’abbé
438 1841 151 54 Jacques),
554 1841 116 54 poëte,
636 1841 163 54 traducteur
764 1841 70 54 de
799 1841 128 54 Virgile
892 1841 105 54 P.
961 1841 70 54 a.
996 1841 116 54 s
1066 1841 93 54 Paris,

192 1881 65 51 10
225 1881 97 51 avril
289 1881 97 51 1780,
354 1881 75 51 1/4
397 1881 65 51 de
429 1881 65 51 p.
462 1881 97 51 in-4.
526 1881 162 51 Rare
656 1881 54 51 8
667 1881 32 51 »

189 1903 128 63 22071
274 1903 170 63 DEVAINES
402 1903 156 63 (Jean),
515 1903 99 63 ami
572 1903 85 63 et
615 1903 156 63 premier
728 1903 142 63 commis
828 1903 85 63 de
870 1903 156 63 Turgot,
969 1903 185 63 littérateur

175 1951 189 55 P.
301 1951 230 55 s.
468 1951 126 55 an
531 1951 168 55 III,
636 1951 105 55 2
678 1951 126 55 p.
741 1951 230 55 in-fol.
908 1951 105 55 1
929 1951 84 55 25

183 1971 102 67 22072
251 1971 136 67 DOMERGUE
352 1971 147 67 (Urbain),
465 1971 124 67 célèbre
556 1971 181 67 grammairien.
703 1971 102 67 P.
770 1971 124 67 s.
861 1971 90 67 sig.
917 1971 102 67 aussi
985 1971 79 67 par
1019 1971 147 67 Gué

184 2017 181 50 roult
331 2017 68 50 et
365 2017 227 50 Mentelle;
557 2017 102 50 Paris
625 2017 68 50 an
659 2017 79 50 VI,
705 2017 57 50 1
727 2017 68 50 p.
761 2017 102 50 in-4.
829 2017 57 50 1
841 2017 45 50 50

87 2050 108 74 22073
159 2050 120 74 DOUCET
243 2050 169 74 (Camille),
376 2050 120 74 auteur
460 2050 181 74 dramatique.
605 2050 108 74 L.
677 2050 72 74 a.
713 2050 132 74 s.
809 2050 60 74 1
833 2050 72 74 p.
870 2050 108 74 in-8.
942 2050 60 74 1
954 2050 48 74 25

190 2079 126 85 22074
274 2079 84 85 LE
316 2079 126 85 MÊME.
400 2079 126 85 Pièce
483 2079 84 85 de
525 2079 112 85 vers
595 2079 112 85 aut.
665 2079 126 85 sig.,
749 2079 182 85 contenant
889 2079 84 85 un
930 2079 154 85 morceau
1042 2079 126 85 d’une
1112 2079 56 85 de

182 2153 88 43 ses
233 2153 164 43 comédies,
359 2153 63 43 1
384 2153 76 43 p.
422 2153 139 43 in-fol.
523 2153 139 43 Superbe
624 2153 126 43 pièce.
713 2153 63 43 3
725 2153 51 43 50
