1704 2974
663 93 186 73 —
737 93 260 73 258
849 93 111 73 —

135 162 102 88 »
175 162 123 88 ne
237 162 266 88 consulter
441 162 163 88 dans
543 162 143 88 des
625 162 286 88 opérations
850 162 143 88 qui
931 162 306 88 intéressent
1176 162 163 88 tous
1278 162 143 88 les
1340 162 204 88 peuples,

139 236 102 62 »
179 236 163 62 même
281 236 163 62 ceux
383 236 122 62 de
444 236 244 62 l’Europe
627 236 163 62 avec
729 236 244 62 lesquels
913 236 143 62 ils
994 236 163 62 sont
1096 236 163 62 liés
1198 236 143 62 par
1279 236 143 62 les
1340 236 204 62 traités,

137 284 110 64 5
181 284 132 64 ne
247 284 286 64 consulter
467 284 176 64 dans
577 284 154 64 ces
665 284 308 64 opérations
906 284 220 64 qu’une
1060 284 242 64 avidité
1236 284 132 64 de
1280 284 264 64 marchands,

136 331 105 57 »
178 331 168 57 chez
283 331 147 57 qui
367 331 126 57 la
430 331 168 57 soif
534 331 126 57 de
597 331 168 57 l’or
702 331 231 57 étouffe
870 331 168 57 tout
975 331 273 57 sentiment
1164 331 336 57 d’humanité...»

90 380 175 78 3184.
206 380 311 78 Antin
459 380 136 78 (sr
537 380 155 78 d’),
634 380 214 78 abbesse
789 380 117 78 de
847 380 311 78 Fontevrault.
1100 380 117 78 L.
1158 380 175 78 sig.,
1275 380 97 78 à
1314 380 155 78 M...
1392 380 155 78 Fonte

123 443 391 56 vrault,
408 443 213 56 19
515 443 391 56 octobre
799 443 320 56 1782.
1013 443 178 56 1
1084 443 213 56 p.
1190 443 320 56 in-4.
1404 443 178 56 2
1439 443 107 56 »

87 478 196 83 3185.
218 478 392 83 Arnault
545 478 480 83 (Antoine-Vincent),
959 478 196 83 poëte
1090 478 305 83 dramatique
1330 478 218 83 auteur
1461 478 87 83 de

136 535 457 69 Germanicus
531 535 208 69 membre
676 535 125 69 de
739 535 312 69 l’Institut.
988 535 125 69 L.
1050 535 166 69 aut.
1154 535 187 69 sig.,
1279 535 104 69 à
1320 535 208 69 madame
1445 535 104 69 Pa-

125 596 347 48 radol.
368 596 208 48 16
472 596 278 48 nov.
646 596 312 48 1824.
854 596 451 48 Demi-page
1201 596 312 48 in-4.
1409 596 174 48 3
1444 596 104 48 »

186 621 119 73 Il
246 621 119 73 la
305 621 158 73 prie
404 621 119 73 de
463 621 119 73 se
522 621 217 73 charger
680 621 158 73 d’un
779 621 158 73 rôle
878 621 158 73 dans
976 621 119 73 sa
1036 621 237 73 tragédie
1213 621 119 73 de
1253 621 296 73 Germa

136 684 320 64 nicus
400 684 188 64 lequel
532 684 94 64 a
569 684 132 64 été
645 684 151 64 joué
739 684 207 64 d’abord
890 684 132 64 par
965 684 132 64 une
1040 684 207 64 actrice
1191 684 151 64 d'un
1285 684 170 64 grand
1379 684 170 64 talent.

87 734 196 67 3186.
218 734 262 67 Audry
414 734 131 67 de
480 734 392 67 Puyraveau,
807 734 240 67 député.
981 734 131 67 L.
1047 734 174 67 aut.
1156 734 196 67 sig.,
1286 734 109 67 à
1330 734 131 67 M.
1374 734 174 67 Gabry,

135 786 298 55 notsire.
359 786 248 55 Paris,
532 786 149 55 10
607 786 174 55 mai
706 786 223 55 1832.
855 786 124 55 1
905 786 149 55 p.
979 786 174 55 pl.
1078 786 149 55 et
1153 786 223 55 demie
1302 786 223 55 in-4.
1451 786 124 55 5
1476 786 74 55 »

185 837 128 54 Il
249 837 150 54 lui
334 837 235 54 adresse
505 837 150 54 972
591 837 235 54 coupons
761 837 192 54 d’une
890 837 192 54 vente
1018 837 192 54 qu’il
1146 837 150 54 est
1232 837 192 54 forcé
1360 837 128 54 de
1402 837 150 54 faire

138 879 127 61 de
201 879 148 61 ses
286 879 296 61 propriétés
518 879 169 61 pour
624 879 211 61 sortir
772 879 127 61 de
835 879 127 61 la
898 879 253 61 position
1088 879 275 61 difficile
1300 879 127 61 où
1363 879 127 61 il
1426 879 106 61 a
1447 879 106 61 été

142 930 190 65 placé
268 930 148 65 par
353 930 126 65 un
416 930 274 65 événement
627 930 148 65 (la
711 930 295 65 révolution
943 930 126 65 de
1006 930 232 65 juillet
1175 930 190 65 1830)
1301 930 169 65 dont
1385 930 169 65 malgré

142 974 160 69 cela
242 974 120 69 il
302 974 200 69 chérit
441 974 120 69 la
481 974 200 69 cause...

92 1017 185 80 3187.
216 1017 329 80 Balbi
483 1017 267 80 (Armand).
689 1017 123 80 L.
751 1017 165 80 aut.
854 1017 185 80 sig.,
977 1017 103 80 à
1018 1017 144 80 MM.
1100 1017 226 80 Buzoni,
1265 1017 185 80 Goupy
1388 1017 123 80 et
1430 1017 123 80 Cie.

128 1078 431 56 Bagnères,
460 1078 199 56 10
559 1078 266 56 août
725 1078 299 56 1807.
924 1078 166 56 2
991 1078 199 56 p.
1090 1078 232 56 pl.
1223 1078 299 56 in-4.
1422 1078 166 56 6
1455 1078 100 56 »

189 1125 124 66 Au
251 1125 186 66 sujet
375 1125 124 66 de
437 1125 310 66 l’injustice
685 1125 165 66 qu’a
789 1125 227 66 commise
954 1125 103 66 à
995 1125 145 66 son
1078 1125 186 66 égard
1202 1125 186 66 ainsi
1326 1125 165 66 qu’à
1408 1125 145 66 celui

141 1157 152 68 des
228 1157 305 68 négociants
468 1157 131 68 de
533 1157 239 68 Verdun,
707 1157 131 68 le
772 1157 261 68 ministre
968 1157 283 68 directeur
1186 1157 131 68 de
1251 1157 131 68 la
1317 1157 239 68 guerre,
1469 1157 87 68 en

144 1221 253 57 annulant
334 1221 148 57 les
418 1221 211 57 effets
566 1221 127 57 de
629 1221 127 57 la
692 1221 295 57 contrainte
924 1221 148 57 par
1009 1221 190 57 corps
1135 1221 211 57 contre
1283 1221 148 57 les
1346 1221 211 57 Anglais.

141 1270 158 64 «Sa
232 1270 248 64 Majesté
412 1270 338 64 l’Empereur,
682 1270 135 64 en
749 1270 248 64 passant
930 1270 135 64 le
997 1270 135 64 25
1065 1270 158 64 par
1155 1270 248 64 Verdun,
1335 1270 113 64 a
1357 1270 203 64 déjeûné

147 1319 119 57 >»
207 1319 199 57 aux
346 1319 179 57 Trois
465 1319 298 57 Maures
704 1319 179 57 s’est
823 1319 259 57 entretenu
1022 1319 219 57 pendant
1181 1319 139 57 une
1261 1319 179 57 heure
1380 1319 159 57 avec
1460 1319 99 57 les

145 1379 104 50 »
187 1379 291 50 autorités,
415 1379 125 50 et
478 1379 145 50 sur
561 1379 125 50 ce
623 1379 145 50 que
706 1379 145 50 lui
789 1379 145 50 ont
872 1379 145 50 dit
955 1379 145 50 les
1039 1379 291 50 présidents
1267 1379 145 50 des
1350 1379 166 50 deux
1433 1379 125 50 tri-

147 1423 112 57 »
191 1423 247 57 bunaux,
371 1423 157 57 que
461 1423 157 57 les
551 1423 247 57 lettres
730 1423 135 57 de
798 1423 225 57 change
955 1423 225 57 tirées
1112 1423 157 57 par
1202 1423 157 57 les
1292 1423 247 57 Anglais
1449 1423 112 57 sur

148 1464 104 69 «
190 1464 229 69 Londres
356 1464 291 69 revenaient
585 1464 104 69 à
626 1464 229 69 protêt,
792 1464 291 69 l’Empereur
1021 1464 187 69 s’est
1145 1464 187 69 écriè
1270 1464 187 69 qu'il
1374 1464 187 69 fallait

142 1510 111 51 »
186 1510 155 51 les
275 1510 222 51 mettre
430 1510 133 51 en
474 1510 266 51 prison...»

99 1555 183 76 3188.
220 1555 325 76 Balbi
484 1555 264 76 (Adrien),
687 1555 203 76 savant
829 1555 284 76 géographe.
1052 1555 122 76 L.
1113 1555 162 76 aut.
1214 1555 183 76 sig.,
1336 1555 101 76 à
1376 1555 122 76 M.
1417 1555 142 76 Huot.

128 1610 397 51 Paris,
406 1610 238 51 11
525 1610 318 51 juin
724 1610 357 51 1828.
962 1610 199 51 1
1042 1610 238 51 p.
1161 1610 357 51 in-4.
1399 1610 199 51 2
1439 1610 119 51 »

101 1651 173 67 3189.
216 1651 365 67 Baltard
523 1651 288 67 architecte,
753 1651 192 67 membre
887 1651 115 67 de
945 1651 288 67 l’Institut.
1175 1651 115 67 L.
1233 1651 153 67 aut.
1329 1651 173 67 sig.,
1444 1651 96 67 à
1463 1651 96 67 son

144 1706 288 60 confrère
360 1706 240 60 Peyre.
529 1706 240 60 Paris,
697 1706 144 60 26
769 1706 264 60 juillet
961 1706 216 60 1813.
1105 1706 120 60 1
1153 1706 144 60 p.
1226 1706 168 60 pl.
1322 1706 216 60 in-4.
1466 1706 120 60 3
1490 1706 72 60 »

102 1741 178 82 3190.
221 1741 355 82 Baltard
517 1741 256 82 (Victor),
714 1741 296 82 architecte.
950 1741 118 82 L.
1010 1741 158 82 aut.
1108 1741 158 82 sig.
1207 1741 99 82 4
1246 1741 158 82 fév.
1345 1741 178 82 1839.
1463 1741 99 82 1
1483 1741 79 82 p.

56 1808 1042 53 in-8.
751 1808 579 53 5
982 1808 579 53 1
1098 1808 463 53 50

98 1844 206 76 3191.
235 1844 297 76 Bardou
464 1844 137 76 du
533 1844 320 76 Hamel
784 1844 366 76 généalogiste
1082 1844 137 76 de
1150 1844 274 76 l’église
1356 1844 137 76 de
1402 1844 160 76 Metz,

150 1898 188 66 auteur
282 1898 151 66 d'un
376 1898 245 66 Traité
565 1898 132 66 sur
640 1898 113 66 la
696 1898 207 66 manière
847 1898 113 66 de
904 1898 151 66 lire
998 1898 132 66 les
1073 1898 207 66 auteurs
1224 1898 151 66 avec
1299 1898 264 66 utilité

150 1952 135 83 L.
217 1952 180 83 aut.
329 1952 202 83 sig.,
464 1952 135 83 au
531 1952 180 83 père
643 1952 157 83 Dom
733 1952 135 83 de
801 1952 225 83 Foris.
958 1952 202 83 Metz,
1093 1952 112 83 6
1137 1952 247 83 juillet
1317 1952 202 83 1788.
1452 1952 112 83 2
1474 1952 90 83 p.

18 1996 1392 56 in-4.
946 1996 773 56 3
1101 1996 464 56 »

104 2039 190 70 3192.
231 2039 402 70 Barrault
569 2039 254 70 (Emile),
759 2039 169 70 l’un
865 2039 148 70 des
950 2039 190 70 chefs
1077 2039 127 70 du
1140 2039 423 70 Saint-Simonisme.
1478 2039 85 70 L.

154 2090 155 63 aut.
250 2090 174 63 sig.,
367 2090 97 63 à
405 2090 155 63 M...
502 2090 194 63 Paris,
638 2090 116 63 18
696 2090 213 63 octobre
851 2090 174 63 1831.
967 2090 97 63 1
1006 2090 116 63 p.
1064 2090 136 63 pl.
1141 2090 174 63 in-8.
1257 2090 116 63 Il
1315 2090 97 63 y
1354 2090 97 63 a
1393 2090 116 63 en
1431 2090 136 63 tête,

143 2146 363 60 imprimé:
415 2146 454 60 Religion
779 2146 757 60 Saint-Simonienne
1445 2146 151 60 4
1475 2146 91 60 »

201 2180 335 75 Rendez-vous
468 2180 201 75 donné
602 2180 179 75 pour
714 2180 268 75 conférer
915 2180 156 75 sur
1004 2180 134 75 la
1071 2180 268 75 nouvelle
1250 2180 245 75 religion.

105 2242 191 54 3193.
232 2242 339 54 Barré
507 2242 233 54 (Yves),
677 2242 212 54 auteur
825 2242 318 54 dramatique,
1079 2242 169 54 l’un
1185 2242 148 54 des
1270 2242 296 54 fondateurs
1481 2242 85 54 du

149 2283 350 62 Vaudeville.
428 2283 140 62 L.
498 2283 186 62 aut.
615 2283 210 62 sig.,
755 2283 140 62 au
824 2283 256 62 citoyen
1011 2283 280 62 Rœderer.
1221 2283 117 62 1
1267 2283 140 62 p.
1337 2283 210 62 in-4.
1454 2283 117 62 Cu-

49 2334 1393 51 rieuse.
1062 2334 633 51 3
1189 2334 380 51 »

106 2379 181 58 3194.
226 2379 381 58 Barruel
547 2379 261 58 chimiste.
748 2379 120 58 L.
808 2379 160 58 aut.
908 2379 181 58 sig.,
1029 2379 100 58 à
1069 2379 120 58 M.
1129 2379 241 58 Gilbert.
1309 2379 201 58 Paris,
1450 2379 100 58 6
1470 2379 100 58 mai

152 2430 220 55 1827.
298 2430 122 55 2
347 2430 171 55 gr.
445 2430 147 55 p.
518 2430 171 55 pl.
616 2430 220 55 in-4.
762 2430 415 55 Scientifique.
1104 2430 415 55 Intéressante.
1446 2430 122 55 3
1470 2430 98 55 50

108 2475 203 66 3195.
243 2475 338 66 Beaufort
513 2475 405 66 d'Auberval
850 2475 405 66 (Alphonse-Aimé
1188 2475 180 66 de),
1278 2475 293 66 littésateur

154 2534 133 64 et
220 2534 222 64 auteur
375 2534 332 64 dramatique.
641 2534 133 64 L.
708 2534 177 64 aut.
819 2534 199 64 sig.,
952 2534 133 64 au
1018 2534 199 64 baron
1151 2534 266 64 Capelle.
1350 2534 222 64 Paris,
1483 2534 89 64 24

137 2583 368 59 avril
382 2583 368 59 1822.
628 2583 204 59 3
709 2583 286 59 gr.
873 2583 245 59 p.
996 2583 286 59 pl.
1159 2583 368 59 in-4.
1404 2583 204 59 5
1445 2583 123 59 »

204 2625 213 87 Lettre
353 2625 341 87 intéressante
630 2625 149 87 (la
716 2625 171 87 plus
822 2625 213 87 grande
972 2625 213 87 partie
1121 2625 128 87 en
1185 2625 192 87 vers)
1313 2625 128 87 au
1377 2625 192 87 sujet
1484 2625 85 87 de

158 2669 127 70 la
221 2669 255 70 profonde
412 2669 255 70 détresse
603 2669 170 70 dans
709 2669 255 70 laquelle
900 2669 127 70 il
964 2669 127 70 se
1006 2669 191 70 trouve.

110 2708 191 77 3196.
237 2708 466 77 Beauharnais
640 2708 148 77 (le
724 2708 233 77 marquis
894 2708 170 77 de),
1000 2708 275 77 beau-père
1212 2708 127 77 de
1254 2708 318 77 l’impératrice

158 2784 275 71 Joséphine.
375 2784 118 71 L.
434 2784 157 71 aut.
532 2784 177 71 sig.:
650 2784 374 71 Beauharnois,
964 2784 197 71 ancien
1102 2784 157 71 chef
1200 2784 295 71 d’escadron,
1417 2784 157 71 et
