1659 2962
122 179 168 77 aut.
227 179 190 77 sig.,
354 179 126 77 au
417 179 253 77 ministre
606 179 126 77 de
670 179 126 77 la
733 179 232 77 ouerre.
901 179 211 77 Paris,
1049 179 126 77 24
1112 179 274 77 thermidor
1322 179 126 77 an
1386 179 147 77 <V.
1449 179 84 77 3>

95 216 335 74 gr.
287 216 287 74 p.
430 216 335 74 pl.
622 216 623 74 in-folio.
1101 216 383 74 50-.
1340 216 239 74 3
1388 216 144 74 »

72 281 202 66 3232.
206 281 539 66 Châteaubriand
678 281 157 66 (le
768 281 247 66 vicomte
948 281 180 66 de),
1060 281 225 66 membre
1217 281 135 66 de
1262 281 270 66 l’Académie

122 328 267 71 Française.
332 328 114 71 L.
389 328 153 71 aut.
484 328 153 71 sig.
580 328 191 71 Paris,
713 328 114 71 29
771 328 172 71 avril
885 328 172 71 1832.
1000 328 95 71 1
1038 328 114 71 p.
1095 328 134 71 pl.
1171 328 114 71 et
1229 328 172 71 demie
1343 328 172 71 in-4.
1458 328 95 71 6
1477 328 57 71 »

75 382 187 71 3233.
200 382 396 71 Chaulnes
533 382 250 71 (Charles
721 382 250 71 d’Albert
908 382 250 71 d’Ailly,
1096 382 146 71 duc
1179 382 167 71 de),
1262 382 271 71 lieutenant

120 429 278 57 général,
328 429 348 57 ambassadeur
607 429 116 57 à
653 429 209 57 Rome,
792 429 325 57 gouverneur
1047 429 139 57 de
1117 429 301 57 Bretagne,
1349 429 185 57 puis
1441 429 93 57 de

120 481 260 57 Guyenne.
315 481 130 57 L.
380 481 173 57 aut.
489 481 195 57 sig.,
618 481 130 57 au
683 481 260 57 cardinal
878 481 130 57 de
943 481 282 57 Bouillon.
1160 481 152 57 1er
1246 481 173 57 mars
1355 481 195 57 1670.
1463 481 65 57 1

63 530 491 55 p.
309 530 572 55 pl.
636 530 736 55 in-4.
1126 530 409 55 7
1208 530 327 55 50

76 570 182 55 3234.
197 570 404 55 Chazelles
541 570 384 55 (Jean-Mathieu),
864 570 283 55 professeur
1086 570 364 55 d’hydrographie
1390 570 101 55 à
1410 570 121 55 Mar

121 621 247 54 seille,
300 621 405 54 mathématicien,
638 621 225 54 membre
795 621 135 54 de
862 621 315 54 l’Académie
1110 621 157 54 des
1200 621 292 54 sciences.
1425 621 135 54 Né
1470 621 67 54 à

124 669 327 56 Lyon
389 669 204 56 Quitt.
532 669 164 56 sig.
635 669 164 56 (sur
737 669 245 56 parch.).
921 669 286 56 Marseille,
1146 669 123 56 30
1207 669 184 56 sept.
1330 669 184 56 1701.
1452 669 102 56 3
1473 669 61 56 »

75 720 180 66 3235.
195 720 361 66 Chénier
496 720 381 66 (Marie-Joseph),
817 720 200 66 poëte,
957 720 200 66 auteur
1097 720 301 66 dramatique.
1338 720 120 66 Sa
1378 720 160 66 signa-

126 768 176 60 ture
236 768 132 60 au
302 768 154 60 bas
391 768 176 60 d’un
501 768 220 60 arrêté
655 768 132 60 du
721 768 220 60 comité
876 768 132 60 de
942 768 220 60 sûreté
1096 768 265 60 générale
1294 768 132 60 de
1361 768 132 60 la
1405 768 132 60 Con-

123 826 232 59 vention
291 826 190 59 (avec
418 826 126 59 la
481 826 274 59 signature
692 826 126 59 de
755 826 253 59 Guffroy,
944 826 316 59 Thibaudeau,
1197 826 211 59 Calès,
1323 826 211 59 Isabeau,

122 866 261 69 Mathieu,
318 866 283 69 Delecloy,
536 866 239 69 Auguis,
710 866 218 69 Rovère
862 866 131 69 et
927 866 261 69 Perrin),
1123 866 283 69 ordonnant
1319 866 218 69 l’arres-

123 911 228 51 tation
283 911 296 51 immédiate
510 911 137 51 du
579 911 296 51 ci-devant
806 911 205 51 comte
943 911 137 51 Le
1011 911 205 51 Cornu
1148 911 137 51 de
1216 911 137 51 la
1262 911 273 51 Balivière.

126 958 204 59 Paris,
268 958 122 59 21
330 958 245 59 germinal
513 958 122 59 an
574 958 163 59 III.
676 958 102 59 1
717 958 122 59 p.
778 958 224 59 in-fol.
941 958 224 59 Cachet.
1105 958 163 59 Tête
1207 958 184 59 impr.
1329 958 184 59 Vign.
1451 958 102 59 5
1472 958 61 59 »

75 1014 180 60 3236.
195 1014 360 60 Chodzko
495 1014 280 60 (Léonard),
715 1014 280 60 historien.
936 1014 120 60 L.
996 1014 160 60 aut.
1096 1014 160 60 sig.
1196 1014 140 60 (en
1276 1014 280 60 polonais),
1476 1014 60 60 à

120 1066 155 59 M.
198 1066 361 59 Ostrowski.
481 1066 258 59 Paris,
661 1066 155 59 24
738 1066 206 59 déc.
867 1066 232 59 1836.
1022 1066 335 59 Demi-page
1279 1066 232 59 in-4.
1434 1066 129 59 3
1460 1066 77 59 »

76 1099 183 71 3237.
197 1099 406 71 Cicognara
542 1099 142 71 (le
623 1099 223 71 comte),
786 1099 304 71 antiquaire,
1029 1099 304 71 architecte.
1272 1099 122 71 L.
1333 1099 162 71 aut.
1414 1099 122 71 sig.

114 1160 178 58 (à
203 1160 178 58 la
292 1160 178 58 3e
381 1160 386 58 personne,
678 1160 178 58 en
767 1160 386 58 italien.)
1064 1160 148 58 1
1123 1160 178 58 p.
1213 1160 267 58 in-8.
1391 1160 148 58 2
1420 1160 119 58 50

76 1200 193 64 3238.
204 1200 430 64 Clavering
570 1200 279 64 (Thomas),
785 1200 258 64 baronnet
978 1200 258 64 anglais.
1172 1200 129 64 L.
1236 1200 172 64 aut.
1344 1200 172 64 sig.
1430 1200 107 64 (en

122 1252 290 61 anglais),
345 1252 112 61 à
390 1252 223 61 madame
546 1252 134 61 la
613 1252 246 61 baronne
791 1252 134 61 de
858 1252 290 61 Montagut.
1082 1252 223 61 Paris,
1238 1252 112 61 3
1282 1252 179 61 mars
1372 1252 156 61 1825.

86 1306 290 52 1
202 1306 349 52 p.
376 1306 523 52 in-4.
725 1306 639 52 Cachet.
1190 1306 290 52 5
1306 1306 290 52 2
1364 1306 174 52 »

73 1343 216 75 3239.
217 1343 672 75 Clermont-Tomnerre
816 1343 576 75 (Anne-Antoine-Jules,
1320 1343 168 75 duc
1392 1343 144 75 de),

124 1398 274 63 cardinal,
335 1398 253 63 ministre
524 1398 232 63 d’état,
693 1398 169 63 pair
798 1398 126 63 de
862 1398 232 63 France,
1030 1398 295 63 archevêque
1262 1398 126 63 de
1304 1398 232 63 Toulouse.

126 1445 130 57 L.
191 1445 174 57 aut.
300 1445 195 57 sig.,
430 1445 109 57 à
474 1445 130 57 M.
539 1445 130 57 le
604 1445 282 57 rédacieur
821 1445 130 57 de
886 1445 130 57 la
951 1445 347 57 Quotidienne.
1233 1445 130 57 Du
1298 1445 239 57 château
1450 1445 87 57 de

129 1495 245 62 Radepont
312 1495 225 62 (Eure),
476 1495 122 62 le
537 1495 122 62 13
598 1495 225 62 juillet
761 1495 184 62 1824.
884 1495 102 62 2
925 1495 143 62 gr,
1006 1495 122 62 p.
1068 1495 143 62 pl.
1149 1495 122 62 et
1210 1495 184 62 demie
1333 1495 184 62 in-4.
1455 1495 102 62 6
1476 1495 61 62 »

175 1540 220 62 Lettre
329 1540 264 62 curieuse
527 1540 132 62 au
593 1540 198 62 sujet
725 1540 132 62 du
791 1540 220 62 procès
944 1540 374 62 correctionnel
1252 1540 242 62 intenté
1428 1540 110 62 à
1450 1540 88 62 là

124 1596 326 63 Quotidienne
385 1596 174 63 pour
494 1596 196 63 avoir
625 1596 218 63 publié
777 1596 152 63 une
864 1596 218 63 lettre
1017 1596 196 63 qu'il
1147 1596 109 63 a
1191 1596 261 63 adressée
1387 1596 109 63 à
1408 1596 131 63 plu-

127 1637 214 61 sieurs
276 1637 235 61 évêques
448 1637 150 61 qui
533 1637 150 61 lui
619 1637 235 61 avaient
790 1637 171 61 fait
897 1637 278 61 l’honneur
1111 1637 128 61 de
1175 1637 128 61 le
1239 1637 278 61 consulter
1432 1637 107 61 sur

129 1684 143 55 une
210 1684 286 55 circulaire
435 1684 122 55 de
496 1684 122 55 S.
557 1684 143 55 Ex.
639 1684 122 55 M.
700 1684 122 55 le
761 1684 245 55 ministre
945 1684 122 55 de
1006 1684 327 55 l’intérieur,
1272 1684 102 55 à
1312 1684 225 55 l’effet
1455 1684 82 55 de

126 1739 198 56 faire
258 1739 243 56 adhérer
435 1739 154 56 les
523 1739 309 56 supérieurs
765 1739 132 56 et
831 1739 331 56 professeurs
1096 1739 154 56 des
1184 1739 309 56 séminaires
1427 1739 110 56 à
1449 1739 88 56 la

125 1782 326 59 déclaration
386 1782 130 59 du
451 1782 217 59 clergé
603 1782 130 59 de
647 1782 152 59 1682.

81 1821 175 81 3240.
197 1821 350 81 Coislin
489 1821 350 81 (Henri-Charles
781 1821 175 81 du
898 1821 292 81 Cambout
1131 1821 156 81 de),
1229 1821 195 81 évêque
1365 1821 117 81 de
1404 1821 136 81 Metz,

126 1877 208 61 membre
272 1877 125 61 de
334 1877 291 61 l’Académie
563 1877 291 61 française.
792 1877 125 61 L.
854 1877 166 61 aut.
958 1877 187 61 sig.,
1083 1877 104 61 à
1124 1877 125 61 M.
1187 1877 208 61 l’abbé
1332 1877 125 61 de
1374 1877 166 61 Saint-

127 1932 239 52 Benoit.
301 1932 131 52 22
367 1932 196 52 avril
497 1932 196 52 1719.
628 1932 109 52 1
671 1932 131 52 p.
736 1932 152 52 pl.
823 1932 196 52 in-4.
954 1932 239 52 Cachet.
1128 1932 196 52 Jolie
1258 1932 239 52 lettre.
1432 1932 109 52 7
1454 1932 87 52 50

80 1973 185 88 3244.
204 1973 534 88 Collin-banglas,
677 1973 267 88 chimiste,
882 1973 288 88 ingénieur,
1108 1973 164 88 etc.
1211 1973 123 88 L.
1273 1973 164 88 aut.
1376 1973 185 88 sig.,
1478 1973 62 88 à

122 2037 355 65 Guinguené.
401 2037 254 65 Paris,
578 2037 152 65 21
654 2037 279 65 ventôse
857 2037 152 65 an
933 2037 178 65 IX.
1035 2037 127 65 1
1085 2037 152 65 p.
1162 2037 178 65 pl.
1263 2037 228 65 in-4.
1415 2037 127 65 2
1441 2037 101 65 50

83 2084 168 70 3242.
196 2084 337 70 Corilla
476 2084 374 70 (Marie-Madelaine
794 2084 393 70 Fernandèz
1131 2084 187 70 dite),
1262 2084 206 70 célèbre
1393 2084 150 70 impro

128 2126 299 68 visatrice,
363 2126 278 68 couronnée
576 2126 128 68 au
640 2126 278 68 Capitole.
854 2126 107 68 —
897 2126 128 68 1°
961 2126 128 68 L.
1025 2126 171 68 aut.
1132 2126 150 68 (en
1217 2126 278 68 italien),
1410 2126 128 68 à...

129 2188 119 56 17
189 2188 218 56 octobre
347 2188 198 56 (prosé
486 2188 119 56 et
546 2188 198 56 vers).
685 2188 99 56 3
724 2188 119 56 p.
784 2188 179 56 in-4.
903 2188 99 56 —
943 2188 119 56 2°
1002 2188 119 56 L.
1062 2188 159 56 aut.
1161 2188 139 56 (en
1240 2188 258 56 italien),
1419 2188 119 56 à...

133 2235 241 58 Bologne,
314 2235 121 58 11
374 2235 241 58 juillet.
555 2235 101 58 2
596 2235 141 58 gr.
676 2235 121 58 p.
736 2235 141 58 pl.
817 2235 181 58 in-4.
938 2235 101 58 —
978 2235 121 58 3°
1038 2235 161 58 Deux
1139 2235 201 58 pièces
1279 2235 121 58 de
1340 2235 161 58 vers
1420 2235 121 58 aut.

102 2274 336 70 (en
294 2274 624 70 italien).
774 2274 240 70 2
871 2274 288 70 p.
1015 2274 432 70 in-4.
1303 2274 288 70 15
1399 2274 144 70 »

83 2313 185 95 3243.
207 2313 350 95 Coypel
495 2313 226 95 (Noël),
660 2313 247 95 peintre,
845 2313 268 95 directeur
1051 2313 124 95 de
1113 2313 288 95 l’Académie
1339 2313 206 95 royale
1463 2313 82 95 de

129 2385 261 74 peinture
325 2385 130 74 et
390 2385 130 74 de
455 2385 304 74 sculpture.
694 2385 217 74 Quitt.
847 2385 174 74 sig.
955 2385 174 74 (sur
1064 2385 326 74 parchemin).
1325 2385 217 74 Paris,
1455 2385 87 74 27

59 2433 833 55 sept.
615 2433 833 55 1697.
1170 2433 463 55 6
1262 2433 278 55 »

84 2476 193 80 3244.
212 2476 559 80 Croce-Spinelli
707 2476 236 80 célèbre
879 2476 301 80 bijoutier.
1115 2476 129 80 L.
1180 2476 172 80 aut.
1287 2476 172 80 sig.
1373 2476 172 80 Paris,

107 2525 225 62 5
197 2525 539 62 décembre
601 2525 404 62 1844.
871 2525 584 62 Curieuse.
1320 2525 225 62 2
1365 2525 180 62 50

84 2576 203 73 3245.
219 2576 473 73 Darnragnac
624 2576 698 73 (Jean-Barthélemy-Toussaint,
1254 2576 248 73 baron),
1434 2576 135 73 né
1479 2576 68 73 à

135 2629 362 84 Toulouse
440 2629 381 84 (Haute-Garonne),
764 2629 210 84 général
917 2629 114 84 de
974 2629 114 84 la
1031 2629 267 84 république
1241 2629 114 84 et
1298 2629 114 84 de
1336 2629 210 84 l’empire.

133 2674 131 76 L.
199 2674 174 76 aut.
308 2674 174 76 sig.
417 2674 218 76 Brest,
569 2674 131 76 29
635 2674 262 76 brumaire
831 2674 131 76 an
896 2674 196 76 XIII.
1027 2674 109 76 2
1070 2674 131 76 p.
1136 2674 196 76 in-4.
1267 2674 174 76 Tête
1376 2674 174 76 imp.
1463 2674 87 76 et

55 2730 1294 58 vignette.
1050 2730 498 58 3
1149 2730 398 58 50

88 2748 180 89 3246.
208 2748 340 89 Dejean
488 2748 140 89 (le
568 2748 220 89 général
728 2748 240 89 Auguste,
908 2748 220 89 comte),
1068 2748 320 89 naturaliste.
1328 2748 120 89 1°
1388 2748 120 89 L.
1428 2748 120 89 aut.
