1589 2937
76 134 212 76 1832.
218 134 118 76 2
265 134 141 76 p.
335 134 165 76 pl.
430 134 212 76 in-8.
571 134 141 76 La
641 134 259 76 seconde
830 134 165 76 est
924 134 141 76 en
995 134 330 76 caractères
1254 134 141 76 de
1301 134 188 76 sténo-

-13 209 1386 64 graphie.
1026 209 578 64 2
1142 209 347 64 »

35 252 184 68 3317.
157 252 389 68 Klaproth
485 252 225 68 savant.
649 252 123 68 L.
711 252 164 68 aut.
813 252 184 68 sig.,
936 252 102 68 à
977 252 123 68 M.
1038 252 123 68 le
1100 252 184 68 baron
1223 252 123 68 de
1264 252 225 68 Férussac.

36 304 900 54 Demi-page
728 304 623 54 in-4.
1144 304 346 54 2
1213 304 277 54 50

36 344 182 52 3318.
157 344 182 52 La
278 344 303 52 Fayette
521 344 141 52 (le
602 344 243 52 général,
784 344 222 52 marquis
945 344 162 52 de).
1046 344 121 52 L.
1107 344 162 52 aut.
1208 344 182 52 sig.,
1329 344 121 52 au
1370 344 121 52 mar

80 397 170 54 quis
186 397 128 54 de
250 397 298 54 Chauvelin,
484 397 106 54 à
526 397 255 54 Citeaux.
718 397 128 54 La
781 397 234 54 Grange,
951 397 106 54 5
994 397 234 54 janvier
1164 397 191 54 1826.
1292 397 106 54 1
1334 397 149 54 gr.
1398 397 85 54 p.

83 450 145 59 pl.
166 450 124 59 et
228 450 186 59 tiers
352 450 186 59 in-4.
476 450 290 59 Très-belle
704 450 207 59 lettre
849 450 124 59 au
911 450 186 59 sujet
1035 450 124 59 de
1097 450 145 59 son
1180 450 207 59 voyage
1325 450 124 59 en
1366 450 124 59 Amé-

3 482 988 61 rique.
794 482 494 61 5
991 482 593 61 10
1189 482 296 61 »

128 541 124 67 Il
190 541 144 67 est
273 541 206 67 arrivé
417 541 165 67 avec
520 541 124 67 un
582 541 165 67 gros
685 541 330 67 portefeuille
952 541 268 67 américain
1158 541 144 67 que
1241 541 144 67 les
1303 541 185 67 grosses

80 591 176 47 mers
190 591 132 47 de
256 591 132 47 la
322 591 286 47 traversée
542 591 132 47 ne
608 591 154 47 lui
696 591 154 47 ont
784 591 154 47 pas
873 591 220 47 permis
1027 591 132 47 de
1093 591 352 47 diminuer....
1379 591 132 47 Il
1423 591 66 47 a

81 638 268 55 pourtant
282 638 224 55 besoin
439 638 134 55 de
506 638 157 55 lui
595 638 201 55 dire,
729 638 201 55 qu’en
864 638 179 55 même
975 638 201 55 temps
1110 638 157 55 que
1199 638 224 55 chaque
1333 638 157 55 heure

80 685 128 50 et
144 685 214 50 chaque
293 685 150 50 pas
379 685 150 50 ont
464 685 150 50 été
550 685 150 50 une
635 685 192 50 suite
763 685 128 50 de
828 685 321 50 jouissances
1084 685 363 50 personnelles,
1383 685 128 50 il
1426 685 64 50 a

82 727 124 68 eu
144 727 207 68 encore
289 727 165 68 plus
392 727 103 68 à
434 727 207 68 jouir,
578 727 165 68 s’il
682 727 145 68 est
764 727 269 68 possible,
971 727 124 68 de
1033 727 207 68 l’état
1178 727 124 68 de
1219 727 269 68 prospérité,

80 778 130 48 de
145 778 260 48 liberté,
341 778 130 48 de
406 778 239 48 bonheur
579 778 304 48 domestique
818 778 174 48 dont
927 778 130 48 il
992 778 109 48 a
1035 778 152 48 été
1122 778 239 48 témoin.
1296 778 130 48 La
1339 778 152 48 solu-

82 826 175 55 tion
192 826 131 55 du
257 826 197 55 grand
389 826 263 55 problême
586 826 153 55 est
673 826 131 55 là
739 826 197 55 toute
870 826 306 55 démontrée,
1111 826 197 55 toute
1220 826 263 55 pratiquée.

83 877 124 60 Il
145 877 186 60 croit
269 877 145 60 que
352 877 145 60 les
435 877 310 60 adversaires
682 877 124 60 et
744 877 145 60 les
827 877 269 60 prétendus
1034 877 165 60 amis
1137 877 165 60 sont
1240 877 248 60 d’accord
1405 877 83 60 en

82 923 217 53 Europe
234 923 173 53 pour
342 923 303 53 contrarier
581 923 130 53 la
646 923 303 53 répétition
884 923 130 53 de
949 923 195 53 cette
1079 923 238 53 formule
1253 923 130 53 au
1296 923 195 53 Mexique

80 974 132 62 et
146 974 177 62 dans
257 974 309 62 l'Amérique
499 974 132 62 du
566 974 155 62 Sud
654 974 110 62 :
698 974 199 62 «Mais
831 974 265 62 j’espère
1029 974 221 62 qu'ils
1184 974 132 62 ne
1228 974 265 62 réussiront

81 1018 110 45 »
125 1018 176 45 pas,
235 1018 176 45 même
345 1018 132 45 au
411 1018 242 45 Brésil,
587 1018 132 45 où
653 1018 132 45 le
719 1018 198 45 parti
850 1018 330 45 républicain
1114 1018 154 45 est
1180 1018 308 45 nombreux...»

79 1061 374 57 Medifications
387 1061 154 57 que
475 1061 176 57 doit
585 1061 264 57 apporter
783 1061 176 57 dans
894 1061 154 57 les
982 1061 264 57 affaires
1180 1061 308 57 politiques
1400 1061 88 57 de

79 1114 264 58 l’Europe
277 1114 132 58 la
343 1114 176 58 mort
453 1114 132 58 de
519 1114 308 58 l’empereur
740 1114 264 58 Alexandre.

34 1154 184 65 3319.
157 1154 184 65 La
280 1154 308 65 Fayette
526 1154 144 65 (le
608 1154 246 65 général,
792 1154 226 65 marquis
956 1154 164 65 de).
1059 1154 123 65 L.
1120 1154 164 65 aut.
1223 1154 164 65 sig.
1325 1154 144 65 (en
1387 1154 103 65 an

80 1212 227 66 glais),
245 1212 103 66 à
287 1212 124 66 M.
349 1212 289 66 John-Jacob
576 1212 206 66 Astor,
720 1212 103 66 à
762 1212 248 66 Londres.
947 1212 124 66 La
1009 1212 227 66 Grange,
1174 1212 124 66 26
1236 1212 186 66 sept.
1340 1212 144 66 1821.

70 1259 154 50 1
132 1259 216 50 gr.
255 1259 185 50 p.
348 1259 216 50 pl.
471 1259 185 50 et
563 1259 277 50 quart
748 1259 277 50 in-4.
933 1259 277 50 Belle
1118 1259 154 50 I
1180 1259 277 50 ttre.
1365 1259 154 50 6
1396 1259 92 50 »

35 1306 187 55 3320.
160 1306 374 55 Laharpe
471 1306 145 55 (le
554 1306 228 55 général
721 1306 415 55 Frédéric-César),
1074 1306 291 55 gouverneur
1302 1306 125 55 de
1344 1306 145 55 l’em

78 1349 217 71 pereur
230 1349 282 71 Alexandre
447 1349 174 71 Ier.
556 1349 130 71 L.
621 1349 174 71 aut.
729 1349 195 71 sig.,
860 1349 130 71 au
925 1349 217 71 prince
1077 1349 326 71 Kozloffski,
1337 1349 109 71 à
1359 1349 130 71 Lau-

72 1408 267 57 sanne.
259 1408 347 57 Lausanne,
526 1408 267 57 1er...
713 1408 240 57 1829.
874 1408 134 57 3
927 1408 187 57 gr.
1034 1408 160 57 p.
1114 1408 187 57 pl.
1221 1408 240 57 in-4.
1381 1408 134 57 6
1408 1408 80 57 »

126 1448 399 61 Très-importante
462 1448 210 61 lettre
609 1448 147 61 sur
693 1448 147 61 les
777 1448 336 61 conséquences
1049 1448 126 61 de
1112 1448 126 61 la
1175 1448 210 61 guerre
1322 1448 126 61 de
1364 1448 126 61 1828

80 1498 184 57 entre
202 1498 122 57 la
263 1498 204 57 Russie
406 1498 122 57 et
467 1498 122 57 la
529 1498 245 57 Turquie.
712 1498 327 57 Appréciation
978 1498 143 57 des
1059 1498 204 57 succès
1202 1498 163 57 hien
1284 1498 204 57 positifs

78 1547 154 51 des
166 1547 220 51 Russes
320 1547 176 51 dans
430 1547 198 51 cette
562 1547 242 51 guerre.
738 1547 176 51 Ceux
848 1547 154 51 qui
936 1547 242 51 veulent
1112 1547 154 51 les
1200 1547 286 51 atténuer,
1398 1547 88 51 en

80 1595 220 55 disant
234 1595 198 55 qu’on
366 1595 220 55 aurait
520 1595 132 55 du
586 1595 242 55 prendre
762 1595 132 55 au
829 1595 198 55 moins
961 1595 264 55 Erzerum,
1159 1595 308 55 Silistrie,
1379 1595 110 55 An-

79 1640 274 65 drinople,
289 1640 189 65 etc.,
416 1640 274 65 cherchent
626 1640 105 65 à
668 1640 210 65 donner
816 1640 126 65 le
879 1640 210 65 change
1026 1640 147 65 sur
1110 1640 126 65 le
1173 1640 232 65 chagrin
1321 1640 168 65 qu’ils

80 1687 278 64 éprouvent
293 1687 128 64 de
358 1687 128 64 ce
422 1687 150 64 que
507 1687 128 64 la
571 1687 214 64 Russie
721 1687 107 64 a
764 1687 171 64 déjà
871 1687 192 64 fait,
999 1687 128 64 et
1063 1687 299 64 voudraient
1277 1687 214 64 effrayer

78 1737 157 63 ses
167 1737 179 63 amis
279 1737 157 63 sur
368 1737 157 63 les
458 1737 224 63 périls
615 1737 157 63 que
704 1737 157 63 lui
793 1737 246 63 prépare
972 1737 157 63 une
1062 1737 268 63 deuxième
1241 1737 246 63 campagne,

81 1791 200 59 périls
221 1791 160 59 tout
321 1791 100 59 à
361 1791 160 59 fait
441 1791 280 59 imaginaires.

32 1831 198 55 3321.
164 1831 397 55 Lalande
495 1831 243 55 (Jérôme
671 1831 176 55 de),
782 1831 309 55 actronome,
1024 1831 220 55 membre
1178 1831 132 55 de
1222 1831 265 55 l’Académie

79 1882 147 59 des
163 1882 273 59 sciences.
373 1882 126 59 L.
436 1882 168 59 aut.
541 1882 189 59 sig.,
667 1882 126 59 au
730 1882 252 59 ministre
918 1882 126 59 de
981 1882 126 59 la
1044 1882 231 59 marine.
1212 1882 210 59 Paris,
1359 1882 105 59 6
1380 1882 105 59 mai

31 1930 623 62 1769.
446 1930 346 62 1
585 1930 416 62 p.
793 1930 623 62 in-4.
1208 1930 346 62 3
1277 1930 208 62 »

126 1972 134 61 Au
193 1972 201 61 sujet
326 1972 134 61 de
393 1972 134 61 sa
460 1972 312 61 nomination
705 1972 134 61 de
772 1972 223 61 membre
928 1972 245 61 associé
1106 1972 134 61 de
1173 1972 312 61 l’Académie
1396 1972 89 61 de

80 2029 238 63 marine.
254 2029 281 63 Programme
470 2029 130 63 du
535 2029 260 63 concours
730 2029 195 63 qu’il
860 2029 216 63 espère
1011 2029 152 63 lui
1076 2029 195 63 offrir.

33 2069 187 62 3322.
158 2069 394 62 Lamballe
490 2069 374 62 (M.-L.-Thérèse
801 2069 125 62 de
863 2069 228 62 Savoie,
1029 2069 270 62 princesse
1237 2069 166 62 de),
1320 2069 166 62 assas

79 2120 189 62 sinée
205 2120 126 62 en
268 2120 189 62 1792.
394 2120 126 62 L.
456 2120 189 62 sig.,
582 2120 105 62 à
624 2120 126 62 M.
687 2120 126 62 de
750 2120 273 62 Sartines.
960 2120 210 62 Paris,
1107 2120 126 62 11
1169 2120 147 62 mai
1253 2120 189 62 1778.
1379 2120 105 62 1
1400 2120 84 62 p.

13 2175 779 52 petit
533 2175 779 52 in-4.
1052 2175 519 52 10
1225 2175 260 52 »

34 2213 184 68 3323.
156 2213 184 68 La
279 2213 450 68 Rochejaquelein
667 2213 164 68 (Mme
770 2213 123 68 de
831 2213 429 68 Donnissan
1199 2213 245 68 marquise
1362 2213 123 68 de),

79 2272 192 64 veuve
206 2272 128 64 en
270 2272 277 64 premières
483 2272 192 64 noces
611 2272 128 64 du
675 2272 234 64 marquis
845 2272 128 64 de
909 2272 277 64 l’Escure.
1122 2272 128 64 L.
1186 2272 170 64 aut.
1292 2272 192 64 sig.,
1399 2272 85 64 au

72 2315 481 60 rédacteur...
463 2315 241 60 Aix,
613 2315 180 60 11
703 2315 241 60 oct.
854 2315 271 60 1828.
1034 2315 150 60 3
1094 2315 180 60 p.
1184 2315 271 60 in-8.
1365 2315 150 60 5
1395 2315 90 60 »

124 2368 173 59 Elle
232 2368 130 59 le
297 2368 173 59 prie
405 2368 130 59 de
470 2368 281 59 rectifier
686 2368 151 59 une
773 2368 216 59 erreur
924 2368 130 59 au
989 2368 195 59 sujet
1119 2368 173 59 d’un
1227 2368 238 59 drapeau
1378 2368 108 59 que

78 2412 140 50 son
158 2412 160 50 fils
258 2412 200 50 aurait
398 2412 200 50 enlevé
538 2412 100 50 à
578 2412 240 50 lsatcha.
757 2412 300 50 Explication
997 2412 120 50 de
1057 2412 120 50 ce
1097 2412 140 50 fait.

29 2450 212 65 3324.
171 2450 212 65 La
312 2450 517 65 Rochejaquelein
758 2450 165 65 (le
852 2450 259 65 général
1040 2450 212 65 comte
1181 2450 259 65 Auguste
1346 2450 141 65 de),

79 2503 186 55 frère
203 2503 124 55 du
265 2503 227 55 général
430 2503 144 55 tué
513 2503 165 55 dans
616 2503 124 55 la
678 2503 206 55 Vendée
822 2503 124 55 en
884 2503 186 55 1815.
1008 2503 124 55 L.
1069 2503 165 55 aut.
1173 2503 165 55 sig.
1255 2503 227 55 Châtillon

71 2555 170 52 en
156 2555 198 52 Bas
269 2555 311 52 Poitou,
495 2555 170 52 14
580 2555 311 52 janvier
807 2555 255 52 1791.
976 2555 142 52 1
1033 2555 170 52 p.
1118 2555 311 52 in-fol.
1344 2555 142 52 3
1373 2555 113 52 50

32 2600 192 58 3325.
160 2600 192 58 La
288 2600 363 58 Trémoille
587 2600 214 58 (Henry
736 2600 171 58 de).
843 2600 128 58 L.
907 2600 171 58 aut.
1014 2600 192 58 sig.,
1142 2600 107 58 à
1185 2600 171 58 M...
1270 2600 214 58 Thouars,

74 2648 154 57 12
151 2648 282 57 janvier
356 2648 282 57 (1645).
562 2648 128 57 1
613 2648 154 57 p.
690 2648 231 57 in-4.
844 2648 282 57 (Taches
1049 2648 410 57 d’humidité).
1382 2648 128 57 5
1408 2648 77 57 »

32 2684 189 90 3326.
158 2684 378 90 Laurent
473 2684 189 90 (L.),
599 2684 273 90 géologue.
810 2684 126 90 L.
873 2684 168 90 aut.
978 2684 147 90 sig
1062 2684 210 90 Paris,
1209 2684 105 90 8
1251 2684 189 90 sept.
1356 2684 126 90 1838

34 2729 315 100 1
160 2729 379 100 p.
349 2729 568 100 in-4.
728 2729 315 100 5
917 2729 442 100 —15
1170 2729 315 100 1
1233 2729 252 100 50
