1597 2878
41 103 187 93 3342.
166 103 416 93 Marjolin,
519 103 229 93 médecin
685 103 249 93 célèbre.
873 103 125 93 L.
935 103 166 93 aut.
1039 103 187 93 sig.,
1163 103 125 93 au
1226 103 208 93 prince
1351 103 145 93 Czar-

79 180 378 50 toryski.
362 180 315 50 Paris,
583 180 189 50 30
677 180 252 50 août
835 180 284 50 1847.
1024 180 158 50 1
1087 180 189 50 p.
1181 180 284 50 in-8.
1370 180 158 50 2
1402 180 95 50 »

42 222 190 66 3343.
169 222 380 66 Marrast
485 222 274 66 (Armand),
696 222 274 66 rédacteur
907 222 127 66 en
970 222 169 66 chef
1076 222 127 66 du
1139 222 274 66 National,
1329 222 169 66 prési

86 271 173 58 dent
194 271 130 58 de
259 271 324 58 l’Assemblée
519 271 281 58 nationale
735 271 130 58 de
800 271 194 58 1848.
929 271 130 58 L.
994 271 173 58 aut.
1102 271 194 58 sig.,
1232 271 108 58 à
1253 271 238 58 madame...

58 322 463 53 Mardi
366 322 514 53 matin.
726 322 257 53 1
829 322 308 53 p.
983 322 463 53 in-8.
1291 322 257 53 3
1343 322 154 53 »

42 366 182 61 3344.
163 366 365 61 Masséna
467 366 142 61 (le
548 366 284 61 maréchel),
771 366 142 61 duc
852 366 122 61 de
913 366 223 61 Rivoli.
1075 366 122 61 L.
1135 366 162 61 aut.
1237 366 182 61 sig.,
1358 366 122 61 au
1399 366 101 61 ci-

90 415 181 52 toyen
211 415 302 52 sénateur...
452 415 181 52 Ruel,
573 415 101 52 6
613 415 282 52 ftoréal...
834 415 101 52 1
874 415 121 52 p.
935 415 141 52 pl.
1015 415 181 52 in-4.
1136 415 322 52 Rare
1397 415 121 52 12
1438 415 60 52 »

140 460 180 65 ...Il
260 460 180 65 s’est
380 460 239 65 présenté
559 460 160 65 deux
659 460 180 65 jouns
779 460 120 65 de
838 460 180 65 suite
958 460 100 65 à
998 460 319 65 Saint-Cloud.
1258 460 180 65 «J’ai
1357 460 140 65 resté

88 518 109 46 »
132 518 109 46 à
175 518 239 46 chaque,
349 518 174 46 deux
458 518 217 46 heures
610 518 174 46 dans
718 518 130 46 la
783 518 195 46 salle
914 518 152 46 des
1000 518 282 46 huissiers
1218 518 174 46 sans
1305 518 195 46 pouvoir

88 561 108 56 »
132 561 195 56 avoir
262 561 282 56 l'honneur
478 561 130 56 de
543 561 173 56 voir
652 561 130 56 le
717 561 238 56 premier
890 561 238 56 consul.
1064 561 195 56 «Vous
1194 561 195 56 dire,
1302 561 195 56 citoyen

90 612 102 59 »
130 612 266 59 sénateur,
335 612 143 59 que
417 612 123 59 ce
478 612 184 59 refus
601 612 123 59 ne
663 612 143 59 m'a
745 612 164 59 fait
847 612 123 59 la
908 612 164 59 plus
1011 612 205 59 grande
1154 612 205 59 peine,
1297 612 123 59 ce
1338 612 164 59 seroit

89 658 110 44 »
133 658 131 44 ne
199 658 153 44 pas
286 658 175 44 vous
396 658 175 44 dire
505 658 131 44 la
549 658 263 44 vérité...»

40 690 215 83 3345.
183 690 334 83 Mathieu
446 690 143 83 de
517 690 429 83 Dombasles,
875 690 262 83 célèbre
1066 690 310 83 agronome.
1304 690 143 83 L.
1352 690 143 83 aut.

90 754 192 74 sig.,
218 754 107 74 à
260 754 214 74 madame
410 754 235 74 Huzard.
581 754 214 74 Nancy,
730 754 107 74 3
773 754 171 74 mars
880 754 192 74 1820.
1008 754 107 74 2
1051 754 149 74 gr.
1136 754 128 74 p.
1200 754 149 74 pl.
1285 754 192 74 in-4.
1414 754 107 74 3
1435 754 64 74 »

140 802 245 64 Relative
324 802 102 64 à
364 802 266 64 plusieurs
569 802 327 64 publications
835 802 143 64 sur
896 802 327 64 l’agriculture.

42 843 202 74 3346.
176 843 472 74 Maupertuis
580 843 539 74 (Pierre-Louis-Moreau
1052 843 180 74 de),
1142 843 359 74 mathématicien,

92 905 207 63 membre
237 905 124 63 de
300 905 290 63 l’Académie
528 905 145 63 des
611 905 270 63 sciences.
818 905 124 63 L.
880 905 166 63 aut.
984 905 187 63 sig.,
1108 905 104 63 à
1150 905 145 63 son
1232 905 166 63 ami.
1315 905 187 63 Berlin,

72 946 238 62 10
191 946 595 62 novembre...
668 946 198 62 1
747 946 238 62 p.
866 946 278 62 pl.
1025 946 357 62 in-4.
1263 946 198 62 8
1342 946 198 62 6
1382 946 119 62 »

46 971 175 90 3347.
162 971 370 90 Philidor
474 971 370 90 (François-André
785 971 370 90 Danican
1096 971 175 90 dit),
1213 971 214 90 célèbre
1349 971 156 90 joueur

92 1036 238 61 d’èchecs
271 1036 119 61 et
330 1036 317 61 compositeur:
588 1036 278 61 Dernier
807 1036 179 61 chæur
926 1036 159 61 pour
1025 1036 198 61 le
1164 1036 179 61 LAUDA
1263 1036 238 61 JERUSALEM.

89 1087 192 57 Aut.
209 1087 192 57 sig.
329 1087 287 57 (paroles
544 1087 144 57 et
616 1087 311 57 musique).
855 1087 144 57 16
927 1087 144 57 p.
999 1087 263 57 in-fol.
1191 1087 263 57 oblong.
1382 1087 144 57 20
1430 1087 72 57 »

47 1125 177 68 3348.
165 1125 374 68 Philippe
480 1125 256 68 (l’infant
677 1125 177 68 don),
795 1125 138 68 duc
874 1125 118 68 de
933 1125 197 68 Parme,
1071 1125 157 68 fils
1169 1125 118 68 de
1228 1125 236 68 Philippe
1406 1125 98 68 V
1425 1125 79 68 et

95 1181 306 59 d’Elisabeth
340 1181 245 59 Farnèse,
523 1181 204 59 gendre
666 1181 122 59 de
727 1181 184 59 Louis
850 1181 143 59 XV.
931 1181 122 59 L.
993 1181 163 59 aut.
1095 1181 184 59 sig.,
1217 1181 102 59 à
1258 1181 122 59 M.
1319 1181 122 59 le
1360 1181 143 59 comte

91 1229 132 86 de
157 1229 265 86 Neuilli.
356 1229 265 86 Colorno,
555 1229 132 86 13
621 1229 177 86 juin
731 1229 199 86 1761.
864 1229 110 86 1
908 1229 132 86 p.
974 1229 155 86 pl.
1062 1229 199 86 in-4.
1195 1229 243 86 Cachet.
1349 1229 155 86 Jolie

-12 1278 1390 50 lettre.
999 1278 632 50 6
1125 1278 379 50 »

47 1313 193 63 3349.
175 1313 408 63 Picard,
518 1313 214 63 auteur
669 1313 322 63 dramatique,
926 1313 214 63 membre
1076 1313 129 63 de
1140 1313 300 63 l’Académie
1355 1313 150 63 fran-

92 1369 210 72 çaise.
239 1369 126 72 1°
302 1369 126 72 L.
365 1369 168 72 aut.
470 1369 189 72 sig.,
596 1369 105 72 à
638 1369 147 72 son
722 1369 147 72 ami
806 1369 231 72 Albert.
973 1369 147 72 1er
1057 1369 273 72 novembre.
1267 1369 105 72 1
1309 1369 126 72 p.
1351 1369 147 72 in

95 1423 99 66 —
135 1423 119 66 2°
194 1423 238 66 Fragment
373 1423 159 66 aut.
472 1423 119 66 de
532 1423 119 66 sa
592 1423 199 66 pièce:
731 1423 377 66 Boulmeville,
1048 1423 119 66 ou
1108 1423 119 66 la
1167 1423 199 66 double
1287 1423 218 66 répu

95 1459 329 82 tation
369 1459 92 82 3
406 1459 128 82 gr.
479 1459 110 82 p.
534 1459 220 82 in-fol.,
699 1459 92 82 à
735 1459 92 82 3
772 1459 238 82 colonnes,
955 1459 146 82 avec
1046 1459 220 82 beaucoup
1211 1459 110 82 de
1266 1459 220 82 ratures.
1431 1459 92 82 6
1449 1459 55 82 »

47 1497 190 84 3350.
173 1497 464 84 Pixerécourt
574 1497 274 84 (Guilbert
785 1497 169 84 de),
890 1497 211 84 auteur
1037 1497 316 84 dramatique,
1269 1497 232 84 directeur

93 1566 128 68 de
157 1566 428 68 l’Opéra-Comique.
521 1566 128 68 L.
585 1566 171 68 aut.
692 1566 193 68 sig.,
820 1566 128 68 au
884 1566 150 68 duc
970 1566 278 68 d’Aumont.
1184 1566 214 68 Paris,
1334 1566 128 68 10
1377 1566 128 68 mars

46 1610 625 68 1827.
462 1610 347 68 2
601 1610 416 68 p.
809 1610 625 68 in-4.
1225 1610 347 68 3
1295 1610 208 68 »

140 1653 259 64 Demande
329 1653 424 64 d’autorisation
682 1653 188 64 pour
800 1653 306 64 permettre
1035 1653 118 64 à
1082 1653 283 64 Ponchard
1294 1653 141 64 de
1341 1653 165 64 jouer

97 1696 232 84 dimanche
271 1696 174 84 La
387 1696 155 84 Dame
484 1696 290 84 Blanche
716 1696 97 84 à
735 1696 252 84 Versailles.

53 1745 177 70 3351.
171 1745 353 70 Poisson
465 1745 196 70 savant
603 1745 177 70 mathé
720 1745 118 70 «.
779 1745 235 70 aticien,
956 1745 196 70 membre
1093 1745 118 70 de
1152 1745 294 70 l’Institut.
1368 1745 137 70 Notes

99 1811 148 68 aut.
191 1811 148 68 sig.
283 1811 240 68 P.
468 1811 111 68 en
524 1811 185 68 faveur
653 1811 111 68 de
708 1811 129 68 MM.
782 1811 185 68 Monval
912 1811 111 68 et
967 1811 166 68 Mala.
1078 1811 92 68 2
1115 1811 129 68 gr.
1189 1811 111 68 p.
1244 1811 129 68 pl.
1318 1811 166 68 in-f.
1429 1811 92 68 3
1448 1811 55 68 »

53 1840 184 71 3352.
175 1840 389 71 Polignac
503 1840 143 71 (le
585 1840 225 71 vicomte
749 1840 164 71 de).
851 1840 123 71 L.
912 1840 164 71 aut.
1015 1840 184 71 sig.,
1138 1840 102 71 à
1178 1840 123 71 M.
1240 1840 123 71 de
1281 1840 225 71 Marville.

98 1890 313 65 conseiller
343 1890 246 65 d’état.
522 1890 268 65 Soleure,
723 1890 134 65 15
790 1890 268 65 novembre
991 1890 201 65 1781.
1125 1890 112 65 2
1169 1890 134 65 p.
1236 1890 246 65 in-fol.
1415 1890 112 65 3
1437 1890 67 65 »

141 1944 141 66 Au
212 1944 212 66 sujet
353 1944 212 66 d’une
495 1944 235 66 maison
659 1944 141 66 de
730 1944 283 66 campagne
942 1944 141 66 et
1013 1944 283 66 quelques
1201 1944 306 66 dépendances

99 2006 357 75 appartenantes
393 2006 147 75 aux
477 2006 273 75 ci-devant
687 2006 252 75 jésuites
875 2006 168 75 près
980 2006 126 75 la
1043 2006 189 75 ville
1169 2006 336 75 d’Ensisheim,
1421 2006 84 75 en

100 2043 187 52 haute
225 2043 229 52 Alsace,
392 2043 187 52 qu’il
517 2043 187 52 vient
621 2043 291 52 d’acheter...

52 2077 192 63 3353.
180 2077 364 63 Ponée,
479 2077 278 63 capitaine
693 2077 128 63 de
757 2077 278 63 vaisseau.
971 2077 128 63 Ce
1035 2077 150 63 fut
1121 2077 150 63 lui
1207 2077 150 63 qui
1292 2077 235 63 proposa
1442 2077 64 63 à

99 2142 303 60 l’empereur
337 2142 281 60 Napoléon,
554 2142 108 60 à
597 2142 303 60 Rochefort,
835 2142 130 60 de
900 2142 130 60 le
965 2142 260 60 conduire
1160 2142 151 60 aux
1225 2142 281 60 Etats

99 2188 134 53 en
166 2188 291 53 attaquant
389 2188 380 53 préalablement
702 2188 156 53 les
792 2188 291 53 vaisseaux
1015 2188 246 53 anglais
1194 2188 246 53 chargés
1373 2188 134 53 de
1418 2188 89 53 la

99 2233 330 59 surveillance
368 2233 124 59 du
429 2233 186 59 port.
553 2233 124 59 L.
615 2233 165 59 aut.
718 2233 186 59 sig.,
842 2233 103 59 à
883 2233 165 59 M...
986 2233 103 59 3
1028 2233 186 59 avril
1151 2233 186 59 1814.
1275 2233 103 59 1
1316 2233 124 59 p.
1358 2233 144 59 in

55 2283 725 54 (Piquée
583 2283 396 54 de
781 2283 660 54 vers).
1242 2283 330 54 3
1308 2283 198 54 »

57 2324 172 71 3354.
172 2324 363 71 Portalis
477 2324 134 71 (le
554 2324 191 71 comte)
687 2324 172 71 fils,
802 2324 229 71 ministre
974 2324 134 71 des
1050 2324 210 71 cultes.
1203 2324 115 71 L.
1261 2324 153 71 aut.
1356 2324 172 71 sig.,
1452 2324 57 71 à

90 2381 198 48 M.
189 2381 362 48 Mazois,
452 2381 494 48 architecte.
847 2381 428 48 Demi-page
1177 2381 296 48 in-4.
1374 2381 165 48 2
1407 2381 99 48 »

56 2418 184 58 3355.
178 2418 388 58 Puissant
505 2418 184 58 (L.),
628 2418 225 58 savant,
792 2418 204 58 membre
935 2418 123 58 de
996 2418 286 58 l’Académie
1221 2418 143 58 des
1282 2418 225 58 sziences.

102 2474 128 59 1°
166 2474 128 59 L.
230 2474 171 59 aut.
336 2474 192 59 sig.,
464 2474 107 59 à
507 2474 149 59 son
592 2474 149 59 ami
678 2474 256 59 Poisson.
870 2474 213 59 Paris,
1019 2474 149 59 25.
1105 2474 171 59 août
1211 2474 192 59 1837.
1339 2474 107 59 1
1382 2474 128 59 p.
1425 2474 85 59 et

103 2528 182 68 quart
224 2528 182 68 in-4.
346 2528 101 68 —
386 2528 122 68 20
447 2528 162 68 Note
549 2528 182 68 aut.,
670 2528 122 68 et
731 2528 182 68 lett.
853 2528 162 68 aut.
954 2528 162 68 sig.
1055 2528 203 68 Paris,
1197 2528 101 68 5
1238 2528 223 68 janvier
1379 2528 122 68 1826

70 2567 266 51 2
176 2567 320 51 p.
336 2567 479 51 in-4.
656 2567 799 51 (Fatiguée).
1295 2567 266 51 3
1348 2567 160 51 »

55 2608 198 61 3356.
187 2608 397 61 Rémusat
518 2608 154 61 (le
606 2608 198 61 comte
738 2608 419 61 Auguste-Laurent
1090 2608 176 61 de),
1201 2608 308 61 chémbellan
1421 2608 88 61 de

101 2669 285 54 Napoléon,
320 2669 219 54 préfet
473 2669 131 54 de
539 2669 131 54 la
605 2669 394 54 Haute-Garonne.
933 2669 131 54 B.
999 2669 175 54 aut.
1109 2669 175 54 sig.
1218 2669 131 54 11
1284 2669 175 54 août
1372 2669 131 54 1809

80 2711 245 85 2-
203 2711 286 85 gr.
366 2711 245 85 p.
489 2711 286 85 pl.
652 2711 245 85 et
775 2711 368 85 demie
1020 2711 368 85 in-4.
1306 2711 245 85 45
1387 2711 123 85 »
