1611 2907
738 91 251 81 270
846 91 107 81 —

176 186 129 63 Au
241 186 194 63 sujet
370 186 129 63 de
435 186 129 63 la
499 186 194 63 salle
628 186 129 63 de
693 186 280 63 spectacle
908 186 129 63 de
973 186 323 63 Versailles,
1231 186 172 63 pour
1317 186 215 63 laquelle

128 222 178 78 Mlle
239 222 312 78 Montansier
484 222 200 78 abuse
618 222 134 78 un
685 222 156 78 peu
774 222 334 78 cruellement
1041 222 134 78 de
1108 222 156 78 son
1175 222 267 78 privilège.

81 263 187 101 3357.
206 263 374 101 Rémusat
517 263 249 101 (Charles
704 263 166 101 de),
808 263 249 101 ministre
995 263 125 101 de
1057 263 395 101 Louis-Philippe,
1369 263 166 101 membre

130 352 128 51 de
194 352 319 51 l’Institut.
449 352 128 51 L.
513 352 170 51 aut.
619 352 191 51 sig.,
747 352 106 51 à
789 352 149 51 son
874 352 170 51 ami.
981 352 213 51 Paris,
1130 352 106 51 1
1172 352 128 51 p.
1236 352 149 51 pl.
1321 352 191 51 in-4.
1449 352 106 51 2
1470 352 64 51 »

81 382 182 73 3358.
202 382 323 73 Renou
464 382 283 73 (Antoine),
686 382 222 73 peintre
848 382 121 73 et
908 382 262 73 écrivain,
1110 382 283 73 secrétaire
1312 382 222 73 perpétuel

132 436 128 62 de
196 436 298 62 l’ancienne
430 436 255 62 académie
621 436 128 62 de
685 436 277 62 peinture.
898 436 128 62 L.
962 436 170 62 aut.
1068 436 191 62 sig.,
1196 436 106 62 à
1238 436 149 62 son
1323 436 213 62 ami...
1451 436 85 62 Ce

98 476 771 66 vendredi...
714 476 257 66 1
817 476 308 66 p.
971 476 462 66 in-8.
1279 476 257 66 3
1331 476 205 66 50

85 525 184 72 3359.
207 525 388 72 Rochlitz
534 525 306 72 (Frédéric),
779 525 204 72 savant
922 525 306 72 compositeur
1167 525 265 72 allemand.
1371 525 122 72 L.
1412 525 122 72 aut.

131 600 173 47 sig.
239 600 151 47 (en
326 600 303 47 allemand).
564 600 259 47 Leipsig,
758 600 108 47 8
801 600 259 47 décembre
996 600 194 47 1799.
1125 600 108 47 1
1169 600 130 47 p.
1233 600 151 47 pl.
1320 600 194 47 in-4.
1450 600 108 47 3
1471 600 65 47 »

88 632 156 69 3360.
191 632 277 69 Rohan
416 632 121 69 (le
485 632 121 69 duc
555 632 138 69 de).
641 632 104 69 L.
693 632 138 69 aut.
779 632 156 69 sig.:
883 632 156 69 Le
987 632 121 69 duc
1056 632 104 69 de
1108 632 225 69 Rohan
1263 632 277 69 prêtre

133 704 119 65 à
181 704 239 65 Victor
348 704 215 65 Hugo.
491 704 143 65 La
563 704 382 65 Roche-Guyon,
873 704 119 65 8
921 704 263 65 octobre
1112 704 215 65 1822.
1255 704 119 65 1
1303 704 143 65 p.
1375 704 167 65 pl.
1446 704 96 65 et

94 754 541 61 quart
455 754 541 61 in-4.
815 754 661 61 Cachet.
1296 754 301 61 6
1357 754 180 61 »

180 768 209 70 Tendre
327 768 126 70 et
389 768 314 70 affectueuse
641 768 209 70 lettre
787 768 126 70 au
850 768 188 70 sujet
976 768 126 70 de
1039 768 147 70 son
1122 768 251 70 mariage.
1311 768 126 70 Il
1374 768 147 70 est
1436 768 105 70 oc-

135 840 176 59 cupé
245 840 132 59 de
311 840 176 59 lui,
421 840 132 59 et
487 840 132 59 il
552 840 242 59 partage
728 840 176 59 tout
838 840 154 59 son
926 840 308 59 bonheur...
1168 840 154 59 «Je
1255 840 132 59 ne
1321 840 198 59 doute
1431 840 110 59 pas

135 889 112 50 »
179 889 156 50 que
269 889 179 50 vous
381 889 224 50 n’ayez
537 889 179 50 déjà
649 889 268 50 remercié
850 889 179 50 Dieu
962 889 134 50 du
1029 889 246 50 bonheur
1208 889 201 50 qu,il
1342 889 179 50 vous
1431 889 112 50 en-

135 918 114 79 »
181 918 204 79 voye,
317 918 136 79 et
385 918 159 79 que
476 918 182 79 dans
589 918 204 79 votre
726 918 227 79 nouvel
885 918 182 79 état
998 918 182 79 vous
1112 918 136 79 ne
1180 918 136 79 le
1248 918 250 79 serviez
1407 918 136 79 avec

137 982 102 57 »
177 982 183 57 amour
300 982 122 57 et
361 982 265 57 fidélité.
565 982 224 57 Attirez
728 982 183 57 ainsi
850 982 143 57 sur
932 982 183 57 votre
1054 982 183 57 union
1176 982 143 57 les
1258 982 204 57 grâces
1400 982 122 57 et
1441 982 102 57 les

135 1020 110 82 «
179 1020 351 82 bénédictions
465 1020 286 82 célestes,
684 1020 154 82 que
772 1020 132 82 ce
838 1020 242 82 bonheur
1014 1020 176 82 soit
1124 1020 176 82 pur,
1233 1020 176 82 soit
1321 1020 220 82 durable,

135 1080 109 56 »
179 1080 175 56 soit
288 1080 263 56 éternel.
485 1080 219 56 Adieu,
638 1080 131 56 je
704 1080 197 56 pense
835 1080 109 56 à
879 1080 197 56 vous,
1010 1080 131 56 je
1076 1080 175 56 vous
1185 1080 241 56 aime...
1338 1080 66 56 »

90 1133 173 61 3361.
205 1133 326 61 Roland
473 1133 192 61 (Mme),
608 1133 134 61 née
684 1133 364 61 Phlipon
991 1133 173 61 femme
1106 1133 115 61 du
1164 1133 230 61 ministre
1336 1133 115 61 de
1374 1133 173 61 l’inté

138 1186 223 45 rieur.
294 1186 179 45 Mise
406 1186 112 45 à
450 1186 179 45 mort
562 1186 134 45 en
629 1186 201 45 1793.
763 1186 179 45 Note
874 1186 223 45 écrite
1031 1186 156 45 par
1120 1186 179 45 elle
1231 1186 134 45 au
1298 1186 156 45 nom
1388 1186 134 45 de
1432 1186 112 45 son

138 1222 189 82 mari,
264 1222 126 82 au
327 1222 189 82 sujet
454 1222 126 82 du
517 1222 232 82 mémoire
685 1222 189 82 qu'il
811 1222 232 82 adresse
980 1222 105 82 à
1022 1222 147 82 ses
1106 1222 316 82 concitoyens
1359 1222 126 82 en
1401 1222 147 82 quit-

132 1283 231 48 tant
276 1283 202 48 les
392 1283 346 48 affaires
651 1283 403 48 publiqnes.
968 1283 144 48 1
1025 1283 173 48 p.
1112 1283 202 48 pl.
1227 1283 259 48 in-4.
1400 1283 173 48 25
1458 1283 86 48 »

184 1309 154 74 Cet
272 1309 176 74 état
382 1309 132 74 de
448 1309 286 74 situation
669 1309 132 74 du
735 1309 330 74 département
999 1309 220 74 confié
1153 1309 110 74 à
1197 1309 154 74 ses
1286 1309 198 74 soins
1396 1309 154 74 était

139 1366 207 57 dressé
284 1366 270 57 lorsqu’il
492 1366 124 57 ne
554 1366 145 57 lui
637 1366 187 57 était
762 1366 145 57 pas
845 1366 207 57 encore
990 1366 249 57 démontré
1177 1366 187 57 qu’il
1301 1366 145 57 dût
1363 1366 187 57 quitter

140 1413 124 68 le
202 1413 290 68 ministère;
430 1413 228 68 c’était
596 1413 124 68 le
658 1413 248 68 résultat
844 1413 124 68 de
906 1413 145 68 ses
989 1413 228 68 travaux
1155 1413 124 68 et
1217 1413 124 68 la
1279 1413 207 68 preuve
1403 1413 145 68 qu’il

137 1465 299 54 s’occupait
372 1465 128 54 de
436 1465 150 54 ses
521 1465 256 54 devoirs:
714 1465 128 54 il
778 1465 171 54 peut
885 1465 256 54 l’offrir
1077 1465 321 54 aujourd’hui
1333 1465 192 54 comme
1440 1465 107 54 une

140 1517 171 54 sorte
254 1517 114 54 de
311 1517 324 54 testament....
578 1517 95 54 «
616 1517 228 54 C’est
787 1517 228 54 elle
959 1517 133 54 (la
1035 1517 209 54 patrie)
1187 1517 133 54 qui
1263 1517 152 54 doit
1359 1517 152 54 tous
1435 1517 114 54 nous

137 1557 110 62 «
181 1557 243 62 réunir,
358 1557 154 62 qui
446 1557 221 62 mérite
600 1557 177 62 tous
711 1557 154 62 nos
799 1557 265 62 efforts,
997 1557 132 62 et
1064 1557 154 62 qui
1152 1557 309 62 triomphera
1372 1557 177 62 malgré

140 1602 117 62 »
186 1602 164 62 les
280 1602 258 62 erreurs
468 1602 164 62 des
562 1602 305 62 insensés,
797 1602 164 62 les
891 1602 305 62 manœuvres
1126 1602 164 62 des
1220 1602 305 62 méchants.
1432 1602 117 62 Les

138 1663 110 54 »
182 1663 286 54 individus
402 1663 264 54 passent,
601 1663 154 54 les
689 1663 308 54 injustices
931 1663 154 54 des
1019 1663 220 54 hommes
1173 1663 198 54 n’ont
1306 1663 220 54 qu’une
1438 1663 110 54 in-

142 1709 107 58 »
184 1709 235 58 fluence
355 1709 320 58 momentanée;
611 1709 128 58 la
675 1709 214 58 vérité
825 1709 256 58 demeure,
1017 1709 128 58 et
1081 1709 171 58 elle
1188 1709 192 58 finit
1316 1709 149 58 par
1380 1709 171 58 réunir

140 1763 108 60 »
184 1763 195 60 cette
314 1763 195 60 masse
444 1763 260 60 d’hommes
638 1763 152 60 qui
725 1763 152 60 ont
812 1763 217 60 besoin
963 1763 217 60 d'elle
1115 1763 173 60 pour
1223 1763 173 60 leur
1310 1763 238 60 bonheur.»

93 1798 199 68 3362.
226 1798 486 68 Roquelaure,
646 1798 221 68 évêque
800 1798 133 68 de
867 1798 243 68 Senlis,
1044 1798 177 68 puis
1154 1798 310 68 archevêque
1397 1798 133 68 de
1441 1798 111 68 Ma

142 1850 217 68 lines,
294 1850 217 68 membre
446 1850 130 68 de
511 1850 303 68 l’Académie
749 1850 303 68 française.
988 1850 130 68 L.
1053 1850 173 68 aut.
1161 1850 173 68 sig.
1269 1850 195 68 comme
1378 1850 173 68 évêque

138 1903 148 57 de
212 1903 272 57 Senlis,
410 1903 123 57 à
459 1903 247 57 madame
632 1903 148 57 la
706 1903 296 57 marquise
929 1903 148 57 de
1003 1903 296 57 Caumont,
1225 1903 123 57 à
1250 1903 296 57 Montauban.

128 1951 355 60 Paris,
377 1951 213 60 10
484 1951 284 60 nov.
662 1951 320 60 1789.
875 1951 178 60 1
946 1951 213 60 p.
1052 1951 249 60 pl.
1195 1951 320 60 in-4.
1408 1951 178 60 5
1443 1951 107 60 »

94 2010 195 61 3363.
225 2010 413 61 Rousseau
572 2010 413 61 (Jean-Jacques).
919 2010 130 61 L.
984 2010 174 61 aut.
1093 2010 195 61 sig.,
1223 2010 109 61 à
1267 2010 130 61 M.
1310 2010 239 61 Duchesne.

142 2060 264 61 Motiers,
340 2060 110 61 2
384 2060 264 61 décembre
583 2060 198 61 1761.
715 2060 110 61 2
759 2060 132 61 p.
825 2060 154 61 pl.
913 2060 132 61 et
979 2060 198 61 quart
1111 2060 198 61 in-4.
1244 2060 242 61 Cachet.
1398 2060 154 61 Très-

88 2100 694 68 belle
551 2100 848 68 lettre.
1167 2100 463 68 50
1322 2100 231 68 »

189 2150 126 64 Il
252 2150 336 64 l’entretient
525 2150 126 64 de
588 2150 252 64 diverses
777 2150 252 64 affaires
966 2150 126 64 et
1029 2150 126 64 de
1092 2150 126 64 la
1155 2150 315 64 publication
1407 2150 126 64 de
1449 2150 105 64 ses

143 2201 282 71 ouvrages.
360 2201 195 71 «Vous
490 2201 217 71 pouvez
642 2201 174 71 être
751 2201 217 71 assuré
902 2201 152 71 que
989 2201 130 71 je
1054 2201 174 71 n’ai
1163 2201 174 71 fait
1271 2201 130 71 ni
1336 2201 217 71 poëme,
1466 2201 87 71 ni

194 2252 173 63 écrit
309 2252 230 63 d’aucune
481 2252 192 63 espèce
616 2252 134 63 qui
692 2252 134 63 ait
769 2252 153 63 pour
865 2252 173 63 titre
980 2252 192 63 les
1114 2252 288 63 Princes
1344 2252 115 63 et
1402 2252 134 63 que
1459 2252 96 63 ja-

146 2299 105 62 5
188 2299 168 62 mais
293 2299 126 62 je
356 2299 168 62 n’ai
461 2299 189 62 songé
588 2299 105 62 à
630 2299 168 62 rien
735 2299 358 62 d’approchant;
1029 2299 126 62 on
1092 2299 126 62 ne
1155 2299 168 62 peut
1261 2299 168 62 trop
1366 2299 126 62 se
1408 2299 147 62 tenir

143 2348 114 61 »
189 2348 137 61 en
257 2348 205 61 garde
394 2348 228 61 contre
553 2348 159 61 les
644 2348 250 61 fourbes
826 2348 182 61 qui,
940 2348 137 61 ne
1009 2348 250 61 sachant
1191 2348 182 61 plus
1305 2348 250 61 comment
1464 2348 91 61 me

146 2403 105 55 2
188 2403 315 55 persécuter,
440 2403 336 55 m’attribuent
713 2403 210 55 chaque
860 2403 168 55 jour
965 2403 147 55 des
1049 2403 252 55 ouvrages
1238 2403 126 55 de
1301 2403 168 55 leur
1385 2403 168 55 façon.

143 2451 104 49 »
185 2451 207 49 Depuis
330 2451 124 49 la
392 2451 207 49 lettre
537 2451 104 49 à
579 2451 124 49 M.
641 2451 124 49 de
703 2451 249 49 Beaumont
890 2451 124 49 je
952 2451 166 49 n’ai
1056 2451 166 49 rien
1160 2451 166 49 fait
1264 2451 124 49 ni
1326 2451 207 49 publié
1450 2451 104 49 que

145 2489 102 70 »
185 2489 143 70 les
267 2489 225 70 lettres
431 2489 225 70 écrites
595 2489 123 70 de
656 2489 123 70 la
718 2489 266 70 montagne,
922 2489 123 70 et
984 2489 123 70 je
1045 2489 184 70 doute
1168 2489 143 70 que
1250 2489 123 70 je
1311 2489 205 70 publie
1434 2489 123 70 plus

146 2539 105 61 »
188 2539 168 61 rien
293 2539 126 61 de
356 2539 126 61 ma
419 2539 168 61 vie,
525 2539 231 61 excepté
693 2539 126 61 le
756 2539 336 61 Dictionnaire
1029 2539 126 61 de
1092 2539 252 61 musique,
1282 2539 147 61 qui
1345 2539 210 61 n’attend

145 2594 115 58 2
191 2594 183 58 plus
305 2594 160 58 que
397 2594 206 58 votre
534 2594 252 58 réponse
718 2594 183 58 pour
832 2594 183 58 vous
947 2594 183 58 être
1038 2594 275 58 envoyé...»

89 2639 200 60 3364.
222 2639 489 60 Saint-Simon
645 2639 156 60 (le
733 2639 245 60 marquis
911 2639 178 60 de),
1022 2639 289 60 brigadier
1245 2639 156 60 des
1334 2639 222 60 armées
1467 2639 89 60 du

148 2693 161 58 Roi,
248 2693 262 58 capitaine
450 2693 121 58 au
510 2693 241 58 régiment
691 2693 141 58 des
771 2693 221 58 gardes.
932 2693 302 58 Certificat,
1174 2693 121 58 ou
1234 2693 181 58 congé
1335 2693 221 58 absolu...

148 2734 201 66 Paris,
289 2734 121 66 15
349 2734 242 66 décembre
531 2734 181 66 1706.
651 2734 161 66 Aut.
752 2734 161 66 sig.
853 2734 101 66 1
893 2734 121 66 p.
954 2734 161 66 in-4
1054 2734 121 66 en
1115 2734 242 66 travers.
1296 2734 222 66 Cachet.
1457 2734 101 66 2
1477 2734 81 66 50

103 2792 195 72 3365.
233 2792 498 72 Saint-Sirnon
667 2792 152 72 (le
753 2792 238 72 marquis
927 2792 173 72 de),
1035 2792 282 72 brigadier
1252 2792 152 72 des
1338 2792 217 72 armées
1468 2792 87 72 du
