<?xml version='1.0' encoding='UTF8'?>
<alto xmlns:xsi="http://www.w3.org/2001/XMLSchema-instance" xmlns="http://www.loc.gov/standards/alto/ns-v2#" xmlns:page="http://schema.primaresearch.org/PAGE/gts/pagecontent/2013-07-15" xsi:schemaLocation="http://www.loc.gov/standards/alto/ns-v2# http://www.loc.gov/standards/alto/alto.xsd">
  <Description>
    <MeasurementUnit>pixel</MeasurementUnit>
    <sourceImageInformation>
         <fileName>350.jpg</fileName>
      </sourceImageInformation>
    <OCRProcessing ID="IdOcr">
      <ocrProcessingStep>
        <processingDateTime>2020-10-13T13:53:37.197+02:00</processingDateTime>
        <processingSoftware>
               <softwareCreator>CONTRIBUTORS</softwareCreator>
               <softwareName>pdfalto</softwareName>
               <softwareVersion>0.1</softwareVersion>
            </processingSoftware>
      </ocrProcessingStep>
    </OCRProcessing>
  </Description>
  <Styles>
     <TextStyle ID="FONT0" FONTSTYLE=""/>
     <TextStyle ID="FONT1" FONTSTYLE="bold"/>
     <TextStyle ID="FONT2" FONTSTYLE="italics"/>
</Styles>
  <Tags/>
  <Layout>
    <Page ID="Page1" PHYSICAL_IMG_NR="1" HEIGHT="2850" WIDTH="1573">
      <PrintSpace HEIGHT="2747" WIDTH="1442" VPOS="71" HPOS="95">
        <TextBlock ID="r_1_1" HEIGHT="43" WIDTH="241" VPOS="78" HPOS="698">
          <TextLine ID="tl_1" BASELINE="137" HEIGHT="83" WIDTH="256" VPOS="54" HPOS="690">
            <String HEIGHT="83" WIDTH="183" VPOS="54" HPOS="653" CONTENT="—" ID="tl_1_1" STYLEREFS="FONT0"/>
            <SP HEIGHT="83" WIDTH="37" VPOS="54" HPOS="836"/>
            <String HEIGHT="83" WIDTH="256" VPOS="54" HPOS="727" CONTENT="322" ID="tl_1_2" STYLEREFS="FONT0"/>
            <SP HEIGHT="83" WIDTH="37" VPOS="54" HPOS="983"/>
            <String HEIGHT="83" WIDTH="110" VPOS="54" HPOS="836" CONTENT="—" ID="tl_1_3" STYLEREFS="FONT0"/>
          </TextLine>
        </TextBlock>
        <TextBlock ID="r_2_1" HEIGHT="59" WIDTH="1410" VPOS="162" HPOS="105">
          <TextLine ID="tl_2" BASELINE="219" HEIGHT="88" WIDTH="1426" VPOS="131" HPOS="97">
            <String HEIGHT="88" WIDTH="162" VPOS="131" HPOS="79" CONTENT="3882." ID="tl_2_1" STYLEREFS="FONT0"/>
            <SP HEIGHT="88" WIDTH="18" VPOS="131" HPOS="241"/>
            <String HEIGHT="88" WIDTH="271" VPOS="131" HPOS="187" CONTENT="Amy," ID="tl_2_2" STYLEREFS="FONT1"/>
            <SP HEIGHT="88" WIDTH="18" VPOS="131" HPOS="458"/>
            <String HEIGHT="88" WIDTH="235" VPOS="131" HPOS="404" CONTENT="président" ID="tl_2_3" STYLEREFS="FONT0"/>
            <SP HEIGHT="88" WIDTH="18" VPOS="131" HPOS="639"/>
            <String HEIGHT="88" WIDTH="108" VPOS="131" HPOS="584" CONTENT="de" ID="tl_2_4" STYLEREFS="FONT0"/>
            <SP HEIGHT="88" WIDTH="18" VPOS="131" HPOS="693"/>
            <String HEIGHT="88" WIDTH="108" VPOS="131" HPOS="639" CONTENT="la" ID="tl_2_5" STYLEREFS="FONT0"/>
            <SP HEIGHT="88" WIDTH="18" VPOS="131" HPOS="747"/>
            <String HEIGHT="88" WIDTH="144" VPOS="131" HPOS="693" CONTENT="Cour" ID="tl_2_6" STYLEREFS="FONT0"/>
            <SP HEIGHT="88" WIDTH="18" VPOS="131" HPOS="837"/>
            <String HEIGHT="88" WIDTH="199" VPOS="131" HPOS="783" CONTENT="royale." ID="tl_2_7" STYLEREFS="FONT0"/>
            <SP HEIGHT="88" WIDTH="18" VPOS="131" HPOS="981"/>
            <String HEIGHT="88" WIDTH="253" VPOS="131" HPOS="927" CONTENT="Nouveau" ID="tl_2_8" STYLEREFS="FONT2"/>
            <SP HEIGHT="88" WIDTH="18" VPOS="131" HPOS="1180"/>
            <String HEIGHT="88" WIDTH="144" VPOS="131" HPOS="1126" CONTENT="Noèl" ID="tl_2_9" STYLEREFS="FONT2"/>
            <SP HEIGHT="88" WIDTH="18" VPOS="131" HPOS="1270"/>
            <String HEIGHT="88" WIDTH="126" VPOS="131" HPOS="1216" CONTENT="sur" ID="tl_2_10" STYLEREFS="FONT2"/>
            <SP HEIGHT="88" WIDTH="18" VPOS="131" HPOS="1342"/>
            <String HEIGHT="88" WIDTH="162" VPOS="131" HPOS="1288" CONTENT="l’air" ID="tl_2_11" STYLEREFS="FONT2"/>
            <SP HEIGHT="88" WIDTH="18" VPOS="131" HPOS="1451"/>
            <String HEIGHT="88" WIDTH="144" VPOS="131" HPOS="1379" CONTENT="de" ID="tl_2_12" STYLEREFS="FONT2"/>
          </TextLine>
        </TextBlock>
        <TextBlock ID="r_2_2" HEIGHT="55" WIDTH="1361" VPOS="212" HPOS="153">
          <TextLine ID="tl_3" BASELINE="263" HEIGHT="58" WIDTH="1377" VPOS="205" HPOS="145">
            <String HEIGHT="58" WIDTH="689" VPOS="205" HPOS="111" CONTENT="l'ancien" ID="tl_3_1" STYLEREFS="FONT2"/>
            <SP HEIGHT="58" WIDTH="34" VPOS="205" HPOS="799"/>
            <String HEIGHT="58" WIDTH="172" VPOS="205" HPOS="696" CONTENT="6" ID="tl_3_2" STYLEREFS="FONT0"/>
            <SP HEIGHT="58" WIDTH="34" VPOS="205" HPOS="868"/>
            <String HEIGHT="58" WIDTH="241" VPOS="205" HPOS="765" CONTENT="gr." ID="tl_3_3" STYLEREFS="FONT0"/>
            <SP HEIGHT="58" WIDTH="34" VPOS="205" HPOS="1006"/>
            <String HEIGHT="58" WIDTH="207" VPOS="205" HPOS="902" CONTENT="p." ID="tl_3_4" STYLEREFS="FONT0"/>
            <SP HEIGHT="58" WIDTH="34" VPOS="205" HPOS="1109"/>
            <String HEIGHT="58" WIDTH="275" VPOS="205" HPOS="1006" CONTENT="aut." ID="tl_3_5" STYLEREFS="FONT0"/>
            <SP HEIGHT="58" WIDTH="34" VPOS="205" HPOS="1281"/>
            <String HEIGHT="58" WIDTH="310" VPOS="205" HPOS="1178" CONTENT="in-4." ID="tl_3_6" STYLEREFS="FONT0"/>
            <SP HEIGHT="58" WIDTH="34" VPOS="205" HPOS="1488"/>
            <String HEIGHT="58" WIDTH="172" VPOS="205" HPOS="1384" CONTENT="5" ID="tl_3_7" STYLEREFS="FONT0"/>
            <SP HEIGHT="58" WIDTH="34" VPOS="205" HPOS="1556"/>
            <String HEIGHT="58" WIDTH="103" VPOS="205" HPOS="1419" CONTENT="»" ID="tl_3_8" STYLEREFS="FONT0"/>
          </TextLine>
        </TextBlock>
        <TextBlock ID="r_2_3" HEIGHT="58" WIDTH="1411" VPOS="258" HPOS="106">
          <TextLine ID="tl_4" BASELINE="318" HEIGHT="75" WIDTH="1427" VPOS="243" HPOS="98">
            <String HEIGHT="75" WIDTH="192" VPOS="243" HPOS="77" CONTENT="3883." ID="tl_4_1" STYLEREFS="FONT0"/>
            <SP HEIGHT="75" WIDTH="21" VPOS="243" HPOS="268"/>
            <String HEIGHT="75" WIDTH="426" VPOS="243" HPOS="204" CONTENT="Andrieux," ID="tl_4_2" STYLEREFS="FONT1"/>
            <SP HEIGHT="75" WIDTH="21" VPOS="243" HPOS="630"/>
            <String HEIGHT="75" WIDTH="170" VPOS="243" HPOS="567" CONTENT="père" ID="tl_4_3" STYLEREFS="FONT0"/>
            <SP HEIGHT="75" WIDTH="21" VPOS="243" HPOS="737"/>
            <String HEIGHT="75" WIDTH="128" VPOS="243" HPOS="673" CONTENT="de" ID="tl_4_4" STYLEREFS="FONT0"/>
            <SP HEIGHT="75" WIDTH="21" VPOS="243" HPOS="801"/>
            <String HEIGHT="75" WIDTH="256" VPOS="243" HPOS="737" CONTENT="l’auteur" ID="tl_4_5" STYLEREFS="FONT0"/>
            <SP HEIGHT="75" WIDTH="21" VPOS="243" HPOS="993"/>
            <String HEIGHT="75" WIDTH="319" VPOS="243" HPOS="929" CONTENT="dramatique." ID="tl_4_6" STYLEREFS="FONT0"/>
            <SP HEIGHT="75" WIDTH="21" VPOS="243" HPOS="1248"/>
            <String HEIGHT="75" WIDTH="128" VPOS="243" HPOS="1184" CONTENT="L." ID="tl_4_7" STYLEREFS="FONT0"/>
            <SP HEIGHT="75" WIDTH="21" VPOS="243" HPOS="1312"/>
            <String HEIGHT="75" WIDTH="170" VPOS="243" HPOS="1248" CONTENT="aut." ID="tl_4_8" STYLEREFS="FONT0"/>
            <SP HEIGHT="75" WIDTH="21" VPOS="243" HPOS="1419"/>
            <String HEIGHT="75" WIDTH="192" VPOS="243" HPOS="1355" CONTENT="sig.," ID="tl_4_9" STYLEREFS="FONT0"/>
            <SP HEIGHT="75" WIDTH="21" VPOS="243" HPOS="1546"/>
            <String HEIGHT="75" WIDTH="64" VPOS="243" HPOS="1461" CONTENT="à" ID="tl_4_10" STYLEREFS="FONT0"/>
          </TextLine>
        </TextBlock>
        <TextBlock ID="r_2_4" HEIGHT="106" WIDTH="1363" VPOS="307" HPOS="151">
          <TextLine ID="tl_5" BASELINE="373" HEIGHT="73" WIDTH="1380" VPOS="300" HPOS="143">
            <String HEIGHT="73" WIDTH="113" VPOS="300" HPOS="124" CONTENT="M." ID="tl_5_1" STYLEREFS="FONT0"/>
            <SP HEIGHT="73" WIDTH="19" VPOS="300" HPOS="238"/>
            <String HEIGHT="73" WIDTH="170" VPOS="300" HPOS="181" CONTENT="Croz," ID="tl_5_2" STYLEREFS="FONT0"/>
            <SP HEIGHT="73" WIDTH="19" VPOS="300" HPOS="351"/>
            <String HEIGHT="73" WIDTH="302" VPOS="300" HPOS="294" CONTENT="sous-préfet," ID="tl_5_3" STYLEREFS="FONT0"/>
            <SP HEIGHT="73" WIDTH="19" VPOS="300" HPOS="597"/>
            <String HEIGHT="73" WIDTH="95" VPOS="300" HPOS="540" CONTENT="à" ID="tl_5_4" STYLEREFS="FONT0"/>
            <SP HEIGHT="73" WIDTH="19" VPOS="300" HPOS="635"/>
            <String HEIGHT="73" WIDTH="359" VPOS="300" HPOS="578" CONTENT="Corbeil" ID="tl_5_5" STYLEREFS="FONT2"/>
            <SP HEIGHT="73" WIDTH="19" VPOS="300" HPOS="937"/>
            <String HEIGHT="73" WIDTH="340" VPOS="300" HPOS="880" CONTENT="Cheptainville," ID="tl_5_6" STYLEREFS="FONT0"/>
            <SP HEIGHT="73" WIDTH="19" VPOS="300" HPOS="1221"/>
            <String HEIGHT="73" WIDTH="113" VPOS="300" HPOS="1164" CONTENT="24" ID="tl_5_7" STYLEREFS="FONT0"/>
            <SP HEIGHT="73" WIDTH="19" VPOS="300" HPOS="1277"/>
            <String HEIGHT="73" WIDTH="151" VPOS="300" HPOS="1221" CONTENT="nov." ID="tl_5_8" STYLEREFS="FONT0"/>
            <SP HEIGHT="73" WIDTH="19" VPOS="300" HPOS="1372"/>
            <String HEIGHT="73" WIDTH="170" VPOS="300" HPOS="1315" CONTENT="1822." ID="tl_5_9" STYLEREFS="FONT0"/>
            <SP HEIGHT="73" WIDTH="19" VPOS="300" HPOS="1485"/>
            <String HEIGHT="73" WIDTH="95" VPOS="300" HPOS="1428" CONTENT="1" ID="tl_5_10" STYLEREFS="FONT0"/>
            <SP HEIGHT="73" WIDTH="19" VPOS="300" HPOS="1523"/>
            <String HEIGHT="73" WIDTH="76" VPOS="300" HPOS="1447" CONTENT="p." ID="tl_5_11" STYLEREFS="FONT0"/>
          </TextLine>
          <TextLine ID="tl_6" BASELINE="416" HEIGHT="59" WIDTH="1378" VPOS="357" HPOS="144">
            <String HEIGHT="59" WIDTH="419" VPOS="357" HPOS="84" CONTENT="pl." ID="tl_6_1" STYLEREFS="FONT0"/>
            <SP HEIGHT="59" WIDTH="60" VPOS="357" HPOS="503"/>
            <String HEIGHT="59" WIDTH="359" VPOS="357" HPOS="324" CONTENT="et" ID="tl_6_2" STYLEREFS="FONT0"/>
            <SP HEIGHT="59" WIDTH="60" VPOS="357" HPOS="683"/>
            <String HEIGHT="59" WIDTH="599" VPOS="357" HPOS="503" CONTENT="demie." ID="tl_6_3" STYLEREFS="FONT0"/>
            <SP HEIGHT="59" WIDTH="60" VPOS="357" HPOS="1103"/>
            <String HEIGHT="59" WIDTH="539" VPOS="357" HPOS="923" CONTENT="In-4." ID="tl_6_4" STYLEREFS="FONT0"/>
            <SP HEIGHT="59" WIDTH="60" VPOS="357" HPOS="1462"/>
            <String HEIGHT="59" WIDTH="300" VPOS="357" HPOS="1282" CONTENT="3" ID="tl_6_5" STYLEREFS="FONT0"/>
            <SP HEIGHT="59" WIDTH="60" VPOS="357" HPOS="1582"/>
            <String HEIGHT="59" WIDTH="180" VPOS="357" HPOS="1342" CONTENT="»" ID="tl_6_6" STYLEREFS="FONT0"/>
          </TextLine>
        </TextBlock>
        <TextBlock ID="r_2_5" HEIGHT="58" WIDTH="1408" VPOS="403" HPOS="107">
          <TextLine ID="tl_7" BASELINE="462" HEIGHT="72" WIDTH="1426" VPOS="390" HPOS="98">
            <String HEIGHT="72" WIDTH="183" VPOS="390" HPOS="78" CONTENT="3884." ID="tl_7_1" STYLEREFS="FONT0"/>
            <SP HEIGHT="72" WIDTH="20" VPOS="390" HPOS="261"/>
            <String HEIGHT="72" WIDTH="346" VPOS="390" HPOS="200" CONTENT="Anglès" ID="tl_7_2" STYLEREFS="FONT1"/>
            <SP HEIGHT="72" WIDTH="20" VPOS="390" HPOS="546"/>
            <String HEIGHT="72" WIDTH="143" VPOS="390" HPOS="485" CONTENT="(le" ID="tl_7_3" STYLEREFS="FONT0"/>
            <SP HEIGHT="72" WIDTH="20" VPOS="390" HPOS="628"/>
            <String HEIGHT="72" WIDTH="224" VPOS="390" HPOS="567" CONTENT="comte)," ID="tl_7_4" STYLEREFS="FONT0"/>
            <SP HEIGHT="72" WIDTH="20" VPOS="390" HPOS="791"/>
            <String HEIGHT="72" WIDTH="204" VPOS="390" HPOS="730" CONTENT="préfet" ID="tl_7_5" STYLEREFS="FONT0"/>
            <SP HEIGHT="72" WIDTH="20" VPOS="390" HPOS="933"/>
            <String HEIGHT="72" WIDTH="122" VPOS="390" HPOS="872" CONTENT="de" ID="tl_7_6" STYLEREFS="FONT0"/>
            <SP HEIGHT="72" WIDTH="20" VPOS="390" HPOS="994"/>
            <String HEIGHT="72" WIDTH="224" VPOS="390" HPOS="933" CONTENT="police." ID="tl_7_7" STYLEREFS="FONT0"/>
            <SP HEIGHT="72" WIDTH="20" VPOS="390" HPOS="1157"/>
            <String HEIGHT="72" WIDTH="122" VPOS="390" HPOS="1096" CONTENT="L." ID="tl_7_8" STYLEREFS="FONT0"/>
            <SP HEIGHT="72" WIDTH="20" VPOS="390" HPOS="1218"/>
            <String HEIGHT="72" WIDTH="183" VPOS="390" HPOS="1157" CONTENT="sig.," ID="tl_7_9" STYLEREFS="FONT0"/>
            <SP HEIGHT="72" WIDTH="20" VPOS="390" HPOS="1341"/>
            <String HEIGHT="72" WIDTH="102" VPOS="390" HPOS="1280" CONTENT="à" ID="tl_7_10" STYLEREFS="FONT0"/>
            <SP HEIGHT="72" WIDTH="20" VPOS="390" HPOS="1381"/>
            <String HEIGHT="72" WIDTH="122" VPOS="390" HPOS="1320" CONTENT="M." ID="tl_7_11" STYLEREFS="FONT0"/>
            <SP HEIGHT="72" WIDTH="20" VPOS="390" HPOS="1443"/>
            <String HEIGHT="72" WIDTH="122" VPOS="390" HPOS="1381" CONTENT="le" ID="tl_7_12" STYLEREFS="FONT0"/>
            <SP HEIGHT="72" WIDTH="20" VPOS="390" HPOS="1504"/>
            <String HEIGHT="72" WIDTH="102" VPOS="390" HPOS="1422" CONTENT="duc" ID="tl_7_13" STYLEREFS="FONT0"/>
          </TextLine>
        </TextBlock>
        <TextBlock ID="r_2_6" HEIGHT="57" WIDTH="1361" VPOS="452" HPOS="154">
          <TextLine ID="tl_8" BASELINE="501" HEIGHT="60" WIDTH="1378" VPOS="441" HPOS="145">
            <String HEIGHT="60" WIDTH="326" VPOS="441" HPOS="120" CONTENT="d’Aumont." ID="tl_8_1" STYLEREFS="FONT0"/>
            <SP HEIGHT="60" WIDTH="25" VPOS="441" HPOS="446"/>
            <String HEIGHT="60" WIDTH="251" VPOS="441" HPOS="370" CONTENT="Paris," ID="tl_8_2" STYLEREFS="FONT0"/>
            <SP HEIGHT="60" WIDTH="25" VPOS="441" HPOS="621"/>
            <String HEIGHT="60" WIDTH="150" VPOS="441" HPOS="546" CONTENT="22" ID="tl_8_3" STYLEREFS="FONT0"/>
            <SP HEIGHT="60" WIDTH="25" VPOS="441" HPOS="696"/>
            <String HEIGHT="60" WIDTH="276" VPOS="441" HPOS="621" CONTENT="février" ID="tl_8_4" STYLEREFS="FONT0"/>
            <SP HEIGHT="60" WIDTH="25" VPOS="441" HPOS="897"/>
            <String HEIGHT="60" WIDTH="225" VPOS="441" HPOS="821" CONTENT="1821." ID="tl_8_5" STYLEREFS="FONT0"/>
            <SP HEIGHT="60" WIDTH="25" VPOS="441" HPOS="1047"/>
            <String HEIGHT="60" WIDTH="125" VPOS="441" HPOS="972" CONTENT="3" ID="tl_8_6" STYLEREFS="FONT0"/>
            <SP HEIGHT="60" WIDTH="25" VPOS="441" HPOS="1097"/>
            <String HEIGHT="60" WIDTH="175" VPOS="441" HPOS="1022" CONTENT="gr." ID="tl_8_7" STYLEREFS="FONT0"/>
            <SP HEIGHT="60" WIDTH="25" VPOS="441" HPOS="1197"/>
            <String HEIGHT="60" WIDTH="150" VPOS="441" HPOS="1122" CONTENT="p." ID="tl_8_8" STYLEREFS="FONT0"/>
            <SP HEIGHT="60" WIDTH="25" VPOS="441" HPOS="1272"/>
            <String HEIGHT="60" WIDTH="276" VPOS="441" HPOS="1197" CONTENT="in-fol." ID="tl_8_9" STYLEREFS="FONT0"/>
            <SP HEIGHT="60" WIDTH="25" VPOS="441" HPOS="1473"/>
            <String HEIGHT="60" WIDTH="125" VPOS="441" HPOS="1398" CONTENT="2" ID="tl_8_10" STYLEREFS="FONT0"/>
            <SP HEIGHT="60" WIDTH="25" VPOS="441" HPOS="1523"/>
            <String HEIGHT="60" WIDTH="100" VPOS="441" HPOS="1423" CONTENT="50" ID="tl_8_11" STYLEREFS="FONT0"/>
          </TextLine>
        </TextBlock>
        <TextBlock ID="r_2_7" HEIGHT="57" WIDTH="1409" VPOS="499" HPOS="106">
          <TextLine ID="tl_9" BASELINE="556" HEIGHT="81" WIDTH="1426" VPOS="475" HPOS="98">
            <String HEIGHT="81" WIDTH="192" VPOS="475" HPOS="77" CONTENT="3885." ID="tl_9_1" STYLEREFS="FONT0"/>
            <SP HEIGHT="81" WIDTH="21" VPOS="475" HPOS="268"/>
            <String HEIGHT="81" WIDTH="447" VPOS="475" HPOS="204" CONTENT="Antraigues" ID="tl_9_2" STYLEREFS="FONT1"/>
            <SP HEIGHT="81" WIDTH="21" VPOS="475" HPOS="651"/>
            <String HEIGHT="81" WIDTH="298" VPOS="475" HPOS="588" CONTENT="(Delaunay," ID="tl_9_3" STYLEREFS="FONT0"/>
            <SP HEIGHT="81" WIDTH="21" VPOS="475" HPOS="885"/>
            <String HEIGHT="81" WIDTH="192" VPOS="475" HPOS="822" CONTENT="comte" ID="tl_9_4" STYLEREFS="FONT0"/>
            <SP HEIGHT="81" WIDTH="21" VPOS="475" HPOS="1013"/>
            <String HEIGHT="81" WIDTH="170" VPOS="475" HPOS="949" CONTENT="d’)," ID="tl_9_5" STYLEREFS="FONT0"/>
            <SP HEIGHT="81" WIDTH="21" VPOS="475" HPOS="1120"/>
            <String HEIGHT="81" WIDTH="213" VPOS="475" HPOS="1056" CONTENT="membre" ID="tl_9_6" STYLEREFS="FONT0"/>
            <SP HEIGHT="81" WIDTH="21" VPOS="475" HPOS="1269"/>
            <String HEIGHT="81" WIDTH="128" VPOS="475" HPOS="1205" CONTENT="de" ID="tl_9_7" STYLEREFS="FONT0"/>
            <SP HEIGHT="81" WIDTH="21" VPOS="475" HPOS="1332"/>
            <String HEIGHT="81" WIDTH="277" VPOS="475" HPOS="1247" CONTENT="l’Assemblée" ID="tl_9_8" STYLEREFS="FONT0"/>
          </TextLine>
        </TextBlock>
        <TextBlock ID="r_2_8" HEIGHT="103" WIDTH="1363" VPOS="549" HPOS="152">
          <TextLine ID="tl_10" BASELINE="603" HEIGHT="56" WIDTH="1377" VPOS="547" HPOS="144">
            <String HEIGHT="56" WIDTH="344" VPOS="547" HPOS="124" CONTENT="Constituante." ID="tl_10_1" STYLEREFS="FONT0"/>
            <SP HEIGHT="56" WIDTH="20" VPOS="547" HPOS="468"/>
            <String HEIGHT="56" WIDTH="122" VPOS="547" HPOS="407" CONTENT="L." ID="tl_10_2" STYLEREFS="FONT0"/>
            <SP HEIGHT="56" WIDTH="20" VPOS="547" HPOS="529"/>
            <String HEIGHT="56" WIDTH="182" VPOS="547" HPOS="468" CONTENT="aut.," ID="tl_10_3" STYLEREFS="FONT0"/>
            <SP HEIGHT="56" WIDTH="20" VPOS="547" HPOS="650"/>
            <String HEIGHT="56" WIDTH="101" VPOS="547" HPOS="590" CONTENT="à" ID="tl_10_4" STYLEREFS="FONT0"/>
            <SP HEIGHT="56" WIDTH="20" VPOS="547" HPOS="691"/>
            <String HEIGHT="56" WIDTH="203" VPOS="547" HPOS="630" CONTENT="Madame" ID="tl_10_5" STYLEREFS="FONT0"/>
            <SP HEIGHT="56" WIDTH="20" VPOS="547" HPOS="833"/>
            <String HEIGHT="56" WIDTH="365" VPOS="547" HPOS="772" CONTENT="Saint-Huberty," ID="tl_10_6" STYLEREFS="FONT0"/>
            <SP HEIGHT="56" WIDTH="20" VPOS="547" HPOS="1136"/>
            <String HEIGHT="56" WIDTH="122" VPOS="547" HPOS="1076" CONTENT="sa" ID="tl_10_7" STYLEREFS="FONT0"/>
            <SP HEIGHT="56" WIDTH="20" VPOS="547" HPOS="1197"/>
            <String HEIGHT="56" WIDTH="284" VPOS="547" HPOS="1136" CONTENT="maîtresse," ID="tl_10_8" STYLEREFS="FONT0"/>
            <SP HEIGHT="56" WIDTH="20" VPOS="547" HPOS="1420"/>
            <String HEIGHT="56" WIDTH="122" VPOS="547" HPOS="1359" CONTENT="et" ID="tl_10_9" STYLEREFS="FONT0"/>
            <SP HEIGHT="56" WIDTH="20" VPOS="547" HPOS="1481"/>
            <String HEIGHT="56" WIDTH="122" VPOS="547" HPOS="1400" CONTENT="plus" ID="tl_10_10" STYLEREFS="FONT0"/>
          </TextLine>
          <TextLine ID="tl_11" BASELINE="665" HEIGHT="69" WIDTH="1376" VPOS="596" HPOS="147">
            <String HEIGHT="69" WIDTH="180" VPOS="596" HPOS="124" CONTENT="tard" ID="tl_11_1" STYLEREFS="FONT0"/>
            <SP HEIGHT="69" WIDTH="23" VPOS="596" HPOS="305"/>
            <String HEIGHT="69" WIDTH="135" VPOS="596" HPOS="237" CONTENT="sa" ID="tl_11_2" STYLEREFS="FONT0"/>
            <SP HEIGHT="69" WIDTH="23" VPOS="596" HPOS="373"/>
            <String HEIGHT="69" WIDTH="226" VPOS="596" HPOS="305" CONTENT="femme." ID="tl_11_3" STYLEREFS="FONT0"/>
            <SP HEIGHT="69" WIDTH="23" VPOS="596" HPOS="530"/>
            <String HEIGHT="69" WIDTH="135" VPOS="596" HPOS="463" CONTENT="La" ID="tl_11_4" STYLEREFS="FONT0"/>
            <SP HEIGHT="69" WIDTH="23" VPOS="596" HPOS="598"/>
            <String HEIGHT="69" WIDTH="271" VPOS="596" HPOS="530" CONTENT="Bastide," ID="tl_11_5" STYLEREFS="FONT0"/>
            <SP HEIGHT="69" WIDTH="23" VPOS="596" HPOS="801"/>
            <String HEIGHT="69" WIDTH="135" VPOS="596" HPOS="733" CONTENT="28" ID="tl_11_6" STYLEREFS="FONT0"/>
            <SP HEIGHT="69" WIDTH="23" VPOS="596" HPOS="869"/>
            <String HEIGHT="69" WIDTH="180" VPOS="596" HPOS="801" CONTENT="juin" ID="tl_11_7" STYLEREFS="FONT0"/>
            <SP HEIGHT="69" WIDTH="23" VPOS="596" HPOS="982"/>
            <String HEIGHT="69" WIDTH="203" VPOS="596" HPOS="914" CONTENT="1784." ID="tl_11_8" STYLEREFS="FONT0"/>
            <SP HEIGHT="69" WIDTH="23" VPOS="596" HPOS="1117"/>
            <String HEIGHT="69" WIDTH="113" VPOS="596" HPOS="1049" CONTENT="4" ID="tl_11_9" STYLEREFS="FONT0"/>
            <SP HEIGHT="69" WIDTH="23" VPOS="596" HPOS="1162"/>
            <String HEIGHT="69" WIDTH="135" VPOS="596" HPOS="1094" CONTENT="p." ID="tl_11_10" STYLEREFS="FONT0"/>
            <SP HEIGHT="69" WIDTH="23" VPOS="596" HPOS="1230"/>
            <String HEIGHT="69" WIDTH="158" VPOS="596" HPOS="1162" CONTENT="pl." ID="tl_11_11" STYLEREFS="FONT0"/>
            <SP HEIGHT="69" WIDTH="23" VPOS="596" HPOS="1320"/>
            <String HEIGHT="69" WIDTH="203" VPOS="596" HPOS="1252" CONTENT="in-4." ID="tl_11_12" STYLEREFS="FONT0"/>
            <SP HEIGHT="69" WIDTH="23" VPOS="596" HPOS="1455"/>
            <String HEIGHT="69" WIDTH="135" VPOS="596" HPOS="1388" CONTENT="12" ID="tl_11_13" STYLEREFS="FONT0"/>
            <SP HEIGHT="69" WIDTH="23" VPOS="596" HPOS="1523"/>
            <String HEIGHT="69" WIDTH="90" VPOS="596" HPOS="1433" CONTENT="50" ID="tl_11_14" STYLEREFS="FONT0"/>
          </TextLine>
        </TextBlock>
        <TextBlock ID="r_2_9" HEIGHT="249" WIDTH="1366" VPOS="644" HPOS="151">
          <TextLine ID="tl_12" BASELINE="703" HEIGHT="60" WIDTH="1331" VPOS="643" HPOS="194">
            <String HEIGHT="60" WIDTH="127" VPOS="643" HPOS="173" CONTENT="Il" ID="tl_12_1" STYLEREFS="FONT0"/>
            <SP HEIGHT="60" WIDTH="21" VPOS="643" HPOS="300"/>
            <String HEIGHT="60" WIDTH="106" VPOS="643" HPOS="236" CONTENT="a" ID="tl_12_2" STYLEREFS="FONT0"/>
            <SP HEIGHT="60" WIDTH="21" VPOS="643" HPOS="342"/>
            <String HEIGHT="60" WIDTH="211" VPOS="643" HPOS="279" CONTENT="appris" ID="tl_12_3" STYLEREFS="FONT0"/>
            <SP HEIGHT="60" WIDTH="21" VPOS="643" HPOS="490"/>
            <String HEIGHT="60" WIDTH="148" VPOS="643" HPOS="426" CONTENT="ses" ID="tl_12_4" STYLEREFS="FONT0"/>
            <SP HEIGHT="60" WIDTH="21" VPOS="643" HPOS="574"/>
            <String HEIGHT="60" WIDTH="380" VPOS="643" HPOS="511" CONTENT="très-brillants" ID="tl_12_5" STYLEREFS="FONT0"/>
            <SP HEIGHT="60" WIDTH="21" VPOS="643" HPOS="891"/>
            <String HEIGHT="60" WIDTH="211" VPOS="643" HPOS="828" CONTENT="succès" ID="tl_12_6" STYLEREFS="FONT0"/>
            <SP HEIGHT="60" WIDTH="21" VPOS="643" HPOS="1039"/>
            <String HEIGHT="60" WIDTH="169" VPOS="643" HPOS="976" CONTENT="dans" ID="tl_12_7" STYLEREFS="FONT0"/>
            <SP HEIGHT="60" WIDTH="21" VPOS="643" HPOS="1145"/>
            <String HEIGHT="60" WIDTH="232" VPOS="643" HPOS="1081" CONTENT="l’opéra" ID="tl_12_8" STYLEREFS="FONT0"/>
            <SP HEIGHT="60" WIDTH="21" VPOS="643" HPOS="1314"/>
            <String HEIGHT="60" WIDTH="127" VPOS="643" HPOS="1250" CONTENT="de" ID="tl_12_9" STYLEREFS="FONT0"/>
            <SP HEIGHT="60" WIDTH="21" VPOS="643" HPOS="1377"/>
            <String HEIGHT="60" WIDTH="211" VPOS="643" HPOS="1314" CONTENT="Didon," ID="tl_12_10" STYLEREFS="FONT0"/>
            <SP HEIGHT="60" WIDTH="21" VPOS="643" HPOS="1525"/>
            <String HEIGHT="60" WIDTH="85" VPOS="643" HPOS="1440" CONTENT="et" ID="tl_12_11" STYLEREFS="FONT0"/>
          </TextLine>
          <TextLine ID="tl_13" BASELINE="746" HEIGHT="62" WIDTH="1377" VPOS="684" HPOS="143">
            <String HEIGHT="62" WIDTH="258" VPOS="684" HPOS="121" CONTENT="l’engage" ID="tl_13_1" STYLEREFS="FONT0"/>
            <SP HEIGHT="62" WIDTH="22" VPOS="684" HPOS="380"/>
            <String HEIGHT="62" WIDTH="108" VPOS="684" HPOS="315" CONTENT="à" ID="tl_13_2" STYLEREFS="FONT0"/>
            <SP HEIGHT="62" WIDTH="22" VPOS="684" HPOS="423"/>
            <String HEIGHT="62" WIDTH="237" VPOS="684" HPOS="358" CONTENT="ménager" ID="tl_13_3" STYLEREFS="FONT0"/>
            <SP HEIGHT="62" WIDTH="22" VPOS="684" HPOS="595"/>
            <String HEIGHT="62" WIDTH="129" VPOS="684" HPOS="530" CONTENT="sa" ID="tl_13_4" STYLEREFS="FONT0"/>
            <SP HEIGHT="62" WIDTH="22" VPOS="684" HPOS="659"/>
            <String HEIGHT="62" WIDTH="258" VPOS="684" HPOS="595" CONTENT="santé..." ID="tl_13_5" STYLEREFS="FONT0"/>
            <SP HEIGHT="62" WIDTH="22" VPOS="684" HPOS="853"/>
            <String HEIGHT="62" WIDTH="323" VPOS="684" HPOS="788" CONTENT="Montgolfier" ID="tl_13_6" STYLEREFS="FONT0"/>
            <SP HEIGHT="62" WIDTH="22" VPOS="684" HPOS="1111"/>
            <String HEIGHT="62" WIDTH="151" VPOS="684" HPOS="1047" CONTENT="est" ID="tl_13_7" STYLEREFS="FONT0"/>
            <SP HEIGHT="62" WIDTH="22" VPOS="684" HPOS="1197"/>
            <String HEIGHT="62" WIDTH="215" VPOS="684" HPOS="1133" CONTENT="encore" ID="tl_13_8" STYLEREFS="FONT0"/>
            <SP HEIGHT="62" WIDTH="22" VPOS="684" HPOS="1348"/>
            <String HEIGHT="62" WIDTH="108" VPOS="684" HPOS="1283" CONTENT="à" ID="tl_13_9" STYLEREFS="FONT0"/>
            <SP HEIGHT="62" WIDTH="22" VPOS="684" HPOS="1391"/>
            <String HEIGHT="62" WIDTH="215" VPOS="684" HPOS="1305" CONTENT="Annonay," ID="tl_13_10" STYLEREFS="FONT0"/>
          </TextLine>
          <TextLine ID="tl_14" BASELINE="795" HEIGHT="51" WIDTH="1376" VPOS="744" HPOS="146">
            <String HEIGHT="51" WIDTH="144" VPOS="744" HPOS="125" CONTENT="ils" ID="tl_14_1" STYLEREFS="FONT0"/>
            <SP HEIGHT="51" WIDTH="21" VPOS="744" HPOS="269"/>
            <String HEIGHT="51" WIDTH="267" VPOS="744" HPOS="208" CONTENT="attendent" ID="tl_14_2" STYLEREFS="FONT0"/>
            <SP HEIGHT="51" WIDTH="21" VPOS="744" HPOS="475"/>
            <String HEIGHT="51" WIDTH="123" VPOS="744" HPOS="413" CONTENT="le" ID="tl_14_3" STYLEREFS="FONT0"/>
            <SP HEIGHT="51" WIDTH="21" VPOS="744" HPOS="536"/>
            <String HEIGHT="51" WIDTH="205" VPOS="744" HPOS="475" CONTENT="ballon" ID="tl_14_4" STYLEREFS="FONT0"/>
            <SP HEIGHT="51" WIDTH="21" VPOS="744" HPOS="680"/>
            <String HEIGHT="51" WIDTH="144" VPOS="744" HPOS="618" CONTENT="que" ID="tl_14_5" STYLEREFS="FONT0"/>
            <SP HEIGHT="51" WIDTH="21" VPOS="744" HPOS="762"/>
            <String HEIGHT="51" WIDTH="123" VPOS="744" HPOS="701" CONTENT="le" ID="tl_14_6" STYLEREFS="FONT0"/>
            <SP HEIGHT="51" WIDTH="21" VPOS="744" HPOS="824"/>
            <String HEIGHT="51" WIDTH="144" VPOS="744" HPOS="762" CONTENT="roi" ID="tl_14_7" STYLEREFS="FONT0"/>
            <SP HEIGHT="51" WIDTH="21" VPOS="744" HPOS="906"/>
            <String HEIGHT="51" WIDTH="164" VPOS="744" HPOS="844" CONTENT="doit" ID="tl_14_8" STYLEREFS="FONT0"/>
            <SP HEIGHT="51" WIDTH="21" VPOS="744" HPOS="1009"/>
            <String HEIGHT="51" WIDTH="144" VPOS="744" HPOS="947" CONTENT="lui" ID="tl_14_9" STYLEREFS="FONT0"/>
            <SP HEIGHT="51" WIDTH="21" VPOS="744" HPOS="1091"/>
            <String HEIGHT="51" WIDTH="288" VPOS="744" HPOS="1029" CONTENT="envoyer..." ID="tl_14_10" STYLEREFS="FONT0"/>
            <SP HEIGHT="51" WIDTH="21" VPOS="744" HPOS="1317"/>
            <String HEIGHT="51" WIDTH="144" VPOS="744" HPOS="1255" CONTENT="Les" ID="tl_14_11" STYLEREFS="FONT0"/>
            <SP HEIGHT="51" WIDTH="21" VPOS="744" HPOS="1399"/>
            <String HEIGHT="51" WIDTH="205" VPOS="744" HPOS="1317" CONTENT="Français" ID="tl_14_12" STYLEREFS="FONT0"/>
          </TextLine>
          <TextLine ID="tl_15" BASELINE="848" HEIGHT="66" WIDTH="1374" VPOS="782" HPOS="147">
            <String HEIGHT="66" WIDTH="240" VPOS="782" HPOS="125" CONTENT="établis" ID="tl_15_1" STYLEREFS="FONT0"/>
            <SP HEIGHT="66" WIDTH="22" VPOS="782" HPOS="365"/>
            <String HEIGHT="66" WIDTH="131" VPOS="782" HPOS="300" CONTENT="en" ID="tl_15_2" STYLEREFS="FONT0"/>
            <SP HEIGHT="66" WIDTH="22" VPOS="782" HPOS="431"/>
            <String HEIGHT="66" WIDTH="240" VPOS="782" HPOS="365" CONTENT="Egypte," ID="tl_15_3" STYLEREFS="FONT0"/>
            <SP HEIGHT="66" WIDTH="22" VPOS="782" HPOS="605"/>
            <String HEIGHT="66" WIDTH="131" VPOS="782" HPOS="540" CONTENT="en" ID="tl_15_4" STYLEREFS="FONT0"/>
            <SP HEIGHT="66" WIDTH="22" VPOS="782" HPOS="670"/>
            <String HEIGHT="66" WIDTH="393" VPOS="782" HPOS="605" CONTENT="reconnaissance" ID="tl_15_5" STYLEREFS="FONT0"/>
            <SP HEIGHT="66" WIDTH="22" VPOS="782" HPOS="998"/>
            <String HEIGHT="66" WIDTH="131" VPOS="782" HPOS="932" CONTENT="de" ID="tl_15_6" STYLEREFS="FONT0"/>
            <SP HEIGHT="66" WIDTH="22" VPOS="782" HPOS="1063"/>
            <String HEIGHT="66" WIDTH="262" VPOS="782" HPOS="998" CONTENT="quelques" ID="tl_15_7" STYLEREFS="FONT0"/>
            <SP HEIGHT="66" WIDTH="22" VPOS="782" HPOS="1259"/>
            <String HEIGHT="66" WIDTH="262" VPOS="782" HPOS="1194" CONTENT="services" ID="tl_15_8" STYLEREFS="FONT0"/>
            <SP HEIGHT="66" WIDTH="22" VPOS="782" HPOS="1456"/>
            <String HEIGHT="66" WIDTH="153" VPOS="782" HPOS="1368" CONTENT="qu’il" ID="tl_15_9" STYLEREFS="FONT0"/>
          </TextLine>
          <TextLine ID="tl_16" BASELINE="906" HEIGHT="72" WIDTH="1349" VPOS="834" HPOS="151">
            <String HEIGHT="72" WIDTH="169" VPOS="834" HPOS="130" CONTENT="leur" ID="tl_16_1" STYLEREFS="FONT0"/>
            <SP HEIGHT="72" WIDTH="21" VPOS="834" HPOS="299"/>
            <String HEIGHT="72" WIDTH="105" VPOS="834" HPOS="235" CONTENT="a" ID="tl_16_2" STYLEREFS="FONT0"/>
            <SP HEIGHT="72" WIDTH="21" VPOS="834" HPOS="341"/>
            <String HEIGHT="72" WIDTH="211" VPOS="834" HPOS="277" CONTENT="rendu," ID="tl_16_3" STYLEREFS="FONT0"/>
            <SP HEIGHT="72" WIDTH="21" VPOS="834" HPOS="488"/>
            <String HEIGHT="72" WIDTH="253" VPOS="834" HPOS="425" CONTENT="viennent" ID="tl_16_4" STYLEREFS="FONT0"/>
            <SP HEIGHT="72" WIDTH="21" VPOS="834" HPOS="678"/>
            <String HEIGHT="72" WIDTH="126" VPOS="834" HPOS="615" CONTENT="de" ID="tl_16_5" STYLEREFS="FONT0"/>
            <SP HEIGHT="72" WIDTH="21" VPOS="834" HPOS="741"/>
            <String HEIGHT="72" WIDTH="148" VPOS="834" HPOS="678" CONTENT="lui" ID="tl_16_6" STYLEREFS="FONT0"/>
            <SP HEIGHT="72" WIDTH="21" VPOS="834" HPOS="826"/>
            <String HEIGHT="72" WIDTH="232" VPOS="834" HPOS="762" CONTENT="envoyer" ID="tl_16_7" STYLEREFS="FONT0"/>
            <SP HEIGHT="72" WIDTH="21" VPOS="834" HPOS="994"/>
            <String HEIGHT="72" WIDTH="211" VPOS="834" HPOS="931" CONTENT="toutes" ID="tl_16_8" STYLEREFS="FONT0"/>
            <SP HEIGHT="72" WIDTH="21" VPOS="834" HPOS="1142"/>
            <String HEIGHT="72" WIDTH="211" VPOS="834" HPOS="1078" CONTENT="sortes" ID="tl_16_9" STYLEREFS="FONT0"/>
            <SP HEIGHT="72" WIDTH="21" VPOS="834" HPOS="1289"/>
            <String HEIGHT="72" WIDTH="126" VPOS="834" HPOS="1226" CONTENT="de" ID="tl_16_10" STYLEREFS="FONT0"/>
            <SP HEIGHT="72" WIDTH="21" VPOS="834" HPOS="1352"/>
            <String HEIGHT="72" WIDTH="232" VPOS="834" HPOS="1268" CONTENT="présents." ID="tl_16_11" STYLEREFS="FONT0"/>
          </TextLine>
        </TextBlock>
        <TextBlock ID="r_2_10" HEIGHT="59" WIDTH="1411" VPOS="884" HPOS="106">
          <TextLine ID="tl_17" BASELINE="943" HEIGHT="70" WIDTH="1427" VPOS="873" HPOS="98">
            <String HEIGHT="70" WIDTH="181" VPOS="873" HPOS="78" CONTENT="3886." ID="tl_17_1" STYLEREFS="FONT0"/>
            <SP HEIGHT="70" WIDTH="20" VPOS="873" HPOS="259"/>
            <String HEIGHT="70" WIDTH="342" VPOS="873" HPOS="198" CONTENT="Apchon" ID="tl_17_2" STYLEREFS="FONT1"/>
            <SP HEIGHT="70" WIDTH="20" VPOS="873" HPOS="540"/>
            <String HEIGHT="70" WIDTH="181" VPOS="873" HPOS="480" CONTENT="(d’)." ID="tl_17_3" STYLEREFS="FONT0"/>
            <SP HEIGHT="70" WIDTH="20" VPOS="873" HPOS="661"/>
            <String HEIGHT="70" WIDTH="121" VPOS="873" HPOS="600" CONTENT="L." ID="tl_17_4" STYLEREFS="FONT0"/>
            <SP HEIGHT="70" WIDTH="20" VPOS="873" HPOS="721"/>
            <String HEIGHT="70" WIDTH="161" VPOS="873" HPOS="661" CONTENT="aut." ID="tl_17_5" STYLEREFS="FONT0"/>
            <SP HEIGHT="70" WIDTH="20" VPOS="873" HPOS="822"/>
            <String HEIGHT="70" WIDTH="181" VPOS="873" HPOS="761" CONTENT="sig.," ID="tl_17_6" STYLEREFS="FONT0"/>
            <SP HEIGHT="70" WIDTH="20" VPOS="873" HPOS="942"/>
            <String HEIGHT="70" WIDTH="100" VPOS="873" HPOS="882" CONTENT="à" ID="tl_17_7" STYLEREFS="FONT0"/>
            <SP HEIGHT="70" WIDTH="20" VPOS="873" HPOS="982"/>
            <String HEIGHT="70" WIDTH="141" VPOS="873" HPOS="922" CONTENT="son" ID="tl_17_8" STYLEREFS="FONT0"/>
            <SP HEIGHT="70" WIDTH="20" VPOS="873" HPOS="1063"/>
            <String HEIGHT="70" WIDTH="221" VPOS="873" HPOS="1002" CONTENT="cousin." ID="tl_17_9" STYLEREFS="FONT0"/>
            <SP HEIGHT="70" WIDTH="20" VPOS="873" HPOS="1224"/>
            <String HEIGHT="70" WIDTH="201" VPOS="873" HPOS="1163" CONTENT="Paris," ID="tl_17_10" STYLEREFS="FONT0"/>
            <SP HEIGHT="70" WIDTH="20" VPOS="873" HPOS="1364"/>
            <String HEIGHT="70" WIDTH="121" VPOS="873" HPOS="1304" CONTENT="16" ID="tl_17_11" STYLEREFS="FONT0"/>
            <SP HEIGHT="70" WIDTH="20" VPOS="873" HPOS="1425"/>
            <String HEIGHT="70" WIDTH="181" VPOS="873" HPOS="1344" CONTENT="février" ID="tl_17_12" STYLEREFS="FONT0"/>
          </TextLine>
        </TextBlock>
        <TextBlock ID="r_2_11" HEIGHT="57" WIDTH="1362" VPOS="933" HPOS="155">
          <TextLine ID="tl_18" BASELINE="999" HEIGHT="70" WIDTH="1377" VPOS="929" HPOS="147">
            <String HEIGHT="70" WIDTH="496" VPOS="929" HPOS="92" CONTENT="1752." ID="tl_18_1" STYLEREFS="FONT0"/>
            <SP HEIGHT="70" WIDTH="55" VPOS="929" HPOS="588"/>
            <String HEIGHT="70" WIDTH="275" VPOS="929" HPOS="422" CONTENT="3" ID="tl_18_2" STYLEREFS="FONT0"/>
            <SP HEIGHT="70" WIDTH="55" VPOS="929" HPOS="698"/>
            <String HEIGHT="70" WIDTH="330" VPOS="929" HPOS="533" CONTENT="p." ID="tl_18_3" STYLEREFS="FONT0"/>
            <SP HEIGHT="70" WIDTH="55" VPOS="929" HPOS="863"/>
            <String HEIGHT="70" WIDTH="386" VPOS="929" HPOS="698" CONTENT="pl." ID="tl_18_4" STYLEREFS="FONT0"/>
            <SP HEIGHT="70" WIDTH="55" VPOS="929" HPOS="1083"/>
            <String HEIGHT="70" WIDTH="496" VPOS="929" HPOS="918" CONTENT="in-4." ID="tl_18_5" STYLEREFS="FONT0"/>
            <SP HEIGHT="70" WIDTH="55" VPOS="929" HPOS="1414"/>
            <String HEIGHT="70" WIDTH="275" VPOS="929" HPOS="1249" CONTENT="7" ID="tl_18_6" STYLEREFS="FONT0"/>
            <SP HEIGHT="70" WIDTH="55" VPOS="929" HPOS="1524"/>
            <String HEIGHT="70" WIDTH="220" VPOS="929" HPOS="1304" CONTENT="50" ID="tl_18_7" STYLEREFS="FONT0"/>
          </TextLine>
        </TextBlock>
        <TextBlock ID="r_2_12" HEIGHT="96" WIDTH="1357" VPOS="979" HPOS="159">
          <TextLine ID="tl_19" BASELINE="1056" HEIGHT="103" WIDTH="1333" VPOS="953" HPOS="192">
            <String HEIGHT="103" WIDTH="459" VPOS="953" HPOS="170" CONTENT="Très-affectueuse." ID="tl_19_1" STYLEREFS="FONT0"/>
            <SP HEIGHT="103" WIDTH="22" VPOS="953" HPOS="629"/>
            <String HEIGHT="103" WIDTH="371" VPOS="953" HPOS="563" CONTENT="Intéressante." ID="tl_19_2" STYLEREFS="FONT0"/>
            <SP HEIGHT="103" WIDTH="22" VPOS="953" HPOS="935"/>
            <String HEIGHT="103" WIDTH="284" VPOS="953" HPOS="869" CONTENT="Nouvelles" ID="tl_19_3" STYLEREFS="FONT0"/>
            <SP HEIGHT="103" WIDTH="22" VPOS="953" HPOS="1154"/>
            <String HEIGHT="103" WIDTH="131" VPOS="953" HPOS="1088" CONTENT="de" ID="tl_19_4" STYLEREFS="FONT0"/>
            <SP HEIGHT="103" WIDTH="22" VPOS="953" HPOS="1219"/>
            <String HEIGHT="103" WIDTH="131" VPOS="953" HPOS="1154" CONTENT="la" ID="tl_19_5" STYLEREFS="FONT0"/>
            <SP HEIGHT="103" WIDTH="22" VPOS="953" HPOS="1285"/>
            <String HEIGHT="103" WIDTH="175" VPOS="953" HPOS="1219" CONTENT="mort" ID="tl_19_6" STYLEREFS="FONT0"/>
            <SP HEIGHT="103" WIDTH="22" VPOS="953" HPOS="1394"/>
            <String HEIGHT="103" WIDTH="131" VPOS="953" HPOS="1328" CONTENT="de" ID="tl_19_7" STYLEREFS="FONT0"/>
            <SP HEIGHT="103" WIDTH="22" VPOS="953" HPOS="1459"/>
            <String HEIGHT="103" WIDTH="131" VPOS="953" HPOS="1394" CONTENT="M." ID="tl_19_8" STYLEREFS="FONT0"/>
            <SP HEIGHT="103" WIDTH="22" VPOS="953" HPOS="1525"/>
            <String HEIGHT="103" WIDTH="87" VPOS="953" HPOS="1438" CONTENT="le" ID="tl_19_9" STYLEREFS="FONT0"/>
          </TextLine>
          <TextLine ID="tl_20" BASELINE="1083" HEIGHT="67" WIDTH="860" VPOS="1016" HPOS="151">
            <String HEIGHT="67" WIDTH="154" VPOS="1016" HPOS="129" CONTENT="duc" ID="tl_20_1" STYLEREFS="FONT0"/>
            <SP HEIGHT="67" WIDTH="22" VPOS="1016" HPOS="283"/>
            <String HEIGHT="67" WIDTH="287" VPOS="1016" HPOS="217" CONTENT="d’Orléans" ID="tl_20_2" STYLEREFS="FONT0"/>
            <SP HEIGHT="67" WIDTH="22" VPOS="1016" HPOS="504"/>
            <String HEIGHT="67" WIDTH="132" VPOS="1016" HPOS="438" CONTENT="et" ID="tl_20_3" STYLEREFS="FONT0"/>
            <SP HEIGHT="67" WIDTH="22" VPOS="1016" HPOS="570"/>
            <String HEIGHT="67" WIDTH="132" VPOS="1016" HPOS="504" CONTENT="de" ID="tl_20_4" STYLEREFS="FONT0"/>
            <SP HEIGHT="67" WIDTH="22" VPOS="1016" HPOS="636"/>
            <String HEIGHT="67" WIDTH="221" VPOS="1016" HPOS="570" CONTENT="Madame" ID="tl_20_5" STYLEREFS="FONT0"/>
            <SP HEIGHT="67" WIDTH="22" VPOS="1016" HPOS="790"/>
            <String HEIGHT="67" WIDTH="309" VPOS="1016" HPOS="702" CONTENT="Henriette..." ID="tl_20_6" STYLEREFS="FONT0"/>
          </TextLine>
        </TextBlock>
        <TextBlock ID="r_2_13" HEIGHT="58" WIDTH="1409" VPOS="1076" HPOS="108">
          <TextLine ID="tl_21" BASELINE="1131" HEIGHT="76" WIDTH="1426" VPOS="1055" HPOS="99">
            <String HEIGHT="76" WIDTH="176" VPOS="1055" HPOS="79" CONTENT="3887." ID="tl_21_1" STYLEREFS="FONT0"/>
            <SP HEIGHT="76" WIDTH="20" VPOS="1055" HPOS="255"/>
            <String HEIGHT="76" WIDTH="332" VPOS="1055" HPOS="197" CONTENT="Apchon" ID="tl_21_2" STYLEREFS="FONT1"/>
            <SP HEIGHT="76" WIDTH="20" VPOS="1055" HPOS="529"/>
            <String HEIGHT="76" WIDTH="176" VPOS="1055" HPOS="470" CONTENT="(d’)." ID="tl_21_3" STYLEREFS="FONT0"/>
            <SP HEIGHT="76" WIDTH="20" VPOS="1055" HPOS="646"/>
            <String HEIGHT="76" WIDTH="117" VPOS="1055" HPOS="587" CONTENT="L." ID="tl_21_4" STYLEREFS="FONT0"/>
            <SP HEIGHT="76" WIDTH="20" VPOS="1055" HPOS="705"/>
            <String HEIGHT="76" WIDTH="156" VPOS="1055" HPOS="646" CONTENT="aut." ID="tl_21_5" STYLEREFS="FONT0"/>
            <SP HEIGHT="76" WIDTH="20" VPOS="1055" HPOS="802"/>
            <String HEIGHT="76" WIDTH="176" VPOS="1055" HPOS="744" CONTENT="sig.," ID="tl_21_6" STYLEREFS="FONT0"/>
            <SP HEIGHT="76" WIDTH="20" VPOS="1055" HPOS="919"/>
            <String HEIGHT="76" WIDTH="98" VPOS="1055" HPOS="861" CONTENT="à" ID="tl_21_7" STYLEREFS="FONT0"/>
            <SP HEIGHT="76" WIDTH="20" VPOS="1055" HPOS="959"/>
            <String HEIGHT="76" WIDTH="117" VPOS="1055" HPOS="900" CONTENT="M." ID="tl_21_8" STYLEREFS="FONT0"/>
            <SP HEIGHT="76" WIDTH="20" VPOS="1055" HPOS="1017"/>
            <String HEIGHT="76" WIDTH="117" VPOS="1055" HPOS="959" CONTENT="de" ID="tl_21_9" STYLEREFS="FONT0"/>
            <SP HEIGHT="76" WIDTH="20" VPOS="1055" HPOS="1076"/>
            <String HEIGHT="76" WIDTH="254" VPOS="1055" HPOS="1017" CONTENT="Regnauld," ID="tl_21_10" STYLEREFS="FONT0"/>
            <SP HEIGHT="76" WIDTH="20" VPOS="1055" HPOS="1271"/>
            <String HEIGHT="76" WIDTH="98" VPOS="1055" HPOS="1212" CONTENT="à" ID="tl_21_11" STYLEREFS="FONT0"/>
            <SP HEIGHT="76" WIDTH="20" VPOS="1055" HPOS="1310"/>
            <String HEIGHT="76" WIDTH="293" VPOS="1055" HPOS="1232" CONTENT="Dijon" ID="tl_21_12" STYLEREFS="FONT2"/>
          </TextLine>
        </TextBlock>
        <TextBlock ID="r_2_14" HEIGHT="56" WIDTH="1361" VPOS="1124" HPOS="157">
          <TextLine ID="tl_22" BASELINE="1176" HEIGHT="57" WIDTH="1378" VPOS="1119" HPOS="149">
            <String HEIGHT="57" WIDTH="328" VPOS="1119" HPOS="116" CONTENT="Paris," ID="tl_22_1" STYLEREFS="FONT0"/>
            <SP HEIGHT="57" WIDTH="33" VPOS="1119" HPOS="444"/>
            <String HEIGHT="57" WIDTH="164" VPOS="1119" HPOS="346" CONTENT="3" ID="tl_22_2" STYLEREFS="FONT0"/>
            <SP HEIGHT="57" WIDTH="33" VPOS="1119" HPOS="510"/>
            <String HEIGHT="57" WIDTH="262" VPOS="1119" HPOS="411" CONTENT="mars" ID="tl_22_3" STYLEREFS="FONT0"/>
            <SP HEIGHT="57" WIDTH="33" VPOS="1119" HPOS="674"/>
            <String HEIGHT="57" WIDTH="295" VPOS="1119" HPOS="576" CONTENT="1752." ID="tl_22_4" STYLEREFS="FONT0"/>
            <SP HEIGHT="57" WIDTH="33" VPOS="1119" HPOS="871"/>
            <String HEIGHT="57" WIDTH="164" VPOS="1119" HPOS="772" CONTENT="2" ID="tl_22_5" STYLEREFS="FONT0"/>
            <SP HEIGHT="57" WIDTH="33" VPOS="1119" HPOS="936"/>
            <String HEIGHT="57" WIDTH="197" VPOS="1119" HPOS="838" CONTENT="p." ID="tl_22_6" STYLEREFS="FONT0"/>
            <SP HEIGHT="57" WIDTH="33" VPOS="1119" HPOS="1035"/>
            <String HEIGHT="57" WIDTH="295" VPOS="1119" HPOS="936" CONTENT="in-4." ID="tl_22_7" STYLEREFS="FONT0"/>
            <SP HEIGHT="57" WIDTH="33" VPOS="1119" HPOS="1232"/>
            <String HEIGHT="57" WIDTH="361" VPOS="1119" HPOS="1133" CONTENT="Cachet." ID="tl_22_8" STYLEREFS="FONT0"/>
            <SP HEIGHT="57" WIDTH="33" VPOS="1119" HPOS="1494"/>
            <String HEIGHT="57" WIDTH="164" VPOS="1119" HPOS="1396" CONTENT="6" ID="tl_22_9" STYLEREFS="FONT0"/>
            <SP HEIGHT="57" WIDTH="33" VPOS="1119" HPOS="1560"/>
            <String HEIGHT="57" WIDTH="98" VPOS="1119" HPOS="1429" CONTENT="»" ID="tl_22_10" STYLEREFS="FONT0"/>
          </TextLine>
        </TextBlock>
        <TextBlock ID="r_2_15" HEIGHT="57" WIDTH="1407" VPOS="1171" HPOS="111">
          <TextLine ID="tl_23" BASELINE="1235" HEIGHT="77" WIDTH="1423" VPOS="1158" HPOS="103">
            <String HEIGHT="77" WIDTH="175" VPOS="1158" HPOS="84" CONTENT="3888." ID="tl_23_1" STYLEREFS="FONT0"/>
            <SP HEIGHT="77" WIDTH="19" VPOS="1158" HPOS="259"/>
            <String HEIGHT="77" WIDTH="409" VPOS="1158" HPOS="200" CONTENT="Arlincourt" ID="tl_23_2" STYLEREFS="FONT1"/>
            <SP HEIGHT="77" WIDTH="19" VPOS="1158" HPOS="610"/>
            <String HEIGHT="77" WIDTH="214" VPOS="1158" HPOS="551" CONTENT="(Victor" ID="tl_23_3" STYLEREFS="FONT0"/>
            <SP HEIGHT="77" WIDTH="19" VPOS="1158" HPOS="766"/>
            <String HEIGHT="77" WIDTH="156" VPOS="1158" HPOS="707" CONTENT="d’)," ID="tl_23_4" STYLEREFS="FONT0"/>
            <SP HEIGHT="77" WIDTH="19" VPOS="1158" HPOS="863"/>
            <String HEIGHT="77" WIDTH="195" VPOS="1158" HPOS="805" CONTENT="écuyer" ID="tl_23_5" STYLEREFS="FONT0"/>
            <SP HEIGHT="77" WIDTH="19" VPOS="1158" HPOS="1000"/>
            <String HEIGHT="77" WIDTH="117" VPOS="1158" HPOS="941" CONTENT="de" ID="tl_23_6" STYLEREFS="FONT0"/>
            <SP HEIGHT="77" WIDTH="19" VPOS="1158" HPOS="1058"/>
            <String HEIGHT="77" WIDTH="117" VPOS="1158" HPOS="1000" CONTENT="S." ID="tl_23_7" STYLEREFS="FONT0"/>
            <SP HEIGHT="77" WIDTH="19" VPOS="1158" HPOS="1117"/>
            <String HEIGHT="77" WIDTH="117" VPOS="1158" HPOS="1058" CONTENT="A." ID="tl_23_8" STYLEREFS="FONT0"/>
            <SP HEIGHT="77" WIDTH="19" VPOS="1158" HPOS="1175"/>
            <String HEIGHT="77" WIDTH="117" VPOS="1158" HPOS="1117" CONTENT="I." ID="tl_23_9" STYLEREFS="FONT0"/>
            <SP HEIGHT="77" WIDTH="19" VPOS="1158" HPOS="1234"/>
            <String HEIGHT="77" WIDTH="351" VPOS="1158" HPOS="1175" CONTENT="Madame" ID="tl_23_10" STYLEREFS="FONT2"/>
            <SP HEIGHT="77" WIDTH="19" VPOS="1158" HPOS="1526"/>
            <String HEIGHT="77" WIDTH="78" VPOS="1158" HPOS="1448" CONTENT="L." ID="tl_23_11" STYLEREFS="FONT0"/>
          </TextLine>
        </TextBlock>
        <TextBlock ID="r_2_16" HEIGHT="58" WIDTH="1360" VPOS="1220" HPOS="160">
          <TextLine ID="tl_24" BASELINE="1272" HEIGHT="60" WIDTH="1378" VPOS="1212" HPOS="151">
            <String HEIGHT="60" WIDTH="240" VPOS="1212" HPOS="121" CONTENT="aut." ID="tl_24_1" STYLEREFS="FONT0"/>
            <SP HEIGHT="60" WIDTH="30" VPOS="1212" HPOS="361"/>
            <String HEIGHT="60" WIDTH="240" VPOS="1212" HPOS="271" CONTENT="sig." ID="tl_24_2" STYLEREFS="FONT0"/>
            <SP HEIGHT="60" WIDTH="30" VPOS="1212" HPOS="510"/>
            <String HEIGHT="60" WIDTH="300" VPOS="1212" HPOS="421" CONTENT="Paris," ID="tl_24_3" STYLEREFS="FONT0"/>
            <SP HEIGHT="60" WIDTH="30" VPOS="1212" HPOS="720"/>
            <String HEIGHT="60" WIDTH="150" VPOS="1212" HPOS="630" CONTENT="2" ID="tl_24_4" STYLEREFS="FONT0"/>
            <SP HEIGHT="60" WIDTH="30" VPOS="1212" HPOS="780"/>
            <String HEIGHT="60" WIDTH="270" VPOS="1212" HPOS="690" CONTENT="sept." ID="tl_24_5" STYLEREFS="FONT0"/>
            <SP HEIGHT="60" WIDTH="30" VPOS="1212" HPOS="960"/>
            <String HEIGHT="60" WIDTH="270" VPOS="1212" HPOS="870" CONTENT="1810." ID="tl_24_6" STYLEREFS="FONT0"/>
            <SP HEIGHT="60" WIDTH="30" VPOS="1212" HPOS="1140"/>
            <String HEIGHT="60" WIDTH="150" VPOS="1212" HPOS="1050" CONTENT="1" ID="tl_24_7" STYLEREFS="FONT0"/>
            <SP HEIGHT="60" WIDTH="30" VPOS="1212" HPOS="1199"/>
            <String HEIGHT="60" WIDTH="180" VPOS="1212" HPOS="1110" CONTENT="p." ID="tl_24_8" STYLEREFS="FONT0"/>
            <SP HEIGHT="60" WIDTH="30" VPOS="1212" HPOS="1289"/>
            <String HEIGHT="60" WIDTH="270" VPOS="1212" HPOS="1199" CONTENT="in-4." ID="tl_24_9" STYLEREFS="FONT0"/>
            <SP HEIGHT="60" WIDTH="30" VPOS="1212" HPOS="1469"/>
            <String HEIGHT="60" WIDTH="150" VPOS="1212" HPOS="1379" CONTENT="1" ID="tl_24_10" STYLEREFS="FONT0"/>
            <SP HEIGHT="60" WIDTH="30" VPOS="1212" HPOS="1529"/>
            <String HEIGHT="60" WIDTH="120" VPOS="1212" HPOS="1409" CONTENT="50" ID="tl_24_11" STYLEREFS="FONT0"/>
          </TextLine>
        </TextBlock>
        <TextBlock ID="r_2_17" HEIGHT="104" WIDTH="1409" VPOS="1268" HPOS="111">
          <TextLine ID="tl_25" BASELINE="1329" HEIGHT="69" WIDTH="1426" VPOS="1260" HPOS="102">
            <String HEIGHT="69" WIDTH="192" VPOS="1260" HPOS="81" CONTENT="3889." ID="tl_25_1" STYLEREFS="FONT0"/>
            <SP HEIGHT="69" WIDTH="21" VPOS="1260" HPOS="272"/>
            <String HEIGHT="69" WIDTH="383" VPOS="1260" HPOS="208" CONTENT="Armandi" ID="tl_25_2" STYLEREFS="FONT1"/>
            <SP HEIGHT="69" WIDTH="21" VPOS="1260" HPOS="592"/>
            <String HEIGHT="69" WIDTH="149" VPOS="1260" HPOS="528" CONTENT="(le" ID="tl_25_3" STYLEREFS="FONT0"/>
            <SP HEIGHT="69" WIDTH="21" VPOS="1260" HPOS="677"/>
            <String HEIGHT="69" WIDTH="277" VPOS="1260" HPOS="613" CONTENT="colonel)," ID="tl_25_4" STYLEREFS="FONT0"/>
            <SP HEIGHT="69" WIDTH="21" VPOS="1260" HPOS="889"/>
            <String HEIGHT="69" WIDTH="213" VPOS="1260" HPOS="826" CONTENT="auteur" ID="tl_25_5" STYLEREFS="FONT0"/>
            <SP HEIGHT="69" WIDTH="21" VPOS="1260" HPOS="1038"/>
            <String HEIGHT="69" WIDTH="170" VPOS="1260" HPOS="975" CONTENT="d’un" ID="tl_25_6" STYLEREFS="FONT0"/>
            <SP HEIGHT="69" WIDTH="21" VPOS="1260" HPOS="1145"/>
            <String HEIGHT="69" WIDTH="234" VPOS="1260" HPOS="1081" CONTENT="ouvrage" ID="tl_25_7" STYLEREFS="FONT0"/>
            <SP HEIGHT="69" WIDTH="21" VPOS="1260" HPOS="1315"/>
            <String HEIGHT="69" WIDTH="149" VPOS="1260" HPOS="1251" CONTENT="sur" ID="tl_25_8" STYLEREFS="FONT0"/>
            <SP HEIGHT="69" WIDTH="21" VPOS="1260" HPOS="1400"/>
            <String HEIGHT="69" WIDTH="213" VPOS="1260" HPOS="1315" CONTENT="l’emploi" ID="tl_25_9" STYLEREFS="FONT0"/>
          </TextLine>
          <TextLine ID="tl_26" BASELINE="1372" HEIGHT="51" WIDTH="1378" VPOS="1321" HPOS="149">
            <String HEIGHT="51" WIDTH="144" VPOS="1321" HPOS="128" CONTENT="des" ID="tl_26_1" STYLEREFS="FONT0"/>
            <SP HEIGHT="51" WIDTH="21" VPOS="1321" HPOS="272"/>
            <String HEIGHT="51" WIDTH="267" VPOS="1321" HPOS="211" CONTENT="éléphants" ID="tl_26_2" STYLEREFS="FONT0"/>
            <SP HEIGHT="51" WIDTH="21" VPOS="1321" HPOS="478"/>
            <String HEIGHT="51" WIDTH="165" VPOS="1321" HPOS="416" CONTENT="dans" ID="tl_26_3" STYLEREFS="FONT0"/>
            <SP HEIGHT="51" WIDTH="21" VPOS="1321" HPOS="581"/>
            <String HEIGHT="51" WIDTH="144" VPOS="1321" HPOS="519" CONTENT="les" ID="tl_26_4" STYLEREFS="FONT0"/>
            <SP HEIGHT="51" WIDTH="21" VPOS="1321" HPOS="663"/>
            <String HEIGHT="51" WIDTH="226" VPOS="1321" HPOS="601" CONTENT="armées." ID="tl_26_5" STYLEREFS="FONT0"/>
            <SP HEIGHT="51" WIDTH="21" VPOS="1321" HPOS="828"/>
            <String HEIGHT="51" WIDTH="123" VPOS="1321" HPOS="766" CONTENT="L." ID="tl_26_6" STYLEREFS="FONT0"/>
            <SP HEIGHT="51" WIDTH="21" VPOS="1321" HPOS="889"/>
            <String HEIGHT="51" WIDTH="165" VPOS="1321" HPOS="828" CONTENT="aut." ID="tl_26_7" STYLEREFS="FONT0"/>
            <SP HEIGHT="51" WIDTH="21" VPOS="1321" HPOS="992"/>
            <String HEIGHT="51" WIDTH="206" VPOS="1321" HPOS="931" CONTENT="Samedi" ID="tl_26_8" STYLEREFS="FONT0"/>
            <SP HEIGHT="51" WIDTH="21" VPOS="1321" HPOS="1136"/>
            <String HEIGHT="51" WIDTH="206" VPOS="1321" HPOS="1075" CONTENT="matin," ID="tl_26_9" STYLEREFS="FONT0"/>
            <SP HEIGHT="51" WIDTH="21" VPOS="1321" HPOS="1280"/>
            <String HEIGHT="51" WIDTH="103" VPOS="1321" HPOS="1218" CONTENT="1" ID="tl_26_10" STYLEREFS="FONT0"/>
            <SP HEIGHT="51" WIDTH="21" VPOS="1321" HPOS="1321"/>
            <String HEIGHT="51" WIDTH="123" VPOS="1321" HPOS="1260" CONTENT="p." ID="tl_26_11" STYLEREFS="FONT0"/>
            <SP HEIGHT="51" WIDTH="21" VPOS="1321" HPOS="1383"/>
            <String HEIGHT="51" WIDTH="185" VPOS="1321" HPOS="1321" CONTENT="in-8." ID="tl_26_12" STYLEREFS="FONT0"/>
            <SP HEIGHT="51" WIDTH="21" VPOS="1321" HPOS="1506"/>
            <String HEIGHT="51" WIDTH="103" VPOS="1321" HPOS="1445" CONTENT="2" ID="tl_26_13" STYLEREFS="FONT0"/>
            <SP HEIGHT="51" WIDTH="21" VPOS="1321" HPOS="1548"/>
            <String HEIGHT="51" WIDTH="62" VPOS="1321" HPOS="1465" CONTENT="»" ID="tl_26_14" STYLEREFS="FONT0"/>
          </TextLine>
        </TextBlock>
        <TextBlock ID="r_2_18" HEIGHT="54" WIDTH="1408" VPOS="1364" HPOS="112">
          <TextLine ID="tl_27" BASELINE="1413" HEIGHT="55" WIDTH="1424" VPOS="1358" HPOS="104">
            <String HEIGHT="55" WIDTH="169" VPOS="1358" HPOS="85" CONTENT="3890." ID="tl_27_1" STYLEREFS="FONT0"/>
            <SP HEIGHT="55" WIDTH="19" VPOS="1358" HPOS="254"/>
            <String HEIGHT="55" WIDTH="319" VPOS="1358" HPOS="198" CONTENT="Arnaud" ID="tl_27_2" STYLEREFS="FONT1"/>
            <SP HEIGHT="55" WIDTH="19" VPOS="1358" HPOS="516"/>
            <String HEIGHT="55" WIDTH="356" VPOS="1358" HPOS="460" CONTENT="(François-Marie" ID="tl_27_3" STYLEREFS="FONT0"/>
            <SP HEIGHT="55" WIDTH="19" VPOS="1358" HPOS="816"/>
            <String HEIGHT="55" WIDTH="356" VPOS="1358" HPOS="760" CONTENT="Baculard" ID="tl_27_4" STYLEREFS="FONT2"/>
            <SP HEIGHT="55" WIDTH="19" VPOS="1358" HPOS="1116"/>
            <String HEIGHT="55" WIDTH="150" VPOS="1358" HPOS="1060" CONTENT="d’)," ID="tl_27_5" STYLEREFS="FONT0"/>
            <SP HEIGHT="55" WIDTH="19" VPOS="1358" HPOS="1209"/>
            <String HEIGHT="55" WIDTH="262" VPOS="1358" HPOS="1153" CONTENT="romancier," ID="tl_27_6" STYLEREFS="FONT0"/>
            <SP HEIGHT="55" WIDTH="19" VPOS="1358" HPOS="1416"/>
            <String HEIGHT="55" WIDTH="187" VPOS="1358" HPOS="1341" CONTENT="littéra" ID="tl_27_7" STYLEREFS="FONT0"/>
          </TextLine>
        </TextBlock>
        <TextBlock ID="r_2_19" HEIGHT="104" WIDTH="1364" VPOS="1412" HPOS="158">
          <TextLine ID="tl_28" BASELINE="1469" HEIGHT="65" WIDTH="1378" VPOS="1404" HPOS="152">
            <String HEIGHT="65" WIDTH="191" VPOS="1404" HPOS="131" CONTENT="teur," ID="tl_28_1" STYLEREFS="FONT0"/>
            <SP HEIGHT="65" WIDTH="21" VPOS="1404" HPOS="322"/>
            <String HEIGHT="65" WIDTH="212" VPOS="1404" HPOS="258" CONTENT="auteur" ID="tl_28_2" STYLEREFS="FONT0"/>
            <SP HEIGHT="65" WIDTH="21" VPOS="1404" HPOS="470"/>
            <String HEIGHT="65" WIDTH="318" VPOS="1404" HPOS="406" CONTENT="dramatique." ID="tl_28_3" STYLEREFS="FONT0"/>
            <SP HEIGHT="65" WIDTH="21" VPOS="1404" HPOS="724"/>
            <String HEIGHT="65" WIDTH="127" VPOS="1404" HPOS="661" CONTENT="L." ID="tl_28_4" STYLEREFS="FONT0"/>
            <SP HEIGHT="65" WIDTH="21" VPOS="1404" HPOS="788"/>
            <String HEIGHT="65" WIDTH="170" VPOS="1404" HPOS="724" CONTENT="aut." ID="tl_28_5" STYLEREFS="FONT0"/>
            <SP HEIGHT="65" WIDTH="21" VPOS="1404" HPOS="894"/>
            <String HEIGHT="65" WIDTH="191" VPOS="1404" HPOS="830" CONTENT="sig.," ID="tl_28_6" STYLEREFS="FONT0"/>
            <SP HEIGHT="65" WIDTH="21" VPOS="1404" HPOS="1021"/>
            <String HEIGHT="65" WIDTH="127" VPOS="1404" HPOS="958" CONTENT="au" ID="tl_28_7" STYLEREFS="FONT0"/>
            <SP HEIGHT="65" WIDTH="21" VPOS="1404" HPOS="1085"/>
            <String HEIGHT="65" WIDTH="233" VPOS="1404" HPOS="1021" CONTENT="citoyen" ID="tl_28_8" STYLEREFS="FONT0"/>
            <SP HEIGHT="65" WIDTH="21" VPOS="1404" HPOS="1254"/>
            <String HEIGHT="65" WIDTH="254" VPOS="1404" HPOS="1191" CONTENT="Arnault." ID="tl_28_9" STYLEREFS="FONT0"/>
            <SP HEIGHT="65" WIDTH="21" VPOS="1404" HPOS="1445"/>
            <String HEIGHT="65" WIDTH="127" VPOS="1404" HPOS="1382" CONTENT="29" ID="tl_28_10" STYLEREFS="FONT0"/>
            <SP HEIGHT="65" WIDTH="21" VPOS="1404" HPOS="1509"/>
            <String HEIGHT="65" WIDTH="106" VPOS="1404" HPOS="1424" CONTENT="ni" SUBS_TYPE="HypPart1" SUBS_CONTENT="nivôse" ID="tl_28_11" STYLEREFS="FONT0"/>
            <HYP CONTENT="-"/>
          </TextLine>
          <TextLine ID="tl_29" BASELINE="1513" HEIGHT="60" WIDTH="1377" VPOS="1453" HPOS="150">
            <String HEIGHT="60" WIDTH="334" VPOS="1453" HPOS="108" CONTENT="vôse" SUBS_TYPE="HypPart2" SUBS_CONTENT="nivôse" ID="tl_29_1" STYLEREFS="FONT0"/>
            <SP HEIGHT="60" WIDTH="42" VPOS="1453" HPOS="442"/>
            <String HEIGHT="60" WIDTH="250" VPOS="1453" HPOS="317" CONTENT="an" ID="tl_29_2" STYLEREFS="FONT0"/>
            <SP HEIGHT="60" WIDTH="42" VPOS="1453" HPOS="567"/>
            <String HEIGHT="60" WIDTH="376" VPOS="1453" HPOS="442" CONTENT="VIII." ID="tl_29_3" STYLEREFS="FONT0"/>
            <SP HEIGHT="60" WIDTH="42" VPOS="1453" HPOS="818"/>
            <String HEIGHT="60" WIDTH="250" VPOS="1453" HPOS="692" CONTENT="1." ID="tl_29_4" STYLEREFS="FONT0"/>
            <SP HEIGHT="60" WIDTH="42" VPOS="1453" HPOS="943"/>
            <String HEIGHT="60" WIDTH="250" VPOS="1453" HPOS="818" CONTENT="p." ID="tl_29_5" STYLEREFS="FONT0"/>
            <SP HEIGHT="60" WIDTH="42" VPOS="1453" HPOS="1068"/>
            <String HEIGHT="60" WIDTH="292" VPOS="1453" HPOS="943" CONTENT="pl." ID="tl_29_6" STYLEREFS="FONT0"/>
            <SP HEIGHT="60" WIDTH="42" VPOS="1453" HPOS="1235"/>
            <String HEIGHT="60" WIDTH="376" VPOS="1453" HPOS="1110" CONTENT="in-4." ID="tl_29_7" STYLEREFS="FONT0"/>
            <SP HEIGHT="60" WIDTH="42" VPOS="1453" HPOS="1485"/>
            <String HEIGHT="60" WIDTH="209" VPOS="1453" HPOS="1360" CONTENT="6" ID="tl_29_8" STYLEREFS="FONT0"/>
            <SP HEIGHT="60" WIDTH="42" VPOS="1453" HPOS="1569"/>
            <String HEIGHT="60" WIDTH="125" VPOS="1453" HPOS="1402" CONTENT="»" ID="tl_29_9" STYLEREFS="FONT0"/>
          </TextLine>
        </TextBlock>
        <TextBlock ID="r_2_20" HEIGHT="200" WIDTH="1364" VPOS="1507" HPOS="158">
          <TextLine ID="tl_30" BASELINE="1564" HEIGHT="84" WIDTH="1330" VPOS="1480" HPOS="198">
            <String HEIGHT="84" WIDTH="125" VPOS="1480" HPOS="177" CONTENT="Il" ID="tl_30_1" STYLEREFS="FONT0"/>
            <SP HEIGHT="84" WIDTH="21" VPOS="1480" HPOS="302"/>
            <String HEIGHT="84" WIDTH="374" VPOS="1480" HPOS="240" CONTENT="n’entreprendra" ID="tl_30_2" STYLEREFS="FONT0"/>
            <SP HEIGHT="84" WIDTH="21" VPOS="1480" HPOS="614"/>
            <String HEIGHT="84" WIDTH="145" VPOS="1480" HPOS="551" CONTENT="pas" ID="tl_30_3" STYLEREFS="FONT0"/>
            <SP HEIGHT="84" WIDTH="21" VPOS="1480" HPOS="697"/>
            <String HEIGHT="84" WIDTH="125" VPOS="1480" HPOS="634" CONTENT="de" ID="tl_30_4" STYLEREFS="FONT0"/>
            <SP HEIGHT="84" WIDTH="21" VPOS="1480" HPOS="759"/>
            <String HEIGHT="84" WIDTH="145" VPOS="1480" HPOS="697" CONTENT="lui" ID="tl_30_5" STYLEREFS="FONT0"/>
            <SP HEIGHT="84" WIDTH="21" VPOS="1480" HPOS="842"/>
            <String HEIGHT="84" WIDTH="229" VPOS="1480" HPOS="780" CONTENT="peindre" ID="tl_30_6" STYLEREFS="FONT0"/>
            <SP HEIGHT="84" WIDTH="21" VPOS="1480" HPOS="1008"/>
            <String HEIGHT="84" WIDTH="125" VPOS="1480" HPOS="946" CONTENT="sa" ID="tl_30_7" STYLEREFS="FONT0"/>
            <SP HEIGHT="84" WIDTH="21" VPOS="1480" HPOS="1071"/>
            <String HEIGHT="84" WIDTH="229" VPOS="1480" HPOS="1008" CONTENT="misère," ID="tl_30_8" STYLEREFS="FONT0"/>
            <SP HEIGHT="84" WIDTH="21" VPOS="1480" HPOS="1237"/>
            <String HEIGHT="84" WIDTH="166" VPOS="1480" HPOS="1175" CONTENT="elle" ID="tl_30_9" STYLEREFS="FONT0"/>
            <SP HEIGHT="84" WIDTH="21" VPOS="1480" HPOS="1341"/>
            <String HEIGHT="84" WIDTH="145" VPOS="1480" HPOS="1279" CONTENT="est" ID="tl_30_10" STYLEREFS="FONT0"/>
            <SP HEIGHT="84" WIDTH="21" VPOS="1480" HPOS="1424"/>
            <String HEIGHT="84" WIDTH="125" VPOS="1480" HPOS="1362" CONTENT="au" ID="tl_30_11" STYLEREFS="FONT0"/>
            <SP HEIGHT="84" WIDTH="21" VPOS="1480" HPOS="1486"/>
            <String HEIGHT="84" WIDTH="125" VPOS="1480" HPOS="1403" CONTENT="com" SUBS_TYPE="HypPart1" SUBS_CONTENT="comble," ID="tl_30_12" STYLEREFS="FONT0"/>
            <HYP CONTENT="-"/>
          </TextLine>
          <TextLine ID="tl_31" BASELINE="1606" HEIGHT="63" WIDTH="1379" VPOS="1543" HPOS="150">
            <String HEIGHT="63" WIDTH="165" VPOS="1543" HPOS="129" CONTENT="ble," SUBS_TYPE="HypPart2" SUBS_CONTENT="comble," ID="tl_31_1" STYLEREFS="FONT0"/>
            <SP HEIGHT="63" WIDTH="21" VPOS="1543" HPOS="294"/>
            <String HEIGHT="63" WIDTH="123" VPOS="1543" HPOS="232" CONTENT="et" ID="tl_31_2" STYLEREFS="FONT0"/>
            <SP HEIGHT="63" WIDTH="21" VPOS="1543" HPOS="356"/>
            <String HEIGHT="63" WIDTH="123" VPOS="1543" HPOS="294" CONTENT="si" ID="tl_31_3" STYLEREFS="FONT0"/>
            <SP HEIGHT="63" WIDTH="21" VPOS="1543" HPOS="418"/>
            <String HEIGHT="63" WIDTH="123" VPOS="1543" HPOS="356" CONTENT="le" ID="tl_31_4" STYLEREFS="FONT0"/>
            <SP HEIGHT="63" WIDTH="21" VPOS="1543" HPOS="479"/>
            <String HEIGHT="63" WIDTH="226" VPOS="1543" HPOS="418" CONTENT="secours" ID="tl_31_5" STYLEREFS="FONT0"/>
            <SP HEIGHT="63" WIDTH="21" VPOS="1543" HPOS="644"/>
            <String HEIGHT="63" WIDTH="185" VPOS="1543" HPOS="582" CONTENT="qu’il" ID="tl_31_6" STYLEREFS="FONT0"/>
            <SP HEIGHT="63" WIDTH="21" VPOS="1543" HPOS="767"/>
            <String HEIGHT="63" WIDTH="206" VPOS="1543" HPOS="706" CONTENT="attend" ID="tl_31_7" STYLEREFS="FONT0"/>
            <SP HEIGHT="63" WIDTH="21" VPOS="1543" HPOS="912"/>
            <String HEIGHT="63" WIDTH="123" VPOS="1543" HPOS="850" CONTENT="de" ID="tl_31_8" STYLEREFS="FONT0"/>
            <SP HEIGHT="63" WIDTH="21" VPOS="1543" HPOS="973"/>
            <String HEIGHT="63" WIDTH="123" VPOS="1543" HPOS="912" CONTENT="la" ID="tl_31_9" STYLEREFS="FONT0"/>
            <SP HEIGHT="63" WIDTH="21" VPOS="1543" HPOS="1035"/>
            <String HEIGHT="63" WIDTH="350" VPOS="1543" HPOS="973" CONTENT="bienveillance" ID="tl_31_10" STYLEREFS="FONT0"/>
            <SP HEIGHT="63" WIDTH="21" VPOS="1543" HPOS="1323"/>
            <String HEIGHT="63" WIDTH="123" VPOS="1543" HPOS="1261" CONTENT="du" ID="tl_31_11" STYLEREFS="FONT0"/>
            <SP HEIGHT="63" WIDTH="21" VPOS="1543" HPOS="1385"/>
            <String HEIGHT="63" WIDTH="226" VPOS="1543" HPOS="1303" CONTENT="gouverne" SUBS_TYPE="HypPart1" SUBS_CONTENT="gouvernenement" ID="tl_31_12" STYLEREFS="FONT0"/>
            <HYP CONTENT="-"/>
          </TextLine>
          <TextLine ID="tl_32" BASELINE="1678" HEIGHT="79" WIDTH="1374" VPOS="1599" HPOS="154">
            <String HEIGHT="79" WIDTH="222" VPOS="1599" HPOS="132" CONTENT="nement" SUBS_TYPE="HypPart2" SUBS_CONTENT="gouvernenement" ID="tl_32_1" STYLEREFS="FONT0"/>
            <SP HEIGHT="79" WIDTH="22" VPOS="1599" HPOS="353"/>
            <String HEIGHT="79" WIDTH="133" VPOS="1599" HPOS="287" CONTENT="et" ID="tl_32_2" STYLEREFS="FONT0"/>
            <SP HEIGHT="79" WIDTH="22" VPOS="1599" HPOS="420"/>
            <String HEIGHT="79" WIDTH="133" VPOS="1599" HPOS="353" CONTENT="de" ID="tl_32_3" STYLEREFS="FONT0"/>
            <SP HEIGHT="79" WIDTH="22" VPOS="1599" HPOS="486"/>
            <String HEIGHT="79" WIDTH="133" VPOS="1599" HPOS="420" CONTENT="la" ID="tl_32_4" STYLEREFS="FONT0"/>
            <SP HEIGHT="79" WIDTH="22" VPOS="1599" HPOS="553"/>
            <String HEIGHT="79" WIDTH="222" VPOS="1599" HPOS="486" CONTENT="sienne" ID="tl_32_5" STYLEREFS="FONT0"/>
            <SP HEIGHT="79" WIDTH="22" VPOS="1599" HPOS="708"/>
            <String HEIGHT="79" WIDTH="199" VPOS="1599" HPOS="642" CONTENT="tarde" ID="tl_32_6" STYLEREFS="FONT0"/>
            <SP HEIGHT="79" WIDTH="22" VPOS="1599" HPOS="841"/>
            <String HEIGHT="79" WIDTH="222" VPOS="1599" HPOS="775" CONTENT="encore" ID="tl_32_7" STYLEREFS="FONT0"/>
            <SP HEIGHT="79" WIDTH="22" VPOS="1599" HPOS="996"/>
            <String HEIGHT="79" WIDTH="266" VPOS="1599" HPOS="930" CONTENT="quelques" ID="tl_32_8" STYLEREFS="FONT0"/>
            <SP HEIGHT="79" WIDTH="22" VPOS="1599" HPOS="1196"/>
            <String HEIGHT="79" WIDTH="222" VPOS="1599" HPOS="1129" CONTENT="jours," ID="tl_32_9" STYLEREFS="FONT0"/>
            <SP HEIGHT="79" WIDTH="22" VPOS="1599" HPOS="1351"/>
            <String HEIGHT="79" WIDTH="133" VPOS="1599" HPOS="1284" CONTENT="il" ID="tl_32_10" STYLEREFS="FONT0"/>
            <SP HEIGHT="79" WIDTH="22" VPOS="1599" HPOS="1417"/>
            <String HEIGHT="79" WIDTH="133" VPOS="1599" HPOS="1351" CONTENT="ne" ID="tl_32_11" STYLEREFS="FONT0"/>
            <SP HEIGHT="79" WIDTH="22" VPOS="1599" HPOS="1484"/>
            <String HEIGHT="79" WIDTH="133" VPOS="1599" HPOS="1395" CONTENT="sera" ID="tl_32_12" STYLEREFS="FONT0"/>
          </TextLine>
          <TextLine ID="tl_33" BASELINE="1709" HEIGHT="60" WIDTH="745" VPOS="1649" HPOS="150">
            <String HEIGHT="60" WIDTH="170" VPOS="1649" HPOS="129" CONTENT="plus" ID="tl_33_1" STYLEREFS="FONT0"/>
            <SP HEIGHT="60" WIDTH="21" VPOS="1649" HPOS="299"/>
            <String HEIGHT="60" WIDTH="192" VPOS="1649" HPOS="235" CONTENT="temps" ID="tl_33_2" STYLEREFS="FONT0"/>
            <SP HEIGHT="60" WIDTH="21" VPOS="1649" HPOS="427"/>
            <String HEIGHT="60" WIDTH="128" VPOS="1649" HPOS="363" CONTENT="de" ID="tl_33_3" STYLEREFS="FONT0"/>
            <SP HEIGHT="60" WIDTH="21" VPOS="1649" HPOS="491"/>
            <String HEIGHT="60" WIDTH="128" VPOS="1649" HPOS="427" CONTENT="le" ID="tl_33_4" STYLEREFS="FONT0"/>
            <SP HEIGHT="60" WIDTH="21" VPOS="1649" HPOS="554"/>
            <String HEIGHT="60" WIDTH="255" VPOS="1649" HPOS="491" CONTENT="rappeler" ID="tl_33_5" STYLEREFS="FONT0"/>
            <SP HEIGHT="60" WIDTH="21" VPOS="1649" HPOS="746"/>
            <String HEIGHT="60" WIDTH="106" VPOS="1649" HPOS="682" CONTENT="à" ID="tl_33_6" STYLEREFS="FONT0"/>
            <SP HEIGHT="60" WIDTH="21" VPOS="1649" HPOS="789"/>
            <String HEIGHT="60" WIDTH="128" VPOS="1649" HPOS="725" CONTENT="la" ID="tl_33_7" STYLEREFS="FONT0"/>
            <SP HEIGHT="60" WIDTH="21" VPOS="1649" HPOS="852"/>
            <String HEIGHT="60" WIDTH="128" VPOS="1649" HPOS="767" CONTENT="vie." ID="tl_33_8" STYLEREFS="FONT0"/>
          </TextLine>
        </TextBlock>
        <TextBlock ID="r_2_21" HEIGHT="106" WIDTH="1410" VPOS="1699" HPOS="112">
          <TextLine ID="tl_34" BASELINE="1755" HEIGHT="90" WIDTH="1425" VPOS="1665" HPOS="103">
            <String HEIGHT="90" WIDTH="191" VPOS="1665" HPOS="82" CONTENT="3891." ID="tl_34_1" STYLEREFS="FONT0"/>
            <SP HEIGHT="90" WIDTH="21" VPOS="1665" HPOS="273"/>
            <String HEIGHT="90" WIDTH="319" VPOS="1665" HPOS="209" CONTENT="Arne" ID="tl_34_2" STYLEREFS="FONT1"/>
            <SP HEIGHT="90" WIDTH="21" VPOS="1665" HPOS="528"/>
            <String HEIGHT="90" WIDTH="149" VPOS="1665" HPOS="465" CONTENT="(le" ID="tl_34_3" STYLEREFS="FONT0"/>
            <SP HEIGHT="90" WIDTH="21" VPOS="1665" HPOS="613"/>
            <String HEIGHT="90" WIDTH="234" VPOS="1665" HPOS="550" CONTENT="docteur" ID="tl_34_4" STYLEREFS="FONT0"/>
            <SP HEIGHT="90" WIDTH="21" VPOS="1665" HPOS="784"/>
            <String HEIGHT="90" WIDTH="255" VPOS="1665" HPOS="720" CONTENT="Thomas)," ID="tl_34_5" STYLEREFS="FONT0"/>
            <SP HEIGHT="90" WIDTH="21" VPOS="1665" HPOS="975"/>
            <String HEIGHT="90" WIDTH="234" VPOS="1665" HPOS="911" CONTENT="célèbre" ID="tl_34_6" STYLEREFS="FONT0"/>
            <SP HEIGHT="90" WIDTH="21" VPOS="1665" HPOS="1145"/>
            <String HEIGHT="90" WIDTH="319" VPOS="1665" HPOS="1081" CONTENT="compositeur" ID="tl_34_7" STYLEREFS="FONT0"/>
            <SP HEIGHT="90" WIDTH="21" VPOS="1665" HPOS="1400"/>
            <String HEIGHT="90" WIDTH="213" VPOS="1665" HPOS="1315" CONTENT="anglais." ID="tl_34_8" STYLEREFS="FONT0"/>
          </TextLine>
          <TextLine ID="tl_35" BASELINE="1796" HEIGHT="56" WIDTH="1379" VPOS="1740" HPOS="151">
            <String HEIGHT="56" WIDTH="165" VPOS="1740" HPOS="133" CONTENT="Pièce" ID="tl_35_1" STYLEREFS="FONT0"/>
            <SP HEIGHT="56" WIDTH="18" VPOS="1740" HPOS="298"/>
            <String HEIGHT="56" WIDTH="147" VPOS="1740" HPOS="243" CONTENT="sig." ID="tl_35_2" STYLEREFS="FONT0"/>
            <SP HEIGHT="56" WIDTH="18" VPOS="1740" HPOS="390"/>
            <String HEIGHT="56" WIDTH="129" VPOS="1740" HPOS="335" CONTENT="(en" ID="tl_35_3" STYLEREFS="FONT0"/>
            <SP HEIGHT="56" WIDTH="18" VPOS="1740" HPOS="464"/>
            <String HEIGHT="56" WIDTH="239" VPOS="1740" HPOS="408" CONTENT="anglais)." ID="tl_35_4" STYLEREFS="FONT0"/>
            <SP HEIGHT="56" WIDTH="18" VPOS="1740" HPOS="647"/>
            <String HEIGHT="56" WIDTH="165" VPOS="1740" HPOS="592" CONTENT="1785." ID="tl_35_5" STYLEREFS="FONT0"/>
            <SP HEIGHT="56" WIDTH="18" VPOS="1740" HPOS="758"/>
            <String HEIGHT="56" WIDTH="92" VPOS="1740" HPOS="703" CONTENT="1" ID="tl_35_6" STYLEREFS="FONT0"/>
            <SP HEIGHT="56" WIDTH="18" VPOS="1740" HPOS="795"/>
            <String HEIGHT="56" WIDTH="110" VPOS="1740" HPOS="739" CONTENT="p." ID="tl_35_7" STYLEREFS="FONT0"/>
            <SP HEIGHT="56" WIDTH="18" VPOS="1740" HPOS="850"/>
            <String HEIGHT="56" WIDTH="129" VPOS="1740" HPOS="795" CONTENT="pl." ID="tl_35_8" STYLEREFS="FONT0"/>
            <SP HEIGHT="56" WIDTH="18" VPOS="1740" HPOS="923"/>
            <String HEIGHT="56" WIDTH="165" VPOS="1740" HPOS="868" CONTENT="in-4." ID="tl_35_9" STYLEREFS="FONT0"/>
            <SP HEIGHT="56" WIDTH="18" VPOS="1740" HPOS="1034"/>
            <String HEIGHT="56" WIDTH="294" VPOS="1740" HPOS="978" CONTENT="Rare" ID="tl_35_10" STYLEREFS="FONT2"/>
            <SP HEIGHT="56" WIDTH="18" VPOS="1740" HPOS="1273"/>
            <String HEIGHT="56" WIDTH="184" VPOS="1740" HPOS="1217" CONTENT="Portr." ID="tl_35_11" STYLEREFS="FONT0"/>
            <SP HEIGHT="56" WIDTH="18" VPOS="1740" HPOS="1401"/>
            <String HEIGHT="56" WIDTH="165" VPOS="1740" HPOS="1346" CONTENT="in-8." ID="tl_35_12" STYLEREFS="FONT0"/>
            <SP HEIGHT="56" WIDTH="18" VPOS="1740" HPOS="1512"/>
            <String HEIGHT="56" WIDTH="92" VPOS="1740" HPOS="1456" CONTENT="3" ID="tl_35_13" STYLEREFS="FONT0"/>
            <SP HEIGHT="56" WIDTH="18" VPOS="1740" HPOS="1548"/>
            <String HEIGHT="56" WIDTH="55" VPOS="1740" HPOS="1475" CONTENT="»" ID="tl_35_14" STYLEREFS="FONT0"/>
          </TextLine>
        </TextBlock>
        <TextBlock ID="r_2_22" HEIGHT="56" WIDTH="1410" VPOS="1795" HPOS="112">
          <TextLine ID="tl_36" BASELINE="1855" HEIGHT="65" WIDTH="1425" VPOS="1790" HPOS="104">
            <String HEIGHT="65" WIDTH="162" VPOS="1790" HPOS="86" CONTENT="3892." ID="tl_36_1" STYLEREFS="FONT0"/>
            <SP HEIGHT="65" WIDTH="18" VPOS="1790" HPOS="248"/>
            <String HEIGHT="65" WIDTH="325" VPOS="1790" HPOS="194" CONTENT="Arouet," ID="tl_36_2" STYLEREFS="FONT1"/>
            <SP HEIGHT="65" WIDTH="18" VPOS="1790" HPOS="519"/>
            <String HEIGHT="65" WIDTH="144" VPOS="1790" HPOS="465" CONTENT="père" ID="tl_36_3" STYLEREFS="FONT0"/>
            <SP HEIGHT="65" WIDTH="18" VPOS="1790" HPOS="609"/>
            <String HEIGHT="65" WIDTH="108" VPOS="1790" HPOS="555" CONTENT="de" ID="tl_36_4" STYLEREFS="FONT0"/>
            <SP HEIGHT="65" WIDTH="18" VPOS="1790" HPOS="663"/>
            <String HEIGHT="65" WIDTH="234" VPOS="1790" HPOS="609" CONTENT="Voltaire," ID="tl_36_5" STYLEREFS="FONT0"/>
            <SP HEIGHT="65" WIDTH="18" VPOS="1790" HPOS="844"/>
            <String HEIGHT="65" WIDTH="198" VPOS="1790" HPOS="789" CONTENT="notaire" ID="tl_36_6" STYLEREFS="FONT0"/>
            <SP HEIGHT="65" WIDTH="18" VPOS="1790" HPOS="988"/>
            <String HEIGHT="65" WIDTH="108" VPOS="1790" HPOS="934" CONTENT="au" ID="tl_36_7" STYLEREFS="FONT0"/>
            <SP HEIGHT="65" WIDTH="18" VPOS="1790" HPOS="1042"/>
            <String HEIGHT="65" WIDTH="361" VPOS="1790" HPOS="988" CONTENT="Châtelet" ID="tl_36_8" STYLEREFS="FONT2"/>
            <SP HEIGHT="65" WIDTH="18" VPOS="1790" HPOS="1349"/>
            <String HEIGHT="65" WIDTH="234" VPOS="1790" HPOS="1295" CONTENT="trésorier" ID="tl_36_9" STYLEREFS="FONT0"/>
            <SP HEIGHT="65" WIDTH="18" VPOS="1790" HPOS="1529"/>
            <String HEIGHT="65" WIDTH="72" VPOS="1790" HPOS="1457" CONTENT="de" ID="tl_36_10" STYLEREFS="FONT0"/>
          </TextLine>
        </TextBlock>
        <TextBlock ID="r_2_23" HEIGHT="150" WIDTH="1366" VPOS="1844" HPOS="158">
          <TextLine ID="tl_37" BASELINE="1896" HEIGHT="65" WIDTH="1377" VPOS="1831" HPOS="153">
            <String HEIGHT="65" WIDTH="129" VPOS="1831" HPOS="131" CONTENT="la" ID="tl_37_1" STYLEREFS="FONT0"/>
            <SP HEIGHT="65" WIDTH="22" VPOS="1831" HPOS="261"/>
            <String HEIGHT="65" WIDTH="237" VPOS="1831" HPOS="196" CONTENT="Chambre" ID="tl_37_2" STYLEREFS="FONT0"/>
            <SP HEIGHT="65" WIDTH="22" VPOS="1831" HPOS="433"/>
            <String HEIGHT="65" WIDTH="151" VPOS="1831" HPOS="368" CONTENT="des" ID="tl_37_3" STYLEREFS="FONT0"/>
            <SP HEIGHT="65" WIDTH="22" VPOS="1831" HPOS="519"/>
            <String HEIGHT="65" WIDTH="237" VPOS="1831" HPOS="454" CONTENT="comptes" ID="tl_37_4" STYLEREFS="FONT0"/>
            <SP HEIGHT="65" WIDTH="22" VPOS="1831" HPOS="691"/>
            <String HEIGHT="65" WIDTH="129" VPOS="1831" HPOS="626" CONTENT="de" ID="tl_37_5" STYLEREFS="FONT0"/>
            <SP HEIGHT="65" WIDTH="22" VPOS="1831" HPOS="755"/>
            <String HEIGHT="65" WIDTH="215" VPOS="1831" HPOS="691" CONTENT="Paris." ID="tl_37_6" STYLEREFS="FONT0"/>
            <SP HEIGHT="65" WIDTH="22" VPOS="1831" HPOS="906"/>
            <String HEIGHT="65" WIDTH="215" VPOS="1831" HPOS="842" CONTENT="Quitt." ID="tl_37_7" STYLEREFS="FONT0"/>
            <SP HEIGHT="65" WIDTH="22" VPOS="1831" HPOS="1057"/>
            <String HEIGHT="65" WIDTH="172" VPOS="1831" HPOS="992" CONTENT="sig." ID="tl_37_8" STYLEREFS="FONT0"/>
            <SP HEIGHT="65" WIDTH="22" VPOS="1831" HPOS="1164"/>
            <String HEIGHT="65" WIDTH="172" VPOS="1831" HPOS="1100" CONTENT="(sur" ID="tl_37_9" STYLEREFS="FONT0"/>
            <SP HEIGHT="65" WIDTH="22" VPOS="1831" HPOS="1272"/>
            <String HEIGHT="65" WIDTH="258" VPOS="1831" HPOS="1207" CONTENT="parch.)," ID="tl_37_10" STYLEREFS="FONT0"/>
            <SP HEIGHT="65" WIDTH="22" VPOS="1831" HPOS="1465"/>
            <String HEIGHT="65" WIDTH="151" VPOS="1831" HPOS="1379" CONTENT="comme" ID="tl_37_11" STYLEREFS="FONT0"/>
          </TextLine>
          <TextLine ID="tl_38" BASELINE="1956" HEIGHT="62" WIDTH="1379" VPOS="1894" HPOS="151">
            <String HEIGHT="62" WIDTH="276" VPOS="1894" HPOS="128" CONTENT="receveur" ID="tl_38_1" STYLEREFS="FONT0"/>
            <SP HEIGHT="62" WIDTH="23" VPOS="1894" HPOS="404"/>
            <String HEIGHT="62" WIDTH="161" VPOS="1894" HPOS="335" CONTENT="des" ID="tl_38_2" STYLEREFS="FONT0"/>
            <SP HEIGHT="62" WIDTH="23" VPOS="1894" HPOS="496"/>
            <String HEIGHT="62" WIDTH="230" VPOS="1894" HPOS="427" CONTENT="Epices" ID="tl_38_3" STYLEREFS="FONT0"/>
            <SP HEIGHT="62" WIDTH="23" VPOS="1894" HPOS="657"/>
            <String HEIGHT="62" WIDTH="138" VPOS="1894" HPOS="588" CONTENT="de" ID="tl_38_4" STYLEREFS="FONT0"/>
            <SP HEIGHT="62" WIDTH="23" VPOS="1894" HPOS="726"/>
            <String HEIGHT="62" WIDTH="138" VPOS="1894" HPOS="657" CONTENT="la" ID="tl_38_5" STYLEREFS="FONT0"/>
            <SP HEIGHT="62" WIDTH="23" VPOS="1894" HPOS="795"/>
            <String HEIGHT="62" WIDTH="253" VPOS="1894" HPOS="726" CONTENT="Chambre" ID="tl_38_6" STYLEREFS="FONT0"/>
            <SP HEIGHT="62" WIDTH="23" VPOS="1894" HPOS="978"/>
            <String HEIGHT="62" WIDTH="161" VPOS="1894" HPOS="909" CONTENT="des" ID="tl_38_7" STYLEREFS="FONT0"/>
            <SP HEIGHT="62" WIDTH="23" VPOS="1894" HPOS="1070"/>
            <String HEIGHT="62" WIDTH="276" VPOS="1894" HPOS="1001" CONTENT="Comptes." ID="tl_38_8" STYLEREFS="FONT0"/>
            <SP HEIGHT="62" WIDTH="23" VPOS="1894" HPOS="1277"/>
            <String HEIGHT="62" WIDTH="230" VPOS="1894" HPOS="1208" CONTENT="Paris," ID="tl_38_9" STYLEREFS="FONT0"/>
            <SP HEIGHT="62" WIDTH="23" VPOS="1894" HPOS="1438"/>
            <String HEIGHT="62" WIDTH="138" VPOS="1894" HPOS="1369" CONTENT="25" ID="tl_38_10" STYLEREFS="FONT0"/>
            <SP HEIGHT="62" WIDTH="23" VPOS="1894" HPOS="1507"/>
            <String HEIGHT="62" WIDTH="115" VPOS="1894" HPOS="1415" CONTENT="fé" SUBS_TYPE="HypPart1" SUBS_CONTENT="février" ID="tl_38_11" STYLEREFS="FONT0"/>
            <HYP CONTENT="-"/>
          </TextLine>
          <TextLine ID="tl_39" BASELINE="1990" HEIGHT="60" WIDTH="1381" VPOS="1930" HPOS="150">
            <String HEIGHT="60" WIDTH="355" VPOS="1930" HPOS="111" CONTENT="vrier" SUBS_TYPE="HypPart2" SUBS_CONTENT="février" ID="tl_39_1" STYLEREFS="FONT0"/>
            <SP HEIGHT="60" WIDTH="39" VPOS="1930" HPOS="466"/>
            <String HEIGHT="60" WIDTH="316" VPOS="1930" HPOS="347" CONTENT="1706" ID="tl_39_2" STYLEREFS="FONT0"/>
            <SP HEIGHT="60" WIDTH="39" VPOS="1930" HPOS="663"/>
            <String HEIGHT="60" WIDTH="552" VPOS="1930" HPOS="545" CONTENT="(fortement" ID="tl_39_3" STYLEREFS="FONT0"/>
            <SP HEIGHT="60" WIDTH="39" VPOS="1930" HPOS="1097"/>
            <String HEIGHT="60" WIDTH="473" VPOS="1930" HPOS="979" CONTENT="tachée)." ID="tl_39_4" STYLEREFS="FONT0"/>
            <SP HEIGHT="60" WIDTH="39" VPOS="1930" HPOS="1452"/>
            <String HEIGHT="60" WIDTH="197" VPOS="1930" HPOS="1334" CONTENT="2" ID="tl_39_5" STYLEREFS="FONT0"/>
            <SP HEIGHT="60" WIDTH="39" VPOS="1930" HPOS="1531"/>
            <String HEIGHT="60" WIDTH="158" VPOS="1930" HPOS="1373" CONTENT="50" ID="tl_39_6" STYLEREFS="FONT0"/>
          </TextLine>
        </TextBlock>
        <TextBlock ID="r_2_24" HEIGHT="58" WIDTH="1412" VPOS="1986" HPOS="112">
          <TextLine ID="tl_40" BASELINE="2038" HEIGHT="78" WIDTH="1429" VPOS="1960" HPOS="104">
            <String HEIGHT="78" WIDTH="201" VPOS="1960" HPOS="82" CONTENT="3893." ID="tl_40_1" STYLEREFS="FONT0"/>
            <SP HEIGHT="78" WIDTH="22" VPOS="1960" HPOS="283"/>
            <String HEIGHT="78" WIDTH="424" VPOS="1960" HPOS="216" CONTENT="Arrighi" ID="tl_40_2" STYLEREFS="FONT1"/>
            <SP HEIGHT="78" WIDTH="22" VPOS="1960" HPOS="640"/>
            <String HEIGHT="78" WIDTH="134" VPOS="1960" HPOS="573" CONTENT="L." ID="tl_40_3" STYLEREFS="FONT0"/>
            <SP HEIGHT="78" WIDTH="22" VPOS="1960" HPOS="707"/>
            <String HEIGHT="78" WIDTH="179" VPOS="1960" HPOS="640" CONTENT="aut." ID="tl_40_4" STYLEREFS="FONT0"/>
            <SP HEIGHT="78" WIDTH="22" VPOS="1960" HPOS="819"/>
            <String HEIGHT="78" WIDTH="201" VPOS="1960" HPOS="752" CONTENT="sig.," ID="tl_40_5" STYLEREFS="FONT0"/>
            <SP HEIGHT="78" WIDTH="22" VPOS="1960" HPOS="952"/>
            <String HEIGHT="78" WIDTH="201" VPOS="1960" HPOS="885" CONTENT="comme" ID="tl_40_6" STYLEREFS="FONT0"/>
            <SP HEIGHT="78" WIDTH="22" VPOS="1960" HPOS="1086"/>
            <String HEIGHT="78" WIDTH="246" VPOS="1960" HPOS="1019" CONTENT="colonel" ID="tl_40_7" STYLEREFS="FONT0"/>
            <SP HEIGHT="78" WIDTH="22" VPOS="1960" HPOS="1265"/>
            <String HEIGHT="78" WIDTH="313" VPOS="1960" HPOS="1198" CONTENT="commandant" ID="tl_40_8" STYLEREFS="FONT0"/>
            <SP HEIGHT="78" WIDTH="22" VPOS="1960" HPOS="1511"/>
            <String HEIGHT="78" WIDTH="112" VPOS="1960" HPOS="1421" CONTENT="les" ID="tl_40_9" STYLEREFS="FONT0"/>
          </TextLine>
        </TextBlock>
        <TextBlock ID="r_2_25" HEIGHT="105" WIDTH="1364" VPOS="2035" HPOS="159">
          <TextLine ID="tl_41" BASELINE="2115" HEIGHT="93" WIDTH="1378" VPOS="2022" HPOS="152">
            <String HEIGHT="93" WIDTH="241" VPOS="2022" HPOS="130" CONTENT="dragons" ID="tl_41_1" STYLEREFS="FONT0"/>
            <SP HEIGHT="93" WIDTH="22" VPOS="2022" HPOS="371"/>
            <String HEIGHT="93" WIDTH="131" VPOS="2022" HPOS="305" CONTENT="de" ID="tl_41_2" STYLEREFS="FONT0"/>
            <SP HEIGHT="93" WIDTH="22" VPOS="2022" HPOS="436"/>
            <String HEIGHT="93" WIDTH="131" VPOS="2022" HPOS="371" CONTENT="la" ID="tl_41_3" STYLEREFS="FONT0"/>
            <SP HEIGHT="93" WIDTH="22" VPOS="2022" HPOS="502"/>
            <String HEIGHT="93" WIDTH="197" VPOS="2022" HPOS="436" CONTENT="garde" ID="tl_41_4" STYLEREFS="FONT0"/>
            <SP HEIGHT="93" WIDTH="22" VPOS="2022" HPOS="633"/>
            <String HEIGHT="93" WIDTH="306" VPOS="2022" HPOS="568" CONTENT="impériale," ID="tl_41_5" STYLEREFS="FONT0"/>
            <SP HEIGHT="93" WIDTH="22" VPOS="2022" HPOS="874"/>
            <String HEIGHT="93" WIDTH="131" VPOS="2022" HPOS="808" CONTENT="au" ID="tl_41_6" STYLEREFS="FONT0"/>
            <SP HEIGHT="93" WIDTH="22" VPOS="2022" HPOS="939"/>
            <String HEIGHT="93" WIDTH="262" VPOS="2022" HPOS="874" CONTENT="ministre" ID="tl_41_7" STYLEREFS="FONT0"/>
            <SP HEIGHT="93" WIDTH="22" VPOS="2022" HPOS="1136"/>
            <String HEIGHT="93" WIDTH="131" VPOS="2022" HPOS="1071" CONTENT="de" ID="tl_41_8" STYLEREFS="FONT0"/>
            <SP HEIGHT="93" WIDTH="22" VPOS="2022" HPOS="1202"/>
            <String HEIGHT="93" WIDTH="131" VPOS="2022" HPOS="1136" CONTENT="la" ID="tl_41_9" STYLEREFS="FONT0"/>
            <SP HEIGHT="93" WIDTH="22" VPOS="2022" HPOS="1268"/>
            <String HEIGHT="93" WIDTH="241" VPOS="2022" HPOS="1202" CONTENT="guerre." ID="tl_41_10" STYLEREFS="FONT0"/>
            <SP HEIGHT="93" WIDTH="22" VPOS="2022" HPOS="1443"/>
            <String HEIGHT="93" WIDTH="175" VPOS="2022" HPOS="1355" CONTENT="Paris," ID="tl_41_11" STYLEREFS="FONT0"/>
          </TextLine>
          <TextLine ID="tl_42" BASELINE="2139" HEIGHT="61" WIDTH="1379" VPOS="2078" HPOS="151">
            <String HEIGHT="61" WIDTH="162" VPOS="2078" HPOS="124" CONTENT="31" ID="tl_42_1" STYLEREFS="FONT0"/>
            <SP HEIGHT="61" WIDTH="27" VPOS="2078" HPOS="286"/>
            <String HEIGHT="61" WIDTH="297" VPOS="2078" HPOS="205" CONTENT="juillet" ID="tl_42_2" STYLEREFS="FONT0"/>
            <SP HEIGHT="61" WIDTH="27" VPOS="2078" HPOS="503"/>
            <String HEIGHT="61" WIDTH="243" VPOS="2078" HPOS="421" CONTENT="1806." ID="tl_42_3" STYLEREFS="FONT0"/>
            <SP HEIGHT="61" WIDTH="27" VPOS="2078" HPOS="665"/>
            <String HEIGHT="61" WIDTH="135" VPOS="2078" HPOS="584" CONTENT="1" ID="tl_42_4" STYLEREFS="FONT0"/>
            <SP HEIGHT="61" WIDTH="27" VPOS="2078" HPOS="719"/>
            <String HEIGHT="61" WIDTH="189" VPOS="2078" HPOS="638" CONTENT="gr." ID="tl_42_5" STYLEREFS="FONT0"/>
            <SP HEIGHT="61" WIDTH="27" VPOS="2078" HPOS="827"/>
            <String HEIGHT="61" WIDTH="162" VPOS="2078" HPOS="746" CONTENT="p." ID="tl_42_6" STYLEREFS="FONT0"/>
            <SP HEIGHT="61" WIDTH="27" VPOS="2078" HPOS="908"/>
            <String HEIGHT="61" WIDTH="189" VPOS="2078" HPOS="827" CONTENT="pl." ID="tl_42_7" STYLEREFS="FONT0"/>
            <SP HEIGHT="61" WIDTH="27" VPOS="2078" HPOS="1016"/>
            <String HEIGHT="61" WIDTH="162" VPOS="2078" HPOS="935" CONTENT="et" ID="tl_42_8" STYLEREFS="FONT0"/>
            <SP HEIGHT="61" WIDTH="27" VPOS="2078" HPOS="1097"/>
            <String HEIGHT="61" WIDTH="243" VPOS="2078" HPOS="1016" CONTENT="tiers" ID="tl_42_9" STYLEREFS="FONT0"/>
            <SP HEIGHT="61" WIDTH="27" VPOS="2078" HPOS="1260"/>
            <String HEIGHT="61" WIDTH="297" VPOS="2078" HPOS="1178" CONTENT="in-fol." ID="tl_42_10" STYLEREFS="FONT0"/>
            <SP HEIGHT="61" WIDTH="27" VPOS="2078" HPOS="1476"/>
            <String HEIGHT="61" WIDTH="135" VPOS="2078" HPOS="1395" CONTENT="2" ID="tl_42_11" STYLEREFS="FONT0"/>
            <SP HEIGHT="61" WIDTH="27" VPOS="2078" HPOS="1530"/>
            <String HEIGHT="61" WIDTH="108" VPOS="2078" HPOS="1422" CONTENT="75" ID="tl_42_12" STYLEREFS="FONT0"/>
          </TextLine>
        </TextBlock>
        <TextBlock ID="r_2_26" HEIGHT="57" WIDTH="1407" VPOS="2130" HPOS="113">
          <TextLine ID="tl_43" BASELINE="2183" HEIGHT="63" WIDTH="1423" VPOS="2120" HPOS="105">
            <String HEIGHT="63" WIDTH="166" VPOS="2120" HPOS="87" CONTENT="3894." ID="tl_43_1" STYLEREFS="FONT0"/>
            <SP HEIGHT="63" WIDTH="18" VPOS="2120" HPOS="253"/>
            <String HEIGHT="63" WIDTH="314" VPOS="2120" HPOS="197" CONTENT="Audran" ID="tl_43_2" STYLEREFS="FONT1"/>
            <SP HEIGHT="63" WIDTH="18" VPOS="2120" HPOS="512"/>
            <String HEIGHT="63" WIDTH="203" VPOS="2120" HPOS="456" CONTENT="(Claude" ID="tl_43_3" STYLEREFS="FONT0"/>
            <SP HEIGHT="63" WIDTH="18" VPOS="2120" HPOS="659"/>
            <String HEIGHT="63" WIDTH="148" VPOS="2120" HPOS="604" CONTENT="L.)," ID="tl_43_4" STYLEREFS="FONT0"/>
            <SP HEIGHT="63" WIDTH="18" VPOS="2120" HPOS="752"/>
            <String HEIGHT="63" WIDTH="203" VPOS="2120" HPOS="696" CONTENT="peintre" ID="tl_43_5" STYLEREFS="FONT0"/>
            <SP HEIGHT="63" WIDTH="18" VPOS="2120" HPOS="900"/>
            <String HEIGHT="63" WIDTH="277" VPOS="2120" HPOS="844" CONTENT="d’histoire," ID="tl_43_6" STYLEREFS="FONT0"/>
            <SP HEIGHT="63" WIDTH="18" VPOS="2120" HPOS="1121"/>
            <String HEIGHT="63" WIDTH="111" VPOS="2120" HPOS="1066" CONTENT="né" ID="tl_43_7" STYLEREFS="FONT0"/>
            <SP HEIGHT="63" WIDTH="18" VPOS="2120" HPOS="1177"/>
            <String HEIGHT="63" WIDTH="92" VPOS="2120" HPOS="1121" CONTENT="à" ID="tl_43_8" STYLEREFS="FONT0"/>
            <SP HEIGHT="63" WIDTH="18" VPOS="2120" HPOS="1214"/>
            <String HEIGHT="63" WIDTH="296" VPOS="2120" HPOS="1158" CONTENT="Lyon" ID="tl_43_9" STYLEREFS="FONT2"/>
            <SP HEIGHT="63" WIDTH="18" VPOS="2120" HPOS="1454"/>
            <String HEIGHT="63" WIDTH="148" VPOS="2120" HPOS="1380" CONTENT="Quitt." ID="tl_43_10" STYLEREFS="FONT0"/>
          </TextLine>
        </TextBlock>
        <TextBlock ID="r_2_27" HEIGHT="154" WIDTH="1365" VPOS="2178" HPOS="159">
          <TextLine ID="tl_44" BASELINE="2231" HEIGHT="57" WIDTH="1379" VPOS="2174" HPOS="151">
            <String HEIGHT="57" WIDTH="162" VPOS="2174" HPOS="131" CONTENT="sig." ID="tl_44_1" STYLEREFS="FONT0"/>
            <SP HEIGHT="57" WIDTH="20" VPOS="2174" HPOS="293"/>
            <String HEIGHT="57" WIDTH="162" VPOS="2174" HPOS="232" CONTENT="(sur" ID="tl_44_2" STYLEREFS="FONT0"/>
            <SP HEIGHT="57" WIDTH="20" VPOS="2174" HPOS="394"/>
            <String HEIGHT="57" WIDTH="243" VPOS="2174" HPOS="334" CONTENT="parch.)," ID="tl_44_3" STYLEREFS="FONT0"/>
            <SP HEIGHT="57" WIDTH="20" VPOS="2174" HPOS="577"/>
            <String HEIGHT="57" WIDTH="122" VPOS="2174" HPOS="516" CONTENT="de" ID="tl_44_4" STYLEREFS="FONT0"/>
            <SP HEIGHT="57" WIDTH="20" VPOS="2174" HPOS="638"/>
            <String HEIGHT="57" WIDTH="122" VPOS="2174" HPOS="577" CONTENT="la" ID="tl_44_5" STYLEREFS="FONT0"/>
            <SP HEIGHT="57" WIDTH="20" VPOS="2174" HPOS="699"/>
            <String HEIGHT="57" WIDTH="183" VPOS="2174" HPOS="638" CONTENT="somme" ID="tl_44_6" STYLEREFS="FONT0"/>
            <SP HEIGHT="57" WIDTH="20" VPOS="2174" HPOS="820"/>
            <String HEIGHT="57" WIDTH="122" VPOS="2174" HPOS="759" CONTENT="de" ID="tl_44_7" STYLEREFS="FONT0"/>
            <SP HEIGHT="57" WIDTH="20" VPOS="2174" HPOS="881"/>
            <String HEIGHT="57" WIDTH="162" VPOS="2174" HPOS="820" CONTENT="cinq" ID="tl_44_8" STYLEREFS="FONT0"/>
            <SP HEIGHT="57" WIDTH="20" VPOS="2174" HPOS="982"/>
            <String HEIGHT="57" WIDTH="183" VPOS="2174" HPOS="922" CONTENT="cents" ID="tl_44_9" STYLEREFS="FONT0"/>
            <SP HEIGHT="57" WIDTH="20" VPOS="2174" HPOS="1104"/>
            <String HEIGHT="57" WIDTH="223" VPOS="2174" HPOS="1043" CONTENT="livres," ID="tl_44_10" STYLEREFS="FONT0"/>
            <SP HEIGHT="57" WIDTH="20" VPOS="2174" HPOS="1266"/>
            <String HEIGHT="57" WIDTH="101" VPOS="2174" HPOS="1206" CONTENT="à" ID="tl_44_11" STYLEREFS="FONT0"/>
            <SP HEIGHT="57" WIDTH="20" VPOS="2174" HPOS="1307"/>
            <String HEIGHT="57" WIDTH="142" VPOS="2174" HPOS="1246" CONTENT="lui" ID="tl_44_12" STYLEREFS="FONT0"/>
            <SP HEIGHT="57" WIDTH="20" VPOS="2174" HPOS="1388"/>
            <String HEIGHT="57" WIDTH="223" VPOS="2174" HPOS="1307" CONTENT="ordonnée," ID="tl_44_13" STYLEREFS="FONT0"/>
          </TextLine>
          <TextLine ID="tl_45" BASELINE="2299" HEIGHT="79" WIDTH="1379" VPOS="2220" HPOS="153">
            <String HEIGHT="79" WIDTH="111" VPOS="2220" HPOS="131" CONTENT="à" ID="tl_45_1" STYLEREFS="FONT0"/>
            <SP HEIGHT="79" WIDTH="22" VPOS="2220" HPOS="242"/>
            <String HEIGHT="79" WIDTH="222" VPOS="2220" HPOS="175" CONTENT="compte" ID="tl_45_2" STYLEREFS="FONT0"/>
            <SP HEIGHT="79" WIDTH="22" VPOS="2220" HPOS="398"/>
            <String HEIGHT="79" WIDTH="156" VPOS="2220" HPOS="331" CONTENT="des" ID="tl_45_3" STYLEREFS="FONT0"/>
            <SP HEIGHT="79" WIDTH="22" VPOS="2220" HPOS="487"/>
            <String HEIGHT="79" WIDTH="267" VPOS="2220" HPOS="420" CONTENT="ouvrages" ID="tl_45_4" STYLEREFS="FONT0"/>
            <SP HEIGHT="79" WIDTH="22" VPOS="2220" HPOS="687"/>
            <String HEIGHT="79" WIDTH="133" VPOS="2220" HPOS="620" CONTENT="de" ID="tl_45_5" STYLEREFS="FONT0"/>
            <SP HEIGHT="79" WIDTH="22" VPOS="2220" HPOS="754"/>
            <String HEIGHT="79" WIDTH="267" VPOS="2220" HPOS="687" CONTENT="peinture" ID="tl_45_6" STYLEREFS="FONT0"/>
            <SP HEIGHT="79" WIDTH="22" VPOS="2220" HPOS="954"/>
            <String HEIGHT="79" WIDTH="200" VPOS="2220" HPOS="887" CONTENT="qu’il" ID="tl_45_7" STYLEREFS="FONT0"/>
            <SP HEIGHT="79" WIDTH="22" VPOS="2220" HPOS="1087"/>
            <String HEIGHT="79" WIDTH="178" VPOS="2220" HPOS="1020" CONTENT="fait" ID="tl_45_8" STYLEREFS="FONT0"/>
            <SP HEIGHT="79" WIDTH="22" VPOS="2220" HPOS="1198"/>
            <String HEIGHT="79" WIDTH="178" VPOS="2220" HPOS="1132" CONTENT="dans" ID="tl_45_9" STYLEREFS="FONT0"/>
            <SP HEIGHT="79" WIDTH="22" VPOS="2220" HPOS="1310"/>
            <String HEIGHT="79" WIDTH="156" VPOS="2220" HPOS="1243" CONTENT="les" ID="tl_45_10" STYLEREFS="FONT0"/>
            <SP HEIGHT="79" WIDTH="22" VPOS="2220" HPOS="1399"/>
            <String HEIGHT="79" WIDTH="222" VPOS="2220" HPOS="1310" CONTENT="apparte" SUBS_TYPE="HypPart1" SUBS_CONTENT="appartements" ID="tl_45_11" STYLEREFS="FONT0"/>
            <HYP CONTENT="-"/>
          </TextLine>
          <TextLine ID="tl_46" BASELINE="2327" HEIGHT="61" WIDTH="1379" VPOS="2266" HPOS="152">
            <String HEIGHT="61" WIDTH="226" VPOS="2266" HPOS="127" CONTENT="ments" SUBS_TYPE="HypPart2" SUBS_CONTENT="appartements" ID="tl_46_1" STYLEREFS="FONT0"/>
            <SP HEIGHT="61" WIDTH="25" VPOS="2266" HPOS="353"/>
            <String HEIGHT="61" WIDTH="150" VPOS="2266" HPOS="277" CONTENT="de" ID="tl_46_2" STYLEREFS="FONT0"/>
            <SP HEIGHT="61" WIDTH="25" VPOS="2266" HPOS="428"/>
            <String HEIGHT="61" WIDTH="150" VPOS="2266" HPOS="353" CONTENT="la" ID="tl_46_3" STYLEREFS="FONT0"/>
            <SP HEIGHT="61" WIDTH="25" VPOS="2266" HPOS="503"/>
            <String HEIGHT="61" WIDTH="326" VPOS="2266" HPOS="428" CONTENT="ménagerie" ID="tl_46_4" STYLEREFS="FONT0"/>
            <SP HEIGHT="61" WIDTH="25" VPOS="2266" HPOS="754"/>
            <String HEIGHT="61" WIDTH="150" VPOS="2266" HPOS="679" CONTENT="de" ID="tl_46_5" STYLEREFS="FONT0"/>
            <SP HEIGHT="61" WIDTH="25" VPOS="2266" HPOS="829"/>
            <String HEIGHT="61" WIDTH="376" VPOS="2266" HPOS="754" CONTENT="Versailles." ID="tl_46_6" STYLEREFS="FONT0"/>
            <SP HEIGHT="61" WIDTH="25" VPOS="2266" HPOS="1130"/>
            <String HEIGHT="61" WIDTH="125" VPOS="2266" HPOS="1055" CONTENT="9" ID="tl_46_7" STYLEREFS="FONT0"/>
            <SP HEIGHT="61" WIDTH="25" VPOS="2266" HPOS="1180"/>
            <String HEIGHT="61" WIDTH="226" VPOS="2266" HPOS="1105" CONTENT="avril" ID="tl_46_8" STYLEREFS="FONT0"/>
            <SP HEIGHT="61" WIDTH="25" VPOS="2266" HPOS="1330"/>
            <String HEIGHT="61" WIDTH="226" VPOS="2266" HPOS="1255" CONTENT="1700." ID="tl_46_9" STYLEREFS="FONT0"/>
            <SP HEIGHT="61" WIDTH="25" VPOS="2266" HPOS="1481"/>
            <String HEIGHT="61" WIDTH="125" VPOS="2266" HPOS="1406" CONTENT="2" ID="tl_46_10" STYLEREFS="FONT0"/>
            <SP HEIGHT="61" WIDTH="25" VPOS="2266" HPOS="1531"/>
            <String HEIGHT="61" WIDTH="100" VPOS="2266" HPOS="1431" CONTENT="50" ID="tl_46_11" STYLEREFS="FONT0"/>
          </TextLine>
        </TextBlock>
        <TextBlock ID="r_2_28" HEIGHT="57" WIDTH="1408" VPOS="2323" HPOS="113">
          <TextLine ID="tl_47" BASELINE="2380" HEIGHT="71" WIDTH="1426" VPOS="2309" HPOS="104">
            <String HEIGHT="71" WIDTH="171" VPOS="2309" HPOS="85" CONTENT="3895." ID="tl_47_1" STYLEREFS="FONT0"/>
            <SP HEIGHT="71" WIDTH="19" VPOS="2309" HPOS="256"/>
            <String HEIGHT="71" WIDTH="323" VPOS="2309" HPOS="199" CONTENT="Audran" ID="tl_47_2" STYLEREFS="FONT1"/>
            <SP HEIGHT="71" WIDTH="19" VPOS="2309" HPOS="522"/>
            <String HEIGHT="71" WIDTH="247" VPOS="2309" HPOS="465" CONTENT="(Benoit)," ID="tl_47_3" STYLEREFS="FONT0"/>
            <SP HEIGHT="71" WIDTH="19" VPOS="2309" HPOS="712"/>
            <String HEIGHT="71" WIDTH="209" VPOS="2309" HPOS="655" CONTENT="peintre" ID="tl_47_4" STYLEREFS="FONT0"/>
            <SP HEIGHT="71" WIDTH="19" VPOS="2309" HPOS="865"/>
            <String HEIGHT="71" WIDTH="114" VPOS="2309" HPOS="807" CONTENT="et" ID="tl_47_5" STYLEREFS="FONT0"/>
            <SP HEIGHT="71" WIDTH="19" VPOS="2309" HPOS="922"/>
            <String HEIGHT="71" WIDTH="228" VPOS="2309" HPOS="865" CONTENT="graveur." ID="tl_47_6" STYLEREFS="FONT0"/>
            <SP HEIGHT="71" WIDTH="19" VPOS="2309" HPOS="1093"/>
            <String HEIGHT="71" WIDTH="114" VPOS="2309" HPOS="1036" CONTENT="Né" ID="tl_47_7" STYLEREFS="FONT0"/>
            <SP HEIGHT="71" WIDTH="19" VPOS="2309" HPOS="1150"/>
            <String HEIGHT="71" WIDTH="95" VPOS="2309" HPOS="1093" CONTENT="à" ID="tl_47_8" STYLEREFS="FONT0"/>
            <SP HEIGHT="71" WIDTH="19" VPOS="2309" HPOS="1188"/>
            <String HEIGHT="71" WIDTH="285" VPOS="2309" HPOS="1131" CONTENT="Lyon" ID="tl_47_9" STYLEREFS="FONT2"/>
            <SP HEIGHT="71" WIDTH="19" VPOS="2309" HPOS="1416"/>
            <String HEIGHT="71" WIDTH="114" VPOS="2309" HPOS="1359" CONTENT="en" ID="tl_47_10" STYLEREFS="FONT0"/>
            <SP HEIGHT="71" WIDTH="19" VPOS="2309" HPOS="1473"/>
            <String HEIGHT="71" WIDTH="133" VPOS="2309" HPOS="1397" CONTENT="1661." ID="tl_47_11" STYLEREFS="FONT0"/>
          </TextLine>
        </TextBlock>
        <TextBlock ID="r_2_29" HEIGHT="93" WIDTH="1365" VPOS="2371" HPOS="159">
          <TextLine ID="tl_48" BASELINE="2447" HEIGHT="83" WIDTH="1377" VPOS="2364" HPOS="154">
            <String HEIGHT="83" WIDTH="169" VPOS="2364" HPOS="133" CONTENT="Mort" ID="tl_48_1" STYLEREFS="FONT0"/>
            <SP HEIGHT="83" WIDTH="21" VPOS="2364" HPOS="302"/>
            <String HEIGHT="83" WIDTH="169" VPOS="2364" HPOS="239" CONTENT="près" ID="tl_48_2" STYLEREFS="FONT0"/>
            <SP HEIGHT="83" WIDTH="21" VPOS="2364" HPOS="408"/>
            <String HEIGHT="83" WIDTH="127" VPOS="2364" HPOS="345" CONTENT="de" ID="tl_48_3" STYLEREFS="FONT0"/>
            <SP HEIGHT="83" WIDTH="21" VPOS="2364" HPOS="472"/>
            <String HEIGHT="83" WIDTH="169" VPOS="2364" HPOS="408" CONTENT="Sens" ID="tl_48_4" STYLEREFS="FONT0"/>
            <SP HEIGHT="83" WIDTH="21" VPOS="2364" HPOS="578"/>
            <String HEIGHT="83" WIDTH="127" VPOS="2364" HPOS="514" CONTENT="en" ID="tl_48_5" STYLEREFS="FONT0"/>
            <SP HEIGHT="83" WIDTH="21" VPOS="2364" HPOS="641"/>
            <String HEIGHT="83" WIDTH="191" VPOS="2364" HPOS="578" CONTENT="1721." ID="tl_48_6" STYLEREFS="FONT0"/>
            <SP HEIGHT="83" WIDTH="21" VPOS="2364" HPOS="768"/>
            <String HEIGHT="83" WIDTH="212" VPOS="2364" HPOS="705" CONTENT="Quitt." ID="tl_48_7" STYLEREFS="FONT0"/>
            <SP HEIGHT="83" WIDTH="21" VPOS="2364" HPOS="917"/>
            <String HEIGHT="83" WIDTH="169" VPOS="2364" HPOS="853" CONTENT="sig." ID="tl_48_8" STYLEREFS="FONT0"/>
            <SP HEIGHT="83" WIDTH="21" VPOS="2364" HPOS="1023"/>
            <String HEIGHT="83" WIDTH="169" VPOS="2364" HPOS="959" CONTENT="(sur" ID="tl_48_9" STYLEREFS="FONT0"/>
            <SP HEIGHT="83" WIDTH="21" VPOS="2364" HPOS="1128"/>
            <String HEIGHT="83" WIDTH="254" VPOS="2364" HPOS="1065" CONTENT="parch.)." ID="tl_48_10" STYLEREFS="FONT0"/>
            <SP HEIGHT="83" WIDTH="21" VPOS="2364" HPOS="1319"/>
            <String HEIGHT="83" WIDTH="212" VPOS="2364" HPOS="1256" CONTENT="Paris," ID="tl_48_11" STYLEREFS="FONT0"/>
            <SP HEIGHT="83" WIDTH="21" VPOS="2364" HPOS="1467"/>
            <String HEIGHT="83" WIDTH="106" VPOS="2364" HPOS="1404" CONTENT="3" ID="tl_48_12" STYLEREFS="FONT0"/>
            <SP HEIGHT="83" WIDTH="21" VPOS="2364" HPOS="1510"/>
            <String HEIGHT="83" WIDTH="106" VPOS="2364" HPOS="1425" CONTENT="mai" ID="tl_48_13" STYLEREFS="FONT0"/>
          </TextLine>
          <TextLine ID="tl_49" BASELINE="2473" HEIGHT="54" WIDTH="1381" VPOS="2419" HPOS="150">
            <String HEIGHT="54" WIDTH="1243" VPOS="2419" HPOS="12" CONTENT="1712." ID="tl_49_1" STYLEREFS="FONT0"/>
            <SP HEIGHT="54" WIDTH="138" VPOS="2419" HPOS="1255"/>
            <String HEIGHT="54" WIDTH="691" VPOS="2419" HPOS="841" CONTENT="2" ID="tl_49_2" STYLEREFS="FONT0"/>
            <SP HEIGHT="54" WIDTH="138" VPOS="2419" HPOS="1531"/>
            <String HEIGHT="54" WIDTH="552" VPOS="2419" HPOS="979" CONTENT="50" ID="tl_49_3" STYLEREFS="FONT0"/>
          </TextLine>
        </TextBlock>
        <TextBlock ID="r_2_30" HEIGHT="104" WIDTH="1419" VPOS="2467" HPOS="111">
          <TextLine ID="tl_50" BASELINE="2546" HEIGHT="107" WIDTH="1436" VPOS="2439" HPOS="103">
            <String HEIGHT="107" WIDTH="166" VPOS="2439" HPOS="85" CONTENT="3896." ID="tl_50_1" STYLEREFS="FONT0"/>
            <SP HEIGHT="107" WIDTH="18" VPOS="2439" HPOS="250"/>
            <String HEIGHT="107" WIDTH="295" VPOS="2439" HPOS="195" CONTENT="Avril" ID="tl_50_2" STYLEREFS="FONT1"/>
            <SP HEIGHT="107" WIDTH="18" VPOS="2439" HPOS="490"/>
            <String HEIGHT="107" WIDTH="221" VPOS="2439" HPOS="434" CONTENT="(Félix)." ID="tl_50_3" STYLEREFS="FONT0"/>
            <SP HEIGHT="107" WIDTH="18" VPOS="2439" HPOS="655"/>
            <String HEIGHT="107" WIDTH="239" VPOS="2439" HPOS="600" CONTENT="Procès" ID="tl_50_4" STYLEREFS="FONT2"/>
            <SP HEIGHT="107" WIDTH="18" VPOS="2439" HPOS="839"/>
            <String HEIGHT="107" WIDTH="331" VPOS="2439" HPOS="784" CONTENT="Quénisset" ID="tl_50_5" STYLEREFS="FONT2"/>
            <SP HEIGHT="107" WIDTH="18" VPOS="2439" HPOS="1116"/>
            <String HEIGHT="107" WIDTH="110" VPOS="2439" HPOS="1060" CONTENT="L." ID="tl_50_6" STYLEREFS="FONT0"/>
            <SP HEIGHT="107" WIDTH="18" VPOS="2439" HPOS="1171"/>
            <String HEIGHT="107" WIDTH="147" VPOS="2439" HPOS="1116" CONTENT="aut," ID="tl_50_7" STYLEREFS="FONT0"/>
            <SP HEIGHT="107" WIDTH="18" VPOS="2439" HPOS="1263"/>
            <String HEIGHT="107" WIDTH="147" VPOS="2439" HPOS="1208" CONTENT="sig." ID="tl_50_8" STYLEREFS="FONT0"/>
            <SP HEIGHT="107" WIDTH="18" VPOS="2439" HPOS="1355"/>
            <String HEIGHT="107" WIDTH="166" VPOS="2439" HPOS="1300" CONTENT="comme" ID="tl_50_9" STYLEREFS="FONT0"/>
            <SP HEIGHT="107" WIDTH="18" VPOS="2439" HPOS="1465"/>
            <String HEIGHT="107" WIDTH="147" VPOS="2439" HPOS="1392" CONTENT="rédac" SUBS_TYPE="HypPart1" SUBS_CONTENT="rédacteur" ID="tl_50_10" STYLEREFS="FONT0"/>
            <HYP CONTENT="-"/>
          </TextLine>
          <TextLine ID="tl_51" BASELINE="2564" HEIGHT="58" WIDTH="1383" VPOS="2506" HPOS="152">
            <String HEIGHT="58" WIDTH="231" VPOS="2506" HPOS="123" CONTENT="teur" SUBS_TYPE="HypPart2" SUBS_CONTENT="rédacteur" ID="tl_51_1" STYLEREFS="FONT0"/>
            <SP HEIGHT="58" WIDTH="29" VPOS="2506" HPOS="354"/>
            <String HEIGHT="58" WIDTH="173" VPOS="2506" HPOS="267" CONTENT="du" ID="tl_51_2" STYLEREFS="FONT0"/>
            <SP HEIGHT="58" WIDTH="29" VPOS="2506" HPOS="440"/>
            <String HEIGHT="58" WIDTH="403" VPOS="2506" HPOS="354" CONTENT="Journal" ID="tl_51_3" STYLEREFS="FONT2"/>
            <SP HEIGHT="58" WIDTH="29" VPOS="2506" HPOS="757"/>
            <String HEIGHT="58" WIDTH="173" VPOS="2506" HPOS="671" CONTENT="du" ID="tl_51_4" STYLEREFS="FONT2"/>
            <SP HEIGHT="58" WIDTH="29" VPOS="2506" HPOS="844"/>
            <String HEIGHT="58" WIDTH="432" VPOS="2506" HPOS="757" CONTENT="Peuple" ID="tl_51_5" STYLEREFS="FONT2"/>
            <SP HEIGHT="58" WIDTH="29" VPOS="2506" HPOS="1189"/>
            <String HEIGHT="58" WIDTH="144" VPOS="2506" HPOS="1103" CONTENT="1" ID="tl_51_6" STYLEREFS="FONT0"/>
            <SP HEIGHT="58" WIDTH="29" VPOS="2506" HPOS="1247"/>
            <String HEIGHT="58" WIDTH="173" VPOS="2506" HPOS="1160" CONTENT="p." ID="tl_51_7" STYLEREFS="FONT0"/>
            <SP HEIGHT="58" WIDTH="29" VPOS="2506" HPOS="1333"/>
            <String HEIGHT="58" WIDTH="259" VPOS="2506" HPOS="1247" CONTENT="in-8." ID="tl_51_8" STYLEREFS="FONT0"/>
            <SP HEIGHT="58" WIDTH="29" VPOS="2506" HPOS="1506"/>
            <String HEIGHT="58" WIDTH="144" VPOS="2506" HPOS="1420" CONTENT="2" ID="tl_51_9" STYLEREFS="FONT0"/>
            <SP HEIGHT="58" WIDTH="29" VPOS="2506" HPOS="1564"/>
            <String HEIGHT="58" WIDTH="86" VPOS="2506" HPOS="1449" CONTENT="»" ID="tl_51_10" STYLEREFS="FONT0"/>
          </TextLine>
        </TextBlock>
        <TextBlock ID="r_2_31" HEIGHT="57" WIDTH="1414" VPOS="2562" HPOS="113">
          <TextLine ID="tl_52" BASELINE="2626" HEIGHT="89" WIDTH="1431" VPOS="2537" HPOS="105">
            <String HEIGHT="89" WIDTH="192" VPOS="2537" HPOS="84" CONTENT="3897." ID="tl_52_1" STYLEREFS="FONT0"/>
            <SP HEIGHT="89" WIDTH="21" VPOS="2537" HPOS="276"/>
            <String HEIGHT="89" WIDTH="384" VPOS="2537" HPOS="212" CONTENT="Barras," ID="tl_52_2" STYLEREFS="FONT1"/>
            <SP HEIGHT="89" WIDTH="21" VPOS="2537" HPOS="596"/>
            <String HEIGHT="89" WIDTH="384" VPOS="2537" HPOS="532" CONTENT="Conventionnel," ID="tl_52_3" STYLEREFS="FONT0"/>
            <SP HEIGHT="89" WIDTH="21" VPOS="2537" HPOS="917"/>
            <String HEIGHT="89" WIDTH="214" VPOS="2537" HPOS="853" CONTENT="membre" ID="tl_52_4" STYLEREFS="FONT0"/>
            <SP HEIGHT="89" WIDTH="21" VPOS="2537" HPOS="1066"/>
            <String HEIGHT="89" WIDTH="128" VPOS="2537" HPOS="1002" CONTENT="du" ID="tl_52_5" STYLEREFS="FONT0"/>
            <SP HEIGHT="89" WIDTH="21" VPOS="2537" HPOS="1130"/>
            <String HEIGHT="89" WIDTH="320" VPOS="2537" HPOS="1066" CONTENT="Directoire." ID="tl_52_6" STYLEREFS="FONT0"/>
            <SP HEIGHT="89" WIDTH="21" VPOS="2537" HPOS="1386"/>
            <String HEIGHT="89" WIDTH="235" VPOS="2537" HPOS="1301" CONTENT="Apostille" ID="tl_52_7" STYLEREFS="FONT0"/>
          </TextLine>
        </TextBlock>
        <TextBlock ID="r_2_32" HEIGHT="199" WIDTH="1370" VPOS="2612" HPOS="159">
          <TextLine ID="tl_53" BASELINE="2679" HEIGHT="78" WIDTH="1383" VPOS="2601" HPOS="152">
            <String HEIGHT="78" WIDTH="124" VPOS="2601" HPOS="131" CONTENT="de" ID="tl_53_1" STYLEREFS="FONT0"/>
            <SP HEIGHT="78" WIDTH="21" VPOS="2601" HPOS="255"/>
            <String HEIGHT="78" WIDTH="165" VPOS="2601" HPOS="193" CONTENT="cinq" ID="tl_53_2" STYLEREFS="FONT0"/>
            <SP HEIGHT="78" WIDTH="21" VPOS="2601" HPOS="358"/>
            <String HEIGHT="78" WIDTH="206" VPOS="2601" HPOS="296" CONTENT="lignes" ID="tl_53_3" STYLEREFS="FONT0"/>
            <SP HEIGHT="78" WIDTH="21" VPOS="2601" HPOS="503"/>
            <String HEIGHT="78" WIDTH="165" VPOS="2601" HPOS="441" CONTENT="aut." ID="tl_53_4" STYLEREFS="FONT0"/>
            <SP HEIGHT="78" WIDTH="21" VPOS="2601" HPOS="606"/>
            <String HEIGHT="78" WIDTH="186" VPOS="2601" HPOS="544" CONTENT="sig.," ID="tl_53_5" STYLEREFS="FONT0"/>
            <SP HEIGHT="78" WIDTH="21" VPOS="2601" HPOS="730"/>
            <String HEIGHT="78" WIDTH="124" VPOS="2601" HPOS="668" CONTENT="en" ID="tl_53_6" STYLEREFS="FONT0"/>
            <SP HEIGHT="78" WIDTH="21" VPOS="2601" HPOS="792"/>
            <String HEIGHT="78" WIDTH="165" VPOS="2601" HPOS="730" CONTENT="tête" ID="tl_53_7" STYLEREFS="FONT0"/>
            <SP HEIGHT="78" WIDTH="21" VPOS="2601" HPOS="895"/>
            <String HEIGHT="78" WIDTH="186" VPOS="2601" HPOS="833" CONTENT="d’une" ID="tl_53_8" STYLEREFS="FONT0"/>
            <SP HEIGHT="78" WIDTH="21" VPOS="2601" HPOS="1019"/>
            <String HEIGHT="78" WIDTH="248" VPOS="2601" HPOS="957" CONTENT="pétition" ID="tl_53_9" STYLEREFS="FONT0"/>
            <SP HEIGHT="78" WIDTH="21" VPOS="2601" HPOS="1205"/>
            <String HEIGHT="78" WIDTH="103" VPOS="2601" HPOS="1143" CONTENT="à" ID="tl_53_10" STYLEREFS="FONT0"/>
            <SP HEIGHT="78" WIDTH="21" VPOS="2601" HPOS="1246"/>
            <String HEIGHT="78" WIDTH="144" VPOS="2601" HPOS="1184" CONTENT="lui" ID="tl_53_11" STYLEREFS="FONT0"/>
            <SP HEIGHT="78" WIDTH="21" VPOS="2601" HPOS="1329"/>
            <String HEIGHT="78" WIDTH="248" VPOS="2601" HPOS="1267" CONTENT="adressée" ID="tl_53_12" STYLEREFS="FONT0"/>
            <SP HEIGHT="78" WIDTH="21" VPOS="2601" HPOS="1514"/>
            <String HEIGHT="78" WIDTH="103" VPOS="2601" HPOS="1432" CONTENT="par" ID="tl_53_13" STYLEREFS="FONT0"/>
          </TextLine>
          <TextLine ID="tl_54" BASELINE="2732" HEIGHT="78" WIDTH="1386" VPOS="2654" HPOS="151">
            <String HEIGHT="78" WIDTH="130" VPOS="2654" HPOS="129" CONTENT="le" ID="tl_54_1" STYLEREFS="FONT0"/>
            <SP HEIGHT="78" WIDTH="22" VPOS="2654" HPOS="259"/>
            <String HEIGHT="78" WIDTH="282" VPOS="2654" HPOS="194" CONTENT="capitaine" ID="tl_54_2" STYLEREFS="FONT0"/>
            <SP HEIGHT="78" WIDTH="22" VPOS="2654" HPOS="476"/>
            <String HEIGHT="78" WIDTH="238" VPOS="2654" HPOS="411" CONTENT="Suneau," ID="tl_54_3" STYLEREFS="FONT0"/>
            <SP HEIGHT="78" WIDTH="22" VPOS="2654" HPOS="649"/>
            <String HEIGHT="78" WIDTH="173" VPOS="2654" HPOS="584" CONTENT="deux" ID="tl_54_4" STYLEREFS="FONT0"/>
            <SP HEIGHT="78" WIDTH="22" VPOS="2654" HPOS="757"/>
            <String HEIGHT="78" WIDTH="173" VPOS="2654" HPOS="692" CONTENT="fois" ID="tl_54_5" STYLEREFS="FONT0"/>
            <SP HEIGHT="78" WIDTH="22" VPOS="2654" HPOS="866"/>
            <String HEIGHT="78" WIDTH="303" VPOS="2654" HPOS="801" CONTENT="prisonnier" ID="tl_54_6" STYLEREFS="FONT0"/>
            <SP HEIGHT="78" WIDTH="22" VPOS="2654" HPOS="1104"/>
            <String HEIGHT="78" WIDTH="152" VPOS="2654" HPOS="1039" CONTENT="des" ID="tl_54_7" STYLEREFS="FONT0"/>
            <SP HEIGHT="78" WIDTH="22" VPOS="2654" HPOS="1191"/>
            <String HEIGHT="78" WIDTH="260" VPOS="2654" HPOS="1126" CONTENT="Anglais," ID="tl_54_8" STYLEREFS="FONT0"/>
            <SP HEIGHT="78" WIDTH="22" VPOS="2654" HPOS="1385"/>
            <String HEIGHT="78" WIDTH="130" VPOS="2654" HPOS="1320" CONTENT="et" ID="tl_54_9" STYLEREFS="FONT0"/>
            <SP HEIGHT="78" WIDTH="22" VPOS="2654" HPOS="1450"/>
            <String HEIGHT="78" WIDTH="173" VPOS="2654" HPOS="1364" CONTENT="deman" SUBS_TYPE="HypPart1" SUBS_CONTENT="demandant" ID="tl_54_10" STYLEREFS="FONT0"/>
            <HYP CONTENT="-"/>
          </TextLine>
          <TextLine ID="tl_55" BASELINE="2763" HEIGHT="63" WIDTH="1379" VPOS="2700" HPOS="153">
            <String HEIGHT="63" WIDTH="170" VPOS="2700" HPOS="132" CONTENT="dant" SUBS_TYPE="HypPart2" SUBS_CONTENT="demandant" ID="tl_55_1" STYLEREFS="FONT0"/>
            <SP HEIGHT="63" WIDTH="21" VPOS="2700" HPOS="302"/>
            <String HEIGHT="63" WIDTH="106" VPOS="2700" HPOS="238" CONTENT="à" ID="tl_55_2" STYLEREFS="FONT0"/>
            <SP HEIGHT="63" WIDTH="21" VPOS="2700" HPOS="344"/>
            <String HEIGHT="63" WIDTH="191" VPOS="2700" HPOS="280" CONTENT="faire" ID="tl_55_3" STYLEREFS="FONT0"/>
            <SP HEIGHT="63" WIDTH="21" VPOS="2700" HPOS="471"/>
            <String HEIGHT="63" WIDTH="212" VPOS="2700" HPOS="408" CONTENT="partie" ID="tl_55_4" STYLEREFS="FONT0"/>
            <SP HEIGHT="63" WIDTH="21" VPOS="2700" HPOS="620"/>
            <String HEIGHT="63" WIDTH="127" VPOS="2700" HPOS="556" CONTENT="de" ID="tl_55_5" STYLEREFS="FONT0"/>
            <SP HEIGHT="63" WIDTH="21" VPOS="2700" HPOS="683"/>
            <String HEIGHT="63" WIDTH="339" VPOS="2700" HPOS="620" CONTENT="l’expédition" ID="tl_55_6" STYLEREFS="FONT0"/>
            <SP HEIGHT="63" WIDTH="21" VPOS="2700" HPOS="959"/>
            <String HEIGHT="63" WIDTH="297" VPOS="2700" HPOS="896" CONTENT="d’Irlande." ID="tl_55_7" STYLEREFS="FONT0"/>
            <SP HEIGHT="63" WIDTH="21" VPOS="2700" HPOS="1193"/>
            <String HEIGHT="63" WIDTH="212" VPOS="2700" HPOS="1129" CONTENT="Paris," ID="tl_55_8" STYLEREFS="FONT0"/>
            <SP HEIGHT="63" WIDTH="21" VPOS="2700" HPOS="1341"/>
            <String HEIGHT="63" WIDTH="106" VPOS="2700" HPOS="1277" CONTENT="6" ID="tl_55_9" STYLEREFS="FONT0"/>
            <SP HEIGHT="63" WIDTH="21" VPOS="2700" HPOS="1383"/>
            <String HEIGHT="63" WIDTH="233" VPOS="2700" HPOS="1299" CONTENT="thermidor" ID="tl_55_10" STYLEREFS="FONT0"/>
          </TextLine>
          <TextLine ID="tl_56" BASELINE="2823" HEIGHT="75" WIDTH="1379" VPOS="2748" HPOS="152">
            <String HEIGHT="75" WIDTH="345" VPOS="2748" HPOS="95" CONTENT="an" ID="tl_56_1" STYLEREFS="FONT0"/>
            <SP HEIGHT="75" WIDTH="57" VPOS="2748" HPOS="439"/>
            <String HEIGHT="75" WIDTH="402" VPOS="2748" HPOS="267" CONTENT="XI." ID="tl_56_2" STYLEREFS="FONT0"/>
            <SP HEIGHT="75" WIDTH="57" VPOS="2748" HPOS="669"/>
            <String HEIGHT="75" WIDTH="287" VPOS="2748" HPOS="497" CONTENT="2" ID="tl_56_3" STYLEREFS="FONT0"/>
            <SP HEIGHT="75" WIDTH="57" VPOS="2748" HPOS="784"/>
            <String HEIGHT="75" WIDTH="345" VPOS="2748" HPOS="612" CONTENT="p." ID="tl_56_4" STYLEREFS="FONT0"/>
            <SP HEIGHT="75" WIDTH="57" VPOS="2748" HPOS="956"/>
            <String HEIGHT="75" WIDTH="632" VPOS="2748" HPOS="784" CONTENT="in-fol." ID="tl_56_5" STYLEREFS="FONT0"/>
            <SP HEIGHT="75" WIDTH="57" VPOS="2748" HPOS="1416"/>
            <String HEIGHT="75" WIDTH="287" VPOS="2748" HPOS="1244" CONTENT="3" ID="tl_56_6" STYLEREFS="FONT0"/>
            <SP HEIGHT="75" WIDTH="57" VPOS="2748" HPOS="1531"/>
            <String HEIGHT="75" WIDTH="230" VPOS="2748" HPOS="1301" CONTENT="50" ID="tl_56_7" STYLEREFS="FONT0"/>
          </TextLine>
        </TextBlock>
      </PrintSpace>
    </Page>
  </Layout>
</alto>
