1557 2851
670 51 212 84 —
712 51 127 84 8

70 135 131 75 48.
145 135 354 75 Voltaire
443 135 112 75 L.
499 135 149 75 aut.
593 135 261 75 8g.
798 135 93 75 à
835 135 112 75 M.
891 135 280 75 d’Argental.
1115 135 112 75 Ce
1171 135 131 75 23.
1245 135 93 75 1
1283 135 112 75 p.
1339 135 168 75 in-4.
1432 135 93 75 Ca-

117 204 208 68 chet.
255 204 300 68 Déchirure
486 204 139 68 en
555 204 208 68 tête,
694 204 185 68 mais
809 204 139 68 ne
879 204 277 68 touchant
1086 204 162 68 pas
1179 204 139 68 le
1248 204 231 68 texte.
1410 204 139 68 16
1456 204 69 68 »

166 250 115 78 Il
223 250 96 78 a
262 250 153 78 reçu
358 250 115 78 le
415 250 115 78 5e
473 250 153 78 acte
568 250 115 78 de
626 250 345 78 Zulime
914 250 115 78 et
971 250 96 78 a
1009 250 153 78 obéi
1105 250 134 78 sur
1182 250 115 78 le
1239 250 249 78 champ....
1412 250 115 78 «Mes

114 293 239 75 «anges,
288 293 131 75 je
354 293 174 75 suis
462 293 196 75 votre
593 293 218 75 diable
745 293 131 75 de
810 293 131 75 la
876 293 196 75 chose
1006 293 392 75 impossible....
1332 293 174 75 Vous
1419 293 109 75 or-

80 346 98 73 —
120 346 98 73 «
159 346 196 73 donnez
296 346 235 73 toujours
472 346 117 73 et
530 346 117 73 je
589 346 196 73 rabote
726 346 254 73 foujours.
922 346 156 73 Mais
1019 346 333 73 Zulime
1274 346 254 73 réussira-

115 411 202 51 «elle?
256 411 121 51 je
316 411 242 51 l'espère
498 411 101 51 à
538 411 121 51 la
599 411 161 51 fin.
699 411 161 51 J’ay
800 411 161 51 relu
901 411 121 51 ce
962 411 121 51 5e
1022 411 161 51 acte
1123 411 161 51 avec
1224 411 222 51 quelque
1365 411 161 51 satis-

113 451 301 59 «faction.
344 451 255 59 Marions
530 451 185 59 donc
645 451 232 59 Zulime
807 451 208 59 avant
946 451 301 59 d’établir
1178 451 162 59 son
1270 451 185 59 gros
1363 451 162 59 frère

113 492 358 59 «Mahomet....
404 492 224 59 Adieu,
560 492 224 59 couple
717 492 291 59 adorable.
941 492 134 59 Il
1008 492 134 59 ne
1075 492 134 59 me
1142 492 224 59 manque
1299 492 157 59 que
1366 492 157 59 vous.

118 542 256 75 «J’écris
310 542 107 75 à
353 542 128 75 M.
417 542 128 75 de
481 542 321 75 Pontdevesle
737 542 128 75 et
801 542 107 75 à
844 542 171 75 Mlle
930 542 256 75 Quinault.»

109 643 190 65 Ce
236 643 254 65 Bulletin
426 643 296 65 paraissant
658 643 169 65 tous
764 643 148 65 les
849 643 169 65 deux
954 643 169 65 mois
1060 643 169 65 sera
1166 643 211 65 envoyé
1293 643 233 65 frane

67 692 193 61 de
195 692 193 61 port,
324 692 193 61 ainsi
453 692 150 61 que
539 692 150 61 les
625 692 300 61 Catalogues
861 692 129 61 de
925 692 215 61 ventes
1075 692 365 61 d’autographes
1354 692 172 61 aux

66 746 332 55 enchères
331 746 310 55 publiques,
575 746 155 55 aux
663 746 288 55 personnes
884 746 155 55 qui
973 746 133 55 en
1039 746 243 55 feront,
1216 746 155 55 une
1305 746 177 55 fois
1393 746 133 55 pour

66 778 230 60 toutes,
233 778 125 60 la
296 778 230 60 demande
463 778 146 60 par
546 778 209 60 lettre
671 778 355 60 affranchie.

248 872 281 115 LE
389 872 515 115 CABINET
716 872 608 115 HISTORIQUE,

584 959 304 74 (DEUXIÈME
794 959 211 74 ANNÉE.)

112 1017 198 68 Revue
260 1017 214 68 mensuelle
424 1017 230 68 contenant,
605 1017 132 68 avec
688 1017 99 68 un
737 1017 148 68 texte
836 1017 99 68 et
885 1017 115 68 des
951 1017 165 68 pièces
1066 1017 214 68 inédites,
1214 1017 313 68 intéressantes

70 1069 153 47 ou
172 1069 119 47 peu
240 1069 203 47 connues,
392 1069 102 47 le
443 1069 220 47 Catalogue
613 1069 186 47 général
748 1069 119 47 des
816 1069 237 47 manuscrits
1002 1069 119 47 que
1070 1069 237 47 renferment
1257 1069 119 47 les
1308 1069 220 47 biblio

72 1107 231 46 thèques
254 1107 215 46 publiques
420 1107 99 46 de
469 1107 149 46 Paris
568 1107 99 46 et
618 1107 116 46 des
684 1107 264 46 départements
899 1107 198 46 touchant
1048 1107 231 46 l’histoire
1229 1107 99 46 de
1263 1107 264 46 l’ancienne

69 1153 215 56 France
235 1153 99 56 et
285 1153 99 56 de
334 1153 116 56 ses
401 1153 199 56 diverses
550 1153 232 56 localités,
732 1153 133 56 avec
815 1153 116 56 les
881 1153 248 56 indications
1080 1153 99 56 de
1129 1153 199 56 sources,
1279 1153 99 56 et
1328 1153 116 56 des
1378 1153 149 56 no

70 1192 203 57 tices
223 1192 119 57 sur
290 1192 119 57 les
358 1192 288 57 bibliothèques
595 1192 102 57 et
646 1192 119 57 les
714 1192 203 57 archives
866 1192 407 57 départementales
1222 1192 85 57 —
1256 1192 169 57 Parait
1375 1192 102 57 du
1425 1192 102 57 25
1459 1192 68 57 au

70 1230 115 63 30
127 1230 115 63 de
185 1230 191 63 chaque
319 1230 153 63 mois
414 1230 134 63 par
491 1230 210 63 cahiers
644 1230 115 63 de
701 1230 96 63 3
740 1230 96 63 à
778 1230 96 63 3
816 1230 230 63 feuilles
988 1230 115 63 et
1046 1230 191 63 demie,
1180 1230 115 63 ou
1237 1230 115 63 48
1294 1230 96 63 à
1333 1230 115 63 56
1371 1230 153 63 pages,

70 1272 161 57 texte
177 1272 250 57 historique
374 1272 107 57 et
428 1272 250 57 catalogue,
625 1272 233 57 contenant
804 1272 286 57 l’indication
1036 1272 107 57 de
1090 1272 125 57 300
1161 1272 250 57 manuscrits
1340 1272 179 57 environ.

72 1318 129 53 Prix
153 1318 97 53 de
201 1318 275 53 l’abonnement:
428 1318 178 53 Pour
557 1318 226 53 Paris;
735 1318 97 53 12
783 1318 162 53 fr.
896 1318 129 53 Pour
977 1318 113 53 les
1042 1318 340 53 départements;
1333 1318 97 53 14
1381 1318 113 53 fr.
1446 1318 81 53 —
1462 1318 65 53 Le

69 1359 168 70 port
191 1359 91 70 en
236 1359 107 70 sus
297 1359 122 70 pour
358 1359 259 70 l’Etranger

512 1399 257 78 OFFICE
690 1399 396 78 CORRESPONDANCE

266 1441 123 98 des
337 1441 352 98 Bibliothécaires,
636 1441 123 98 des
706 1441 264 98 Archivistes
917 1441 106 98 et
970 1441 123 98 des
1040 1441 141 98 Gens
1128 1441 106 98 de
1163 1441 176 98 lettres,

468 1520 155 71 SOUS
565 1520 117 71 LA
623 1520 253 71 DIRECTION
817 1520 117 71 DE
875 1520 175 71 LOUIS
973 1520 155 71 PARIS.

113 1560 105 69 Le
165 1560 227 69 Directeur
339 1560 105 69 du
392 1560 244 69 Cabinet
583 1560 314 69 historique
845 1560 105 69 se
897 1560 122 69 met
967 1560 87 69 à
1002 1560 105 69 la
1054 1560 262 69 disposition
1263 1560 105 69 de
1316 1560 122 69 MM.
1386 1560 122 69 les
1438 1560 87 69 Bi-

69 1614 328 60 bliothécaires,
342 1614 273 60 Archivistes
560 1614 109 60 et
615 1614 146 60 Gens
706 1614 109 60 de
760 1614 200 60 lettres
906 1614 127 60 des
979 1614 291 60 départements
1216 1614 109 60 et
1270 1614 109 60 de
1307 1614 218 60 l’Étranger

68 1661 153 55 pour
164 1661 172 55 toute
278 1661 191 55 espèce
412 1661 115 55 de
470 1661 268 55 recherches
681 1661 96 55 à
719 1661 172 55 faire
834 1661 115 55 et
891 1661 115 55 de
949 1661 345 55 renseignements
1236 1661 96 55 à
1274 1661 211 55 prendre
1408 1661 115 55 dans

68 1707 132 50 les
144 1707 321 50 bibliothèques
408 1707 113 50 et
465 1707 189 50 dépôts
597 1707 283 50 littéraires
824 1707 113 50 et
881 1707 208 50 publics
1032 1707 113 50 de
1088 1707 189 50 Paris;
1221 1707 94 50 —
1258 1707 113 50 il
1315 1707 113 50 ne
1353 1707 170 50 prélève

70 1750 113 52 de
127 1750 189 52 droits
259 1750 132 52 que
334 1750 151 52 pour
428 1750 132 52 les
504 1750 207 52 travaux
655 1750 113 52 de
711 1750 321 52 transcription
975 1750 113 52 et
1032 1750 113 52 de
1088 1750 264 52 rédaction.
1296 1750 94 52 —
1333 1750 113 52 La
1371 1750 151 52 trans-

69 1786 218 55 cription
232 1786 109 55 de
287 1786 273 55 manuscrits,
505 1786 291 55 collationnée
741 1786 109 55 et
796 1786 236 55 certifiée
978 1786 236 55 conforme,
1159 1786 127 55 est
1232 1786 164 55 fixée
1341 1786 91 55 à
1378 1786 91 55 1
1396 1786 127 55 franc

67 1835 113 49 le
124 1835 151 49 rôle
218 1835 113 49 de
275 1835 113 49 50
332 1835 208 49 lignes.
483 1835 94 49 —
521 1835 113 49 On
577 1835 189 49 traite
710 1835 113 49 de
766 1835 132 49 gré
842 1835 94 49 à
880 1835 132 49 gré
955 1835 151 49 pour
1050 1835 113 49 la
1106 1835 170 49 copie
1220 1835 113 49 de
1276 1835 246 49 documents
1446 1835 76 49 en

66 1874 199 54 langue
206 1874 279 54 étrangère,
425 1874 159 54 pour
524 1874 120 54 la
584 1874 319 54 reproduction
843 1874 120 54 de
903 1874 239 54 dessins,
1083 1874 259 54 vignettes
1262 1874 259 54 enluminées,

69 1926 180 52 cartes
195 1926 108 52 et
249 1926 216 52 blasons,
411 1926 144 52 dont
501 1926 108 52 la
555 1926 216 52 parfaite
717 1926 234 52 exécution
896 1926 126 52 est
968 1926 216 52 garantie
1130 1926 90 52 —
1166 1926 108 52 et
1220 1926 144 52 pour
1310 1926 126 52 les
1364 1926 162 52 travaux

70 1945 98 65 de
119 1945 212 65 rédaction
282 1945 245 65 (Notices
478 1945 262 65 historiques,
691 1945 294 65 biographiques,
936 1945 360 65 généalogiques,
1247 1945 147 65 etc.,
1328 1945 131 65 etc.).

101 2004 286 68 AParis,
325 2004 143 68 rue
407 2004 123 68 de
468 2004 286 68 Rambuteau,
693 2004 123 68 n°
754 2004 123 68 2,
815 2004 163 68 près
917 2004 123 68 du
979 2004 204 68 palais
1121 2004 143 68 des
1183 2004 306 68 Archives.

486 2093 189 96 POUR
623 2093 206 96 PARAITRE
761 2093 344 96 PROCHAINEHENT:

62 2145 432 83 Correspondance
432 2145 123 83 de
494 2145 226 83 Boileau
659 2145 123 83 et
720 2145 370 83 Brossette,
1029 2145 164 83 avec
1131 2145 144 83 les
1214 2145 206 83 œuvres
1337 2145 185 83 supplé-

105 2221 268 52 mentaires.
316 2221 134 52 1re
392 2221 211 52 édition
546 2221 249 52 complète,
737 2221 115 52 en
795 2221 192 52 partie
929 2221 230 52 inédite,
1101 2221 211 52 publiée
1255 2221 134 52 sur
1331 2221 134 52 les
1389 2221 134 52 manu-

105 2262 191 68 scrits
239 2262 268 68 originaux,
449 2262 134 68 par
526 2262 115 68 A.
583 2262 249 68 LAVERDET.
774 2262 96 68 —
812 2262 115 68 Un
870 2262 191 68 volume
1004 2262 172 68 in-8,
1118 2262 210 68 enrichi
1271 2262 115 68 de
1310 2262 210 68 plusieurs

88 2301 242 54 fac

62 2345 319 63 Catalôgue
321 2345 120 63 de
381 2345 219 63 lettres
540 2345 399 63 autographes,
879 2345 259 63 contenant
1079 2345 140 63 une
1158 2345 259 63 nombreuse
1338 2345 179 63 corres-

104 2398 227 50 pondance
274 2398 208 50 inédite
426 2398 114 50 de
482 2398 227 50 Voltaire
653 2398 151 50 avec
747 2398 454 50 l’imprimeur-libraire
1145 2398 208 50 Lambert
1296 2398 151 50 pour
1391 2398 114 50 la
1428 2398 95 50 pu-

103 2433 263 54 blication
305 2433 121 54 de
366 2433 142 54 ses
447 2433 223 54 œuvres,
609 2433 121 54 de
670 2433 162 54 1750
771 2433 101 54 à
811 2433 182 54 1755,
933 2433 263 54 plusieurs
1135 2433 223 54 lettres
1297 2433 223 54 médites
1439 2433 81 54 de

103 2471 139 64 Mme
182 2471 178 64 Dénis
301 2471 119 64 au
361 2471 178 64 même,
480 2471 178 64 etc.,
599 2471 159 64 dont
698 2471 119 64 la
758 2471 178 64 vente
876 2471 159 64 aura
976 2471 159 64 lieu
1075 2471 119 64 au
1134 2471 159 64 mois
1233 2471 119 64 de
1273 2471 119 64 mai.

105 2576 167 64 N.
217 2576 167 64 B
329 2576 112 64 M.
384 2576 223 64 LAVERDET
552 2576 130 64 est
626 2576 149 64 chez
719 2576 130 64 lui
794 2576 112 64 de
849 2576 93 64 1
887 2576 167 64 heure
998 2576 93 64 à
1035 2576 112 64 4,
1091 2576 130 64 les
1166 2576 242 64 dimanches
1352 2576 112 64 et
1389 2576 130 64 fêtes

63 2634 242 53 exceptés,
249 2634 112 53 et
305 2634 112 53 du
361 2634 112 53 15
417 2634 167 53 avril
528 2634 112 53 au
584 2634 112 53 15
640 2634 223 53 octobre,
807 2634 130 53 les
881 2634 242 53 mercredis
1067 2634 112 53 et
1123 2634 204 53 samedis
1253 2634 223 53 seulement.

206 2722 207 90 BRRf
336 2722 130 90 —
387 2722 311 90 ERGEGRie
621 2722 155 90 de
698 2722 285 90 GRRErdr
906 2722 155 90 CI
983 2722 389 90 RREGiIE-GEE
1268 2722 104 90 7.
