1244 2102
591 38 83 58 —
625 38 83 58 6
641 38 50 58 —

155 94 181 81 27243.
281 94 217 81 NAPOLÉON
444 94 145 81 III,
534 94 217 81 empereur
697 94 126 81 des
769 94 235 81 Français.
950 94 90 81 —
986 94 181 81 Décret
1095 94 126 81 sig.;

160 145 158 70 janvier
275 145 130 70 1856,
361 145 72 70 1
390 145 86 70 p.
433 145 173 70 in-fol,,
563 145 115 70 tête
635 145 130 70 impr.
721 145 86 70 12
750 145 43 70 »

159 190 168 67 27244.
277 190 168 67 PEYRON
395 190 269 67 (J.-Fr.-P.),
613 190 185 67 peintre
748 190 252 67 d’histoire,
949 190 101 67 né
1000 190 84 67 à
1033 190 134 67 Aix.
1101 190 50 67 —

151 241 110 79 L.
206 241 110 79 a.
261 241 110 79 s.
316 241 110 79 au
370 241 201 79 préfet;
517 241 183 79 Paris,
645 241 110 79 24
700 241 275 79 vendémiaire
920 241 110 79 an
975 241 128 79 XI,
1048 241 92 79 1
1085 241 110 79 p.
1121 241 92 79 pl.

158 277 90 60 in-4.
218 277 50 60 7
228 277 40 60 50

195 329 81 71 Il
235 329 148 71 réclame
343 329 135 71 contre
437 329 81 71 la
478 329 202 71 suppression
639 329 81 71 de
680 329 94 71 son
734 329 189 71 traitement
882 329 81 71 de
922 329 189 71 professeur
1071 329 94 71 aux
1111 329 108 71 écoles

161 362 173 48 centrales
293 362 93 48 non
347 362 80 48 en
373 362 146 48 activité.

494 405 112 72 27245.
572 405 79 72 PIE
617 405 79 72 IX,
662 405 101 72 pape.
729 405 56 72 —
752 405 67 72 P.
786 405 79 72 s.,
830 405 90 72 avec
887 405 67 72 la
920 405 90 72 date
976 405 67 72 et
1010 405 112 72 quatre
1089 405 90 72 mots
1133 405 79 72 auto-

159 453 195 59 graphes,
305 453 146 59 Rome,
402 453 97 59 29
451 453 130 59 mars
532 453 146 59 1856,
629 453 114 59 1/2
694 453 97 59 p.
743 453 146 59 in-4,
840 453 178 59 cachet.
970 453 97 59 12
1002 453 49 59 »

157 503 163 61 27246.
271 503 130 61 PILS
352 503 228 61 (Isidore),
531 503 179 61 peintre
661 503 244 61 d’histoire,
856 503 163 61 membre
969 503 98 61 de
1002 503 211 61 l’Institut,

160 546 128 52 mort
240 546 224 52 récemment.
416 546 80 52 —
448 546 96 52 L.
496 546 96 52 a.
545 546 112 52 s.,
609 546 80 52 1
641 546 96 52 p.
689 546 144 52 in-8.
785 546 80 52 2
801 546 64 52 50

154 591 164 73 27247.
268 591 197 73 PORTAELS
416 591 213 73 (J.-Fr.),
580 591 147 73 grand
678 591 180 73 peintre
809 591 164 73 belge.
924 591 82 73 —
956 591 98 73 L.
1005 591 98 73 a.
1055 591 115 73 s.,
1120 591 82 73 1
1136 591 66 73 p.

168 640 68 51 pl.
207 640 88 51 in-8.
266 640 156 51 Rare
392 640 49 51 6
402 640 29 51 »

190 678 153 64 Relative
305 678 64 64 à
330 678 140 64 l’envoi
432 678 102 64 d’un
496 678 140 64 tableau
598 678 102 64 dont
661 678 76 64 le
700 678 115 64 titre
776 678 102 64 est:
840 678 127 64 une
929 678 115 64 Etude
1005 678 76 64 en
1031 678 178 64 Espagne

155 722 141 83 27248.
254 722 127 83 RAPIN
339 722 198 83 (Nicolas),
494 722 85 83 un
536 722 99 83 des
593 722 155 83 auteurs
706 722 85 83 de
748 722 85 83 la
791 722 184 83 Satire
932 722 240 83 Ménippée
1116 722 42 83 —

148 765 79 81 P.
187 765 92 81 s.;
240 765 79 81 23
280 765 106 81 déc.
346 765 119 81 1594,
425 765 66 81 1
452 765 79 81 p.
491 765 92 81 1/2
544 765 79 81 p.
584 765 145 81 in-fol.
689 765 211 81 Rare
861 765 79 81 15
887 765 40 81 »

148 825 183 58 27249.
276 825 146 58 ROSE
367 825 292 58 (Toussaint),
604 825 201 58 célèbre
750 825 256 58 magistrat,
951 825 256 58 secrétaire
1134 825 73 58 de

152 865 148 62 Louis
250 865 132 62 XIV,
333 865 132 62 dont
415 865 99 62 il
465 865 181 62 imitait
597 865 231 62 l’écriture
778 865 132 62 avec
861 865 115 62 une
927 865 165 62 grande
1026 865 181 62 habileté,

537 911 112 63 membre
615 911 67 63 de
649 911 123 63 l’Acad.
739 911 79 63 fr.
784 911 56 63 —
806 911 67 63 L.
840 911 67 63 a.
873 911 67 63 s.
907 911 56 63 à
929 911 67 63 M.
963 911 67 63 de
997 911 123 63 Pilles,
1075 911 135 63 gouverneur

151 948 103 60 du
202 948 188 60 château
339 948 154 60 d’If;
442 948 222 60 Toujouse,
613 948 85 60 5
647 948 137 60 déc.
732 948 154 60 1659,
835 948 85 60 1
869 948 103 60 p.
920 948 154 60 in-4.
1023 948 188 60 cachets
1143 948 68 60 et

149 994 131 49 soies.
241 994 118 49 Belle
319 994 79 49 et
358 994 105 49 rare
424 994 144 49 lettre.
529 994 79 49 25
555 994 39 49 »

156 1033 170 67 27250.
275 1033 136 67 ROSS
361 1033 188 67 (John),
497 1033 153 67 grand
599 1033 239 67 navigateur
787 1033 188 67 anglais
923 1033 136 67 dans
1008 1033 119 67 les
1077 1033 136 67 mers
1145 1033 68 67 du

423 1088 102 70 pôle
487 1088 115 70 Nord.
564 1088 64 70 —
589 1088 77 70 P.
627 1088 77 70 a.
666 1088 89 70 s.,
717 1088 77 70 en
755 1088 166 70 français;
882 1088 115 70 (mars
959 1088 128 70 1836),
1048 1088 64 70 1
1061 1088 51 70 p.

152 1124 87 55 in-4.
211 1124 49 55 6
220 1124 39 55 50

179 1150 81 66 Il
219 1150 121 66 remet
300 1150 67 66 à
327 1150 81 66 la
367 1150 148 66 société
475 1150 108 66 pour
543 1150 256 66 l’encouragement
759 1150 81 66 de
799 1150 202 66 l’industrie
961 1150 94 66 une
1015 1150 135 66 caisse
1110 1150 81 66 en
1137 1150 67 66 fer

148 1196 124 54 blanc
231 1196 179 54 contenant
369 1196 83 54 de
410 1196 83 54 la
452 1196 138 54 viande
548 1196 179 54 conservée
686 1196 124 54 qu’il
769 1196 69 54 a
797 1196 179 54 rapportée
935 1196 83 54 du
976 1196 97 54 cap
1032 1196 110 54 Fury
1101 1196 83 54 où
1128 1196 83 54 elle

146 1235 123 47 avait
228 1235 95 47 été
283 1235 150 47 déposée
391 1235 82 47 en
432 1235 109 47 août
500 1235 109 47 1824
568 1235 95 47 par
623 1235 82 47 le
664 1235 177 47 capitaine
786 1235 109 47 Parry.

147 1268 174 71 27251.
269 1268 296 71 ROYER-COLLARD
513 1268 209 71 (P.-P.),
670 1268 192 71 célèbre
809 1268 262 71 philosophe,
1018 1268 105 71 de
1053 1268 157 71 l’Acad.

140 1320 131 62 fr.
215 1320 93 62 —
252 1320 112 62 L.
308 1320 112 62 a.
364 1320 112 62 s.
420 1320 93 62 à
458 1320 112 62 un
514 1320 243 62 collègue;
700 1320 93 62 5
737 1320 224 62 octobre,
905 1320 131 62 3/4
980 1320 112 62 de
1036 1320 112 62 p.
1073 1320 131 62 in

1073 1365 164 46 10
1127 1365 82 46 »

178 1381 170 71 Curieuse
305 1381 141 71 lettre
404 1381 99 71 sur
461 1381 141 71 Victor
560 1381 156 71 Cousin.
673 1381 99 71 «Ce
729 1381 99 71 que
786 1381 85 71 le
828 1381 226 71 gouvernement
1012 1381 170 71 français
1125 1381 85 71 peut

143 1438 81 64 et
183 1438 108 64 doit
250 1438 121 64 faire
331 1438 108 64 pour
399 1438 81 64 M.
439 1438 148 64 Cousin,
547 1438 81 64 il
588 1438 94 64 est
642 1438 148 64 certain
749 1438 121 64 qu’il
830 1438 94 64 l’a
884 1438 148 64 fait...
992 1438 94 64 Les
1046 1438 162 64 journaux
1154 1438 54 64 me

146 1474 196 44 paroissent
300 1474 210 44 aujourd’hui
468 1474 84 44 de
510 1474 154 44 foibles
608 1474 154 44 ennemis.»

159 1502 115 70 27252.
240 1502 115 70 RUBINI
321 1502 139 70 (J.-B.),
425 1502 127 70 célèbre
517 1502 139 70 chanteur
621 1502 139 70 italien.
725 1502 58 70 —
748 1502 69 70 L.
783 1502 81 70 s.;
829 1502 58 70 7
841 1502 69 70 déc.

151 1552 124 55 1840,
234 1552 69 55 1
262 1552 83 55 p.
303 1552 97 55 1/2
358 1552 124 55 in-8.
441 1552 69 55 2
455 1552 55 55 50

180 1598 83 43 Il
222 1598 153 43 demande
333 1598 97 43 que
388 1598 97 43 ses
444 1598 236 43 appointements
638 1598 139 43 soient
735 1598 139 43 réglés
832 1598 97 43 par
888 1598 250 43 représentation
1096 1598 83 43 au
1124 1598 83 43 lieu

150 1631 81 59 de
190 1631 135 59 l’être
284 1631 94 59 par
325 1631 94 59 mois.

745 1666 74 74 27253.
796 1666 81 74 SAMSON,
855 1666 44 74 le
877 1666 81 74 célèbre
936 1666 96 74 comédien.
1009 1666 37 74 —
1024 1666 44 74 L.
1046 1666 44 74 a.
1068 1666 51 74 s.;
1098 1666 44 74 29
1120 1666 66 74 janv.
1157 1666 51 74 1850,

144 1713 64 63 1
170 1713 77 63 p.
208 1713 89 63 1/2
259 1713 115 63 in-8.
336 1713 64 63 4
349 1713 38 63 »

180 1732 167 64 Charmante
309 1732 128 64 épître
398 1732 77 64 où
437 1732 77 64 il
475 1732 90 64 lui
527 1732 141 64 demande
629 1732 77 64 un
668 1732 128 64 billet
758 1732 103 64 pour
822 1732 103 64 voir
886 1732 116 64 le
963 1732 141 64 Barbier
1066 1732 77 64 de
1091 1732 116 64 Sé

145 1789 224 51 ville
329 1789 92 51 «Le
382 1789 132 51 figaro
474 1789 79 51 de
513 1789 79 51 la
553 1789 276 51 Comédie-Française
789 1789 79 51 en
829 1789 132 51 voyant
921 1789 118 51 jouer
1000 1789 92 51 son
1052 1789 158 51 confrère
1157 1789 53 51 du

156 1827 241 47 Théâtre-Italien
359 1827 178 47 trouverait
499 1827 63 47 à
524 1827 76 47 la
562 1827 102 47 fois
626 1827 140 47 plaisir
727 1827 76 47 et
753 1827 152 47 profit...»

152 1872 136 44 27254.
248 1872 149 44 SANDEAU
356 1872 163 44 (Jules),
479 1872 190 44 romancier,
628 1872 82 44 de
669 1872 149 44 l’Acad.
778 1872 95 44 fr.
832 1872 68 44 —
859 1872 82 44 L.
900 1872 82 44 a.
927 1872 68 44 s.,

145 1910 90 58 1/2
196 1910 77 58 p.
235 1910 115 58 in-8.
312 1910 64 58 2
325 1910 38 58 »

149 1949 152 65 27255.
255 1949 167 65 SAVARY,
376 1949 106 65 duc
437 1949 91 65 de
482 1949 167 65 Rovigo,
604 1949 167 65 général
725 1949 91 65 et
770 1949 136 65 homme
861 1949 167 65 d’Etat.
968 1949 45 65 —

149 2004 93 65 L.
196 2004 93 65 a.
243 2004 109 65 s.;
305 2004 155 65 Paris,
413 2004 93 65 30
460 2004 186 65 frimaire
600 2004 93 65 an
646 2004 109 65 VI,
708 2004 109 65 3/4
771 2004 93 65 de
817 2004 93 65 p.
864 2004 140 65 in-4.
957 2004 78 65 6
972 2004 47 65 »
