1190 2234
469 24 143 60 —
527 24 143 60 8
555 24 86 60 —

121 76 130 74 qu’en
207 76 188 74 changeant
352 76 188 74 eux-mêmes
496 76 87 74 de
540 76 202 74 politique.
698 76 130 74 C’est
785 76 87 74 là
828 76 87 74 la
872 76 116 74 pire
944 76 101 74 des
987 76 116 74 situa-

116 128 131 50 tions
203 128 145 50 auprès
290 128 160 50 d’eux...»

121 146 123 63 23859
203 146 164 63 TRONCHIN
326 146 205 63 (Théodore),
489 146 82 63 le
530 146 150 63 célèbre
639 146 150 63 médecin
749 146 82 63 de
789 146 177 63 Voltaire,
926 146 82 63 né
967 146 68 63 à
980 146 123 63 Genève.

119 203 102 41 L.
187 203 114 41 a.
266 203 57 41 à
289 203 91 41 Mlle
346 203 114 41 Muger;
426 203 68 41 30
460 203 91 41 mai,
517 203 57 41 1
539 203 68 41 p.
573 203 102 41 in-4,
642 203 125 41 cachet.
733 203 57 41 7
744 203 34 41 »

493 219 112 58 Lettre
580 219 69 58 fort
623 219 147 58 curieuse
744 219 43 58 —
761 219 69 58 Mlle
804 219 78 58 Auger
856 219 52 58 va
882 219 86 58 suivre
942 219 52 58 M.
968 219 52 58 de
994 219 86 58 Bossey
1054 219 43 58 à
1063 219 43 58 Ge-

121 259 129 50 nève.
207 259 86 50 M.
250 259 100 50 Des
307 259 186 50 Franches,
450 259 115 50 père
522 259 86 50 de
565 259 186 50 celui-ci,
708 259 86 50 en
751 259 100 50 est
808 259 86 50 au
851 259 201 50 désespoir.
995 259 100 50 Tron-

126 293 112 52 chin
196 293 112 52 fait
266 293 98 52 ses
322 293 154 52 efforts
433 293 112 52 pour
503 293 140 52 éviter
601 293 70 52 à
629 293 98 52 son
685 293 98 52 ami
741 293 84 52 un
783 293 84 52 si
825 293 126 52 grand
908 293 182 52 scandale.
1034 293 70 52 «Si

123 335 117 44 vous
196 335 131 44 aimez
284 335 87 44 M.
327 335 87 44 de
371 335 160 44 Bossey,
488 335 175 44 épargnez
619 335 117 44 lui,
692 335 175 44 épargnez
823 335 73 44 à
852 335 102 44 ses
911 335 160 44 parents
1027 335 87 44 et
1056 335 44 44 à

120 376 97 39 son
176 376 125 39 digne
259 376 111 39 pèré
328 376 97 39 les
384 376 111 39 vifs
453 376 167 39 chagrins
578 376 97 39 que
634 376 83 39 ce
675 376 139 39 voyage
772 376 83 39 va
814 376 111 39 leur
869 376 167 39 causer...»

127 385 127 74 23860
211 385 169 74 VAILLANT
338 385 99 74 (le
395 385 155 74 comte),
507 385 169 74 maréchal
634 385 85 74 de
676 385 141 74 France
775 385 85 74 et
817 385 183 74 ministre,
958 385 141 74 membre
1043 385 56 74 de

125 436 155 41 l’Institut.
249 436 93 41 L.
311 436 62 41 a.
342 436 114 41 s.
424 436 103 41 Paris,
497 436 62 41 22
528 436 93 41 févr.
590 436 93 41 1849,
652 436 52 41 2
672 436 62 41 p.
703 436 93 41 in-4.
765 436 52 41 3
776 436 41 41 50

150 466 216 54 Intéressante
325 466 135 54 lettre
420 466 95 54 sur
474 466 95 54 les
528 466 149 54 travaux
636 466 81 54 du
676 466 108 54 port
730 466 135 54 d’Alger.

133 498 118 50 23861
212 498 171 50 VALVASONE
343 498 145 50 (Erasme
448 498 105 50 de),
514 498 145 50 célèbre
619 498 118 50 poëte
698 498 145 50 italien
804 498 79 50 du
843 498 158 50 seizième
961 498 145 50 siècle,
1053 498 53 50 le

126 542 105 42 plus
191 542 170 42 intrépide
323 542 157 42 chasseur
441 542 79 42 de
480 542 92 42 son
532 542 131 42 temps,
624 542 131 42 auteur
716 542 79 42 du
755 542 118 42 poëme
834 542 79 42 de
873 542 118 42 La
939 542 157 42 Caccia

119 575 115 44 L.
196 575 77 44 a.
234 575 128 44 s.
324 575 90 44 (au
375 575 153 44 cardinal
490 575 153 44 Caëtan);
605 575 179 44 Valvasone,
746 575 77 44 24
784 575 115 44 févr.
861 575 115 44 1588,
938 575 64 44 2
963 575 77 44 p.
989 575 115 44 in

137 611 159 43 Très-belle
267 611 56 43 et
295 611 121 43 très-rare
389 611 131 43 pièce
491 611 56 43 60
510 611 28 43 »

155 641 223 49 Très-curieuse
339 641 144 49 lettre,
444 641 158 49 relative
562 641 66 49 à
588 641 79 49 un
627 641 105 49 duel
693 641 118 49 entre
772 641 79 49 le
811 641 118 49 coite
890 641 131 49 Martio
969 641 131 49 Collalta

125 676 84 43 et
167 676 84 43 le
209 676 126 43 comte
293 676 140 43 Pirro.
391 676 168 43 Consulté
517 676 98 43 par
573 676 84 43 le
615 676 168 43 cardinal
740 676 98 43 sur
796 676 84 43 le
838 676 126 43 moyen
922 676 84 43 de
950 676 154 43 concilier

123 713 95 39 les
177 713 108 39 deux
244 713 216 39 adversaires,
420 713 81 39 il
460 713 149 39 déclare
568 713 95 39 que
622 713 135 39 depuis
717 713 108 39 bien
784 713 95 39 des
838 713 135 39 années
933 713 81 39 il
973 713 95 39 n’a
1027 713 81 39 lu
1054 713 54 39 ni

121 746 126 38 voulu
205 746 112 38 lire
275 746 126 38 aucun
359 746 140 38 traité
458 746 98 38 sur
514 746 98 38 les
570 746 140 38 duels.
668 746 84 38 Il
710 746 154 38 propose
822 746 182 38 néanmoins
963 746 84 38 un
991 746 112 38 projet

121 774 263 48 d’arrangement,
340 774 190 48 honorable
487 774 117 48 pour
560 774 117 48 l’un
633 774 88 48 et
676 774 117 48 pour
749 774 175 48 l’autre,
881 774 88 48 et
925 774 161 48 ajoute:
1027 774 73 48 «La

123 821 221 33 compensation
303 821 97 33 des
358 821 221 33 désavantages
538 821 97 33 est
594 821 83 33 de
635 821 166 33 rigueur,
760 821 83 33 et
801 821 125 33 aucun
885 821 166 33 cavalier
995 821 111 33 d’hon-

125 840 112 50 neur
195 840 84 50 ne
237 840 112 50 doit
307 840 154 50 hésiter
419 840 70 50 à
447 840 70 50 y
475 840 196 50 consentir;
630 840 112 50 tout
700 840 210 50 faux-fuyant
868 840 98 50 est
924 840 84 50 un
966 840 140 50 indice
1050 840 56 50 de

124 872 224 52 vendetta
313 872 71 52 et
349 872 83 52 non
396 872 83 52 une
431 872 213 52 réconciliation.»

127 915 108 46 23862
199 915 156 46 VAUQUELIN
320 915 84 46 (L.
368 915 96 46 N.),
428 915 120 46 savant
512 915 156 46 chimiste,
633 915 120 46 membre
717 915 72 46 de
753 915 181 46 l’Institut.
897 915 108 46 L.
970 915 72 46 a.
994 915 108 46 s.

132 949 99 46 1821,
198 949 55 46 1
220 949 66 46 p.
253 949 77 46 1/2
296 949 99 46 in-8.
362 949 55 46 2
373 949 33 46 »

136 989 95 44 23863
199 989 116 44 VICTOR,
283 989 74 44 duc
325 989 63 44 de
356 989 126 44 Bellune;
451 989 126 44 maréchal
545 989 63 44 de
577 989 116 44 France.
661 989 95 44 L.
724 989 63 44 a.
755 989 116 44 s.
839 989 63 44 La
871 989 95 44 Haye,
934 989 53 44 5
944 989 63 44 ven-

124 1021 150 43 démiaire
236 1021 75 43 an
274 1021 88 43 IX,
324 1021 63 43 1
349 1021 75 43 p.
386 1021 150 43 in-fol.,
499 1021 100 43 tête
561 1021 113 43 impr.
636 1021 175 43 Très-belle
774 1021 138 43 lettre.
874 1021 63 43 3
886 1021 50 43 50

133 1053 108 49 23864
205 1053 144 49 VILLEROI
313 1053 108 49 (Nic.
384 1053 72 49 de
420 1053 168 49 NEUFNILLE,
552 1053 84 49 duc
600 1053 96 49 de),
660 1053 144 49 maréchal
768 1053 72 49 de
803 1053 132 49 France,
887 1053 108 49 gouver-

126 1091 102 38 neur
190 1091 77 38 de
228 1091 115 38 Louis
305 1091 102 38 XIV.
369 1091 115 38 L.
445 1091 140 38 s.
547 1091 102 38 avec
611 1091 77 38 la
650 1091 179 38 souscript.
790 1091 115 38 aut.,
867 1091 77 38 au
905 1091 128 38 prévôt
994 1091 89 38 des
1032 1091 77 38 mar-

125 1117 133 53 chands
218 1117 80 53 et
258 1117 160 53 échevins
378 1117 80 53 de
418 1117 80 53 la
458 1117 120 53 ville
538 1117 80 53 de
578 1117 120 53 Lyon;
658 1117 133 53 Paris,
751 1117 80 53 19
791 1117 120 53 avril
871 1117 120 53 1680,
951 1117 67 53 1
978 1117 80 53 p.
1005 1117 93 53 in

123 1155 124 56 cachet
209 1155 124 56 brisé.
296 1155 74 56 Un
333 1155 87 56 peu
382 1155 124 56 jaunie
469 1155 74 56 en
506 1155 111 56 tête.
580 1155 62 56 7
593 1155 49 56 50

160 1165 123 72 Belle
243 1165 151 72 lettre,
352 1165 82 72 ou
393 1165 82 72 il
434 1165 151 72 annonce
544 1165 96 72 que
599 1165 82 72 le
640 1165 96 72 roi
695 1165 69 72 a
722 1165 151 72 accordé
832 1165 69 72 à
859 1165 96 72 son
914 1165 192 72 petit-fils
1051 1165 55 72 la

123 1215 211 50 survivancé
288 1215 90 50 de
334 1215 90 50 la
379 1215 150 50 charge
484 1215 90 50 de
529 1215 241 50 l’archevêque
725 1215 90 50 de
770 1215 135 50 Lyon.
845 1215 45 50 —

135 1266 118 34 23865
213 1266 157 34 VILLEROI
331 1266 105 34 (Fr.
397 1266 78 34 de
436 1266 183 34 NEUFVILLE,
580 1266 92 34 duc
632 1266 105 34 de),
697 1266 105 34 fils
763 1266 78 34 du
802 1266 183 34 précédent,
946 1266 157 34 maréchal
1051 1266 52 34 de

135 1291 144 47 France,
240 1291 118 47 battu
319 1291 66 47 à
345 1291 184 47 Ramillies,
489 1291 184 47 gouverneur
634 1291 79 47 de
673 1291 118 47 Louis
752 1291 92 47 XV.
804 1291 118 47 L.
883 1291 131 47 s.
975 1291 79 47 au
1014 1291 92 47 duc
1054 1291 52 47 Du

129 1328 153 45 Maine;
236 1328 138 45 Lyon,
328 1328 92 45 26
374 1328 138 45 avril
466 1328 138 45 1724,
558 1328 77 45 2
588 1328 92 45 p.
634 1328 138 45 in-4.
726 1328 260 45 Intéressante.
940 1328 77 45 3
956 1328 61 45 50

133 1362 104 49 23866
203 1362 127 49 VINCENT
295 1362 93 49 (Fr.
353 1362 93 49 A.),
411 1362 127 49 célèbre
504 1362 127 49 peintre
596 1362 173 49 d’histoire,
735 1362 116 49 membre
816 1362 69 49 de
851 1362 173 49 l’Institut.
978 1362 127 49 L.

126 1397 162 50 a.
234 1397 197 50 s.
377 1397 179 50 Paris,
503 1397 108 50 22
557 1397 144 50 mars
646 1397 162 50 1809,
754 1397 90 50 1
790 1397 108 50 p.
844 1397 197 50 in-fol.
1005 1397 108 50 33
1041 1397 72 50 50

135 1432 102 48 23867
203 1432 113 48 VICHON
282 1432 79 48 (J.
327 1432 90 48 B.),
383 1432 124 48 célèbre
474 1432 124 48 peintre
564 1432 170 48 d’histoire.
700 1432 102 48 L.
768 1432 68 48 a.
802 1432 113 48 s.
881 1432 57 48 à
903 1432 147 48 Panseron;
1016 1432 79 48 1er
1050 1432 68 48 août

124 1475 170 42 1834,
238 1475 95 42 1
275 1475 113 42 p.
332 1475 170 42 in-8.
446 1475 170 42 Jolie
559 1475 189 42 pièce.
691 1475 95 42 2
710 1475 76 42 50

135 1503 118 54 23868
213 1503 157 54 VOISENON
331 1503 105 54 (CI.
397 1503 78 54 H.
436 1503 131 54 FUSÉE,
527 1503 105 54 abbé
593 1503 105 54 de),
658 1503 196 54 littérateur
815 1503 78 54 et
854 1503 92 54 bel
907 1503 131 54 esprit
998 1503 78 54 du
1025 1503 78 54 dix-

137 1544 149 39 huitième
249 1544 137 39 siècle,
348 1544 75 39 de
386 1544 137 39 l’Acad.
485 1544 87 39 fr.
535 1544 112 39 L.
610 1544 75 39 a.
647 1544 125 39 s.
734 1544 75 39 (à
772 1544 149 39 Baculard
884 1544 174 39 d’Arnaud),
1021 1544 62 39 8
1033 1544 75 39 août

141 1584 81 43 1749,
195 1584 54 43 1,
222 1584 54 43 p.
249 1584 81 43 in-4.
303 1584 144 43 Rare
419 1584 54 43 20
437 1584 27 43 »

166 1586 232 75 Très-curieuse
357 1586 150 75 épître,
467 1586 123 75 toute
548 1586 164 75 relative
671 1586 68 75 à
699 1586 177 75 Voltaire.
835 1586 136 75 «C’est
931 1586 109 75 sans
985 1586 123 75 contre-

135 1641 104 49 dit,
200 1641 143 49 dit-il,
304 1641 78 49 le
343 1641 104 49 plus
408 1641 91 49 bel
460 1641 130 49 esprit
551 1641 78 49 de
590 1641 91 49 son
643 1641 143 49 siècle,
747 1641 65 49 c
773 1641 91 49 est
825 1641 78 49 un
864 1641 130 49 prêtre
955 1641 104 49 dont
1020 1641 78 49 le
1046 1641 65 49 co-

135 1675 119 52 loris
214 1675 79 52 ne
254 1675 185 52 s’effacera
386 1675 158 52 jamais...»

144 1706 105 49 23869
214 1706 117 49 VOLNEY
296 1706 82 49 (le
343 1706 105 49 comte
412 1706 93 49 de),
471 1706 128 49 célèbre
564 1706 140 49 écrivain
669 1706 175 49 philosophe,
809 1706 117 49 auteur
890 1706 82 49 des
925 1706 187 49 Ruines,

140 1754 130 43 membre
231 1754 78 43 de
270 1754 143 43 l’Acad,
374 1754 91 43 fr.
426 1754 117 43 L.
504 1754 78 43 a.
543 1754 130 43 s.
634 1754 65 43 à
661 1754 182 43 Perregaux;
804 1754 78 43 21
843 1754 169 43 prairial,
973 1754 65 43 1
999 1754 78 43 p.
1025 1754 91 43 in

147 1783 82 46 Jolie
202 1783 91 46 pièce.
266 1783 46 46 3
275 1783 27 46 »

145 1818 105 42 23870
215 1818 94 42 WATT
274 1818 140 42 (James),
379 1818 164 42 l’illustre
508 1818 152 42 inyenteur
625 1818 82 42 des
672 1818 140 42 machines
777 1818 58 42 à
800 1818 129 42 vapeur.
894 1818 105 42 L.
964 1818 129 42 a.
1046 1818 70 42 sig.

143 1849 185 54 Boulton
288 1849 79 54 et
328 1849 172 54 Watt
459 1849 66 54 à
486 1849 79 54 M.
525 1849 79 54 de
565 1849 145 54 Tastet;
671 1849 198 54 Birmingham,
829 1849 79 54 21
869 1849 158 54 octobre,
987 1849 66 54 2
1014 1849 79 54 p.
1040 1849 66 54 gr.

145 1886 108 53 in-fol.
224 1886 167 53 Très-belle
361 1886 59 53 et
391 1886 128 53 tres-rare
489 1886 147 53 lettre
607 1886 59 53 30
627 1886 29 53 »

152 1966 352 68 L’authenticité
454 1966 117 68 des
521 1966 251 68 Autographes
722 1966 117 68 est
772 1966 251 68 garantie.

69 2014 86 65 Le
112 2014 187 65 Catalogue
256 2014 115 65 sera
328 2014 144 65 envoyé
429 2014 72 65 à
457 2014 144 65 toutes
558 2014 101 65 les
616 2014 187 65 personnes
760 2014 101 65 qui
818 2014 86 65 en
861 2014 144 65 feront
962 2014 86 65 la
990 2014 130 65 demande

38 2075 196 45 (iaffranchir)

226 2135 413 56 Strasbourg,typographie
592 2135 95 56 de
640 2135 95 56 G.
671 2135 207 56 Silbermann.
