1185 2167
470 0 137 53 —
524 0 137 53 3
552 0 82 53 —

114 47 66 60 à
140 47 132 60 vapeur
233 47 79 60 de
273 47 106 60 Lyon
339 47 66 60 à
365 47 172 60 Châlons,»
497 47 79 60 12
537 47 106 60 août
603 47 119 60 1848,
683 47 66 60 6
709 47 79 60 p.
749 47 93 60 1/2
802 47 106 60 in-8
868 47 172 60 (Coll.
987 47 119 60 Ve

125 100 98 42 meniz)
206 100 33 42 15
217 100 16 42 »

148 128 144 46 Lettre
248 128 215 46 historique.
421 128 72 46 —
449 128 86 46 La
492 128 201 46 princesse,
650 128 101 46 qui
708 128 129 46 vient
794 128 201 46 d’assister
952 128 72 46 à
966 128 144 46 l’entrée

121 164 98 46 des
177 164 209 46 Autrichiens
344 164 70 46 à
372 164 139 46 Milan,
470 164 167 46 proteste
595 164 112 46 avec
665 164 153 46 énergie
776 164 139 46 contre
874 164 209 46 l’assertion
1027 164 84 46 d’un

124 198 204 49 journaliste
288 198 95 49 qui
342 198 150 49 prétend
451 198 95 49 que
505 198 95 49 les
559 198 177 49 bourgeois
695 198 150 49 étaient
804 198 204 49 tranquilles
967 198 82 49 et
994 198 109 49 qu’une

118 232 123 43 bande
200 232 82 43 de
241 232 164 43 brigands
364 232 123 43 avait
447 232 96 43 mis
501 232 82 43 le
542 232 96 43 feu
597 232 68 43 à
624 232 82 43 la
665 232 137 43 ville.
761 232 109 43 Cela
829 232 96 43 est
884 232 123 43 faux;
966 232 109 43 tout
1021 232 82 43 d’a-

122 265 127 45 bord,
206 265 113 45 tous
277 265 99 45 les
333 265 183 45 bourgeois
474 265 155 45 avaient
586 265 141 45 quitté
685 265 141 45 Milan;
783 265 84 45 en
826 265 141 45 second
924 265 127 45 lieu,
994 265 113 45 mettre

130 299 67 46 e
156 299 94 46 feu
210 299 67 46 à
237 299 81 46 la
278 299 121 46 ville
359 299 121 46 était
440 299 81 46 un
480 299 135 46 projet
575 299 148 46 arrêté,
683 299 94 46 non
737 299 94 46 pas
791 299 94 46 par
845 299 162 46 quelques
953 299 148 46 brigands.

124 326 109 49 mais
192 326 95 49 par
247 326 95 49 les
301 326 177 49 meilleurs
437 326 177 49 patriotes
573 326 177 49 italiens.
709 326 204 49 «Abandonnés
873 326 95 49 par
927 326 82 49 le
968 326 109 49 roi,
1022 326 82 49 qui,

126 367 83 36 la
168 367 138 36 veille
264 367 152 36 encore,
374 367 124 36 avait
457 367 110 36 juré
526 367 83 36 de
567 367 83 36 se
609 367 165 36 défendre
733 367 110 36 avec
802 367 97 36 eux
857 367 152 36 jusques
967 367 69 36 à
995 367 83 36 la
1022 367 83 36 der-

129 404 128 39 nière
214 404 199 39 extrémité;
370 404 199 39 abandonnés
526 404 99 39 par
583 404 99 39 les
640 404 156 39 troupes
753 404 99 39 qui
810 404 184 39 formaient
952 404 114 39 leur
1009 404 99 39 meil-

125 428 118 44 leur
199 428 133 44 moyen
288 428 89 44 de
332 428 177 44 défense,
465 428 207 44 abandonnés
628 428 104 44 par
687 428 133 44 leurs
776 428 163 44 propres
894 428 222 44 gouvernants
1057 428 59 44 et

124 463 87 47 ne
168 463 160 47 sachant
285 463 87 47 ni
328 463 160 47 comment
445 463 87 47 se
489 463 189 47 conduire,
634 463 87 47 ni
678 463 87 47 où
722 463 160 47 trouver
838 463 102 47 des
896 463 204 47 munitions,
1042 463 73 47 des

131 494 207 47 provisions,
296 494 96 47 une
352 494 193 47 direction,
503 494 96 47 les
558 494 165 47 Milanais
682 494 83 47 ne
723 494 138 47 purent
820 494 96 47 que
875 494 179 47 protester
999 494 110 47 haute-

124 527 114 49 ment
195 527 142 49 contre
294 527 99 49 cet
351 527 241 49 inqualifiable
549 527 213 49 abandon...,
720 527 85 49 et
762 527 142 49 enfin,
862 527 114 49 tout
933 527 142 49 espoir
1018 527 99 49 étant

131 563 141 43 perdu,
229 563 84 43 en
272 563 155 43 mettant
384 563 84 43 le
426 563 98 43 feu
482 563 70 43 à
511 563 112 43 leur
581 563 127 43 ville
665 563 84 43 et
707 563 84 43 en
750 563 197 43 l’évacuant
904 563 84 43 en
932 563 155 43 masse...»

129 605 123 39 24152
211 605 178 39 BENDEMANN
348 605 192 39 (Édouard),
499 605 151 39 célèbre
608 605 151 39 peintre
718 605 192 39 d’histoire
869 605 178 39 allemand,
992 605 123 39 corres-

140 628 127 50 ondant
229 628 76 50 de
268 628 191 50 l’Institut.
420 628 115 50 L.
497 628 102 50 a.
560 628 127 50 s;
649 628 140 50 Dresde,
751 628 76 50 26
789 628 89 50 mai
840 628 115 50 1846,
916 628 64 50 1
942 628 76 50 p.
980 628 115 50 in-8.
1056 628 64 50 3
1069 628 51 50 50

142 662 123 50 24153
225 662 192 50 BERNADOTTE
375 662 123 50 (J.),
458 662 165 50 maréchal
581 662 82 50 de
622 662 151 50 France,
732 662 96 50 roi
787 662 82 50 de
828 662 123 50 Suède
910 662 110 50 sous
979 662 82 50 le
1020 662 96 50 nom
1061 662 55 50 de

140 701 230 55 <Charles-Jean
330 701 108 55 XIV.
398 701 95 55 Pi.
452 701 95 55 s.,
506 701 108 55 avec
574 701 68 55 2
601 701 135 55 lignes
696 701 163 55 autogr.;
818 701 135 55 Paris;
913 701 81 55 29
953 701 122 55 sept.
1021 701 95 55 1809,

140 743 61 48 1
164 743 74 48 p.
201 743 98 48 in-4
263 743 135 48 oblong.
361 743 111 48 Belle
435 743 123 48 pièce.
521 743 61 48 3
533 743 37 48 »

140 769 108 56 24154
212 769 108 56 BERRY
284 769 168 56 (Caroline,
416 769 144 56 duchesse
524 769 96 56 de),
584 769 72 56 la
620 769 96 56 mère
681 769 72 56 du
717 769 108 56 comte
789 769 72 56 de
825 769 156 56 Chambord.
945 769 108 56 L.
1005 769 120 56 a.

138 819 104 41 sig.
203 819 168 41 M
332 819 104 41 avec
397 819 155 41 paraphe,
514 819 65 41 à
539 819 78 41 M.
578 819 181 41 d’Orville;
721 819 129 41 Gratz,
811 819 78 41 28
850 819 104 41 juin
915 819 117 41 1836,
993 819 91 41 3/4
1044 819 78 41 de
1070 819 52 41 p.

147 850 83 47 in-8.
202 850 92 47 Peu
266 850 138 47 commun
376 850 55 47 12
394 850 28 47 »

167 877 109 49 Très
236 877 123 49 jolie
318 877 150 49 lettre,
427 877 82 49 où
468 877 109 49 elle
536 877 96 49 lui
591 877 150 49 annonce
700 877 123 49 qu’on
782 877 164 49 réussira
905 877 68 49 à
932 877 82 49 le
973 877 150 49 placer,
1068 877 55 49 et

140 918 98 45 lui
196 918 154 45 demande
308 918 98 45 des
364 918 182 45 nouvelles
504 918 84 45 de
546 918 238 45 quelques-unes
743 918 84 45 de
785 918 98 45 ses
841 918 252 45 pensionnaires.
1037 918 84 45 Elle

135 948 98 47 lui
191 948 154 47 annonce
303 948 126 47 aussi
387 948 98 47 que
443 948 98 47 ses
499 948 126 47 chers
583 948 154 47 enfants
694 948 112 47 vont
764 948 84 47 se
806 948 196 47 rapprocher
946 948 126 47 d’elle.

143 987 111 41 24155
217 987 135 41 BERRYER
315 987 86 41 (P.
364 987 99 41 A.),
426 987 135 41 célèbre
524 987 123 41 avocat
611 987 74 41 et
648 987 135 41 député,
746 987 74 41 de
783 987 135 41 l’Acad.
882 987 86 41 fr.
931 987 111 41 L.
993 987 135 41 as.

149 1021 100 48 1865,
216 1021 56 48 1
238 1021 67 48 p.
272 1021 100 48 in-8.
338 1021 56 48 2
350 1021 33 48 »

149 1052 71 50 24156
197 1052 87 50 BERTHET
260 1052 87 50 (Élie),
323 1052 87 50 célèbre
387 1052 111 50 romancier.
474 1052 71 50 L.
522 1052 79 50 a
577 1052 63 50 s..;
617 1052 79 50 Paris,
672 1052 48 50 11
696 1052 79 50 juill.
744 1052 55 50 1858,

150 1097 50 44 1
170 1097 60 44 p.
200 1097 90 44 in-8.
260 1097 50 44 2
270 1097 30 44 »

137 1120 127 51 24157
221 1120 169 51 BERTHIER
348 1120 225 51 (Alexandre),
531 1120 141 51 prince
630 1120 84 51 de
672 1120 155 51 Vagram,
784 1120 169 51 maréchal
911 1120 84 51 de
953 1120 141 51 France
1038 1120 56 51 et

144 1162 156 49 ministre.
264 1162 96 49 L.
324 1162 72 49 a.
360 1162 144 49 s.i;
468 1162 108 49 Paris
540 1162 72 49 an
576 1162 84 49 IX,
623 1162 60 49 1
647 1162 72 49 p.
683 1162 84 49 pl.
731 1162 108 49 in-8,
803 1162 96 49 tête
863 1162 108 49 impr.
935 1162 60 49 2
947 1162 48 49 50

147 1207 115 43 24158
224 1207 102 43 BÈZE
288 1207 166 43 (Théodore
416 1207 102 43 de),
480 1207 141 43 célèbre
582 1207 205 43 réformateur,
749 1207 154 43 écrivain
864 1207 166 43 illustre,
992 1207 77 43 né
1031 1207 64 43 à
1043 1207 90 43 Véze-

147 1229 91 51 ay.
199 1229 118 51 L.
278 1229 105 51 a.
343 1229 91 51 s.,
395 1229 78 51 en
434 1229 131 51 latin,
526 1229 65 51 à
552 1229 131 51 Joseph
644 1229 170 51 Scaliger;
774 1229 144 51 Genève,
879 1229 78 51 23
918 1229 105 51 oct.
983 1229 118 51 1571,
1062 1229 65 51 1
1075 1229 52 51 p.

147 1274 100 46 in-4,
214 1274 100 46 trace
281 1274 67 46 de
314 1274 123 46 cachet.
403 1274 67 46 80
426 1274 33 46 »

170 1298 199 54 Très-belle
326 1298 156 54 lettre,
440 1298 85 54 où
483 1298 85 54 il
525 1298 171 54 l’engage
653 1298 171 54 vivement
781 1298 71 54 à
810 1298 85 54 se
852 1298 142 54 rendre
952 1298 71 54 à
966 1298 128 54 Genève.

140 1336 122 56 24159
222 1336 176 56 BILDERDYK
357 1336 216 56 (Guillaume),
532 1336 81 56 un
573 1336 95 56 des
627 1336 176 56 meilleurs
762 1336 135 56 poëtes
857 1336 81 56 de
897 1336 81 56 la
938 1336 176 56 Hollande.
1059 1336 68 56 L<.

141 1375 120 49 a.
221 1375 80 49 s.
261 1375 67 49 à
287 1375 80 49 M.
327 1375 120 49 Smit;
407 1375 160 49 Haarlem,
527 1375 67 49 2
554 1375 120 49 avril
634 1375 120 49 1829,
714 1375 93 49 1/2
767 1375 80 49 p.
807 1375 120 49 in-4,
887 1375 147 49 cachet.
980 1375 160 49 Très

151 1420 51 45 et
176 1420 68 45 rare
218 1420 93 45 lettre.
286 1420 51 45 10
303 1420 42 45 >»/

146 1447 116 50 24160
224 1447 142 50 BITAUBÉ
327 1447 90 50 (P.
378 1447 103 50 J.),
443 1447 207 50 littérateur,
611 1447 181 50 traducteur
753 1447 168 50 d’Homère,
882 1447 129 50 membre
972 1447 77 50 de
998 1447 129 50 l’Insti-

146 1482 102 49 tut.
210 1482 114 49 L.
286 1482 127 49 a
375 1482 76 49 s.
413 1482 64 49 à
438 1482 76 49 M.
477 1482 140 49 Rochas;
578 1482 127 49 Paris,
667 1482 76 49 11
705 1482 127 49 nivôse
794 1482 76 49 an
832 1482 102 49 XII,
896 1482 64 49 1
921 1482 76 49 p.
959 1482 89 49 pl.
1010 1482 114 49 in-8.
1086 1482 64 49 4
1099 1482 38 49 »

180 1509 92 56 Il
226 1509 168 56 annonce
348 1509 107 56 que
409 1509 245 56 l’impression
608 1509 92 56 de
654 1509 92 56 sa
700 1509 214 56 traduction
868 1509 184 56 d’Homère
1006 1509 153 56 touche
1098 1509 46 56 à

150 1562 78 43 sa
176 1562 78 43 fin.

158 1592 59 49 BIZOT
198 1592 59 49 (B.),
237 1592 72 49 célèbre
290 1592 72 49 général
343 1592 39 49 du
362 1592 66 49 génie,
408 1592 46 49 tué
435 1592 39 49 en
454 1592 72 49 Crimée.
507 1592 59 49 L.
546 1592 66 49 a
592 1592 59 49 s.
632 1592 39 49 27
645 1592 46 49 janv.

152 1636 104 35 1854,
222 1636 58 35 1
245 1636 69 35 p.
279 1636 104 35 in-8.
349 1636 104 35 Jolie
418 1636 127 35 lettre.
510 1636 58 35 2
522 1636 46 35 50

161 1664 62 49 24162
203 1664 76 49 BLUCHER
258 1664 146 49 (Gebhard-Lebrecht
383 1664 56 49 de),
418 1664 76 49 célèbre
473 1664 125 49 feld-maréchal,
571 1664 76 49 prussien,

164 1699 49 51 qui
192 1699 69 51 décida
240 1699 42 51 le
261 1699 55 51 gain
296 1699 42 51 de
317 1699 42 51 la
337 1699 83 51 bataille
400 1699 42 51 de
420 1699 90 51 Waterloo.
490 1699 42 51 L.
511 1699 49 51 s.;
538 1699 83 51 Munster,
601 1699 35 51 3
614 1699 62 51 sept.

155 1737 105 49 1799,
226 1737 82 49 1/2
272 1737 70 49 p.
308 1737 129 49 in-fol.
401 1737 105 49 Belle
471 1737 117 49 pièce.
553 1737 70 49 10
577 1737 35 49 »

162 1751 93 71 24163
224 1751 103 71 BOISSY
296 1751 124 71 D’ANGLAS
388 1751 72 71 (le
430 1751 113 71 comte),
512 1751 186 71 conventionnel,
667 1751 113 71 célèbre
749 1751 72 71 par
790 1751 72 71 son
821 1751 93 71 énergie

159 1805 122 43 pendant
248 1805 78 43 les
292 1805 133 43 journées
392 1805 66 43 de
425 1805 133 43 prairial
525 1805 66 43 an
558 1805 89 43 III.
613 1805 100 43 L.
680 1805 111 43 a
757 1805 66 43 s.
790 1805 66 43 au
824 1805 100 43 comte
879 1805 122 43 Portalis:

155 1834 125 47 Paris,
242 1834 75 47 18
279 1834 100 47 oct.
342 1834 113 47 1820,
417 1834 63 47 3
442 1834 75 47 p.
480 1834 138 47 in-fol.
580 1834 138 47 Superbe
680 1834 138 47 lettre.
780 1834 63 47 3
792 1834 50 47 50

156 1860 99 68 24164
222 1860 110 68 BOISSY
299 1860 77 68 (le
343 1860 121 68 marquis
430 1860 88 68 de),
485 1860 143 68 sénateur,
595 1860 121 68 célèbre
683 1860 77 68 par
727 1860 77 68 son
771 1860 110 68 esprit
847 1860 66 68 et
880 1860 77 68 son
913 1860 66 68 ori-

161 1910 139 50 ginalité.
268 1910 96 50 L.
332 1910 85 50 a.
385 1910 75 50 s.;
428 1910 96 50 1841,
492 1910 53 50 1
513 1910 64 50 p.
545 1910 96 50 in-4.
609 1910 96 50 Belle
673 1910 117 50 lettre.
759 1910 53 50 2
769 1910 43 50 50

169 1928 89 63 24165
229 1928 139 63 BONAPARTE,
338 1928 109 63 général
417 1928 60 63 en
447 1928 79 63 chef
497 1928 60 63 de
527 1928 109 63 l’armée
606 1928 129 63 d’Égypte.
706 1928 119 63 L
795 1928 70 63 s.;
835 1928 60 63 Le
855 1928 79 63 Caire,

162 1973 65 53 26
195 1973 142 53 fructidor
304 1973 65 53 an
337 1973 76 53 VI,
380 1973 76 53 1/2
424 1973 65 53 p.
457 1973 131 53 in-fol.,
555 1973 87 53 vig.
610 1973 65 53 et
642 1973 87 53 tête
697 1973 98 53 impr.
762 1973 98 53 Belle
828 1973 109 53 pièce.
904 1973 55 53 6
915 1973 33 53 »

163 2017 98 48 24166
229 2017 142 48 BONAPARTE
338 2017 241 48 (Pierre-Napoléon),
546 2017 109 48 cousin
623 2017 66 48 de
656 2017 131 48 Napoléon
754 2017 88 48 III,
798 2017 153 48 représentant

165 2044 60 52 du
195 2044 99 52 peuple
264 2044 60 52 en
294 2044 89 52 1848.
354 2044 89 52 L.
413 2044 99 52 a
483 2044 60 52 s.
512 2044 50 52 à
532 2044 60 52 M.
562 2044 99 52 Félix;
631 2044 99 52 Paris,
701 2044 50 52 3
721 2044 89 52 févr.
780 2044 89 52 1848,
840 2044 50 52 1
860 2044 60 52 p.
879 2044 50 52 pl.

121 2088 426 55 in-8.
404 2088 284 55 35
499 2088 142 55 »
