1560 2960
641 77 176 90 —
676 77 176 90 186

113 150 129 108 de
177 150 300 108 l’Académie
413 150 150 108 des
499 150 279 108 Sciences.
713 150 172 108 Mort
821 150 129 108 en
885 150 193 108 1773.
1014 150 129 108 L.
1078 150 172 108 aut.
1185 150 193 108 sig.,
1314 150 107 108 à
1335 150 172 108 Mgr...

96 225 268 61 1er
249 225 421 61 février
555 225 344 61 1747.
784 225 191 61 3
861 225 230 61 p.
976 225 268 61 pl.
1129 225 344 61 in-4.
1358 225 191 61 5
1396 225 115 61 »

162 259 322 69 Approbation
419 259 171 69 pour
526 259 129 69 le
590 259 300 69 traitement
826 259 214 69 suivi,
976 259 129 69 et
1040 259 257 69 conseils
1233 259 171 69 pour
1341 259 193 69 celui
1448 259 64 69 à

113 316 279 67 suivre...
327 316 236 67 «J’aime
499 316 193 67 assés
628 316 150 67 les
714 316 215 67 huiles
864 316 129 67 de
929 316 193 67 uers,
1058 316 129 67 et
1122 316 129 67 de
1187 316 215 67 petits
1316 316 193 67 chiens;

112 365 155 65 «la
201 365 222 65 moëlle
356 365 133 65 de
423 365 200 65 cerf,
556 365 133 65 la
623 365 244 65 graisse
800 365 267 65 humaine,
1000 365 133 65 le
1067 365 178 65 sang
1178 365 200 65 chaud
1311 365 133 65 de
1356 365 155 65 bœuf,

112 409 191 62 «reçu
239 409 148 62 sur
324 409 127 62 la
387 409 233 62 partie,
557 409 127 62 et
620 409 127 62 ie
684 409 212 62 crois,
832 409 339 62 monseigneur,
1107 409 191 62 qu’il
1235 409 169 62 faut
1319 409 191 62 prendre

112 468 196 55 «dans
243 468 196 55 cette
373 468 218 55 classe
526 468 152 55 les
613 468 261 55 topiques
809 468 261 55 destinés
1004 468 109 55 à
1048 468 196 55 uotre
1157 468 239 55 genou...»

66 498 169 96 2422.
179 498 337 96 Moreau,
460 498 131 96 dit
535 498 112 96 de
591 498 112 96 la
647 498 337 96 Sarthe
928 498 225 96 médecin,
1097 498 206 96 éditeur
1247 498 131 96 des
1322 498 187 96 œuvres
1434 498 75 96 de

112 556 353 58 Vicq.-d’Azir.
403 556 291 58 Certificat
632 556 229 58 médical
798 556 166 58 aut.
902 556 166 58 sig.
1005 556 208 58 Paris,
1151 556 104 58 9
1192 556 249 58 décembre
1359 556 145 58 1823.

47 607 430 57 1
219 607 516 57 p.
477 607 773 57 in-8.
992 607 430 57 5
1164 607 430 57 2
1250 607 258 57 »

64 634 178 99 2423.
183 634 357 99 Morelli
480 634 218 99 (l’abbé
639 634 257 99 Jacques),
837 634 198 99 savant
975 634 317 99 bibliographe
1233 634 119 99 et
1272 634 238 99 bibliothé

111 707 197 77 caire
242 707 131 77 de
308 707 328 77 Saint-Marc,
570 707 109 77 à
614 707 240 77 Venise.
788 707 131 77 L.
854 707 175 77 aut.
963 707 175 77 sig.
1072 707 153 77 (en
1160 707 284 77 italien),
1378 707 109 77 à
1400 707 109 77 son

102 761 293 44 ami...
307 761 322 44 Venise,
541 761 176 44 19
628 761 234 44 août
775 761 263 44 1812.
950 761 146 44 1
1009 761 176 44 p.
1096 761 205 44 pl.
1213 761 263 44 in-4.
1389 761 146 44 3
1418 761 88 44 »

63 781 197 90 2424.
195 781 614 90 Morisot-Deslandes
743 781 439 90 (Pierre-Joseph),
1116 781 395 90 docteur-régent
1423 781 88 90 de

112 853 128 57 la
176 853 235 57 Faculté
347 853 128 57 de
411 853 257 57 médecine
604 853 128 57 de
668 853 214 57 Paris.
818 853 343 57 Consultation
1096 853 257 57 médicale
1289 853 171 57 aut.
1375 853 128 57 sig.

102 899 351 63 Thiais,
358 899 192 63 11
454 899 351 63 février
709 899 288 63 1776.
901 899 160 63 2
965 899 192 63 p.
1061 899 224 63 pl.
1188 899 288 63 in-4.
1380 899 160 63 3
1412 899 96 63 »

65 937 173 82 2425.
180 937 385 82 Mortemart
507 937 135 82 (R.
584 937 154 82 de),
681 937 308 82 représentant
931 937 115 82 du
988 937 308 82 Rhône
1239 937 96 82 à
1258 937 250 82 l’Assemblée

109 1007 280 59 nationale
325 1007 129 59 de
390 1007 194 59 1848.
519 1007 129 59 L.
583 1007 172 59 aut.
691 1007 194 59 sig.,
821 1007 129 59 au
885 1007 280 59 directeur
1101 1007 129 59 de
1165 1007 129 59 la
1230 1007 215 59 prison
1381 1007 129 59 de
1424 1007 86 59 la

110 1050 349 62 Conciergerie.
398 1050 205 62 Paris,
541 1050 123 62 15
603 1050 185 62 sept.
726 1050 185 62 1848.
849 1050 103 62 1
890 1050 123 62 p.
952 1050 205 62 in-18.
1096 1050 123 62 Il
1157 1050 103 62 y
1198 1050 103 62 a
1239 1050 123 62 en
1301 1050 164 62 tête
1383 1050 123 62 cinq

102 1101 316 60 petites
332 1101 287 60 lignes
533 1101 230 60 aut.
676 1101 230 60 sig.
820 1101 172 60 de
906 1101 172 60 M.
992 1101 172 60 de
1078 1101 373 60 Cormenin.
1365 1101 144 60 2
1394 1101 115 60 50

63 1144 186 72 2426.
187 1144 330 72 Murat
455 1144 248 72 (A.-L.),
641 1144 454 72 médecin-chirurgien
1033 1144 124 72 en
1095 1144 206 72 second
1240 1144 124 72 de
1302 1144 124 72 la
1343 1144 165 72 Salpé-

110 1201 223 67 trière.
272 1201 121 67 L.
332 1201 121 67 a.
393 1201 142 67 s.,
474 1201 101 67 à
514 1201 121 67 M.
575 1201 223 67 Tartra.
737 1201 202 67 Paris,
879 1201 121 67 16
939 1201 304 67 brumaire...
1182 1201 101 67 1
1223 1201 121 67 p.
1283 1201 182 67 in-4.
1405 1201 101 67 1
1425 1201 81 67 75

63 1254 183 58 2427.
185 1254 386 58 Muratori
510 1254 325 58 (Lod.-Ant.),
774 1254 244 58 écrivain
957 1254 244 58 célèbre,
1139 1254 366 58 bibliothécaire
1424 1254 81 58 du

109 1304 144 56 duc
192 1304 123 56 de
253 1304 226 56 Modène.
418 1304 123 56 L.
479 1304 164 56 aut.
582 1304 164 56 sig.
685 1304 144 56 (en
767 1304 267 56 italien),
972 1304 103 56 à
1013 1304 205 56 Angelo
1157 1304 246 56 Bianchi,
1342 1304 103 56 à
1362 1304 144 56 Este.

96 1355 352 49 Modène,
352 1355 192 49 30
448 1355 352 49 janvier
704 1355 288 49 1749.
896 1355 160 49 2
960 1355 192 49 p.
1056 1355 224 49 pl.
1184 1355 288 49 in-4.
1376 1355 160 49 6
1408 1355 96 49 »

60 1400 189 67 2428.
186 1400 377 67 Nantes
500 1400 251 67 Surprise
689 1400 251 67 nocturne
877 1400 126 67 de
940 1400 210 67 Nantes
1087 1400 147 67 par
1171 1400 147 67 les
1255 1400 251 67 Chouans,
1422 1400 84 67 le

103 1457 131 59 20
169 1457 175 59 oct.
278 1457 197 59 1799.
410 1457 241 59 Rapport
585 1457 131 59 du
651 1457 241 59 citoyen
826 1457 241 59 Germont
1001 1457 197 59 aîné,
1133 1457 307 59 lieutenant
1374 1457 131 59 de
1417 1457 88 59 la

106 1503 298 67 compagnie
335 1503 161 67 des
427 1503 321 67 grenadiers
679 1503 138 67 du
748 1503 298 67 bataillon
978 1503 161 67 des
1069 1503 229 67 ponts,
1230 1503 138 67 de
1299 1503 138 67 la
1344 1503 161 67 garde

110 1549 269 65 nationale
317 1549 124 65 de
379 1549 228 65 Nantes,
545 1549 145 65 sur
628 1549 186 65 cette
752 1549 269 65 surprise.
959 1549 103 65 3
1000 1549 145 65 gr.
1083 1549 124 65 p.
1145 1549 145 65 pl.
1228 1549 228 65 in-fol.
1373 1549 124 65 aut.

-45 1594 1376 67 sig.
815 1594 860 67 6
987 1594 516 67 »

57 1641 192 67 2429.
184 1641 362 67 Nantes
482 1641 255 67 Surprise
674 1641 255 67 nocturne
865 1641 128 67 de
929 1641 213 67 Nantes
1078 1641 149 67 par
1163 1641 149 67 les
1249 1641 255 67 Chouans,
1419 1641 85 67 le

105 1705 135 52 20
172 1705 179 52 oct.
284 1705 202 52 1799.
419 1705 247 52 Rapport
598 1705 135 52 du
665 1705 314 52 commandant
912 1705 135 52 de
979 1705 135 52 la
1046 1705 202 52 garde
1181 1705 314 52 nationale,
1405 1705 90 52 P.

105 1747 344 56 Chanceaulin,
384 1747 150 56 sur
470 1747 193 56 cette
599 1747 279 56 surprise.
814 1747 107 56 2
856 1747 150 56 gr.
942 1747 129 56 p.
1007 1747 150 56 pl.
1093 1747 129 56 et
1157 1747 193 56 demie
1286 1747 193 56 in-4.
1415 1747 107 56 5
1437 1747 64 56 »

58 1775 181 87 2430.
178 1775 361 87 Nantes.
479 1775 221 87 Attaque
640 1775 120 87 et
700 1775 241 87 surprise
880 1775 241 87 nocturne
1061 1775 120 87 de
1121 1775 120 87 la
1181 1775 181 87 ville
1301 1775 120 87 de
1342 1775 160 87 Nantes

103 1849 158 61 par
194 1849 158 61 les
284 1849 270 61 Chouans,
487 1849 135 61 le
554 1849 135 61 20
622 1849 248 61 octobre
802 1849 203 61 1799.
937 1849 180 61 Leur
1050 1849 270 61 retraite
1231 1849 270 61 précipitée

103 1898 197 58 avant
234 1898 131 58 le
300 1898 197 58 point
431 1898 131 58 du
497 1898 197 58 jour.
628 1898 241 58 Rapport
803 1898 175 58 aut.
912 1898 175 58 sig.
1022 1898 131 58 de
1087 1898 153 58 Gme
1175 1898 284 58 Bronnais,
1372 1898 131 58 chef

87 1943 229 54 de
201 1943 229 54 la
316 1943 229 54 3e
430 1943 458 54 brigade.
773 1943 191 54 2
850 1943 229 54 p.
964 1943 267 54 pl.
1117 1943 343 54 in-4.
1345 1943 191 54 6
1384 1943 114 54 »

57 1984 188 71 2431.
182 1984 355 71 Onslow
475 1984 292 71 (Georges),
704 1984 334 71 compositeur,
976 1984 209 71 membre
1122 1984 125 71 de
1185 1984 313 71 l’Institut.
1414 1984 84 71 L.

103 2047 186 54 aut.
219 2047 348 54 (incomplète
498 2047 139 54 de
567 2047 139 54 la
637 2047 209 54 fin),
776 2047 139 54 au
846 2047 209 54 baron
985 2047 139 54 de
1055 2047 279 54 Trémont.
1241 2047 255 54 Clermont,

90 2089 253 76 1er
235 2089 398 76 février
524 2089 326 76 1828.
741 2089 217 76 4.
850 2089 217 76 p.
958 2089 253 76 pl.
1103 2089 326 76 in-4.
1320 2089 181 76 7
1356 2089 145 76 50

154 2130 117 75 Il
213 2130 117 75 le
272 2130 234 75 félicite
447 2130 137 75 sur
525 2130 117 75 sa
584 2130 254 75 guérison,
779 2130 117 75 et
838 2130 117 75 le
896 2130 234 75 supplie,
1072 2130 195 75 autant
1208 2130 156 75 dans
1286 2130 215 75 l’intérêt

102 2187 131 62 de
168 2187 218 62 l’art,
320 2187 153 62 que
408 2187 175 62 dans
517 2187 284 62 l’intérêt
735 2187 131 62 de
801 2187 175 62 leur
910 2187 284 62 personne,
1128 2187 131 62 de
1193 2187 284 62 conserver
1390 2187 109 62 aux

104 2240 374 53 inspirés
419 2240 157 53 leur
517 2240 275 53 véritable,
734 2240 157 53 leur
832 2240 157 53 seul
931 2240 216 53 Mécène;
1088 2240 138 53 «La
1167 2240 256 53 cessation
1363 2240 118 53 de
1403 2240 98 53 vos

104 2294 270 55 «séances
307 2294 158 55 (M.
397 2294 135 55 le
465 2294 203 55 baron
600 2294 135 55 de
667 2294 248 55 Trémont
847 2294 113 55 a
892 2294 135 55 eu
960 2294 180 55 chez
1072 2294 180 55 lui,
1185 2294 180 55 deux
1297 2294 180 55 fois
1387 2294 113 55 par

103 2333 303 60 «semaine,
335 2333 140 60 et
405 2333 256 60 pendant
591 2333 303 60 cinquante
824 2333 186 60 ans,
940 2333 163 60 des
1034 2333 279 60 réunions
1220 2333 279 60 musicales)

106 2398 232 49 «seroit
275 2398 148 49 une
359 2398 274 49 véritable
570 2398 253 49 calamité
760 2398 253 49 musicale
950 2398 127 49 et
1014 2398 296 49 arrêteroit
1246 2398 148 49 les
1309 2398 190 49 progrès

106 2431 166 60 «que
210 2431 166 60 vous
314 2431 166 60 avez
417 2431 166 60 fait
521 2431 187 60 faire
646 2431 124 60 en
708 2431 207 60 France
853 2431 104 60 à
894 2431 124 60 la
957 2431 249 60 musique;
1143 2431 187 60 telle
1268 2431 145 60 est
1330 2431 166 60 l’opi-

104 2474 193 70 «nion
232 2474 129 70 de
297 2474 172 70 tous
404 2474 150 70 les
489 2474 364 70 connoisseurs,
790 2474 129 70 et
854 2474 193 70 telle
983 2474 150 70 est
1068 2474 172 70 bien
1175 2474 322 70 sincèrement
1411 2474 86 70 la

102 2536 330 56 «mienne...
362 2536 189 56 Vous
480 2536 141 56 me
550 2536 306 56 demandez,
786 2536 165 56 mon
880 2536 189 56 cher
998 2536 189 56 ami,
1116 2536 141 56 de
1187 2536 283 56 composer
1375 2536 118 56 des

104 2576 319 64 «quatuors,
355 2576 137 64 et
423 2576 137 64 ne
491 2576 228 64 songez
651 2576 159 64 pas
742 2576 205 64 qu’un
878 2576 182 64 acte
992 2576 182 64 bien
1106 2576 250 64 complet
1288 2576 137 64 me
1334 2576 159 64 coûte

103 2624 228 61 «moins
263 2624 114 61 à
308 2624 205 61 faire
445 2624 205 61 qu’un
582 2624 319 61 quintette?
833 2624 137 61 Et
901 2624 228 61 quelle
1061 2624 319 61 différence
1312 2624 182 61 dans
1403 2624 91 61 le

105 2667 286 58 «résultat?
329 2667 122 58 Il
390 2667 122 58 me
451 2667 204 58 seroit
594 2667 184 58 aussi
717 2667 265 58 difficile
921 2667 122 58 de
982 2667 286 58 construire
1206 2667 122 58 la
1268 2667 224 58 colonne
1410 2667 82 58 de

102 2713 157 65 «la
191 2713 202 65 place
326 2713 247 65 Vendôme
506 2713 157 65 que
595 2713 135 65 de
663 2713 359 65 m’astreindre
954 2713 112 65 à
999 2713 269 65 composer
1201 2713 202 65 telle
1313 2713 180 65 partie

107 2767 133 75 «de
183 2767 114 75 la
240 2767 208 75 journée
391 2767 95 75 à
429 2767 114 75 la
486 2767 208 75 musique
638 2767 171 75 di
751 2767 284 75 cahuga
978 2767 114 75 et
1035 2767 171 75 telle
1149 2767 171 75 autre
1263 2767 114 75 au
1301 2767 189 75 théâtre.
