1636 2866
626 35 182 98 —
698 35 255 98 189
808 35 109 98 —

105 132 122 68 de
166 132 122 68 la
227 132 223 68 nature,
389 132 142 68 les
470 132 345 68 chefs-d’œuvre
755 132 142 68 des
836 132 183 68 arts,
958 132 142 68 les
1039 132 244 68 miracles
1222 132 122 68 du
1283 132 183 68 génie
1384 132 122 68 sont

102 195 216 58 loués,
254 195 302 58 appréciés,
491 195 216 58 sentis
642 195 173 58 avec
750 195 130 58 un
815 195 173 58 goût
923 195 130 58 et
988 195 130 58 un
1053 195 346 58 enthousiasme
1333 195 151 58 qui
1398 195 108 58 en-

105 239 264 60 chantent.
308 239 183 60 C’est
429 239 142 60 une
511 239 325 60 bienheureuse
774 239 162 60 idée
876 239 223 60 d’avoir
1038 239 264 60 substitué
1241 239 101 60 à
1282 239 142 60 une
1343 239 162 60 simple

103 280 314 66 description
355 280 126 66 de
417 280 210 66 toutes
564 280 147 66 ces
648 280 293 66 merveilles
878 280 126 66 le
941 280 231 66 tableau
1109 280 189 66 animé
1235 280 126 66 de
1277 280 231 66 l’impres-

103 335 170 59 sion
209 335 255 59 qu’elles
401 335 170 59 font
507 335 149 59 sur
592 335 128 59 un
656 335 213 59 esprit
805 335 277 59 supérieur
1018 335 128 59 et
1081 335 128 59 un
1145 335 170 59 cœur
1252 335 213 59 tendre
1379 335 128 59 émus

102 391 149 54 par
187 391 149 54 une
272 391 212 54 grande
420 391 255 54 passion.
612 391 191 54 C’est
739 391 191 54 avoir
867 391 191 54 porté
994 391 127 54 la
1058 391 149 54 vie
1143 391 234 54 jusques
1313 391 170 54 dans
1398 391 106 54 ces

99 437 272 54 antiques
304 437 227 54 ruines
463 437 136 54 et
531 437 159 54 ces
622 437 227 54 froids
780 437 295 54 monuments
1007 437 159 54 qui
1098 437 136 54 ne
1166 437 250 54 peuvent
1348 437 159 54 que
1416 437 91 54 se

102 475 234 59 montrer
272 475 128 59 et
336 475 149 59 non
421 475 149 59 pas
507 475 320 59 s’expliquer
762 475 298 59 eux-mêmes,
997 475 128 59 et
1061 475 149 59 qui
1124 475 384 59 semblentimplorer

102 520 120 67 le
162 520 221 67 secours
323 520 120 67 de
383 520 201 67 l’être
523 520 241 67 sensible
704 520 141 67 qui
784 520 141 67 les
865 520 221 67 admire,
1025 520 120 67 et
1085 520 120 67 le
1146 520 181 67 prier
1266 520 201 67 d’être
1387 520 120 67 leur

102 569 325 67 interprète.
362 569 130 67 Sa
427 569 217 67 Corine
579 569 152 67 est
666 569 390 67 admirable.....
991 569 130 67 Il
1056 569 238 67 discute
1229 569 238 67 ensuite
1381 569 130 67 lon

102 630 234 52 guement
272 630 128 52 le
336 630 277 52 caractère
549 630 128 52 de
612 630 277 52 plusieurs
825 630 149 52 des
910 630 319 52 personnages
1166 630 128 52 de
1229 630 149 52 son
1293 630 213 52 ouvrage:

102 661 297 64 D’Erfeuil,
335 661 233 64 Oswale,
505 661 254 64 Nelvil..
674 661 85 64 ..

121 699 396 75 Prix
368 699 346 75 des
566 699 396 75 deux
813 699 594 75 lettres.
1259 699 297 75 30
1358 699 148 75 »

58 744 189 77 2450.
184 744 189 77 Te
310 744 252 77 Deum
498 744 231 77 exécuté
666 744 105 77 à
708 744 294 77 Notre-Dame
939 744 126 77 le
1002 744 126 77 18
1065 744 168 77 août
1169 744 189 77 1838,
1295 744 105 77 à
1316 744 189 77 l’occa-

105 808 170 65 sion
211 808 127 65 de
275 808 127 65 la
338 808 276 65 naissance
551 808 127 65 de
615 808 127 65 S.
678 808 127 65 A.
742 808 127 65 R.
806 808 127 65 le
870 808 191 65 comte
997 808 127 65 de
1061 808 212 65 Paris.
1210 808 170 65 Etat
1316 808 127 65 de
1358 808 149 65 paye-

103 856 173 54 ment
212 856 151 54 des
298 856 260 54 artistes
493 856 195 54 (près
622 856 130 54 de
687 856 195 54 200),
817 856 303 54 signatures
1055 856 303 54 originales
1271 856 238 54 composant

102 902 324 59 l’orchestre
362 902 173 59 pour
470 902 194 59 cette
599 902 303 59 cérémonie.
837 902 130 59 On
902 902 108 59 y
945 902 216 59 trouve
1096 902 151 59 les
1183 902 173 59 noms
1291 902 151 59 des
1356 902 151 59 prin-

104 946 216 61 cipaux
255 946 280 61 musiciens
471 946 129 61 de
536 946 280 61 l’époque.
751 946 151 61 Cet
838 946 173 61 état
945 946 151 61 est
1032 946 259 61 approuvé
1226 946 129 61 et
1290 946 194 61 signé
1398 946 108 61 par

93 998 376 52 Habeneck
375 998 188 52 et
469 998 188 52 M.
563 998 345 52 Vatout.
814 998 188 52 17
908 998 282 52 pages
1096 998 345 52 in-fol.
1346 998 188 52 10
1409 998 94 52 »

61 1034 181 87 2451.
181 1034 361 87 Ternaux
482 1034 140 87 (le
562 1034 221 87 baron),
723 1034 221 87 célèbre
883 1034 361 87 manufacturier,
1184 1034 221 87 député.
1345 1034 120 87 L.
1385 1034 120 87 aut.

102 1105 194 61 sig.,
232 1105 108 61 à
275 1105 130 61 M.
340 1105 130 61 le
405 1105 540 61 directeur-général....
880 1105 216 61 Paris,
1032 1105 130 61 14
1096 1105 238 61 octobre
1269 1105 194 61 1816.
1399 1105 108 61 2
1421 1105 86 61 pa

77 1150 334 52 pl.
268 1150 286 52 et
411 1150 429 52 demie
697 1150 429 52 in-4.
983 1150 477 52 Portr.
1317 1150 238 52 3
1365 1150 143 52 »

61 1187 181 62 2452.
182 1187 362 62 Thiers,
483 1187 261 62 ministre,
684 1187 181 62 homme
805 1187 221 62 d’Etat,
966 1187 282 62 historien.
1187 1187 121 62 L.
1248 1187 161 62 aut.
1348 1187 181 62 sig.,
1449 1187 60 62 à

103 1233 128 59 M.
167 1233 234 59 William
337 1233 362 59 Hanssoullier,
635 1233 340 59 dessinateur,
911 1233 106 59 à
954 1233 277 59 Florence.
1167 1233 213 59 Paris,
1316 1233 128 59 30
1358 1233 149 59 sept.

64 1282 521 63 1853,
411 1282 289 63 2
527 1282 347 63 p.
701 1282 405 63 pl.
932 1282 521 63 in-8.
1280 1282 289 63 6
1337 1282 174 63 »

153 1329 125 63 Il
216 1329 146 63 lui
299 1329 188 63 avait
425 1329 230 63 annoncé
592 1329 188 63 qu’il
717 1329 146 63 lui
801 1329 313 63 procurerait
1051 1329 125 63 la
1114 1329 292 63 permission
1344 1329 125 63 de
1386 1329 125 63 des-

103 1392 198 56 siner
235 1392 154 56 une
323 1392 198 56 jolie
454 1392 220 56 madone
608 1392 132 56 de
674 1392 263 56 Raphaël,
871 1392 439 56 très-authentique
1245 1392 132 56 et
1288 1392 220 56 très

106 1437 241 54 connue,
281 1437 175 54 dans
391 1437 263 54 laquelle
588 1437 131 54 il
654 1437 110 54 y
698 1437 110 54 a
741 1437 175 54 deux
851 1437 197 54 anges
982 1437 307 54 charmants.
1223 1437 197 54 Cette
1333 1437 175 54 madone

104 1485 136 60 se
172 1485 226 60 trouve
331 1485 113 60 à
376 1485 294 60 Florence,
602 1485 181 60 chez
716 1485 136 60 M.
784 1485 249 60 Raphaël
965 1485 294 60 Tosani...
1191 1485 158 60 «Je
1282 1485 204 60 crois
1395 1485 113 60 que

106 1517 154 66 «ce
194 1517 197 66 petit
325 1517 241 66 tableau
501 1517 132 66 va
567 1517 175 66 tout
676 1517 110 66 à
720 1517 175 66 fait
830 1517 110 66 à
874 1517 132 66 la
940 1517 307 66 collection
1181 1517 154 66 que
1269 1517 175 66 nous
1356 1517 154 66 avons

77 1575 414 69 «entreprise...»

59 1615 189 78 2453.
185 1615 336 78 Thomé
458 1615 189 78 (de),
584 1615 294 78 botaniste.
815 1615 126 78 L.
878 1615 168 78 aut.
983 1615 189 78 sig.,
1109 1615 105 78 à
1151 1615 126 78 M.
1214 1615 210 78 Maury.
1340 1615 168 78 Paris,

77 1662 286 60 29
220 1662 430 60 avril
507 1662 430 60 1793.
793 1662 239 60 3
889 1662 286 60 p.
1032 1662 430 60 in-4.
1318 1662 239 60 2
1366 1662 143 60 »

62 1705 179 86 2454.
181 1705 338 86 Thoüin
460 1705 239 86 (André),
639 1705 318 86 naturaliste.
897 1705 119 86 L.
957 1705 159 86 aut.
1057 1705 179 86 sig.,
1176 1705 99 86 à
1216 1705 119 86 M.
1255 1705 259 86 l’Intendant

107 1770 134 69 du
174 1770 223 69 Museum
330 1770 312 69 d’histoire
575 1770 312 69 naturelle.
821 1770 223 69 Paris,
977 1770 134 69 21
1044 1770 290 69 septembre
1267 1770 201 69 1792.
1400 1770 112 69 2
1423 1770 89 69 p.

76 1808 359 64 pl.
281 1808 462 64 in-4.
589 1808 873 64 Intéressante.
1308 1808 257 64 3
1359 1808 154 64 »

61 1849 195 66 2455.
191 1849 217 66 Van
343 1849 325 66 Swinden
603 1849 368 66 (Jean-Henri),
906 1849 390 66 mathématicien.
1231 1849 130 66 L.
1296 1849 173 66 aut.
1383 1849 130 66 sig.

101 1914 183 61 (en
205 1914 418 61 hollandais).
545 1914 287 61 Octobre
754 1914 235 61 1808.
911 1914 131 61 3
963 1914 183 61 gr.
1068 1914 157 61 p.
1146 1914 183 61 pl.
1251 1914 235 61 in-4.
1407 1914 131 61 3
1434 1914 78 61 »

62 1944 189 68 2456.
188 1944 358 68 Vendée
483 1944 252 68 (Guerres
672 1944 126 68 de
735 1944 168 68 la).
840 1944 126 68 L.
903 1944 168 68 aut.
1008 1944 168 68 sig.
1113 1944 126 68 du
1177 1944 231 68 citoyen
1324 1944 189 68 Desaux,

105 1997 176 66 curé
215 1997 132 66 de
281 1997 440 66 Saint-Sébastien,
655 1997 132 66 au
721 1997 286 66 président
941 1997 132 66 de
1007 1997 132 66 la
1073 1997 330 66 Société....
1315 1997 198 66 Nantes,

98 2062 184 45 16
190 2062 246 45 juin
344 2062 276 45 1793,
528 2062 154 45 3
590 2062 215 45 gr.
713 2062 184 45 p.
805 2062 215 45 pl.
927 2062 184 45 et
1020 2062 276 45 demie
1204 2062 276 45 in-4.
1388 2062 154 45 6
1419 2062 92 45 »

156 2083 127 85 Il
219 2083 148 85 lui
304 2083 190 85 donne
431 2083 127 85 la
494 2083 190 85 copie
621 2083 127 85 de
685 2083 127 85 la
748 2083 212 85 lettre
896 2083 190 85 qu’il
1023 2083 106 85 a
1066 2083 190 85 reçue
1193 2083 127 85 au
1256 2083 190 85 sujet
1383 2083 127 85 de
1425 2083 85 85 sa

111 2138 309 73 proposition
358 2138 123 73 de
420 2138 185 73 faire
543 2138 185 73 armer
667 2138 185 73 touts
790 2138 144 73 les
872 2138 226 73 prêtres
1037 2138 123 73 de
1099 2138 123 73 la
1160 2138 185 73 ville
1284 2138 123 73 de
1325 2138 185 73 Nantes,

108 2184 173 80 pour
217 2184 130 80 la
281 2184 238 80 défense
454 2184 260 80 commune,
649 2184 216 80 contre
800 2184 151 80 les
887 2184 260 80 attaques
1082 2184 173 80 dont
1190 2184 173 80 elle
1298 2184 151 80 est
1363 2184 151 80 mena-

109 2234 156 68 cée
198 2234 156 68 par
287 2234 156 68 les
377 2234 290 68 insurgés.
600 2234 379 68 Développement
912 2234 134 68 de
979 2234 134 68 sa
1046 2234 357 68 proposition.
1314 2234 201 68 Curieux

107 2293 272 64 document
289 2293 295 64 historique.

63 2305 186 100 2457.
187 2305 351 100 Vendée
477 2305 248 100 (Guerres
663 2305 124 100 de
725 2305 165 100 la).
828 2305 124 100 L.
890 2305 165 100 aut.
993 2305 165 100 sig.
1097 2305 124 100 du
1159 2305 227 100 citoyen
1303 2305 207 100 Huquard,

109 2379 267 60 adressée
309 2379 111 60 à
353 2379 311 60 Chaumette,
598 2379 289 60 procureur
821 2379 133 60 de
887 2379 133 60 la
954 2379 245 60 commune
1132 2379 133 60 de
1199 2379 222 60 Paris.
1332 2379 178 60 Niort,

102 2426 169 63 le
186 2426 169 63 11
271 2426 254 63 sept.
441 2426 254 63 1793.
610 2426 141 63 2
667 2426 198 63 gr.
780 2426 169 63 p.
864 2426 198 63 pl.
977 2426 254 63 in-4.
1147 2426 311 63 Cachet.
1373 2426 141 63 7
1401 2426 113 63 50

156 2453 276 90 Nouvelles
368 2453 127 90 et
431 2453 233 90 détails
601 2453 127 90 de
665 2453 127 90 la
728 2453 254 90 bataille
919 2453 127 90 du
983 2453 106 90 5
1025 2453 297 90 septembre.
1259 2453 233 90 L’armée
1407 2453 106 90 ré-

109 2532 293 63 publicaine
340 2532 105 63 a
381 2532 147 63 été
465 2532 251 63 attaquée
654 2532 147 63 sur
738 2532 189 63 trois
863 2532 210 63 points
1010 2532 147 63 par
1094 2532 251 63 quarante
1283 2532 189 63 mille
1387 2532 126 63 bri-

111 2567 185 76 gands
235 2567 144 76 qui
317 2567 206 76 savait
462 2567 227 76 qu’elle
626 2567 185 76 était
750 2567 165 76 sans
853 2567 247 76 général,
1038 2567 165 76 sans
1141 2567 371 76 représentants,
1430 2567 82 76 et

109 2629 280 62 affaiblie
325 2629 431 62 considérablement
692 2629 151 62 par
778 2629 151 62 les
864 2629 259 62 maladies
1058 2629 151 62 que
1144 2629 151 62 les
1231 2629 259 62 chaleurs
1403 2629 108 62 ex-

110 2673 267 73 cessives
310 2673 133 73 du
376 2673 178 73 mois
488 2673 244 73 dernier
665 2673 156 73 ont
754 2673 289 73 répandues
977 2673 178 73 dans
1088 2673 200 73 cette
1221 2673 222 73 petite
1354 2673 156 73 armée

109 2722 142 84 de
180 2722 236 84 quatre
346 2722 213 84 mille
464 2722 283 84 hommes....
