1640 2925
498 70 527 145 CATALOGUE

74 224 232 94 DE
190 224 425 94 LETTRES
499 224 618 94 AUTOGRAPHES,
963 224 502 94 MANUSCRITS,

448 311 302 106 DOCUMENTS
694 311 302 106 HISTORIQUES,
920 311 189 106 ETC.

285 466 327 96 DE
503 466 218 96 A.
612 466 400 96 LAVERDET
867 466 400 96 T,

366 590 161 67 A
458 590 231 67 Paris,
620 590 161 67 rue
712 590 392 67 Saint-Lazare,
1012 590 184 67 24

563 779 216 67 Vente
725 779 90 67 à
743 779 289 67 l’amiable

344 837 164 60 soit
446 837 143 60 par
528 837 307 60 l’insertion
774 837 164 60 dans
876 837 123 60 le
917 837 307 60 hulietin,

166 879 185 56 soit
290 879 144 56 aux
372 879 246 56 enchères
556 879 287 56 publiques,
782 879 123 56 de
844 879 308 56 Collections
1090 879 123 56 ou
1131 879 267 56 parties

344 931 172 60 de
459 931 287 60 Collections
689 931 115 60 de
746 931 211 60 Lettres
880 931 345 60 autographes,

494 973 301 65 Documents
720 973 358 65 hiistoriques,

537 1020 322 65 Manuscrits,
794 1020 193 65 etc.,
901 1020 129 65 etc.

106 1070 279 72 Achats.
325 1070 100 72 —
365 1070 259 72 Échanges.
565 1070 100 72 —
605 1070 299 72 Expertises.
844 1070 100 72 —
884 1070 259 72 Rédaction
1083 1070 120 72 de
1123 1070 339 72 Catalogues,

474 1217 181 103 N°
578 1217 155 103 9.
655 1217 129 103 —
707 1217 233 103 AVRIL
836 1217 259 103 1857

60 1354 193 106 1479
180 1354 554 106 Abd-el-Kader
662 1354 121 106 —
711 1354 362 106 Mustapha
1000 1354 169 106 Ben
1096 1354 217 106 Tami,
1241 1354 121 106 —
1265 1354 241 106 Bou

110 1436 324 59 Amedi
373 1436 223 59 Billets
535 1436 162 59 aut.
637 1436 122 59 de
697 1436 142 59 ces
778 1436 182 59 trois
900 1436 182 59 chefs
1022 1436 203 59 arabes
1164 1436 142 59 (en
1245 1436 223 59 arabe),
1386 1436 122 59 dont

87 1482 266 60 un
220 1482 355 60 avec
441 1482 266 60 le
574 1482 443 60 sceau.
884 1482 576 60 Ensemble.
1328 1482 222 60 9
1372 1482 133 60 »

60 1511 217 102 1480.
205 1511 362 102 Académie
494 1511 145 102 de
566 1511 410 102 Saint-Luc
904 1511 314 102 (nouveaux
1145 1511 338 102 règlements
1386 1511 121 102 que

109 1587 296 58 présentent
341 1587 148 58 les
426 1587 317 58 directeurs,
680 1587 190 58 corps
806 1587 127 58 et
870 1587 317 58 communautés
1124 1587 127 58 de
1187 1587 169 58 l’),
1293 1587 148 58 des
1356 1587 148 58 arts,

110 1632 127 62 de
173 1632 275 62 peinture,
385 1632 296 62 sculpture,
618 1632 254 62 gravure,
808 1632 233 62 dorure,
978 1632 296 62 marbrerie,
1211 1632 233 62 dessins
1359 1632 148 62 lavés

112 1691 120 54 et
172 1691 239 54 coloriés
351 1691 140 54 sur
431 1691 199 54 toutes
571 1691 199 54 sortes
710 1691 120 54 de
770 1691 239 54 papiers,
950 1691 239 54 étoffes,
1129 1691 219 54 toiles,
1289 1691 219 54 canevas
1428 1691 80 54 et

110 1730 215 54 autres
260 1730 215 54 choses
410 1730 150 54 sur
496 1730 301 54 lesquelles
733 1730 129 54 le
797 1730 236 54 pinceau
969 1730 172 54 peut
1076 1730 129 54 et
1141 1730 172 54 doit
1248 1730 258 54 employer
1420 1730 86 54 de

110 1773 133 60 la
176 1773 266 60 couleur,
376 1773 178 60 soit
487 1773 133 60 en
554 1773 200 60 huile
687 1773 133 60 ou
753 1773 133 60 en
820 1773 289 60 détrempe,
1042 1773 178 60 dans
1153 1773 289 60 l’étendue
1375 1773 133 60 de
1419 1773 89 60 la

111 1825 205 53 ville,
255 1825 267 53 faubourgs
461 1825 123 53 et
522 1825 246 53 banlieue
707 1825 123 53 de
769 1825 205 53 Paris.
912 1825 205 53 Projet
1056 1825 123 53 de
1118 1825 267 53 règlement
1303 1825 205 53 présenté

111 1863 121 60 au
171 1863 141 60 roi
252 1863 121 60 et
312 1863 242 60 approuvé
494 1863 141 60 par
575 1863 161 60 lui.
675 1863 262 60 Manuscrit
877 1863 202 60 (copie
1018 1863 121 60 du
1079 1863 222 60 temps),
1240 1863 101 60 9
1280 1863 161 60 mars
1361 1863 141 60 1730.

68 1918 375 51 25
256 1918 438 51 gr.
506 1918 375 51 p.
694 1918 688 51 in-fol.
1194 1918 375 51 10
1319 1918 188 51 »

65 1962 188 74 1481.
191 1962 418 74 Aiguillon
546 1962 209 74 (Marie
692 1962 272 74 Wignerod,
902 1962 251 74 duchesse
1090 1962 167 74 d’).
1194 1962 188 74 Pièce
1320 1962 188 74 sig.,
1424 1962 84 74 au

110 2027 197 55 sujet
241 2027 131 55 de
307 2027 131 55 la
372 2027 262 55 dispense
569 2027 153 55 des
657 2027 262 55 quarante
853 2027 197 55 jours
984 2027 262 55 accordée
1181 2027 153 55 par
1269 2027 131 55 le
1334 2027 153 55 roi
1400 2027 109 55 aux

112 2077 283 49 officiers
330 2077 131 49 de
396 2077 153 49 son
483 2077 262 49 royaume.
679 2077 218 49 Paris,
831 2077 131 49 27
897 2077 174 49 mars
1006 2077 196 49 1664.
1137 2077 109 49 2
1180 2077 131 49 p.
1245 2077 240 49 in-fol.
1420 2077 109 49 3
1442 2077 65 49 »

70 2120 182 71 1482.
191 2120 405 71 Aiguillon
535 2120 223 71 (madame
697 2120 121 71 de
758 2120 243 71 Crussol,
940 2120 243 71 duchesse
1122 2120 162 71 d’).
1224 2120 121 71 L.
1284 2120 162 71 aut.
1365 2120 142 71 sig.,

111 2166 120 61 à
159 2166 144 61 M.
231 2166 144 61 de
303 2166 144 61 La
376 2166 337 61 Condamine.
640 2166 120 61 5
689 2166 193 61 août
809 2166 217 61 1759.
953 2166 120 61 1
1002 2166 144 61 p.
1074 2166 217 61 in-4.
1218 2166 265 61 Cachet.
1411 2166 120 61 5
1435 2166 72 61 »

159 2210 249 59 «L’estat
346 2210 125 59 de
408 2210 125 59 M.
471 2210 125 59 de
533 2210 291 59 Maupertuis
761 2210 125 59 ne
824 2210 249 59 laissoit
1011 2210 145 59 peu
1094 2210 249 59 d’espoir
1281 2210 125 59 de
1343 2210 125 59 le
1384 2210 125 59 con-

114 2263 257 67 «server,
307 2263 150 67 son
392 2263 279 67 existence
607 2263 193 67 étoit
735 2263 129 67 si
800 2263 343 67 malheureuse,
1078 2263 150 67 que
1164 2263 193 67 c’est
1293 2263 150 67 une
1357 2263 150 67 sorte

113 2310 155 58 «de
202 2310 333 58 consolation
468 2310 177 58 pour
579 2310 155 58 ses
667 2310 177 58 amis
778 2310 155 58 que
867 2310 133 58 sa
933 2310 222 58 perte.
1089 2310 133 58 Sa
1155 2310 244 58 mémoire
1333 2310 133 58 me
1377 2310 133 58 sera

112 2367 280 61 «toujours
328 2367 215 61 chère.
478 2367 151 61 Les
564 2367 194 61 soins
693 2367 151 61 que
779 2367 129 61 M.
844 2367 280 61 Bernoulie
1059 2367 151 61 luy
1145 2367 108 61 a
1188 2367 194 61 rendu
1317 2367 151 61 luy
1382 2367 129 61 font

114 2423 279 51 «honneur,
328 2423 150 51 et,
414 2423 215 51 prouve
565 2423 150 51 que
651 2423 129 51 la
715 2423 322 51 philosophie
973 2423 258 51 n’exclut
1166 2423 193 51 point
1295 2423 129 51 le
1338 2423 172 51 senti

80 2457 304 64 «ment...»

68 2494 183 72 1483.
190 2494 366 72 Ancelot
494 2494 223 72 (madame
657 2494 284 72 Virginie),
880 2494 305 72 littérateur
1124 2494 122 72 et
1185 2494 203 72 auteur
1307 2494 203 72 dramati-

115 2559 162 56 que.
216 2559 121 56 L.
276 2559 162 56 aut.
377 2559 182 56 sig.,
499 2559 101 56 à
539 2559 162 56 M...
640 2559 141 56 Mai
721 2559 182 56 1840.
842 2559 101 56 1
883 2559 121 56 p.
943 2559 141 56 pl.
1024 2559 182 56 in-8.
1145 2559 182 56 Jolie
1267 2559 121 56 et
1307 2559 202 56 curieuse

116 2606 196 64 lettre
254 2606 137 64 sur
332 2606 118 64 la
391 2606 353 64 représentation
686 2606 137 64 de:
764 2606 196 64 Les
902 2606 236 64 honneurs
1078 2606 118 64 et
1137 2606 137 64 les
1216 2606 275 64 mœurs
1431 2606 98 64 3
1451 2606 59 64 »

67 2643 194 69 1484.
197 2643 409 69 Antignac
541 2643 302 69 (Antoine),
778 2643 215 69 poëte,
929 2643 345 69 chansonnier,
1209 2643 215 69 membre
1360 2643 129 69 du
1403 2643 108 69 Ca

116 2707 160 86 veau
216 2707 240 86 moderne.
396 2707 200 86 Les
535 2707 320 86 Pigeons
795 2707 220 86 Chanson
955 2707 160 86 aut.
1055 2707 160 86 sig.
1155 2707 180 86 1809.
1274 2707 100 86 3
1314 2707 120 86 p.
1374 2707 140 86 pl.
1434 2707 80 86 et

58 2750 808 67 demie,
624 2750 727 67 In-4.
1109 2750 404 67 3
1190 2750 323 67 50
