1631 2883
713 69 255 93 123
822 69 109 93 —

66 165 173 79 1644.
181 165 327 79 Martin
450 165 192 79 député
585 165 115 79 du
643 165 308 79 Nord
893 165 231 79 ministre
1066 165 115 79 dé
1123 165 115 79 là
1181 165 231 79 Justice.
1354 165 115 79 L.
1393 165 115 79 aut.

110 218 206 68 sig.,
248 218 115 68 à
294 218 138 68 M.
362 218 138 68 le
431 218 344 68 Chancelier.
706 218 229 68 Paris,
867 218 138 68 16
936 218 183 68 mars
1050 218 206 68 1841,
1188 218 138 68 2.
1257 218 206 68 in-8.
1394 218 115 68 2
1417 218 92 68 50

63 261 194 82 1645.
193 261 410 82 Massieu,
538 261 173 82 curé
646 261 130 82 de
711 261 216 82 Sergy,
862 261 345 82 constituant,
1143 261 216 82 évêque
1273 261 238 82 constitu-

114 315 222 64 tionnel
275 315 121 64 de
336 315 323 64 l'ise
598 315 121 64 et
659 315 202 64 député
800 315 121 64 de
861 315 121 64 ce
921 315 303 64 département
1164 315 101 64 à
1204 315 121 64 la
1245 315 262 64 Convention.

109 362 142 68 L.
180 362 190 68 aut.
299 362 190 68 sig.
418 362 214 68 Comme
560 362 380 68 représentant
869 362 142 68 du
940 362 237 68 peuple
1106 362 190 68 près
1225 362 261 68 l’armée
1391 362 119 68 des

110 421 284 53 Ardennes.
329 421 219 53 Sédan,
482 421 131 53 20
547 421 262 53 pluviôse
744 421 131 53 an
810 421 153 53 II.
897 421 109 53 2
941 421 131 53 p.
1006 421 153 53 pl.
1094 421 131 53 et
1159 421 197 53 demie
1290 421 197 53 in-4.
1422 421 109 53 6
1443 421 66 53 »

65 466 165 60 1646
169 466 289 60 Mathieu
396 466 124 60 de
458 466 351 60 Miranpol,
747 466 207 60 député
892 466 124 60 de
954 466 351 60 l'Oise
1243 466 103 60 à
1285 466 124 60 la
1326 466 186 60 Conven-

114 509 182 68 tion.
235 509 121 68 L.
296 509 162 68 aut.
397 509 162 68 sig.
498 509 202 68 Paris,
640 509 142 68 1er
721 509 243 68 prairial
903 509 121 68 an
964 509 142 68 IV.
1045 509 101 68 3
1085 509 142 68 gr.
1166 509 121 68 p.
1227 509 142 68 pl.
1308 509 182 68 in-4.
1429 509 101 68 3
1449 509 61 68 »

67 568 188 53 1647.
193 568 377 53 Mayenne
507 568 251 53 (Charles
695 568 126 53 de
758 568 272 53 Lorraine,
968 568 147 53 duc
1051 568 168 53 de).
1156 568 188 53 Ordre
1282 568 126 53 de
1344 568 188 53 paver
1449 568 63 53 à

110 595 129 73 M.
175 595 173 73 Odan
283 595 302 73 Gennequin,
520 595 194 73 doyen
650 595 129 73 et
715 595 302 73 chancelier
952 595 129 73 de
1017 595 259 73 l’église
1211 595 302 73 cathédrale
1427 595 86 73 de

113 646 237 72 Troyes,
286 646 129 72 la
350 646 194 72 somme
479 646 129 72 de
544 646 172 72 deux
651 646 194 72 cents
780 646 237 72 écus...
953 646 215 72 Paris;
1103 646 129 72 20
1168 646 151 72 mai
1254 646 194 72 1593.
1361 646 151 72 Pièce

91 700 321 72 gr.
275 700 505 72 in-fol.
642 700 321 72 sur
825 700 642 72 parchemin.
1330 700 229 72 4
1375 700 138 72 »

71 739 173 69 1648.
186 739 345 69 Meillan,
474 739 192 69 député
608 739 134 69 des
684 739 499 69 Basses-Pyrénées
1125 739 96 69 à
1164 739 115 69 la
1221 739 288 69 Convention.
1432 739 77 69 L.

110 795 216 64 aut.
245 795 216 64 sig.
380 795 270 64 Paris,
568 795 135 64 2
622 795 324 64 décembre
865 795 216 64 1792
1000 795 135 64 3
1054 795 162 64 p.
1135 795 189 64 pl.
1242 795 243 64 in-4.
1404 795 135 64 3
1431 795 81 64 »

70 835 169 70 1649.
183 835 374 70 Méjansac,
501 835 187 70 député
632 835 112 70 du
688 835 318 70 Cantal
950 835 94 70 à
988 835 112 70 la
1044 835 281 70 Convention.
1269 835 112 70 L.
1325 835 150 70 aut.
1400 835 112 70 sig.

107 899 293 55 Paris,
312 899 176 55 29
399 899 380 55 thermidor
692 899 176 55 an
780 899 234 55 III.
926 899 380 55 Demi-page
1218 899 263 55 in-4.
1394 899 146 55 2
1423 899 88 55 »

71 937 173 65 1650.
186 937 347 65 Mérimée
475 937 270 65 (Prosper),
687 937 308 65 littérateur.
937 937 116 65 L.
995 937 154 65 aut.
1091 937 173 65 sig.,
1207 937 96 65 à
1245 937 116 65 M.
1303 937 116 65 le
1342 937 173 65 vicomte

89 991 129 76 ,
141 991 284 76 Dejean.
348 991 129 76 1
399 991 207 76 juin
529 991 233 76 1839.
684 991 129 76 1
735 991 181 76 gr.
839 991 155 76 p.
916 991 181 76 pl.
1020 991 155 76 et
1097 991 233 76 quart
1252 991 233 76 in-4.
1408 991 129 76 4
1433 991 78 76 »

163 1034 128 64 En
227 1034 214 64 faveur
376 1034 171 64 d’un
483 1034 235 64 réfugié
654 1034 278 64 politique
847 1034 235 64 espagnol.

71 1076 186 72 1651.
195 1076 351 72 Merlin
484 1076 144 72 (de
566 1076 227 72 Douai),
731 1076 351 72 conventionel.
1020 1076 124 72 L.
1082 1076 165 72 aut.
1185 1076 165 72 sig.
1288 1076 186 72 comme
1391 1076 124 72 pro

119 1131 222 69 cureur
274 1131 244 69 général
451 1131 111 69 à
496 1131 133 69 la
562 1131 177 69 cour
673 1131 133 69 de
740 1131 310 69 Cassation,
984 1131 111 69 à
1028 1131 333 69 l’Empereur.
1294 1131 222 69 Paris,
1427 1131 89 69 15

106 1183 371 60 nivôse
366 1183 223 60 an
477 1183 334 60 XIII.
700 1183 186 60 2
774 1183 260 60 gr.
922 1183 223 60 p.
1034 1183 408 60 in-fol.
1330 1183 186 60 7
1368 1183 148 60 50

163 1214 169 75 «Au
260 1214 242 75 moment
429 1214 145 75 où
502 1214 194 75 déjà
623 1214 242 75 comblé
792 1214 460 75 personnellement
1179 1214 169 75 des
1276 1214 242 75 bontés
1421 1214 97 75 de

121 1279 221 58 «Vôtre
276 1279 266 58 Majesté,
475 1279 133 58 je
542 1279 199 58 viens
674 1279 221 58 encore
830 1279 133 58 de
896 1279 155 58 les
985 1279 266 58 implorer
1184 1279 133 58 et
1250 1279 133 58 où
1317 1279 199 58 j’ose
1427 1279 89 58 en

121 1326 255 57 «Espérer
312 1326 233 57 l’effet
481 1326 149 57 par
566 1326 339 57 l’avancement
842 1326 276 57 militaire
1054 1326 127 57 de
1118 1326 149 57 mon
1203 1326 191 57 fils,
1330 1326 127 57 ce
1372 1326 149 57 n’est

118 1370 233 67 «qu’en
281 1370 303 67 tremblant
514 1370 163 67 que
607 1370 140 67 je
677 1370 210 67 viens
817 1370 280 67 supplier
1027 1370 210 67 Votre
1166 1370 256 67 Majesté
1353 1370 140 67 de
1399 1370 117 67 les

122 1410 266 61 «étendre
321 1410 244 61 jusqu’à
499 1410 111 61 à
543 1410 288 61 Alexandre
765 1410 377 61 d’Haubersart,
1075 1410 155 61 mon
1163 1410 244 61 gendre;
1341 1410 177 61 fils
1429 1410 89 61 du

122 1472 254 51 «premier
312 1472 275 51 Président
524 1472 127 51 de
587 1472 127 51 la
651 1472 169 51 cour
757 1472 127 51 de
820 1472 254 51 Douai...
1010 1472 169 51 etc.
1116 1472 169 51 etc.
1222 1472 169 51 etc.
1307 1472 63 51 »

75 1513 162 60 1652.
183 1513 343 60 Mésenguy
472 1513 199 60 (l’abbé
616 1513 415 60 François-Philippe),
977 1513 181 60 auteur
1104 1513 108 60 de
1140 1513 379 60 l'Exposition

124 1556 172 62 dé
239 1556 115 62 la
296 1556 230 62 Doctrine
469 1556 364 62 Chrétienne
775 1556 153 62 etc.
871 1556 115 62 L.
928 1556 153 62 aut.
1024 1556 172 62 sig.,
1139 1556 96 62 à
1177 1556 115 62 M.
1235 1556 230 62 Jabinéau
1407 1556 115 62 de
1445 1556 77 62 la

122 1616 253 57 Doctrine
311 1616 316 57 Chrêtienne,
564 1616 105 57 à
606 1616 463 57 Vitry-le-Français.
1006 1616 105 57 4
1048 1616 210 57 mai...
1195 1616 105 57 2
1237 1616 126 57 p.
1301 1616 147 57 pl.
1364 1616 147 57 in

61 1654 1376 61 Intéressante.
1194 1654 405 61 5
1275 1654 243 61 »

81 1695 173 79 1653.
196 1695 365 79 Michaud,
503 1695 192 79 auteur
637 1695 115 79 de
695 1695 326 79 l'Histoire
964 1695 134 79 des
1040 1695 345 79 Croisades,
1328 1695 192 79 membre
1443 1695 77 79 de

124 1748 292 69 l’Académie
353 1748 292 69 française.
583 1748 125 69 L.
645 1748 167 69 aut.
750 1748 188 69 sig.,
875 1748 104 69 à
916 1748 125 69 M.
979 1748 208 69 Merle.
1125 1748 104 69 1
1167 1748 125 69 p.
1229 1748 146 69 pl.
1313 1748 188 69 in-4.
1438 1748 104 69 3
1458 1748 63 69 »

79 1800 164 62 1654.
188 1800 310 62 Michel
443 1800 182 62 député
571 1800 109 62 de
625 1800 109 62 la
680 1800 328 62 Meurthe
953 1800 91 62 à
990 1800 109 62 la
1044 1800 273 62 Convention.
1263 1800 109 62 L.
1318 1800 146 62 aut.
1390 1800 128 62 sig.,

122 1854 113 56 à
168 1854 135 56 M.
235 1854 248 56 Reubel,
415 1854 225 56 membre
573 1854 135 56 du
641 1854 338 56 Directoire.
911 1854 338 56 Strasbourg,
1182 1854 135 56 29
1250 1854 270 56 brumaire
1430 1854 90 56 an

85 1892 419 60 VI.
325 1892 300 60 1
445 1892 359 60 p.
624 1892 659 60 in-fol.
1104 1892 300 60 8
1223 1892 300 60 2
1283 1892 240 60 50

80 1935 169 71 1655.
193 1935 337 71 Michel
473 1935 187 71 député
605 1935 112 71 du
661 1935 356 71 Morbihan
960 1935 94 71 à
998 1935 112 71 la
1054 1935 281 71 Convention.
1279 1935 112 71 L.
1335 1935 150 71 aut.
1410 1935 112 71 sig.

121 1987 264 68 Paris,
306 1987 159 68 14
385 1987 264 68 nivôse
570 1987 159 68 an
649 1987 185 68 II.
755 1987 132 68 1
808 1987 159 68 p.
887 1987 185 68 pl.
993 1987 159 68 et
1072 1987 238 68 quart
1231 1987 238 68 in-4.
1390 1987 132 68 2
1416 1987 106 68 50

84 2033 170 62 1656.
198 2033 341 62 Milhaud
481 2033 132 62 (le
557 2033 246 62 général),
746 2033 189 62 député
879 2033 114 62 du
935 2033 322 62 Cantal
1200 2033 95 62 à
1238 2033 114 62 la
1276 2033 246 62 Convention.

130 2082 332 65 Instructions
400 2082 291 65 militaires
628 2082 228 65 données
794 2082 104 65 à
836 2082 125 65 M.
898 2082 291 65 Bonnefons,
1127 2082 291 65 lieutenant
1355 2082 125 65 du
1396 2082 125 65 22e.

128 2135 372 63 Gaudsersdorff,
438 2135 124 63 35
501 2135 248 63 brumaire
687 2135 124 63 an
749 2135 165 63 XIV.
852 2135 165 63 aut.
955 2135 165 63 sig.
1059 2135 103 63 1
1100 2135 124 63 p.
1162 2135 145 63 pl.
1224 2135 145 63 in

85 2178 193 65 1657.
214 2178 387 65 Mimaut,
536 2178 301 65 diplomate,
773 2178 215 65 auteur
923 2178 323 65 dramatique.
1181 2178 129 65 L.
1246 2178 172 65 aut.
1353 2178 194 65 sig.,
1461 2178 65 65 à

123 2236 175 67 M.
210 2236 320 67 Thouin.
443 2236 291 67 Paris,
647 2236 175 67 13
735 2236 408 67 février...
1055 2236 146 67 1
1113 2236 175 67 p.
1201 2236 262 67 in-4.
1375 2236 146 67 2
1404 2236 117 67 50

83 2271 191 67 1658.
210 2271 466 67 Moutésquiou
613 2271 254 67 (l'abbé,
803 2271 148 67 duc
888 2271 170 67 de),
994 2271 254 67 ministre
1185 2271 127 67 de
1248 2271 191 67 Louis
1354 2271 170 67 XVIII.

132 2336 123 54 L.
193 2336 164 54 aut.
295 2336 184 54 sig.,
418 2336 123 54 au
480 2336 266 54 général..
685 2336 246 54 Londres,
869 2336 123 54 25
931 2336 246 54 juillet.
1115 2336 102 54 4
1156 2336 123 54 p.
1218 2336 143 54 pl.
1300 2336 184 54 in-4.
1423 2336 123 54 15
1464 2336 61 54 »

177 2364 187 70 Belle
302 2364 208 70 lettre
447 2364 145 70 sur
530 2364 125 70 sa
592 2364 270 70 situation
800 2364 270 70 vis-à-vis
1007 2364 125 70 du
1070 2364 145 70 roi
1153 2364 208 70 auquel
1298 2364 125 70 il
1360 2364 104 70 a
1381 2364 145 70 écrit

131 2419 271 70 plusieurs
339 2419 167 70 fois
443 2419 167 70 sans
548 2419 125 70 en
610 2419 250 70 recevoir
797 2419 125 70 de
860 2419 250 70 réponse;
1047 2419 208 70 motifs
1193 2419 125 70 de
1255 2419 125 70 sa
1318 2419 208 70 sortie
1443 2419 83 70 du

131 2475 296 53 ministère;
364 2475 275 53 puissance
575 2475 127 53 de
639 2475 360 53 l’Angleterre;
935 2475 127 53 on
998 2475 127 53 ne
1062 2475 169 53 voit
1167 2475 148 53 pas
1252 2475 127 53 un
1315 2475 169 53 écu,
1400 2475 127 53 tout

135 2524 126 53 se
198 2524 168 53 fait
303 2524 126 53 en
366 2524 232 53 papier,
535 2524 126 53 et
598 2524 253 53 personne
787 2524 126 53 ne
851 2524 168 53 s’en
956 2524 274 53 plaint...
1166 2524 210 53 «Toute
1314 2524 126 53 la
1356 2524 168 53 nation

134 2564 109 63 k
178 2564 196 63 s’est
308 2564 218 63 portée
461 2564 174 63 vers
570 2564 174 63 nous
679 2564 174 63 avec
788 2564 131 63 un
853 2564 283 63 véritable
1071 2564 370 63 enthousiasme,
1376 2564 131 63 un
1419 2564 109 63 em-

134 2612 218 61 «prunt
287 2612 131 61 de
352 2612 131 61 42
417 2612 261 61 millions
613 2612 283 61 sterling,
831 2612 152 61 n’a
918 2612 152 61 pas
1005 2612 174 61 fait
1114 2612 131 61 un
1180 2612 174 61 pli;
1288 2612 174 61 mais
1376 2612 152 61 l’em-

136 2663 225 61 «punité
299 2663 123 61 de
360 2663 184 61 éette
483 2663 225 61 révolte
647 2663 102 61 à
688 2663 184 61 éxité
810 2663 143 61 une
892 2663 204 61 fureur
1035 2663 266 61 générale;
1240 2663 143 61 les
1301 2663 225 61 journaux,

136 2720 147 50 «le
220 2720 232 50 publie,
389 2720 147 50 les
473 2720 211 50 divers
620 2720 211 50 partis
768 2720 147 50 des
852 2720 274 50 éhambres,
1063 2720 168 50 tout
1168 2720 147 50 est
1252 2720 232 50 unanime
1400 2720 126 50 pour

135 2756 110 61 «
179 2756 177 61 nous
289 2756 265 61 écraser;
488 2756 132 61 On
554 2756 155 61 dit
643 2756 155 61 que
731 2756 155 61 les
819 2756 265 61 factieux
1018 2756 243 61 impunis
1173 2756 353 61 recommenceront
