1558 2857
692 63 152 82 114

66 139 187 76 1485.
191 139 353 76 Aragon
481 139 228 76 (madame
647 139 353 76 Alexandrine),
937 139 207 76 auteur
1082 139 187 76 d’une
1207 139 290 76 traduction
1414 139 83 76 de

110 205 294 65 l’histoire
341 205 358 65 d’Angleterre.
636 205 126 65 L.
699 205 168 65 aut.
804 205 189 65 sig.,
930 205 105 65 à
972 205 168 65 M...
1077 205 105 65 1
1119 205 126 65 p.
1183 205 147 65 pl.
1267 205 189 65 in-8.
1393 205 105 65 1
1414 205 84 65 50

68 244 154 70 1486
164 244 328 70 Arnal
434 244 193 70 acteur
569 244 116 70 du
627 244 270 70 Vaudeville
839 244 116 70 et
897 244 116 70 du
955 244 328 70 Palais-Royal.
1225 244 116 70 L.
1283 244 154 70 aut.
1360 244 135 70 sig.,

102 305 158 71 à
166 305 254 71 M...
324 305 380 71 Auteuil,
609 305 158 71 8
673 305 222 71 mai
800 305 285 71 1851.
990 305 158 71 1
1053 305 190 71 p.
1148 305 285 71 in-8.
1339 305 158 71 2
1370 305 127 71 50

65 347 195 64 1487.
196 347 391 64 Arnauld
521 347 304 64 (Antoine),
760 347 239 64 avocat,
934 347 239 64 célèbre
1107 347 152 64 par
1194 347 152 64 son
1259 347 239 64 plaidoyer

113 389 213 62 contre
262 389 149 62 les
347 389 277 62 jésuites.
561 389 341 62 Délibération
838 389 192 62 sig.,
966 389 213 62 signée
1115 389 192 62 aussi
1243 389 149 62 par
1307 389 192 62 Rigault

112 439 206 68 contre
257 439 144 68 les
339 439 268 68 religieux
545 439 124 68 de
607 439 330 68 Saint-Alire.
875 439 206 68 Paris,
1019 439 124 68 12
1081 439 165 68 mars
1184 439 185 68 1619.
1308 439 103 68 2
1349 439 144 68 gr.
1411 439 82 68 p.

83 501 367 53 pl.
292 501 315 53 et
450 501 524 53 demie.
817 501 577 53 In-fol.
1236 501 262 53 3
1288 501 210 53 50

71 526 184 72 1488.
193 526 368 72 Arnauld
499 526 327 72 (Catherine),
765 526 184 72 femme
887 526 225 72 séparée
1051 526 123 72 de
1112 526 184 72 biens
1235 526 123 72 et
1275 526 225 72 d’habita

112 592 168 57 tion
217 592 126 57 de
280 592 189 57 noble
406 592 189 57 homme
532 592 189 57 Isaac
658 592 126 57 Le
721 592 252 57 Maistre,
909 592 294 57 conseiller
1140 592 126 57 du
1203 592 147 57 roi
1287 592 126 57 et
1329 592 168 57 maître

115 641 290 57 ordinaire
338 641 134 57 en
405 641 134 57 sa
472 641 246 57 chambre
651 641 156 57 des
740 641 268 57 comptes.
941 641 223 57 Quitt.
1097 641 179 57 sig.
1209 641 134 57 de
1276 641 156 57 six
1343 641 156 57 cents

106 681 333 57 livres.
348 681 182 57 17
439 681 333 57 juillet
681 681 273 57 1634.
863 681 151 57 1
924 681 212 57 gr.
1045 681 182 57 p.
1136 681 333 57 in-fol.
1378 681 151 57 4
1408 681 91 57 »

69 719 181 88 1489.
190 719 362 88 Arnauld
491 719 241 88 (Henry),
672 719 201 88 évêque
813 719 261 88 d’Angers.
1014 719 201 88 Quitt.
1155 719 161 88 sig.
1256 719 121 88 de
1316 719 121 88 la
1356 719 141 88 somme

112 778 144 60 de
184 778 191 60 neuf
304 778 215 60 cents
447 778 311 60 livres...
686 778 120 60 5
734 778 263 60 février
926 778 215 60 1633.
1069 778 120 60 1
1117 778 144 60 p.
1189 778 263 60 in-fol.
1380 778 120 60 2
1404 778 96 60 50

66 829 193 59 1490.
194 829 342 59 Auber
472 829 235 59 (madame
643 829 321 59 Constance),
900 829 193 59 fille
1028 829 128 59 de
1093 829 214 59 madame
1242 829 128 59 la
1285 829 214 59 duchesse

111 871 365 60 d’Abrantès,
403 871 268 60 auteur.
598 871 146 60 L.
671 871 195 60 aut.
793 871 219 60 sig.,
939 871 122 60 à
988 871 195 60 M...
1109 871 122 60 1
1158 871 146 60 p.
1231 871 219 60 in-8.
1377 871 122 60 1
1402 871 97 60 50

67 915 182 65 1491.
188 915 646 65 Baillot-Saint-Martin,
773 915 202 65 auteur
915 915 121 65 de
975 915 343 65 l'Histoire
1238 915 262 65 chrono

115 967 294 57 logique
346 967 147 57 des
430 967 231 57 Peuples
597 967 126 57 du
660 967 315 57 monde,
912 967 105 57 à
954 967 168 57 M...
1059 967 210 57 Paris,
1205 967 126 57 25
1268 967 168 57 déc.
1352 967 147 57 1820,

43 1020 455 51 2
225 1020 546 51 p.
498 1020 818 51 in-4.
1043 1020 455 51 2
1134 1020 364 51 50

69 1063 169 63 1492.
182 1063 339 63 Barante
465 1063 132 63 (le
540 1063 169 63 baron
653 1063 151 63 de),
747 1063 188 63 auteur
879 1063 113 63 de
935 1063 320 63 l'Histoire
1199 1063 132 63 des
1274 1063 151 63 duès
1349 1063 151 63 de

114 1112 416 63 Bourgogne
471 1112 119 63 de
530 1112 218 63 l’Acad.
688 1112 277 63 française.
906 1112 119 63 L.
965 1112 158 63 aut.
1064 1112 178 63 sig.,
1183 1112 119 63 au
1243 1112 257 63 président
1421 1112 79 63 de

109 1161 154 52 la
186 1161 206 52 Cour
315 1161 180 52 des
418 1161 334 52 Pairs....
675 1161 154 52 30
752 1161 231 52 sept.
906 1161 231 52 1834.
1060 1161 128 52 1
1112 1161 154 52 p.
1189 1161 283 52 in-fol.
1394 1161 128 52 3
1420 1161 77 52 »

70 1201 149 63 1493
163 1201 353 63 Barbier,
461 1201 335 63 bibliothécaire
740 1201 112 63 de
795 1201 279 63 l’empereur,
1019 1201 186 63 auteur
1149 1201 112 63 du
1186 1201 316 63 Dictions

113 1261 245 61 naire
296 1261 143 61 des
378 1261 327 61 Anonymes
643 1261 163 61 etc.
746 1261 123 61 L.
807 1261 163 61 aut.
909 1261 184 61 sig.,
1031 1261 102 61 à
1072 1261 123 61 M.
1133 1261 286 61 Villenave.
1338 1261 163 61 Paris,

84 1313 293 50 23
231 1313 391 50 août
475 1313 440 50 1818.
768 1313 244 50 2
866 1313 293 50 p.
1012 1313 440 50 in-4.
1306 1313 244 50 4
1354 1313 147 50 »

162 1346 250 60 Critique
350 1346 188 60 amère
475 1346 125 60 de
537 1346 146 60 son
621 1346 229 60 article
787 1346 146 60 sur
871 1346 125 60 la
933 1346 375 60 correspondance
1246 1346 125 60 de
1288 1346 208 60 Galiani.

114 1402 342 65 «N’avez-vous
391 1402 149 65 pas
477 1402 107 65 à
519 1402 171 65 vous
626 1402 277 65 reprocher
839 1402 235 65 d’avoir
1010 1402 192 65 violé
1138 1402 149 65 les
1224 1402 277 65 principes
1416 1402 85 65 de

116 1450 147 66 «la
200 1450 210 66 morale
347 1450 126 66 et
410 1450 126 66 du
473 1450 189 66 goût,
599 1450 126 66 en
662 1450 252 66 invitant
850 1450 168 66 pour
955 1450 189 66 ainsi
1081 1450 168 66 dire
1186 1450 147 66 vos
1270 1450 252 66 lecteurs
1438 1450 63 66 à

114 1498 274 64 «préférer
325 1498 147 64 une
409 1498 232 64 édition
577 1498 168 64 dans
683 1498 253 64 laquelle
872 1498 211 64 toutes
1020 1498 147 64 les
1104 1498 168 64 lois
1209 1498 253 64 sociales
1378 1498 126 64 sont

112 1545 257 84 «foulées
304 1545 150 84 aux
390 1545 214 84 pieds,
540 1545 107 84 à
583 1545 193 84 celle
711 1545 150 84 qui
797 1545 150 84 les
883 1545 107 84 a
926 1545 300 84 respectées
1161 1545 214 84 autant
1311 1545 150 84 que
1375 1545 129 84 cela

112 1591 214 69 «était
262 1591 257 69 possible
455 1591 172 69 sans
562 1591 279 69 dénaturer
755 1591 343 69 l’ouvrage?...»

65 1623 182 79 1494.
186 1623 385 79 Barnave,
511 1623 223 79 orateur
673 1623 223 79 célèbre
835 1623 122 79 de
896 1623 304 79 l’Assemblée
1139 1623 345 79 constituante.
1403 1623 101 79 Ré-

111 1685 257 52 flexions
303 1685 150 52 sur
389 1685 129 52 la
453 1685 214 52 future
603 1685 278 52 assemblée
818 1685 150 52 des
903 1685 386 52 Etats-Généraux
1225 1685 171 52 pour
1310 1685 193 52 prouver

111 1732 116 66 la
169 1732 251 66 nécessité
362 1732 116 66 de
419 1732 116 66 la
477 1732 212 66 réunion
632 1732 135 66 des
709 1732 212 66 ordres.
863 1732 96 66 6
902 1732 116 66 p.
960 1732 135 66 pl.
1037 1732 154 66 aut.
1133 1732 174 66 petit
1249 1732 212 66 in-fol.
1404 1732 116 66 15
1442 1732 58 66 »

64 1774 190 72 1495.
191 1774 359 72 Baumez
487 1774 444 72 (J.-P.-Théodore),
867 1774 275 72 chimiste,
1078 1774 296 72 professeur
1311 1774 127 72 de
1353 1774 148 72 méde

114 1829 161 89 cine
215 1829 121 89 de
275 1829 221 89 l’école
436 1829 121 89 de
496 1829 322 89 Montpellier.
758 1829 121 89 L.
819 1829 161 89 aut.
919 1829 181 89 sig.,
1040 1829 121 89 au
1100 1829 242 89 ministre
1282 1829 141 89 des
1342 1829 161 89 finan-

93 1880 322 48 ces.
294 1880 201 48 1
374 1880 282 48 gr.
535 1880 241 48 p.
656 1880 241 48 et
777 1880 362 48 demie
1018 1880 443 48 in-fol.
1340 1880 201 48 3
1380 1880 121 48 »

66 1915 198 67 1496.
198 1915 264 67 Bazin
396 1915 132 67 de
462 1915 308 67 Bezons
704 1915 286 67 (Armand),
924 1915 220 67 évêque
1078 1915 132 67 de
1144 1915 352 67 Carcassonne.
1408 1915 88 67 L.

112 1973 168 51 aut.
217 1973 168 51 sig.
322 1973 126 51 22
386 1973 168 51 mars
491 1973 189 51 1770.
617 1973 105 51 1
659 1973 126 51 p.
722 1973 189 51 in-8.
849 1973 232 51 Cachet.
1017 1973 253 51 (Piqûres
1206 1973 126 51 de
1269 1973 210 51 vers).
1417 1973 105 51 2
1438 1973 63 51 »

63 2013 185 64 1497.
187 2013 410 64 Beauchamp
535 2013 267 64 (Alphonse
740 2013 164 64 de),
843 2013 287 64 historien.
1068 2013 123 64 L.
1130 2013 123 64 a.
1191 2013 123 64 s.
1253 2013 205 64 Paris,
1376 2013 123 64 mars

112 2067 189 73 1827.
238 2067 105 73 1
280 2067 147 73 pl.
365 2067 189 73 in-4.
491 2067 126 73 Au
554 2067 189 73 sujet
680 2067 126 73 de
743 2067 126 73 la
806 2067 316 73 publication
1059 2067 126 73 de
1122 2067 147 73 son
1206 2067 253 73 ouvrage.
1396 2067 105 73 2
1417 2067 84 73 75

65 2116 174 68 1498.
181 2116 368 68 Beauvoir
490 2116 194 68 (Roger
626 2116 155 68 de),
723 2116 290 68 littérateur
955 2116 252 68 critique,
1149 2116 116 68 L.
1207 2116 155 68 aut.
1303 2116 155 68 sig.
1400 2116 97 68 1
1420 2116 77 68 p.

79 2166 368 56 pl.
290 2166 473 56 in-8.
605 2166 789 56 Littéraire.
1236 2166 263 56 1
1289 2166 210 56 50

62 2201 182 65 1499.
183 2201 384 65 Bellart,
506 2201 263 65 procureur
708 2201 222 65 général
870 2201 101 65 à
910 2201 121 65 la
971 2201 162 65 Cour
1072 2201 202 65 royale
1213 2201 141 65 des
1294 2201 202 65 pairs.
1415 2201 81 65 L.

109 2268 185 58 aut.
225 2268 209 58 sig.,
364 2268 139 58 au
433 2268 278 58 baron...
642 2268 232 58 Paris,
804 2268 116 58 3
851 2268 185 58 juin
967 2268 209 58 1820.
1106 2268 116 58 1
1152 2268 139 58 p.
1222 2268 255 58 in-fol.
1407 2268 116 58 3
1430 2268 70 58 »

63 2297 180 71 1500.
183 2297 340 71 Belloc
463 2297 220 71 (madame
623 2297 200 71 Louise
763 2297 260 71 Swanton),
962 2297 200 71 auteur
1102 2297 280 71 d’ouvrages
1322 2297 140 71 sur
1382 2297 120 71 l’é

112 2352 254 54 ducation.
308 2352 117 54 L.
367 2352 156 54 aut.
464 2352 176 54 sig.,
581 2352 98 54 à
621 2352 117 54 M.
679 2352 215 54 Jullien
836 2352 137 54 (de
914 2352 215 54 Paris).
1070 2352 195 54 Paris,
1207 2352 117 54 11
1265 2352 176 54 avril
1363 2352 137 54 1828.

31 2401 489 52 2
227 2401 587 52 p.
520 2401 881 52 in-8.
1108 2401 489 52 2
1205 2401 294 52 »

63 2447 202 63 1501.
197 2447 337 63 Belzunce
467 2447 135 63 de
535 2447 472 63 Castel-Moron,
940 2447 225 63 évêque
1097 2447 135 63 de
1165 2447 315 63 Marseille,
1390 2447 112 63 cé

109 2492 195 78 lèbre
239 2492 152 78 par
326 2492 152 78 son
413 2492 304 78 dévouement
651 2492 239 78 pendant
825 2492 130 78 la
890 2492 195 78 peste
1020 2492 130 78 de
1085 2492 304 78 Marseille.
1324 2492 130 78 L.
1367 2492 130 78 aut.

112 2544 181 54 sig.,
233 2544 101 54 à
273 2544 382 54 Monseigneur....
594 2544 281 54 Marseille,
816 2544 121 54 23
876 2544 181 54 sept.
996 2544 181 54 1729.
1117 2544 101 54 4
1157 2544 141 54 gr.
1238 2544 121 54 p.
1298 2544 141 54 pl.
1358 2544 141 54 in

74 2597 833 60 Très-belle
728 2597 654 60 lettre.
1204 2597 357 60 25
1323 2597 178 60 »

160 2639 120 74 Il
220 2639 140 74 lui
300 2639 181 74 ouvre
421 2639 140 74 son
501 2639 160 74 cœur
601 2639 181 74 plein
722 2639 261 74 d’alarmes
922 2639 160 74 pour
1023 2639 120 74 la
1083 2639 241 74 religion
1263 2639 181 74 qu’il
1364 2639 140 74 croit

112 2676 128 74 en
176 2676 192 74 grand
304 2676 192 74 péril
432 2676 149 74 par
517 2676 149 74 les
603 2676 320 74 ménagements
859 2676 128 74 et
923 2676 149 74 par
1008 2676 128 74 la
1072 2676 299 74 tolérance.
1307 2676 149 74 «Si
1371 2676 128 74 l’on

112 2741 102 79 s
152 2741 123 79 se
214 2741 245 79 contente
397 2741 184 79 d’une
520 2741 286 79 soumission
745 2741 265 79 apparente
949 2741 163 79 sans
1051 2741 327 79 rétractation
1296 2741 204 79 positive
