1557 2941
654 103 178 100 —
690 103 178 100 120

127 196 185 79 Louis
251 196 165 79 XIV,
354 196 144 79 ils
436 196 227 79 étaient
601 196 227 79 déposés
766 196 103 79 à
807 196 124 79 la
869 196 330 79 Bibliothèque
1137 196 288 79 nationale.
1364 196 124 79 Il
1405 196 103 79 lui

131 262 130 58 est
206 262 186 58 permis
336 262 112 58 de
392 262 130 58 les
466 262 186 58 donner
596 262 112 58 au
652 262 204 58 public,
801 262 149 58 d’en
894 262 149 58 être
987 262 390 58 l'Editeur
1321 262 130 58 d’y
1377 262 130 58 ajou-

127 307 149 60 ter
212 307 149 60 des
297 307 192 60 notes
425 307 128 60 et
489 307 149 60 une
553 307 298 60 préface.....

83 348 183 63 1591.
205 348 346 63 Haller
490 348 245 63 (Albert,
674 348 183 63 baron
796 348 163 63 de),
898 348 245 63 médecin,
1081 348 306 63 anatomiste,
1326 348 183 63 élève
1427 348 82 63 de

128 401 280 66 Boerhaave,
348 401 180 66 poëte
468 401 120 66 et
528 401 320 66 littérateur.
788 401 120 66 L.
848 401 160 66 aut.
948 401 180 66 sig.,
1068 401 100 66 à
1108 401 120 66 M.
1168 401 260 66 Duchesne.
1348 401 160 66 Berne,

125 461 138 48 15
194 461 253 48 juillet
378 461 207 48 1766.
517 461 115 48 2
563 461 138 48 p.
632 461 207 48 in-4.
770 461 392 48 Scientifique.
1092 461 392 48 Intéressante.
1415 461 115 48 6
1438 461 69 48 »

79 490 176 68 1592.
197 490 351 68 Harmand
489 490 234 68 (J.-B.),
665 490 195 68 député
801 490 117 68 de
860 490 117 68 la
919 490 312 68 Meuse
1172 490 98 68 à
1211 490 117 68 la
1250 490 254 68 Convention.

128 538 233 67 Tableau
298 538 127 67 de
361 538 127 67 sa
425 538 255 67 conduite
616 538 276 67 politique
828 538 127 67 et
892 538 212 67 morale
1040 538 212 67 depuis
1189 538 191 67 1776.
1316 538 106 67 3
1358 538 149 67 gr.
1422 538 85 67 p.

110 599 280 59 pl.
270 599 240 59 et
390 599 359 59 demie
629 599 439 59 in-fol.
949 599 320 59 aut.
1149 599 320 59 sig.
1348 599 200 59 6
1388 599 120 59 »

82 649 171 51 1593.
196 649 380 51 Haussmann
519 649 266 51 (Nicolas),
728 649 190 51 député
861 649 114 51 de
918 649 456 51 Seine-et-Oise
1317 649 95 51 à
1355 649 114 51 la
1393 649 114 51 Con-

128 693 251 64 vention.
316 693 125 64 L.
379 693 167 64 aut.
484 693 167 64 sig.
588 693 209 64 Paris,
734 693 105 64 4
776 693 251 64 floréal,
964 693 125 64 an
1027 693 146 64 II.
1111 693 105 64 1
1153 693 125 64 p.
1215 693 146 64 pl.
1299 693 188 64 in-4.
1424 693 105 64 3
1445 693 63 64 »

82 734 191 67 1594.
209 734 255 67 Henri
400 734 361 67 d’Albret,
697 734 149 67 roi
782 734 127 67 de
846 734 255 67 Navarre,
1037 734 297 67 grand-père
1271 734 234 67 d’Henri
1419 734 85 67 IV

129 781 127 67 L.
192 781 169 67 avec
298 781 127 67 la
362 781 339 67 souscription
637 781 190 67 d’une
764 781 190 67 ligne
890 781 169 67 aut.
996 781 190 67 sig.,
1123 781 127 67 au
1187 781 190 67 comte
1314 781 127 67 De
1356 781 148 67 Lude.

123 838 278 58 Paris,
318 838 167 58 27
401 838 222 58 mars
540 838 250 58 1552.
706 838 139 58 1
762 838 167 58 p.
845 838 250 58 in-4.
1011 838 250 58 Jolie
1178 838 305 58 lettre.
1400 838 139 58 8
1428 838 83 58 »

80 889 186 60 1595.
205 889 248 60 Henri
391 889 207 60 IV
536 889 145 60 roi
619 889 124 60 de
681 889 228 60 France.
846 889 290 60 Ordonnance
1074 889 124 60 de
1136 889 269 60 payement,
1323 889 186 60 signée,

128 927 195 77 d’une
258 927 195 77 somme
388 927 130 77 de
453 927 173 77 cinq
561 927 195 77 cents
690 927 195 77 écus.
820 927 238 77 Mantes,
993 927 238 77 juillet
1166 927 195 77 1591.
1296 927 195 77 Pièce
1404 927 108 77 sur

54 991 1359 55 parchemin.
1122 991 485 55 4
1219 991 291 55 »

81 1024 186 70 1596.
206 1024 290 70 Henrion
434 1024 124 70 de
496 1024 311 70 Pensey,
744 1024 228 70 célèbre
910 1024 373 70 jurisconsulte.
1221 1024 124 70 L.
1283 1024 166 70 aut.
1366 1024 145 70 sig.,

119 1085 158 52 à
183 1085 190 52 M.
277 1085 442 52 Chanlaire.
625 1085 190 52 23
720 1085 284 52 juin.
910 1085 221 52 1/2
1036 1085 190 52 p.
1131 1085 316 52 in-12.
1352 1085 158 52 1
1384 1085 126 52 50

82 1126 183 70 1597.
204 1126 305 70 Hugo
448 1126 265 70 (Victor),
652 1126 204 70 poëte,
794 1126 204 70 membre
937 1126 122 70 de
998 1126 285 70 l’Académie
1222 1126 285 70 française.
1426 1126 81 70 L.

131 1169 159 62 aut.
231 1169 179 62 sig.,
350 1169 120 62 au
410 1169 259 62 rédacteur
609 1169 120 62 de
669 1169 179 62 la
789 1169 399 62 Quotidienne
1127 1169 120 62 10
1187 1169 159 62 août
1287 1169 179 62 1824.
1406 1169 100 62 3
1426 1169 80 62 p.

4 1221 1352 62 in-8.
905 1221 751 62 5
1055 1221 451 62 »

178 1261 113 69 Au
235 1261 169 69 sujet
347 1261 132 69 des
423 1261 226 69 attaques
592 1261 150 69 dont
686 1261 113 69 il
742 1261 94 69 a
780 1261 132 69 été
855 1261 207 69 l’objet
1005 1261 150 69 dans
1099 1261 113 69 le
1156 1261 263 69 Journal
1344 1261 169 69 des

140 1321 277 67 Débats
371 1321 108 67 par
432 1321 92 67 M.
463 1321 77 67 Z..

84 1358 164 70 1598.
193 1358 347 70 Humbert,
486 1358 183 70 député
614 1358 110 70 de
668 1358 110 70 la
723 1358 292 70 Meuse
961 1358 91 70 à
997 1358 110 70 la
1052 1358 274 70 Convention.
1271 1358 110 70 L.
1326 1358 146 70 aut.
1399 1358 110 70 sig.

120 1417 316 59 Paris,
342 1417 190 59 22
437 1417 316 59 nivôse
658 1417 190 59 an
753 1417 221 59 IV.
879 1417 158 59 2
943 1417 190 59 p.
1038 1417 221 59 pl.
1164 1417 285 59 in-4.
1354 1417 158 59 3
1385 1417 127 59 50

88 1468 156 61 1599.
192 1468 294 61 Isoré,
434 1468 277 61 cultivateur,
659 1468 173 61 député
781 1468 104 61 de
832 1468 294 61 l'Oise
1075 1468 87 61 à
1110 1468 104 61 la
1162 1468 260 61 Convention.
1369 1468 104 61 L.
1404 1468 104 61 aut.

125 1520 236 50 sig.
273 1520 295 50 Paris,
480 1520 177 50 21
568 1520 354 50 messidor
834 1520 177 50 an
923 1520 207 50 II.
1041 1520 177 50 1.
1129 1520 177 50 p.
1218 1520 266 50 in-4.
1395 1520 148 50 3
1424 1520 89 50 »

86 1558 181 68 1600.
207 1558 543 68 Jard-Panvillier,
689 1558 221 68 médecin
850 1558 101 68 à
890 1558 201 68 Niort,
1031 1558 201 68 député
1171 1558 141 68 des
1232 1558 281 68 Deux

133 1630 316 52 Sèvres
393 1630 93 52 à
431 1630 111 52 la
486 1630 279 52 Convention.
709 1630 111 52 L.
765 1630 149 52 aut.
858 1630 149 52 sig.
951 1630 186 52 Paris,
1081 1630 111 52 18
1136 1630 223 52 germinal
1304 1630 111 52 an
1359 1630 111 52 V.
1415 1630 93 52 1
1434 1630 74 52 p.

60 1657 678 70 pl.
448 1657 872 70 in-4.
1029 1657 484 70 2
1126 1657 387 70 50

86 1712 161 64 1601.
193 1712 286 64 Jarry
426 1712 107 64 de
479 1712 197 64 Nantes,
622 1712 286 64 agriculteur,
855 1712 179 64 député
980 1712 107 64 de
1033 1712 107 64 la
1069 1712 447 64 Loire

125 1762 145 56 à
183 1762 174 56 la
270 1762 435 56 Convention.
618 1762 174 56 L.
705 1762 232 56 aut.
849 1762 232 56 sig.
994 1762 174 56 25
1081 1762 377 56 messidor.
1371 1762 145 56 2
1400 1762 116 56 50

88 1809 165 74 1602.
197 1809 311 74 Jourde
453 1809 219 74 (G.-A.),
618 1809 183 74 député
746 1809 110 74 de
801 1809 402 74 Puy-de-Dôme
1148 1809 91 74 à
1185 1809 110 74 la
1240 1809 274 74 Convention.
1441 1809 73 74 L.

123 1857 237 62 aut.
271 1857 237 62 sig.
419 1857 296 62 Paris,
626 1857 178 62 10
715 1857 237 62 mars
863 1857 266 62 1810.
1041 1857 148 62 2
1100 1857 178 62 p.
1189 1857 266 62 in-4.
1366 1857 148 62 2
1396 1857 118 62 50

86 1909 179 88 1603.
205 1909 357 88 Joyeuse
503 1909 477 88 (Henriette-Catherine
920 1909 159 88 de),
1020 1909 238 88 duchesse
1198 1909 119 88 de
1258 1909 199 88 Guise.
1377 1909 139 88 Pièce

125 1972 371 49 notariée
403 1972 247 49 sig.
558 1972 185 49 23
650 1972 247 49 oct.
805 1972 278 49 1607.
990 1972 154 49 4
1052 1972 185 49 p.
1144 1972 340 49 in-fol.
1391 1972 154 49 4
1422 1972 93 49 »

86 2021 184 76 1604.
208 2021 367 76 Jullien
514 2021 143 76 (de
596 2021 286 76 Toulouse),
820 2021 245 76 ministre
1004 2021 306 76 protestant,
1249 2021 204 76 député
1392 2021 122 76 de
1432 2021 82 76 la

136 2062 452 74 Haute-Garonne
532 2062 94 74 à
570 2062 113 74 la
626 2062 283 74 Convention.
852 2062 113 74 L.
909 2062 151 74 aut.
1003 2062 151 74 sig.
1097 2062 188 74 Paris,
1229 2062 113 74 23
1286 2062 151 74 août
1380 2062 113 74 an
1418 2062 94 74 II.

80 2118 378 57 1
230 2118 453 57 p.
457 2118 529 57 pl.
759 2118 680 57 in-4.
1212 2118 378 57 3
1288 2118 227 57 »

88 2142 168 98 1605.
201 2142 168 98 La
313 2142 318 98 Boissière
575 2142 224 98 (J.-B.),
743 2142 187 98 député
874 2142 112 98 du
930 2142 262 98 Lot
1136 2142 94 98 à
1173 2142 112 98 la
1229 2142 281 98 Convention.
1435 2142 75 98 L.

102 2199 436 72 aut.
374 2199 436 72 sig.
646 2199 272 72 1
755 2199 327 72 p.
918 2199 490 72 in-4.
1245 2199 272 72 2
1299 2199 218 72 50

87 2257 195 77 1606.
217 2257 454 77 Lachapelle
607 2257 281 77 (Madame),
823 2257 324 77 sage-femme.
1082 2257 130 77 L.
1147 2257 173 77 aut.
1255 2257 195 77 sig.,
1385 2257 108 77 à
1407 2257 108 77 son

124 2309 383 61 amie...
403 2309 209 61 10
507 2309 383 61 janvier
785 2309 313 61 1818.
994 2309 209 61 1.
1098 2309 209 61 p.
1203 2309 278 61 in-8
1377 2309 174 61 2
1412 2309 104 61 »

89 2347 176 64 1607.
207 2347 626 64 Lacombe-Saint-Mlichel
774 2347 137 64 (le
852 2347 254 64 général),
1048 2347 196 64 député
1185 2347 117 64 du
1243 2347 293 64 Tarn
1458 2347 59 64 à

134 2397 157 72 la
212 2397 392 72 Convention.
526 2397 157 72 L.
604 2397 209 72 aut.
735 2397 209 72 sig.
865 2397 131 72 2
917 2397 157 72 p.
996 2397 157 72 et
1074 2397 235 72 demie
1231 2397 235 72 in-4.
1387 2397 131 72 2
1414 2397 104 72 50

88 2447 186 75 1608.
213 2447 435 75 Lacordaire
586 2447 269 75 (l’abbé),
793 2447 228 75 célèbre
959 2447 332 75 prédicateur,
1228 2447 124 75 de
1290 2447 228 75 l’ordre
1435 2447 83 75 de

138 2512 188 62 saint
264 2512 293 62 Dominique.
494 2512 125 62 L.
556 2512 167 62 aut.
661 2512 188 62 sig.,
786 2512 105 62 à
828 2512 125 62 M.
891 2512 209 62 Cabat,
1037 2512 251 62 peintre.
1225 2512 209 62 Paris,
1372 2512 125 62 19
1413 2512 105 62 no-

116 2537 438 81 vembre
423 2537 394 81 1835.
685 2537 219 81 3
773 2537 263 81 p.
904 2537 306 81 pl.
1079 2537 394 81 in-8.
1342 2537 219 81 6
1386 2537 131 81 »

186 2584 202 72 Lettre
327 2584 323 72 intéressante
590 2584 121 72 au
650 2584 182 72 sujet
772 2584 121 72 de
832 2584 121 72 sa
893 2584 283 72 résolution
1115 2584 121 72 de
1176 2584 263 72 reprendre
1378 2584 121 72 sa
1418 2584 101 72 vie

137 2644 276 61 solitaire
349 2644 319 61 accoutumée,
604 2644 128 61 en
668 2644 234 61 cessant
838 2644 128 61 de
902 2644 191 61 faire
1029 2644 319 61 l’éducation
1284 2644 128 61 de
1327 2644 191 61 Paul...

137 2697 186 55 qu’il
261 2697 186 55 avait
385 2697 351 55 entreprise...
674 2697 206 55 Depuis
818 2697 186 55 trois
942 2697 247 55 semaines
1127 2697 330 55 l’expérience
1395 2697 144 55 lui
1457 2697 62 55 a

139 2734 165 72 fait
242 2734 165 72 voir
345 2734 144 72 que
427 2734 123 72 ce
489 2734 185 72 n’est
613 2734 144 72 pas
695 2734 123 72 un
757 2734 185 72 petit
880 2734 226 72 fardeau
1045 2734 103 72 à
1086 2734 206 72 porter
1230 2734 206 72 qu’une
1353 2734 165 72 maison

137 2798 259 69 composée
332 2798 129 69 de
396 2798 173 69 cinq
504 2798 108 69 à
547 2798 151 69 six
634 2798 280 69 personnes
849 2798 129 69 et
914 2798 129 69 de
979 2798 280 69 plusieurs
1173 2798 345 69 domestiques...
