1582 2920
658 88 182 85 —
730 88 255 85 124
840 88 109 85 —

135 166 167 93 «dès
240 166 146 93 que
323 166 146 93 les
407 166 209 93 alliés
553 166 209 93 seront
700 166 230 93 partis,
867 166 125 93 et
930 166 188 93 qu’il
1055 166 146 93 n’y
1139 166 105 93 a
1180 166 230 93 d’autre
1348 166 188 93 parti
1452 166 63 93 à

133 256 286 51 «prendre
348 256 167 51 que
443 256 143 51 de
514 256 310 51 démembrer
753 256 143 51 la
824 256 262 51 France,
1015 256 191 51 afin
1134 256 167 51 que
1229 256 167 51 ses
1301 256 214 51 voisins

136 297 247 58 «n’ayent
322 297 165 58 plus
424 297 103 58 à
466 297 247 58 souffrir
651 297 123 58 de
713 297 144 58 ses
795 297 288 58 discordes.
1021 297 123 58 Je
1083 297 185 58 doute
1206 297 185 58 qu’il
1330 297 103 58 y
1371 297 144 58 ait
1433 297 82 58 un

135 339 194 49 «seul
265 339 238 49 anglais
438 339 151 49 qui
524 339 173 49 dise
632 339 130 49 et
697 339 194 49 pense
827 339 302 49 autrement.
1064 339 173 49 J’ai
1172 339 173 49 beau
1280 339 259 49 chercher
1453 339 65 49 à

136 383 191 61 «leur
263 383 191 61 faire
391 383 255 61 entendre
582 383 149 61 que
667 383 128 61 le
731 383 149 61 Roi
816 383 149 61 n’a
901 383 234 61 d’autre
1071 383 191 61 force
1199 383 149 61 que
1284 383 213 61 celle,
1412 383 106 61 des

139 437 283 58 «alliés...
361 437 142 58 Ils
442 437 263 58 rejettent
644 437 182 58 toute
745 437 243 58 excuse....

183 484 153 63 «La
270 484 196 63 prise
401 484 131 63 de
467 484 305 63 Bonaparte,
707 484 109 63 à
750 484 175 63 fait
860 484 240 63 plaisir
1034 484 175 63 mais
1143 484 153 63 n’a
1230 484 196 63 point
1339 484 175 63 changé

137 527 142 70 «ce
218 527 386 70 mécontentement.
543 527 122 70 Il
604 527 142 70 est
685 527 162 70 vrai
786 527 142 70 que
867 527 183 70 cette
989 527 203 70 nation
1131 527 142 70 qui
1213 527 142 70 est
1273 527 244 70 d’ailleurs

138 581 183 54 «fort
259 581 243 54 humaine,
442 581 142 54 est
523 581 243 54 terrible
706 581 162 54 dans
807 581 142 54 ses
888 581 264 54 justices.
1091 581 264 54 L’affaire
1294 581 122 54 du
1334 581 183 54 préten-

137 626 189 62 «dant
263 626 231 62 couvrit
431 626 231 62 pendant
598 626 189 62 trois
724 626 147 62 ans
808 626 336 62 l’Angleterre
1081 626 126 62 et
1144 626 252 62 l’Ecosse
1311 626 210 62 d’échaf-

139 671 251 71 «faults,
327 671 125 71 et
390 671 125 71 la
452 671 230 71 Révolte
620 671 125 71 de
682 671 125 71 la
745 671 209 71 flotte
891 671 125 71 il
954 671 104 71 y
996 671 104 71 a
1037 671 251 71 quelques
1226 671 230 71 années,
1372 671 146 71 donna

138 736 204 52 «lieu
274 736 113 52 à
319 736 158 52 des
410 736 317 52 éxécutions
659 736 158 52 qui
749 736 271 52 durèrent
953 736 181 52 plus
1066 736 136 52 de
1134 736 204 52 trois
1269 736 204 52 mois,
1382 736 136 52 sans

137 779 172 56 «que
245 779 129 56 le
310 779 216 56 public
461 779 194 56 parut
590 779 129 56 se
655 779 237 56 lasser.
827 779 172 56 Vous
935 779 216 56 pouvés
1086 779 194 56 juger
1215 779 194 56 après
1345 779 172 56 cela
1431 779 86 56 ce

138 820 213 66 «qu’on
287 820 277 66 attendait
500 820 128 66 de
564 820 192 66 nous,
691 820 192 66 etc.,
798 820 149 66 etc.»

91 862 165 82 1659.
200 862 366 82 Montolieu
512 862 128 82 (la
585 862 201 82 baronne
731 862 220 82 Isabelle
896 862 146 82 de),
987 862 183 82 auteur
1115 862 110 82 de
1170 862 274 82 Caroline
1372 862 146 82 de

138 913 439 59 Lichtefield
520 913 153 59 etc.
615 913 115 59 L.
673 913 153 59 aut.
768 913 172 59 sig.,
883 913 95 59 à
921 913 115 59 M.
978 913 248 59 Paschoud.
1169 913 248 59 Lausanne,
1360 913 115 59 24
1398 913 115 59 dés.

100 969 510 58 1812.
440 969 283 58 3
554 969 340 58 p.
724 969 397 58 pl.
950 969 510 58 in-4.
1290 969 283 58 7
1347 969 170 58 »

185 1013 188 54 Belle
310 1013 208 54 lettre
456 1013 167 54 pour
560 1013 125 54 la
623 1013 313 54 publication
873 1013 125 54 de
935 1013 146 54 ses
998 1013 229 54 ouvrages.

91 1048 168 70 1660
196 1048 462 70 Montpensier
595 1048 462 70 (Anne-Marie-Louise
994 1048 294 70 d’Orléans,
1225 1048 252 70 duchesse
1393 1048 126 70 de),

140 1099 180 67 fille
260 1099 120 67 de
320 1099 360 67 Gaston
620 1099 280 67 Nomination
841 1099 120 67 de
901 1099 400 67 Georges-François
1241 1099 120 67 de
1301 1099 240 67 Cheverue
1461 1099 60 67 à

138 1160 248 60 l’office
324 1160 124 60 de
386 1160 289 60 conseiller
613 1160 124 60 du
675 1160 145 60 roi
758 1160 124 60 et
820 1160 227 60 vicomté
985 1160 124 60 de
1047 1160 248 60 Mortain.
1233 1160 207 60 Paris,
1377 1160 124 60 16
1419 1160 103 60 fé-

127 1207 285 64 vrier
317 1207 285 64 1667.
508 1207 285 64 Pièce
698 1207 349 64 in-fol.
951 1207 507 64 (parchemin).
1364 1207 158 64 2
1395 1207 127 64 50

91 1237 189 76 1661.
217 1237 421 76 Mortemart
575 1237 168 76 (Mme
680 1237 316 76 Manneville,
933 1237 253 76 duchesse
1122 1237 168 76 de).
1227 1237 126 76 L.
1291 1237 168 76 aut.
1375 1237 147 76 sig.,

136 1288 113 60 à
182 1288 136 60 M.
249 1288 271 60 Trudaine
453 1288 136 60 de
521 1288 294 60 Montigny.
747 1288 362 60 L’Isle-Dieu,
1041 1288 136 60 25
1109 1288 181 60 août
1222 1288 204 60 1764.
1358 1288 113 60 3
1380 1288 136 60 pag.

24 1346 1225 56 in-4.
841 1346 681 56 3
977 1346 544 56 50

93 1386 164 69 1662.
202 1386 329 69 Moulin,
476 1386 183 69 député
604 1386 110 69 de
659 1386 456 69 Rhône-et-Loire
1061 1386 91 69 à
1097 1386 110 69 la
1152 1386 274 69 Convention.
1371 1386 110 69 L.
1407 1386 110 69 aut.

126 1440 314 51 sig.,
335 1440 209 51 au
440 1440 244 51 duc
580 1440 209 51 de
684 1440 349 51 Gaëte.
929 1440 174 51 1
999 1440 209 51 p.
1103 1440 384 51 in-fol.
1382 1440 174 51 3
1417 1440 105 51 »

94 1487 163 63 1663.
202 1487 307 63 Musset
455 1487 217 63 (J.-M.),
618 1487 145 63 curé
709 1487 108 63 de
763 1487 235 63 Falleron,
944 1487 181 63 député
1070 1487 108 63 de
1124 1487 108 63 la
1179 1487 307 63 Vendée
1432 1487 90 63 à
1450 1487 72 63 la

141 1536 320 72 Convention.
397 1536 128 72 L.
461 1536 171 72 aut.
568 1536 192 72 sig.,
696 1536 128 72 au
760 1536 278 72 président
974 1536 128 72 du
1038 1536 214 72 comité
1188 1536 128 72 de
1230 1536 278 72 législation

130 1590 486 57 Versailles,
518 1590 194 57 26
616 1590 259 57 août
778 1590 292 57 1793.
972 1590 162 57 1
1037 1590 194 57 p.
1134 1590 356 57 in-fol.
1393 1590 162 57 6
1426 1590 97 57 »

188 1623 123 64 Le
250 1623 247 64 citoyen.
435 1623 206 64 Gamin,
579 1623 123 64 de
641 1623 288 64 Versailles
867 1623 144 64 (le
949 1623 267 64 serrurier
1155 1623 144 64 qui
1237 1623 103 64 a
1278 1623 165 64 fait
1381 1623 123 64 la
1422 1623 103 64 fa-

141 1677 188 65 meuse
267 1677 230 65 armoire
434 1677 125 65 de
497 1677 146 65 fer
580 1677 146 65 des
664 1677 314 65 Tuileries),
915 1677 146 65 lui
998 1677 105 65 a
1040 1677 188 65 remis
1166 1677 125 65 un
1228 1677 230 65 mémoire
1375 1677 146 65 qu’il

143 1733 149 54 lui
228 1733 255 54 transmet
419 1733 170 54 avec
526 1733 298 54 confiance,
759 1733 170 54 bien
866 1733 255 54 persuadé
1057 1733 191 54 qu’il
1185 1733 234 54 prendra
1355 1733 128 54 en
1397 1733 128 54 con-

142 1777 292 57 sidération
372 1777 146 57 les
455 1777 334 57 réclamations
727 1777 167 57 d’un
832 1777 167 57 père
936 1777 125 57 de
999 1777 251 57 famille,
1187 1777 146 57 que
1270 1777 146 57 son
1333 1777 188 57 civisme

144 1821 118 70 et
203 1821 138 70 les
282 1821 276 70 sacrifices
500 1821 178 70 qu’il
618 1821 99 70 a
657 1821 178 70 faits
776 1821 99 70 à
815 1821 118 70 la
875 1821 276 70 révolution
1092 1821 217 70 rendent
1250 1821 237 70 vraiment
1408 1821 118 70 in

121 1871 214 59 ressant.

98 1893 181 89 1664.
219 1893 342 89 Nisard
500 1893 261 89 (Désiré).
701 1893 121 89 L.
762 1893 161 89 aut.
862 1893 181 89 sig.,
983 1893 101 89 à
1023 1893 201 89 Mme...
1164 1893 201 89 Paris,
1305 1893 121 89 15
1345 1893 181 89 janvier

96 1964 612 55 1850.
504 1964 340 55 1
640 1964 408 55 p.
844 1964 612 55 in-8.
1252 1964 340 55 2
1320 1964 204 55 »

99 2003 183 75 1663.
221 2003 387 75 Noailles
547 2003 143 75 (M.
628 2003 122 75 le
690 2003 143 75 duc
771 2003 163 75 de),
873 2003 204 75 auteur
1016 2003 183 75 d’une
1138 2003 245 75 histoire
1321 2003 122 75 de
1382 2003 143 75 Mme
1443 2003 82 75 de

145 2062 280 61 Maintenon,
365 2062 200 61 membre
505 2062 120 61 de
565 2062 280 61 l’Académie
785 2062 280 61 française.
1006 2062 120 61 L.
1066 2062 160 61 aut.
1166 2062 160 61 sig.
1266 2062 280 61 N.
1466 2062 60 61 à

139 2107 154 61 M.
216 2107 308 61 Berryer.
447 2107 359 61 Maintenon,
729 2107 128 61 6
780 2107 205 61 oct.
909 2107 128 61 1
960 2107 154 61 p.
1037 2107 154 61 et
1114 2107 231 61 demie
1268 2107 231 61 in-8.
1421 2107 128 61 2
1447 2107 77 61 »

97 2145 178 61 1666.
216 2145 337 61 Nodier
494 2145 277 61 (Charles),
712 2145 198 61 poëte,
850 2145 317 61 littérateur,
1108 2145 198 61 membre
1247 2145 119 61 de
1286 2145 238 61 l’Académie

144 2205 298 71 française.
378 2205 128 71 L.
441 2205 170 71 aut.
548 2205 191 71 sig.,
675 2205 106 71 à
718 2205 128 71 M.
782 2205 255 71 Etienne.
973 2205 276 71 Demi-page
1186 2205 191 71 in-4.
1292 2205 234 71 Déchirure

96 2253 501 60 par
383 2253 429 60 le
597 2253 787 60 cachet.
1169 2253 358 60 2
1241 2253 286 60 50

98 2286 178 67 1667.
217 2286 337 67 Onslow
495 2286 278 67 (Georges),
713 2286 317 67 compositeur,
971 2286 198 67 membre
1110 2286 119 67 de
1169 2286 297 67 l’Institut.
1407 2286 119 67 L.
1447 2286 79 67 a.

149 2345 155 86 sig.
246 2345 175 86 G.
362 2345 233 86 On,
537 2345 117 86 au
595 2345 175 86 baron
712 2345 117 86 de
770 2345 233 86 Trémont.
945 2345 194 86 Paris,
1081 2345 97 86 4
1120 2345 136 86 mai
1198 2345 175 86 1831.
1314 2345 97 86 3
1353 2345 155 86 pag.
1431 2345 97 86 pl.

31 2393 1222 67 in-4.
846 2393 679 67 7
982 2393 543 67 30

194 2444 118 64 Il
253 2444 157 64 sait
351 2444 177 64 qu’il
469 2444 137 64 est
547 2444 196 64 arrivé
685 2444 98 64 à
724 2444 137 64 son
802 2444 177 64 poste
920 2444 118 64 de
979 2444 196 64 préfet
1116 2444 118 64 au
1175 2444 196 64 milieu
1312 2444 118 64 de
1351 2444 177 64 circon-

148 2491 220 63 stances
308 2491 300 63 difficiles,
548 2491 120 63 et
608 2491 140 63 que
688 2491 140 63 son
768 2491 160 63 tact
868 2491 120 63 et
928 2491 120 63 sa
988 2491 220 63 fermeté
1148 2491 140 63 ont
1228 2491 240 63 beaucoup
1388 2491 140 63 adou-

148 2554 223 51 cies...
310 2554 122 51 Sa
371 2554 264 51 symphonie
574 2554 101 51 a
615 2554 142 51 été
696 2554 264 51 très-bien
899 2554 244 51 exécutée
1081 2554 142 51 par
1163 2554 122 51 le
1203 2554 325 51 Conservatoire,

149 2590 109 59 a
193 2590 175 59 paru
302 2590 219 59 goûtée
455 2590 153 59 par
543 2590 153 59 les
630 2590 306 59 musiciens,
871 2590 175 59 mais
980 2590 153 59 n’a
1068 2590 241 59 produit
1243 2590 197 59 qu’un
1352 2590 175 59 succès

152 2643 174 55 assez
268 2643 174 55 froid
384 2643 174 55 parmi
501 2643 116 55 le
559 2643 291 55 vulgaire...
791 2643 174 55 «J’ai
908 2643 213 55 assisté
1063 2643 155 55 hier
1160 2643 155 55 soir
1257 2643 97 55 à
1295 2643 116 55 la
1334 2643 194 55 première

154 2681 353 65 «représentation
452 2681 111 65 de
507 2681 316 65 Zampa;
767 2681 279 65 Mélesville,
990 2681 223 65 l’auteur
1157 2681 111 65 du
1213 2681 241 65 libretto,
1399 2681 93 65 a
1418 2681 111 65 par-

152 2725 301 68 «faitement
388 2725 193 68 servi
517 2725 129 68 le
581 2725 258 68 musicien
775 2725 236 68 Hérold,
947 2725 150 68 qui
1033 2725 107 68 a
1076 2725 172 68 fait
1183 2725 129 68 un
1248 2725 236 68 ouvrage
1398 2725 129 68 dont

150 2778 151 61 «le
237 2778 216 61 succès
388 2778 130 61 ne
453 2778 173 61 peut
561 2778 259 61 qu’aller
755 2778 130 61 en
820 2778 302 61 croissant.
1057 2778 432 61 Applaudissements
1402 2778 130 61 una
