1620 2892
446 34 548 134 CATALOGUE

27 165 233 130 DE
144 165 428 130 LETTRES
455 165 622 130 AUTOGRAPHES,
921 165 506 130 MANUSCRITS,

408 265 306 104 DOCUMENTS
656 265 306 104 HISTORIQUES,
886 265 191 104 ETC.

93 361 710 158 D'AUGUSTE
600 361 761 158 LAVERDET

321 495 162 96 A
414 495 232 96 Paris,
576 495 162 96 rue
668 495 394 96 Saint-Lazare,
970 495 185 96 24

521 638 205 86 Vente
675 638 85 86 à
692 638 273 86 l’amiable,

293 686 186 91 soit
417 686 145 91 par
500 686 310 91 l’insertion
748 686 165 91 dans
851 686 124 91 le
892 686 289 91 bulletin

120 735 219 89 soit
280 735 140 89 aux
359 735 239 89 enchères
539 735 279 89 publiques,
758 735 120 89 de
818 735 299 89 Collections
1057 735 120 89 ou
1097 735 259 89 parties

295 806 174 86 de
411 806 290 86 Collections
643 806 116 86 de
701 806 213 86 Lettres
836 806 348 86 autographes,

449 844 312 58 Documents
684 844 351 58 historiques,

487 893 326 55 Manuscrits,
748 893 196 55 etc.,
857 893 130 55 etc.

58 897 280 104 Achats.
278 897 100 104 —
318 897 260 104 Échanges.
518 897 100 104 —
558 897 300 104 Expertises.
798 897 100 104 —
838 897 260 104 Rédaction
1038 897 120 104 de
1078 897 340 104 Catalogues.

159 1050 189 94 N°
254 1050 221 94 26.
380 1050 158 94 —
443 1050 662 94 NOVEMBRE-DÉCEMBRE
980 1050 315 94 1859

509 1220 238 105 PIÈCES
652 1220 309 105 ORIENTALES.

16 1308 194 91 4715.
146 1308 475 91 Tipoo-Sai.
556 1308 216 91 Lettre
707 1308 130 91 de
772 1308 302 91 Tipoo-Saïb
1010 1308 108 91 à
1053 1308 194 91 Louis
1182 1308 151 91 XVI
1269 1308 151 91 (en
1333 1308 130 91 per-

60 1390 149 60 san,
154 1390 112 60 et
210 1390 187 60 signée
340 1390 317 60 Sélim
602 1390 243 60 peut-être
789 1390 112 60 le
845 1390 205 60 porteur
994 1390 187 60 secret
1125 1390 112 60 de
1181 1390 168 60 cette
1274 1390 187 60 lettre).

57 1431 106 54 1
99 1431 170 54 page
205 1431 191 54 grand
333 1431 255 54 in-fol.,
524 1431 212 54 papier
673 1431 191 54 rose,
800 1431 170 54 avec
907 1431 276 54 entourage
1119 1431 127 54 et
1183 1431 191 54 petit
1289 1431 170 54 dessin

57 1487 194 52 semé,
187 1487 194 52 impr.
317 1487 130 52 en
381 1487 151 52 or.
468 1487 151 52 Sur
554 1487 130 52 le
619 1487 194 52 verso
748 1487 130 52 se
813 1487 216 52 trouve
964 1487 130 52 la
1029 1487 302 52 traduction
1267 1487 130 52 en
1310 1487 151 52 fran-

57 1530 200 60 çais,
190 1530 200 60 faite
324 1530 178 60 dans
435 1530 245 60 l’Inde.
614 1530 111 60 —
658 1530 200 60 Plus,
792 1530 156 60 une
881 1530 178 60 page
992 1530 245 60 in-fol.
1170 1530 156 60 (en
1237 1530 223 60 persan),

58 1568 181 60 même
172 1568 226 60 papier
330 1568 181 60 rose
443 1568 136 60 et
511 1568 294 60 ornements
738 1568 204 60 impr.
873 1568 136 60 en
941 1568 158 60 or.
1032 1568 204 60 Cette
1168 1568 204 60 pièce
1281 1568 181 60 paraît

59 1625 170 59 être
165 1625 127 59 un
229 1625 255 59 fragment
420 1625 127 59 de
483 1625 127 59 la
547 1625 170 59 note
653 1625 149 59 des
738 1625 255 59 présents
929 1625 170 59 dont
1035 1625 234 59 l’envoi
1205 1625 149 59 est
1269 1625 191 59 annoncé

56 1675 184 57 dans
171 1675 138 57 la
240 1675 253 57 lettre.
424 1675 115 57 —
470 1675 414 57 Etui-enveloppe
815 1675 138 57 en
884 1675 253 57 brocard
1068 1675 138 57 de
1137 1675 184 57 soie
1252 1675 207 57 rouge
1367 1675 92 57 et

-73 1717 1070 59 or.
539 1717 1070 59 100
997 1717 459 59 »

102 1767 146 68 «Au
186 1767 292 68 très-grand
415 1767 125 68 et
477 1767 375 68 très-puissant,
790 1767 125 68 le
853 1767 208 68 prince
998 1767 146 68 des
1082 1767 167 68 rois
1186 1767 125 68 et
1249 1767 146 68 des
1311 1767 146 68 Euro-

57 1814 212 82 péens,
205 1814 127 82 le
269 1814 149 82 roy
354 1814 149 82 des
439 1814 255 82 Français
630 1814 170 82 dont
736 1814 127 82 le
800 1814 276 82 Très-Haut
1012 1814 255 82 conserve
1203 1814 149 82 les
1267 1814 191 82 jours.»

107 1867 202 64 Après
241 1867 157 64 lui
331 1867 202 64 avoir
466 1867 247 64 exprimé
646 1867 135 64 la
713 1867 292 64 sincérité
938 1867 135 64 de
1006 1867 157 64 son
1095 1867 360 64 attachement,
1365 1867 90 64 il

56 1906 160 67 lui
148 1906 160 67 dit
239 1906 183 67 que,
354 1906 344 67 considérant
629 1906 321 67 l’ancienne
881 1906 275 67 intimité
1087 1906 160 67 qui
1179 1906 206 67 règne
1294 1906 160 67 entre

56 1953 203 72 leurs
192 1953 180 72 deux
304 1953 225 72 Etats,
462 1953 158 72 son
552 1953 180 72 cœur
665 1953 203 72 plein
800 1953 270 72 d’amitié
1003 1953 180 72 pour
1116 1953 158 72 lui
1206 1953 225 72 désire
1341 1953 113 72 que

58 2007 190 61 cette
185 2007 190 61 union
312 2007 296 61 s’augmente
544 2007 211 61 chaque
692 2007 169 61 jour
798 2007 190 61 «tant
925 2007 148 61 que
1009 2007 127 61 le
1073 2007 211 61 soleil
1220 2007 127 61 et
1284 2007 127 61 la
1326 2007 127 61 lune

55 2065 360 50 «éclaireront
348 2065 315 50 l’univers,
596 2065 135 50 et
663 2065 158 50 que
753 2065 203 50 votre
888 2065 158 50 nom
978 2065 270 50 devienne
1181 2065 225 50 encore
1316 2065 135 50 plus

55 2103 288 58 «glorieux
276 2103 177 58 dans
387 2103 221 58 l’Inde
542 2103 133 58 en
608 2103 288 58 délivrant
830 2103 133 58 le
896 2103 177 58 pays
1007 2103 133 58 de
1074 2103 288 58 certaines
1273 2103 177 58 choses

57 2145 169 63 «que
162 2145 169 63 vous
268 2145 106 63 y
310 2145 380 63 connoissés...»
627 2145 190 63 C’est
753 2145 169 63 dans
859 2145 190 63 cette
986 2145 274 63 intention
1197 2145 190 63 qu’il
1323 2145 106 63 a
1344 2145 106 63 re-

57 2191 145 70 mis
140 2191 125 70 un
203 2191 208 70 traité
348 2191 125 70 en
410 2191 166 70 sept
514 2191 270 70 articles,
722 2191 125 70 en
784 2191 249 70 français
971 2191 125 70 et
1034 2191 125 70 en
1096 2191 229 70 persan,
1262 2191 104 70 à
1304 2191 125 70 M.
1345 2191 104 70 Lé-

53 2236 190 72 ger,
172 2236 356 72 commissaire
457 2236 119 72 à
504 2236 356 72 Pondichéri,
789 2236 166 72 qui
884 2236 166 72 est
979 2236 142 72 un
1050 2236 214 72 homme
1193 2236 261 72 capable
1359 2236 95 72 et

54 2293 254 58 désirant
244 2293 296 58 l’avantage
477 2293 148 58 des
562 2293 169 58 deux
667 2293 254 58 sultans.
858 2293 127 58 Il
921 2293 254 58 convient
1112 2293 190 58 qu’il
1238 2293 212 58 prenne
1365 2293 85 58 ce

55 2329 208 95 traité
201 2329 125 95 en
264 2329 375 95 considération,
576 2329 125 95 et
639 2329 188 95 qu’il
764 2329 146 95 lui
847 2329 125 95 en
909 2329 229 95 adresse
1076 2329 271 95 l’échange
1284 2329 167 95 avec
1368 2329 83 95 sa

55 2393 272 65 signature
264 2393 126 65 et
327 2393 146 65 son
390 2393 209 65 sceau...

13 2424 182 82 4716.
134 2424 345 82 Firman
418 2424 223 82 délivré
580 2424 101 82 à
621 2424 122 82 la
682 2424 223 82 requête
844 2424 122 82 du
905 2424 304 82 vice-amiral
1148 2424 182 82 baron
1249 2424 203 82 Roussin,

53 2489 338 72 ambassadeur
324 2489 451 72 plénipotentiaire
707 2489 135 72 de
775 2489 225 72 France
933 2489 135 72 en
1000 2489 270 72 Turquie,
1181 2489 270 72 enjoignant

54 2537 133 48 au
120 2537 200 48 grand
253 2537 266 48 douanier
453 2537 133 48 de
520 2537 421 48 Constantinople,
874 2537 200 48 ainsi
1007 2537 177 48 qu’à
1118 2537 333 48 l’intendant
1362 2537 89 48 de

53 2576 131 58 la
119 2576 219 58 douane
272 2576 153 58 des
359 2576 328 58 Dardanelles
621 2576 131 58 et
687 2576 153 58 aux
774 2576 219 58 autres
927 2576 284 58 autorités
1146 2576 153 58 des
1212 2576 240 58 châteaux,

54 2624 132 61 de
120 2624 132 61 ne
186 2624 154 61 pas
273 2624 285 61 s’opposer
493 2624 132 61 au
559 2624 241 61 passage
734 2624 132 61 du
800 2624 241 61 porteur
975 2624 132 61 du
1041 2624 241 61 présent
1217 2624 241 61 firman.
1370 2624 88 61 Il

57 2675 149 58 est
142 2675 127 58 en
205 2675 191 58 outre
333 2675 234 58 ordonné
503 2675 127 58 de
566 2675 212 58 donner
715 2675 127 58 au
779 2675 276 58 capitaine
991 2675 234 58 Daliau,
1161 2675 234 58 porteur
1309 2675 149 58 dudit

53 2718 253 88 firman,
237 2718 138 88 et
306 2718 322 88 commandant
558 2718 184 88 d’un
673 2718 230 88 bateau
834 2718 115 88 à
880 2718 230 88 vapeur
1041 2718 138 88 du
1110 2718 276 88 commerce
1293 2718 161 88 fran
