1563 2966
581 68 187 103 —
655 68 262 103 387
768 68 112 103 —

57 180 266 88 noncer
244 180 186 88 que
350 180 160 88 le
430 180 320 88 délégué,
670 180 240 88 nommé
830 180 320 88 Mohammed
1069 180 320 88 Derviche
1283 180 186 88 Khan,

60 242 139 57 se
129 242 185 57 rend
245 242 116 57 à
291 242 208 57 Paris
430 242 185 57 avec
546 242 208 57 Akben
685 242 162 57 Aly
778 242 185 57 Khan
893 242 139 57 et
963 242 278 57 Mohammed
1171 242 232 57 Hacman
1310 242 162 57 Khan.

66 287 126 68 Le
129 287 231 68 premier
297 287 252 68 ministre
486 287 252 68 français
675 287 147 68 est
759 287 168 68 prié
865 287 126 68 de
928 287 168 68 leur
1033 287 273 68 faciliter
1243 287 147 68 les
1306 287 168 68 moyens

67 335 270 72 d’obtenir
275 335 145 72 une
358 335 249 72 audience
544 335 124 72 du
606 335 166 72 roi,
710 335 166 72 afin
814 335 207 72 qu’ils
959 335 249 72 puissent
1145 335 270 72 présenter
1332 335 145 72 leurs

64 379 235 72 lettres
235 379 128 72 de
299 379 235 72 créance
470 379 128 72 et
534 379 278 72 expliquer
748 379 278 72 oralement
962 379 128 72 le
1027 379 150 72 but
1112 379 128 72 de
1176 379 171 72 leur
1262 379 214 72 mission.

54 430 165 64 1
120 430 198 64 p.
219 430 396 64 in-fol.,
516 430 264 64 sans
681 430 264 64 date
847 430 198 64 ni
946 430 462 64 signature.
1309 430 198 64 20
1375 430 99 64 »

23 469 175 69 4722.
139 469 370 69 Soliman,
451 469 195 69 sultan
587 469 117 69 et
646 469 292 69 Mohammed
880 469 312 69 Mahfouz
1133 469 136 69 son
1191 469 273 69 ambassadeur.

64 539 100 58 —
104 539 381 58 Soliman
425 539 120 58 L.
485 539 161 58 aut.
586 539 181 58 sig.,
706 539 100 58 1
746 539 120 58 p.
807 539 181 58 in-8.
927 539 100 58 —
967 539 301 58 Mohammed
1188 539 281 58 Mahfouz

68 567 124 57 L.
130 567 166 57 aut.
234 567 145 57 (en
317 567 248 57 italien,
503 567 166 57 avec
607 567 124 57 sa
669 567 269 57 signature
876 567 311 57 orientale),
1124 567 104 57 à
1165 567 228 57 Nicolas
1310 567 166 57 Miche-

67 621 216 60 lozzi,
219 621 303 60 chancelier
456 621 130 60 de
521 621 238 60 Laurent
694 621 130 60 de
759 621 259 60 Médicis.
953 621 238 60 Naples,
1126 621 108 60 7
1169 621 238 60 octobre
1321 621 151 60 1488.

28 666 301 57 1
148 666 361 57 p.
329 666 542 57 in-4,
690 666 662 57 cachet.
1172 666 361 57 12
1292 666 181 57 »

19 712 205 60 4723.
156 712 387 60 Coran
474 712 182 60 Deux
588 712 205 60 pages
724 712 341 60 mauuscrites
997 712 136 60 du
1066 712 227 60 Coran,
1202 712 273 60 rapportées

70 763 228 61 d’Alger
236 763 124 61 en
298 763 187 61 1832.
423 763 187 61 Grand
547 763 187 61 in-4;
671 763 290 61 très-belle
900 763 249 61 écriture
1086 763 104 61 à
1128 763 228 61 l’encre
1293 763 187 61 noire
1397 763 83 61 et

35 814 332 66 de
201 814 664 66 diverses
699 814 719 66 couleu.s.
1252 814 277 66 5
1307 814 166 66 »

23 1003 218 73 4724.
168 1003 509 73 Administration
604 1003 170 73 des
701 1003 509 73 subsistances
1137 1003 194 73 Note
1234 1003 242 73 sommaire

74 1065 147 55 sur
158 1065 420 55 l’administration
515 1065 147 55 des
599 1065 357 55 subsistances;
893 1065 189 55 quels
1019 1065 168 55 sont
1124 1065 147 55 les
1208 1065 273 55 avantages
1397 1065 84 55 et

72 1104 153 54 les
160 1104 372 54 inconvénients
466 1104 153 54 que
553 1104 262 54 présente
750 1104 131 54 au
816 1104 284 54 ministère
1035 1104 131 54 de
1100 1104 131 54 la
1166 1104 219 54 guerre
1297 1104 175 54 chacun

72 1150 147 59 des
156 1150 189 59 trois
282 1150 189 59 modes
407 1150 440 59 d’administration,
785 1150 189 59 entre
910 1150 251 59 lesquels
1099 1150 126 59 il
1162 1150 105 59 y
1204 1150 105 59 a
1246 1150 105 59 à
1266 1150 210 59 choisir,

72 1200 231 53 savoir:
240 1200 189 53 Régie
366 1200 231 53 simple,
534 1200 189 53 régie
660 1200 315 53 intéressée,
911 1200 126 53 et
974 1200 357 53 entreprise...
1247 1200 231 53 Manuscrit

67 1248 215 57 d’une
211 1248 215 57 bonne
354 1248 311 57 écriture.
593 1248 143 57 17
665 1248 287 57 novembre
880 1248 215 57 1817.
1024 1248 143 57 23
1095 1248 143 57 p.
1167 1248 263 57 in-fol.
1358 1248 143 57 16
1406 1248 72 57 »

27 1287 189 57 4725.
153 1287 399 57 Adresses
489 1287 126 57 de
552 1287 231 57 lettres
720 1287 168 57 aut.
826 1287 168 57 sig.
931 1287 294 57 WELLINGTON
1162 1287 147 57 (le
1246 1287 147 57 duc
1330 1287 168 57 de).
1414 1287 63 57 —

70 1341 286 63 PERCIVAL
285 1341 334 63 (Spencer),
547 1341 262 63 célèbre
738 1341 310 63 ministre,
976 1341 334 63 assassiné.
1239 1341 119 63 —
1262 1341 215 63 CANNING

69 1382 312 63 (Georges).
314 1382 112 63 —
359 1382 290 63 B.THURST,
582 1382 290 63 ministre.
805 1382 112 63 —
849 1382 201 63 ADAMS
983 1382 201 63 (John
1117 1382 268 63 Quincy),
1296 1382 178 63 prési-

72 1435 168 77 dent
177 1435 147 77 des
261 1435 314 77 États-Unis.
512 1435 230 77 Collées
679 1435 147 77 sur
763 1435 168 77 deux
868 1435 272 77 feuillets
1077 1435 188 77 in-8,
1203 1435 147 77 par
1287 1435 126 77 le
1328 1435 147 77 baron

0 1486 552 53 de
276 1486 1103 53 Trémont.
1103 1486 460 53 5
1195 1486 276 53 »

29 1527 184 56 4726.
151 1527 388 56 Adresses
478 1527 122 56 de
539 1527 225 56 lettres
702 1527 163 56 aut.
804 1527 163 56 sig.
906 1527 122 56 et
968 1527 286 56 signatures
1192 1527 306 56 originales.
1417 1527 61 56 —

71 1570 242 71 GEORGES
247 1570 176 71 III,
357 1570 154 71 roi
444 1570 373 71 d’Angleterre.
752 1570 132 71 Sa
818 1570 286 71 signature
1038 1570 308 71 (découpée)
1279 1570 132 71 et
1323 1570 154 71 sceau

73 1626 207 47 royal
211 1626 184 47 bien
326 1626 299 47 conservé.
556 1626 115 47 —
602 1626 276 47 BROUGHAM
810 1626 253 47 (lord),
994 1626 253 47 adresse
1178 1626 138 47 de
1247 1626 253 47 lettre.
1408 1626 69 47 —

71 1667 376 54 WILBERFORCE,
376 1667 235 54 membre
540 1667 141 54 du
610 1667 329 54 Parlement.
869 1667 258 54 Adresse
1056 1667 141 54 de
1127 1667 258 54 lettre.
1315 1667 117 54 —
1338 1667 141 54 PAL-

73 1721 246 53 MERSTON
251 1721 246 53 (lord),
430 1721 246 53 adresse
609 1721 134 53 de
676 1721 246 53 lettre.
855 1721 112 53 —
899 1721 156 53 FRY
989 1721 223 53 (Mme),
1145 1721 246 53 célèbre
1301 1721 179 53 fonda-

72 1774 195 70 trice
203 1774 130 70 du
268 1774 217 70 comité
420 1774 412 70 philanthropique
767 1774 130 70 de
832 1774 260 70 Newgate.
1027 1774 109 70 —
1071 1774 195 70 Carte
1201 1774 260 70 d’entrée
1374 1774 109 70 si-

-59 1814 1382 61 gnée.
863 1814 768 61 6
1016 1814 461 61 »

30 1841 189 105 4727.
156 1841 357 105 Aguado
450 1841 231 105 marquis
618 1841 126 105 de
681 1841 147 105 Las
766 1841 273 105 Marismas,
976 1841 273 105 financier
1186 1841 252 105 célèbre.
1354 1841 126 105 Bil-

66 1903 202 64 let
182 1903 231 64 aut.
326 1903 231 64 sig.
470 1903 173 64 26
557 1903 317 64 janvier
788 1903 231 64 1838
932 1903 289 64 Demi-p
1134 1903 289 64 in-8°.
1336 1903 144 64 1
1365 1903 115 64 25

30 1944 188 66 4728.
156 1944 418 66 Aiguillon
511 1944 209 66 (Marie
657 1944 125 66 de
720 1944 272 66 Wignerod,
929 1944 251 66 duchesse
1118 1944 167 66 d’).
1222 1944 209 66 Quitt.
1348 1944 125 66 sig.

72 2009 204 53 comme
209 2009 182 53 dame
322 2009 136 53 de
390 2009 136 53 la
458 2009 204 53 terre
595 2009 136 53 et
663 2009 341 53 châtellenie
935 2009 136 53 de
1003 2009 295 53 Pontoise.
1230 2009 159 53 Non
1298 2009 182 53 datée.

14 2054 896 54 Demi-p.
665 2054 733 54 in-4.
1153 2054 407 54 2
1235 2054 244 54 »

34 2092 161 60 4729.
141 2092 304 60 Albany
391 2092 232 60 (Charles,
570 2092 214 60 prince),
731 2092 125 60 dit
802 2092 107 60 le
856 2092 393 60 Prétendant
1195 2092 107 60 L.
1249 2092 143 60 aut.
1338 2092 161 60 sig.,
1427 2092 54 60 à

73 2146 132 92 M.
139 2146 220 92 Jannin
293 2146 132 92 de
359 2146 374 92 Combeblanche,
667 2146 110 92 à
711 2146 198 92 Lyon.
843 2146 220 92 Milan,
997 2146 132 92 15
1063 2146 242 92 février
1239 2146 198 92 1785,
1371 2146 110 92 1
1393 2146 88 92 p.

41 2200 498 53 in-4.
373 2200 554 53 Cachet
760 2200 609 53 enlevé.
1203 2200 332 53 10
1314 2200 166 53 »

124 2232 122 73 Il
185 2232 122 73 le
245 2232 243 73 remercie
428 2232 162 73 pour
529 2232 223 73 l’envoi
691 2232 182 73 qu'il
813 2232 182 73 vient
934 2232 122 73 de
995 2232 142 73 lui
1076 2232 182 73 faire
1197 2232 122 73 du
1258 2232 203 73 nouvel
1380 2232 101 73 ou-

75 2291 191 59 vrage
202 2291 191 59 qu’il
329 2291 106 59 a
371 2291 169 59 fait
456 2291 233 59 imprimer.

31 2321 189 80 4730.
157 2321 378 80 Albert,
472 2321 231 80 danseur
640 2321 126 80 de
703 2321 252 80 l'Opéra.
891 2321 126 80 L.
954 2321 168 80 aut.
1059 2321 189 80 sig.,
1185 2321 105 80 à
1227 2321 168 80 M...
1311 2321 168 80 Paris,

55 2384 293 53 1er
223 2384 503 53 décembre
600 2384 377 53 1816,
851 2384 210 53 1
935 2384 251 53 p.
1061 2384 377 53 in-4.
1312 2384 210 53 2
1354 2384 126 53 »

33 2427 169 64 4731.
146 2427 338 64 Alibert
428 2427 131 64 (le
503 2427 207 64 baron),
653 2427 207 64 médecin
803 2427 225 64 célèbre.
972 2427 113 64 L.
1028 2427 150 64 aut.
1122 2427 169 64 sig.,
1235 2427 94 64 à
1272 2427 113 64 M.
1310 2427 169 64 Grille.

67 2479 320 64 Palais
291 2479 224 64 des
419 2479 449 64 Tuileries,
772 2479 160 64 3
836 2479 256 64 oct.
996 2479 160 64 2
1060 2479 192 64 p.
1157 2479 288 64 in-4.
1349 2479 160 64 3
1381 2479 96 64 »

120 2530 272 55 Curieuse,
329 2530 126 55 au
392 2530 188 55 sujet
518 2530 126 55 de
581 2530 126 55 M.
644 2530 293 55 Desbordes,
874 2530 230 55 peintre
1041 2530 188 55 aussi
1167 2530 209 55 habile
1314 2530 147 55 que
1376 2530 105 55 mo-

77 2579 209 80 deste,
223 2579 125 80 et
286 2579 146 80 qui
370 2579 209 80 désire
516 2579 188 80 faire
642 2579 125 80 le
704 2579 251 80 portrait
893 2579 125 80 du
955 2579 146 80 roi
1039 2579 167 80 pour
1143 2579 209 80 Douai,
1290 2579 125 80 sa
1332 2579 146 80 ville

54 2626 198 62 natale.

33 2659 194 67 4732.
163 2659 324 67 Alphabet
422 2659 324 67 chiffré
681 2659 173 67 pour
789 2659 129 67 la
853 2659 388 67 correspondance
1155 2659 324 67 diplomatique.

79 2723 151 50 Par
166 2723 151 50 les
252 2723 173 50 noms
360 2723 388 50 correspondants
684 2723 151 50 qui
770 2723 108 50 y
813 2723 173 50 sont
921 2723 281 50 indiqués,
1137 2723 129 50 il
1201 2723 216 50 paraît
1331 2723 151 50 avoir

76 2766 151 72 été
163 2766 173 72 fait
271 2766 173 72 pour
379 2766 173 72 être
488 2766 130 72 en
552 2766 195 72 usage
682 2766 173 72 sous
791 2766 130 72 le
855 2766 195 72 règne
985 2766 130 72 de
1050 2766 195 72 Louis
1180 2766 151 72 XV.
1245 2766 238 72 Manuscrit
