1604 2894
652 23 160 87 389

33 120 189 61 4746.
159 120 462 61 Beauvallet,
558 120 210 61 acteur
705 120 126 61 du
768 120 231 61 théâtre
936 120 273 61 Français.
1146 120 126 61 L.
1209 120 168 61 aut.
1314 120 189 61 sig.,
1419 120 63 61 à

76 177 151 61 M.
151 177 277 61 Jouslin
352 177 151 61 de
428 177 151 61 la
503 177 251 61 Salle.
679 177 151 61 28
755 177 226 61 avril
906 177 226 61 1832,
1057 177 126 61 1
1107 177 151 61 p.
1182 177 251 61 in-12.
1358 177 126 61 1
1383 177 101 61 50

33 219 203 71 4747.
169 219 520 71 Bellegueule,
621 219 271 71 marchand
824 219 136 71 de
892 219 248 71 musique
1072 219 136 71 et
1118 219 361 71 d’instruments,

81 283 197 52 aux
219 283 177 52 Trois
337 283 355 52 accidents
633 283 118 52 L.
692 283 158 52 aut.
791 283 158 52 sig.
889 283 158 52 (sur
988 283 138 52 une
1066 283 217 52 facture
1224 283 276 52 imprimée),
1421 283 59 52 à

74 319 148 55 M.
148 319 444 55 Beaubæuf
518 319 271 55 Amiens,
716 319 123 55 9
765 319 271 55 janvier
962 319 222 55 1851,
1110 319 123 55 1
1159 319 148 55 p.
1233 319 222 55 in-8.
1381 319 123 55 1
1406 319 74 55 »

35 360 200 71 4748.
168 360 400 71 Bernard
501 360 244 71 (Léon),
679 360 222 71 acteur
834 360 133 71 du
901 360 244 71 Gymnase
1078 360 133 71 et
1145 360 133 71 du
1189 360 289 71 Vaudeville.

80 416 135 83 L.
148 416 181 83 aut.
261 416 203 83 sig.,
396 416 113 83 à
442 416 181 83 M...
554 416 226 83 Paris,
712 416 135 83 14
780 416 158 83 mai
871 416 203 83 1826,
1006 416 113 83 2
1051 416 158 83 gr.
1141 416 135 83 p.
1209 416 203 83 in-4,
1322 416 158 83 Théâ-

-29 458 1371 57 trale.
931 458 686 57 3
1068 458 411 57 »

37 503 194 71 4749.
167 503 367 71 Bertin
469 503 259 71 ministre
663 503 129 71 de
727 503 194 71 Louis
857 503 151 71 XV,
943 503 216 71 membre
1094 503 129 71 de
1159 503 302 71 l’Académie
1374 503 108 71 des

81 558 397 58 belles-lettres.
415 558 125 58 L.
478 558 167 58 aut.
582 558 188 58 sig.,
707 558 104 58 à
749 558 125 58 M.
812 558 125 58 le
875 558 313 58 chancelier.
1125 558 125 58 20
1188 558 230 58 juillet
1334 558 146 58 1769,

30 599 382 61 1
182 599 458 61 p.
412 599 535 61 pl.
717 599 688 61 in-4.
1175 599 382 61 4
1252 599 229 61 »

128 644 133 74 Au
194 644 200 74 sujet
328 644 133 74 du
394 644 289 74 Parlement
617 644 133 74 de
683 644 200 74 Rouen
817 644 156 74 qui
905 644 156 74 est
994 644 200 74 réuni
1128 644 178 74 pour
1239 644 222 74 rendre
1372 644 111 74 di

85 704 167 65 vers
169 704 188 65 arrêts.

38 738 186 61 4750.
162 738 413 61 Biagioli,
513 738 186 61 poëte
637 738 248 61 italien,
823 738 330 61 commentateur
1092 738 124 61 de
1154 738 186 61 Dante
1277 738 124 61 et
1339 738 124 61 de
1381 738 103 61 Pé

85 808 250 60 trarque.
273 808 125 60 L.
335 808 167 60 aut.
439 808 187 60 sig.,
564 808 104 60 à
606 808 146 60 Mme
689 808 125 60 la
751 808 250 60 duchesse
939 808 125 60 de
1001 808 208 60 Berri.
1147 808 167 60 Sans
1251 808 187 60 date.
1376 808 104 60 2
1397 808 83 60 p.

-30 837 1239 61 in-4.
797 837 689 61 3
934 837 551 61 50

136 894 247 68 Hommage
315 894 135 68 de
383 894 202 68 l’Ode
518 894 292 68 italienne
742 894 202 68 qu'il
877 894 112 68 a
922 894 270 68 composée
1124 894 157 68 sur
1214 894 135 68 le
1282 894 202 68 sacre
1394 894 90 68 de

91 939 241 58 Charles
266 939 131 58 X.
332 939 241 58 Demande
507 939 197 58 d’une
638 939 263 58 pension.
813 939 197 58 Motifs.

41 971 188 75 4751.
166 971 418 75 Bigottini
522 971 230 75 (Mlle),
689 971 251 75 première
877 971 251 75 danseuse
1065 971 125 75 de
1128 971 251 75 l’Opéra.
1316 971 125 75 L.
1358 971 125 75 aut.

75 1029 310 64 sig.,
281 1029 275 64 à...
453 1029 207 64 14
557 1029 275 64 juin
729 1029 310 64 1822.
935 1029 172 64 1
1004 1029 207 64 p.
1107 1029 310 64 in-8.
1314 1029 172 64 2
1348 1029 138 64 50

40 1081 197 71 4752.
171 1081 285 71 Blasco
390 1081 131 71 de
456 1081 306 71 Garay,
697 1081 285 71 inventeur
916 1081 175 71 d’un
1025 1081 219 71 navire
1179 1081 263 71 marchant
1354 1081 131 71 sans

87 1136 215 51 voiles
238 1136 129 51 et
303 1136 172 51 sans
410 1136 215 51 rames.
561 1136 194 51 C’est
690 1136 129 51 le
754 1136 301 51 dévouement
991 1136 129 51 du
1056 1136 280 51 serviteur
1271 1136 129 51 de
1314 1136 172 51 Blasco

90 1176 120 67 de
150 1176 180 67 Garay
270 1176 140 67 que
350 1176 200 67 Balzac
490 1176 100 67 a
530 1176 120 67 eu
590 1176 120 67 en
650 1176 140 67 vue
730 1176 120 67 de
790 1176 220 67 décrire
949 1176 160 67 daus
1049 1176 140 67 les
1109 1176 380 67 Ressources

90 1222 172 79 de
204 1222 305 79 Quinola
452 1222 114 79 L.
509 1222 153 79 aut.
605 1222 153 79 sig.
700 1222 133 79 (en
776 1222 267 79 espagnol),
986 1222 114 79 au
1043 1222 133 79 roi
1120 1222 267 79 d’Espagne.
1329 1222 172 79 1542.
1425 1222 57 79 1

91 1282 139 69 gr.
171 1282 119 69 p.
210 1282 179 69 in

133 1309 135 73 Au
201 1309 203 73 sujet
336 1309 383 73 d’expériences
652 1309 180 73 pour
764 1309 158 73 son
854 1309 225 73 navire
1012 1309 180 73 dans
1125 1309 135 73 le
1192 1309 180 73 port
1305 1309 135 73 de
1350 1309 135 73 Bar

63 1377 210 57 celone.

134 1398 169 81 MAI
230 1398 169 81 (le
327 1398 314 81 marquis),
568 1398 362 81 ambassadeur
858 1398 145 81 de
930 1398 193 81 Char
1051 1398 314 81 les-Quint
1292 1398 121 81 à
1316 1398 169 81 Rome.

89 1462 127 89 L.
152 1462 191 89 sig.,
280 1462 106 89 à
322 1462 318 89 l’Empereur.
576 1462 191 89 Rome,
704 1462 127 89 24
767 1462 170 89 juin
873 1462 191 89 1534°
1000 1462 106 89 1
1043 1462 148 89 gr.
1128 1462 127 89 p.
1191 1462 233 89 in-fol.
1340 1462 148 89 Trace

87 1523 133 67 de
131 1523 199 67 cachet.

141 1551 124 71 Il
203 1551 332 71 l’entretient
473 1551 166 71 d’un
576 1551 207 71 fameux
721 1551 249 71 écrivain
908 1551 124 71 de
970 1551 166 71 Rome
1074 1551 145 71 qui
1157 1551 207 71 promit
1302 1551 124 71 de
1343 1551 145 71 faire

92 1619 234 60 marcher
262 1619 127 60 un
325 1619 212 60 navire
474 1619 127 60 en
538 1619 191 60 temps
665 1619 127 60 de
729 1619 212 60 calme.
877 1619 191 60 Cette
1005 1619 212 60 lettre
1153 1619 149 60 est
1217 1619 276 60 très-

93 1647 254 92 ressante
283 1647 148 92 par
368 1647 127 92 sa
432 1647 191 92 date,
559 1647 127 92 et
622 1647 148 92 par
707 1647 127 92 ce
771 1647 148 92 que
855 1647 148 92 fit
940 1647 254 92 quelques
1131 1647 212 92 années
1279 1647 169 92 plus
1364 1647 127 92 tard

91 1719 228 71 Blasco
251 1719 137 71 de
297 1719 183 71 Garay.

114 1749 393 69 Prix
359 1749 344 69 des
556 1749 393 69 deux
801 1749 540 69 pièces.
1194 1749 344 69 300
1342 1749 147 69 »

50 1811 175 56 4753.
166 1811 331 56 Bocage
439 1811 409 56 (Pierre-Martinien
789 1811 331 56 Touzez
1062 1811 175 56 dit),
1179 1811 214 56 célèbre
1315 1811 175 56 acteur.

73 1845 258 70 L.
202 1845 345 70 aut.
417 1845 345 70 sig.
633 1845 215 70 1
719 1845 258 70 p.
848 1845 301 70 pl.
1020 1845 388 70 in-8.
1279 1845 215 70 2
1322 1845 172 70 50

50 1882 180 102 4754.
170 1882 421 102 Bocttiger,
531 1882 200 102 savant
671 1882 260 102 allemand.
871 1882 180 102 Pièce
991 1882 160 102 aut.
1091 1882 160 102 sig.
1192 1882 140 102 (en
1252 1882 240 102 allemand).

59 1954 276 71 2
169 1954 331 71 p.
335 1954 386 71 pl.
556 1954 497 71 in-8.
887 1954 276 71 .
997 1954 331 71 1.
1163 1954 276 71 .
1273 1954 276 71 3
1328 1954 166 71 »

50 1985 189 83 4755.
176 1985 356 83 Bonald
469 1985 147 83 (le
553 1985 231 83 vicomte
721 1985 168 83 de),
825 1985 251 83 écrivain
1014 1985 251 83 pontique
1203 1985 126 83 et
1245 1985 251 83 religieux.

95 2051 125 55 1°
158 2051 125 55 L.
220 2051 167 55 aut.
325 2051 188 55 sig.,
450 2051 104 55 à
492 2051 125 55 M.
554 2051 125 55 le
617 2051 230 55 marquis
784 2051 146 55 ...
867 2051 188 55 1822.
992 2051 104 55 1
1034 2051 125 55 p.
1097 2051 188 55 in-4.
1222 2051 104 55 —
1264 2051 125 55 2°
1326 2051 125 55 L.
1368 2051 125 55 aut.

98 2081 151 105 sig.
192 2081 264 105 B.
400 2081 94 105 à
438 2081 113 105 M.
494 2081 226 105 Briatte.
664 2081 113 105 Au
721 2081 189 105 Mouna,
853 2081 113 105 18
909 2081 170 105 sept.
1022 2081 170 105 1811.
1136 2081 94 105 1
1173 2081 113 105 p.
1230 2081 132 105 pl.
1305 2081 113 105 et
1343 2081 151 105 demie,

41 2141 690 78 in-4.
578 2141 383 78 1
731 2141 383 78 ★
961 2141 383 78 »
1115 2141 383 78 3
1191 2141 307 78 50

51 2179 210 74 4756.
190 2179 489 74 Bonaparte,
609 2179 210 74 comme
749 2179 256 74 génerai
935 2179 140 74 en
1005 2179 186 74 cner
1122 2179 140 74 de
1168 2179 326 74 l'expédition

100 2238 251 60 d’Egypte.
293 2238 174 60 Pièce
409 2238 155 60 sig.
505 2238 406 60 Bonaparte
853 2238 116 60 Au
911 2238 193 60 Caire,
1047 2238 116 60 le
1105 2238 116 60 24
1162 2238 251 60 fructidor
1356 2238 116 60 an
1394 2238 97 60 VI.

67 2272 265 74 3
173 2272 318 74 p.
332 2272 318 74 et
490 2272 476 74 demie
808 2272 582 74 in-fol.
1231 2272 318 74 20
1337 2272 159 74 »

147 2333 214 70 Arrêté
296 2333 171 70 pour
403 2333 406 70 l’établissement
745 2333 128 70 de
810 2333 278 70 tribunaux
1023 2333 128 70 de
1088 2333 257 70 Commerce
1280 2333 128 70 au
1323 2333 171 70 Caire,

102 2391 106 67 à
144 2391 317 67 Alexandrie,
397 2391 106 67 à
440 2391 232 67 Rosette
608 2391 127 67 et
672 2391 106 67 à
693 2391 232 67 Damiette.

55 2396 183 93 4757.
177 2396 406 93 Bonapartc
522 2396 284 93 (Pauline),
745 2396 163 93 sœur
847 2396 122 93 de
908 2396 284 93 l’empereur
1131 2396 264 93 Napoléon.
1334 2396 122 93 L.
1375 2396 122 93 sig.

106 2461 274 107 Pauline
322 2461 255 107 princesse
518 2461 313 107 Borghèse
772 2461 98 107 à
812 2461 157 107 Mgr.
909 2461 196 107 Cunéo.
1047 2461 176 107 Rome,
1164 2461 118 107 26
1223 2461 215 107 janvier
1360 2461 137 107 1816.

79 2513 209 75 2
163 2513 292 75 gr.
330 2513 250 75 p.
455 2513 292 75 pl.
622 2513 250 75 et
747 2513 417 75 demie,
1039 2513 376 75 in-4.
1289 2513 250 75 10
1373 2513 125 75 »

149 2563 240 75 Curieux
324 2563 240 75 détails
499 2563 131 75 au
564 2563 197 75 sujet
695 2563 131 75 de
761 2563 131 75 sa
826 2563 306 75 séparation
1066 2563 218 75 d’avec
1219 2563 153 75 son
1306 2563 197 75 mari,
1416 2563 87 75 et

100 2613 133 70 du
166 2613 244 70 partage
344 2613 133 70 du
411 2613 289 70 mobilier,
632 2613 200 70 ainsi
766 2613 155 70 que
854 2613 155 70 des
943 2613 222 70 sommes
1099 2613 289 70 annuelles
1320 2613 155 70 qui
1387 2613 111 70 lui

102 2664 349 77 reviendront.
386 2664 131 77 Le
451 2664 218 77 prince
604 2664 131 77 ne
670 2664 175 77 veut
779 2664 153 77 lui
866 2664 196 77 payer
997 2664 153 77 son
1084 2664 327 77 assignement
1346 2664 153 77 que
1412 2664 87 77 du

99 2705 164 105 jour
202 2705 123 105 de
264 2705 329 105 l’abdication
531 2705 123 105 de
592 2705 308 105 l’Empereur,
839 2705 349 105 c’est-à-dire,
1126 2705 205 105 depuis
1270 2705 123 105 21
1311 2705 185 105 mois...
