1612 2881
644 39 183 97 —
718 39 256 97 391
827 39 110 97 —

59 139 179 75 4772.
179 139 398 75 Cesarotti
517 139 299 75 (Melchior),
756 139 219 75 célèbre
916 139 299 75 littérateur
1155 139 120 75 et
1214 139 179 75 poëte
1314 139 199 75 italien.

105 200 127 50 L.
168 200 169 50 aut.
274 200 169 50 sig.
379 200 148 50 (en
463 200 274 50 italien),
674 200 105 50 à
717 200 148 50 son
801 200 169 50 ami.
906 200 127 50 20
970 200 169 50 juin
1075 200 190 50 1775.
1202 200 105 50 2
1244 200 127 50 p.
1307 200 190 50 in-4.
1434 200 105 50 3
1455 200 63 50 »

57 251 192 66 4773.
185 251 406 66 Chalucet
526 251 171 66 (Mme
633 251 171 66 de).
740 251 128 66 L.
804 251 192 66 sig.,
932 251 107 66 à
974 251 128 66 M.
1038 251 128 66 de
1102 251 299 66 Lamoignon.
1316 251 192 66 Nantes,

86 302 193 57 6
164 302 309 57 août
357 302 348 57 1695.
588 302 193 57 1
666 302 232 57 p.
781 302 232 57 et
897 302 348 57 demie
1129 302 348 57 in-4.
1361 302 193 57 5
1399 302 116 57 »

143 343 131 68 Au
209 343 196 68 sujet
339 343 131 68 du
405 343 283 68 différend
622 343 196 68 entre
753 343 131 68 M.
818 343 131 68 de
884 343 305 68 Montrevaux
1123 343 131 68 et
1188 343 131 68 M.
1254 343 131 68 de
1297 343 218 68 Sévigné.

52 389 196 72 4774.
183 389 305 72 Charles
423 389 240 72 VI
597 389 153 72 roi
684 389 305 72 d’Espagne,
924 389 174 72 puis
1033 389 261 72 empereur
1229 389 153 72 des
1294 389 218 72 Romains,

97 448 177 58 père
207 448 133 58 de
274 448 133 58 la
340 448 221 58 grande
495 448 398 58 Marie-Thérèse.
826 448 133 58 N.
892 448 199 58 1685.
1025 448 133 58 M.
1091 448 199 58 1740.
1224 448 287 58 Apostille
1423 448 88 58 de

98 495 217 69 quinze
250 495 239 69 lignes,
424 495 174 69 aut.
533 495 174 69 sig.
641 495 152 69 (en
728 495 239 69 latin),
902 495 130 69 en
967 495 195 69 marge
1097 495 174 69 d’un
1206 495 239 69 mémoire
1358 495 152 69 signé

95 548 160 58 par
186 548 137 58 le
255 548 274 58 ministre
460 548 228 58 Joseph
620 548 251 58 Koller.
803 548 251 58 Vienne,
985 548 137 58 17
1054 548 183 58 juin
1168 548 205 58 1729.
1305 548 114 58 1
1350 548 137 58 p.
1396 548 114 58 pl.

-2 590 1278 55 in-fol.
927 590 697 55 12
1160 590 349 55 »

50 621 188 99 4775.
175 621 292 99 Charles
404 621 208 99 X
550 621 146 99 roi
634 621 125 99 de
696 621 229 99 France.
863 621 125 99 L.
925 621 167 99 aut.
1030 621 188 99 sig.,
1155 621 104 99 à
1196 621 125 99 M.
1259 621 125 99 le
1321 621 188 99 comte
1426 621 83 99 de

94 693 214 53 Vérac,
243 693 107 53 à
286 693 343 53 Clagenfurth.
565 693 300 53 Edimbourg,
800 693 107 53 8
843 693 193 53 avril
972 693 193 53 1803.
1100 693 107 53 1
1143 693 128 53 p.
1207 693 150 53 pl.
1293 693 128 53 et
1336 693 171 53 quart.

89 735 203 65 in-4.
224 735 225 65 Cachet
381 735 113 65 à
426 735 135 65 la
494 735 180 65 cire
606 735 225 65 rouge.
764 735 203 65 Belle
899 735 248 65 lettre.
1079 735 383 65 Intéressante.
1394 735 135 65 20
1439 735 68 65 »

45 781 181 77 4776.
165 781 381 77 Consalvi
486 781 281 77 (Hercule),
707 781 261 77 cardinal,
907 781 241 77 ministre
1088 781 281 77 secrétaire
1308 781 201 77 d’Etat
1429 781 80 77 de

89 833 153 68 Pie
176 833 174 68 VII.
285 833 131 68 L.
351 833 174 68 aut.
460 833 196 68 sig.,
591 833 109 68 à
634 833 153 68 Son
721 833 327 68 Excellence.
983 833 196 68 Rome,
1114 833 109 68 6
1157 833 153 68 mai
1244 833 196 68 1820.
1375 833 131 68 2.
1419 833 87 68 p.

5 888 748 60 pl.
433 888 962 60 in-4.
1074 888 535 60 5
1181 888 321 60 »

44 929 181 78 4777.
165 929 343 78 Contat
447 929 464 78 (Louise-Françoise),
850 929 222 78 célèbre
1011 929 302 78 comédienne.
1253 929 202 78 Quitt.
1374 929 121 78 sig.

88 987 125 61 de
151 987 125 61 la
213 987 188 61 somme
338 987 125 61 de
401 987 167 61 cinq
505 987 188 61 cents
630 987 209 61 livres
776 987 146 61 qui
860 987 146 61 lui
943 987 146 61 ont
1026 987 146 61 été
1110 987 250 61 comptées
1297 987 146 61 par
1360 987 146 61 l’ad-

85 1036 360 57 ministration
377 1036 135 57 du
444 1036 247 57 théâtre
624 1036 135 57 de
692 1036 135 57 la
759 1036 157 57 rue
849 1036 270 57 Feydeau,
1051 1036 202 57 comme
1164 1036 337 57 gratification

85 1077 186 68 pour
201 1077 140 68 le
271 1077 186 68 mois
387 1077 140 68 de
457 1077 279 68 germinal
666 1077 140 68 an
736 1077 186 68 VII.
853 1077 140 68 La
922 1077 302 68 quittance
1155 1077 163 68 est
1248 1077 256 68 remplie
1411 1077 93 68 et

72 1140 306 61 aussi
276 1140 340 61 signée
515 1140 238 61 par
651 1140 409 61 Sageret.
957 1140 170 61 1
1025 1140 204 61 p.
1127 1140 306 61 in-4.
1332 1140 170 61 2
1366 1140 136 61 50

45 1193 164 58 4778.
154 1193 327 58 Corilla
427 1193 364 58 (Maria-Maddalena
736 1193 255 58 Fernandez,
936 1193 146 58 dite
1027 1193 146 58 la),
1118 1193 146 58 dame
1191 1193 309 58 Morell,

83 1230 240 66 célèbre
258 1230 415 66 improvisatrice,
607 1230 284 66 couronnée
826 1230 131 66 au
891 1230 262 66 Capitole
1088 1230 131 66 en
1153 1230 197 66 1775.
1284 1230 131 66 N.
1328 1230 153 66 1728.

83 1283 127 62 M.
146 1283 190 62 1800.
273 1283 127 62 L.
336 1283 169 62 aut.
441 1283 169 62 sig.
547 1283 148 62 (en
631 1283 274 62 italien),
842 1283 127 62 au
905 1283 253 62 révérend
1095 1283 169 62 père
1201 1283 232 62 Pagnini
1348 1283 148 62 (sans

80 1333 273 51 date).
271 1333 136 51 2
325 1333 164 51 p.
407 1333 245 51 in-4.
571 1333 273 51 (Coll.
762 1333 164 51 du
843 1333 245 51 baron
1007 1333 164 51 de
1089 1333 355 51 Trémont.)
1362 1333 164 51 10
1416 1333 82 51 »

130 1378 409 56 Recommandation
471 1378 182 56 d’un
585 1378 136 56 de
653 1378 159 56 ses
744 1378 205 56 amis,
881 1378 227 56 émigré
1040 1378 341 56 malheureux,
1290 1378 205 56 aujour-

83 1424 195 65 d’hui
214 1424 130 65 au
279 1424 239 65 service
452 1424 130 65 de
496 1424 282 65 l’Empereur.

37 1479 186 53 4779.
162 1479 352 53 Cousin
451 1479 269 53 (Victor),
659 1479 207 53 membre
804 1479 124 53 de
866 1479 290 53 l’Académie
1094 1479 290 53 française.
1321 1479 124 53 L.
1363 1479 124 53 aut.

69 1531 253 66 sig.
228 1531 317 66 Paris,
449 1531 158 66 2
513 1531 285 66 sept.
703 1531 285 66 1836.
892 1531 348 66 Demi-p.
1146 1531 285 66 in-8.
1336 1531 158 66 1
1367 1531 127 66 50

40 1575 156 68 4780.
143 1575 294 68 Dalton
385 1575 156 68 (Mlle
489 1575 138 68 J.),
576 1575 242 68 traducteur
766 1575 121 68 (en
835 1575 225 68 anglais),
1008 1575 104 68 de
1060 1575 190 68 Paul
1198 1575 104 68 et
1233 1575 259 68 Virginie

81 1622 134 63 L.
148 1622 178 63 aut.
259 1622 200 63 sig.,
393 1622 111 63 à
437 1622 356 63 mademoiselle
727 1622 134 63 de
794 1622 290 63 Varennes.
1016 1622 267 63 Londres,
1217 1622 134 63 24
1261 1622 223 63 janvier.

11 1670 554 59 2.
288 1670 554 59 p.
565 1670 831 59 in-4.
1119 1670 462 59 3
1211 1670 277 59 »

40 1711 172 66 4781.
154 1711 305 66 David
402 1711 286 66 (Félicien),
631 1711 305 66 compositeur.
879 1711 114 66 Né
936 1711 95 66 à
974 1711 343 66 Cadenet
1241 1711 248 66 (Vaucluse).

83 1767 232 57 Fragment
256 1767 212 57 musical
411 1767 154 57 aut.
507 1767 154 57 sig.
604 1767 328 57 Portr
874 1767 212 57 charge.
1028 1767 96 57 —
1067 1767 193 57 GRISAR
1202 1767 251 57 (Albert),
1375 1767 116 57 com-

81 1820 269 57 positeur.
288 1820 124 57 Né
350 1820 103 57 à
391 1820 227 57 Anvers.
557 1820 248 57 Fragment
743 1820 227 57 musical
908 1820 145 57 des
991 1820 455 57 Porcherons
1363 1820 124 57 Aut.

82 1872 152 56 sig.
177 1872 152 56 (sur
272 1872 114 56 le
329 1872 152 56 même
424 1872 228 56 feuillet
595 1872 133 56 que
671 1872 171 56 celui
785 1872 114 56 de
841 1872 209 56 David).
993 1872 323 56 Portr
1259 1872 209 56 charge.
1411 1872 95 56 6
1430 1872 57 56 »

36 1906 190 57 4782.
162 1906 421 57 Delavigne
521 1906 169 57 (Mme
626 1906 190 57 Elisa
752 1906 274 57 Casimir).
963 1906 126 57 L.
1026 1906 169 57 aut.
1132 1906 190 57 sig.,
1258 1906 105 57 à
1300 1906 126 57 M.
1342 1906 148 57 d’Hé

73 1955 294 58 brail.
279 1955 294 58 Paris,
485 1955 177 58 15
573 1955 265 58 avril
749 1955 265 58 1850.
926 1955 324 58 Demi-p.
1161 1955 265 58 in-8.
1338 1955 147 58 1
1367 1955 118 58 50

34 2003 192 59 4783.
161 2003 192 59 De
289 2003 298 59 Pradt,
523 2003 213 59 ancien
672 2003 298 59 archevêque
906 2003 128 59 de
970 2003 255 59 Malines,
1162 2003 234 59 d’abord
1311 2003 170 59 évêque

79 2058 128 60 de
143 2058 277 60 Poitiers,
356 2058 256 60 aumônier
547 2058 319 60 particulier
803 2058 128 60 de
867 2058 298 60 l’empereur
1101 2058 277 60 Napoléon.
1314 2058 128 60 L.
1356 2058 128 60 aut.

79 2099 189 56 sig.,
205 2099 105 56 à
247 2099 126 56 M.
310 2099 126 56 le
372 2099 272 56 Préfet...
582 2099 272 56 Poitiers,
792 2099 126 56 28
854 2099 168 56 août
959 2099 189 56 1806.
1085 2099 105 56 1
1127 2099 126 56 p.
1190 2099 147 56 pl.
1273 2099 189 56 in-4.
1399 2099 105 56 5
1420 2099 63 56 »

146 2150 129 73 Au
211 2150 194 73 sujet
340 2150 129 73 du
405 2150 172 73 curé
512 2150 129 73 de
577 2150 129 73 la
641 2150 258 73 paroisse
835 2150 129 73 de
899 2150 258 73 Coulong,
1093 2150 151 73 qui
1179 2150 194 73 s’est
1286 2150 194 73 abstenu

79 2185 115 65 de
136 2185 211 65 chanter
290 2185 115 65 le
348 2185 173 65 Te
463 2185 230 65 Deum
636 2185 154 65 pour
731 2185 115 65 la
789 2185 154 65 fête
885 2185 115 65 de
923 2185 250 65 l’empereur.

32 2242 184 60 4784.
154 2242 204 60 Des
297 2242 306 60 Essarts
542 2242 265 60 (Alfred),
746 2242 326 60 littérateur,
1011 2242 204 60 poëte.
1154 2242 122 60 L.
1215 2242 163 60 aut.
1317 2242 184 60 sig.,
1419 2242 61 60 à

73 2294 309 59 madame...
311 2294 119 59 1
359 2294 143 59 p.
430 2294 214 59 in-8.
573 2294 119 59 —
620 2294 167 59 DES
716 2294 262 59 ESSARTS
906 2294 262 59 (madame
1096 2294 238 59 Anna),
1263 2294 214 59 femme
1382 2294 95 59 du

76 2338 311 67 précédent,
320 2338 222 67 poëte.
476 2338 133 67 L.
543 2338 178 67 aut.
654 2338 200 67 sig.,
787 2338 111 67 à
832 2338 222 67 madame
988 2338 245 67 Waldor.
1166 2338 133 67 25
1232 2338 178 67 août
1321 2338 156 67 1843.

11 2402 431 51 1
183 2402 518 51 p.
442 2402 776 51 in-4.
960 2402 431 51 6
1132 2402 431 51 3
1218 2402 259 51 »

30 2419 186 71 4785.
155 2419 456 71 Desgenettes
548 2419 145 71 (le
631 2419 228 71 baron),
797 2419 228 71 médecin
962 2419 124 71 en
1024 2419 166 71 chef
1128 2419 145 71 des
1211 2419 207 71 armées
1335 2419 145 71 fran

78 2483 220 62 çaises.
238 2483 120 62 L.
298 2483 160 62 aut.
398 2483 180 62 sig.,
519 2483 120 62 au
579 2483 220 62 citoyen
739 2483 220 62 Brédin,
899 2483 260 62 directeur
1099 2483 120 62 de
1160 2483 220 62 l’école
1300 2483 180 62 vétéri-

75 2531 223 59 naire,
231 2531 111 59 à
275 2531 200 59 Lyon.
409 2531 111 59 A
453 2531 134 59 la
520 2531 334 59 quarantaine
787 2531 134 59 de
854 2531 312 59 Marseille,
1099 2531 134 59 le
1165 2531 111 59 7
1188 2531 289 59 vendémiaire

52 2580 267 65 an
185 2580 400 65 VIII.
452 2580 222 65 2
541 2580 267 65 p.
674 2580 400 65 in-4.
941 2580 489 65 Cachet.
1296 2580 222 65 4
1341 2580 133 65 »

144 2630 131 56 De
210 2630 218 56 retour
362 2630 131 56 de
428 2630 349 56 l’expédition
711 2630 284 56 d’Egypte,
930 2630 131 56 il
995 2630 218 56 désire
1148 2630 218 56 revoir
1279 2630 196 56 bientôt

75 2682 209 63 encore
221 2682 146 63 son
305 2682 209 63 épouse
451 2682 188 63 après
577 2682 209 63 quatre
723 2682 146 63 ans
807 2682 293 63 d’absence.
1037 2682 125 63 Il
1100 2682 125 63 le
1162 2682 167 63 prie
1267 2682 125 63 de
1330 2682 125 63 la
1371 2682 105 63 re-

75 2735 213 65 cevoir
224 2735 192 65 avant
352 2735 149 65 son
416 2735 213 65 arrivée.
