1599 3027
765 114 253 82 392
873 114 109 82 —

103 207 187 68 4786.
228 207 332 68 Dumas
497 207 332 68 (Alexandre),
767 207 187 68 père,
891 207 270 68 romancier
1099 207 124 68 et
1161 207 207 68 auteur
1285 207 270 68 dramatique.

147 261 172 67 L.
233 261 230 67 aut.
377 261 230 67 sig.
520 261 287 67 Paris,
721 261 143 67 5
778 261 230 67 mars
922 261 258 67 1833.
1094 261 143 67 1
1151 261 172 67 p.
1237 261 258 67 in-8.
1410 261 143 67 1
1438 261 115 67 50

104 307 203 66 4787.
240 307 384 66 Dupont
556 307 249 66 (madame
737 307 226 66 Grace,
896 307 316 66 comtesse),
1144 307 203 66 femme
1280 307 136 66 du
1325 307 226 66 général,

150 354 251 66 ministre
338 354 125 66 de
401 354 125 66 la
464 354 230 66 guerre.
631 354 125 66 L.
693 354 167 66 aut.
798 354 188 66 sig.,
923 354 104 66 à
965 354 125 66 M.
1028 354 125 66 le
1090 354 272 66 chevalier
1299 354 251 66 Legrand.
1466 354 84 66 27

141 407 208 57 juin
271 407 235 57 1814.
428 407 130 57 1
480 407 182 57 gr.
584 407 156 57 p.
662 407 235 57 in-4.
818 407 261 57 Cachet
1001 407 130 57 à
1053 407 156 57 la
1131 407 208 57 cire
1261 407 261 57 noire.
1444 407 130 57 3
1470 407 78 57 »

101 453 184 64 4788.
223 453 347 64 Duprez
509 453 408 64 (Gilbert-Louis),
855 453 245 64 chanteur
1039 453 122 64 de
1100 453 245 64 l’Opéra,
1263 453 286 64 compositeur.

146 507 138 60 1°
215 507 299 60 Programme
445 507 138 60 de
514 507 207 60 rôles
652 507 184 60 aut.
767 507 184 60 sig.
881 507 391 60 (commencement
1203 507 138 60 de
1272 507 138 60 sa
1318 507 230 60 carrière

148 548 339 59 dramatique).
424 548 106 59 1
466 548 127 59 p.
530 548 191 59 in-4.
657 548 106 59 —
699 548 127 59 2°
763 548 212 59 Billet
912 548 170 59 aut.
1018 548 170 59 sig.
1124 548 127 59 29
1187 548 170 59 déc.
1293 548 191 59 1848.
1399 548 149 59 Demi-

148 601 129 59 p.
213 601 194 59 in-8.
342 601 215 59 Charge
493 601 129 59 et
557 601 366 59 portr
859 601 258 59 Costume.
1052 601 108 59 —
1095 601 215 59 DUPREZ
1224 601 323 59 (mademoiselle

149 644 300 57 Alexandrine
389 644 400 57 Duperron
729 644 200 57 dame),
868 644 280 57 chanteuse.
1088 644 200 57 Billet
1228 644 120 57 de
1288 644 140 57 bal
1368 644 200 57 signé.
1488 644 60 57 —

144 691 222 68 DUPREZ
299 691 600 68 (Louis-Julien-Édouard),
833 691 200 68 frère
966 691 133 68 du
1033 691 311 68 précédent,
1277 691 156 68 1er
1344 691 200 68 comique

150 747 146 77 des
234 747 250 77 Variétés
421 747 125 77 et
484 747 208 77 auteur
629 747 313 77 dramatique.
879 747 125 77 L.
942 747 167 77 aut.
1046 747 167 77 sig.
1150 747 292 77 Bruxelles,
1379 747 125 77 13
1421 747 125 77 jan-

137 793 274 54 vier
308 793 309 54 1843.
514 793 172 54 1
583 793 206 54 p.
686 793 240 54 pl.
823 793 309 54 in-8.
1029 793 480 54 Théâtrale.
1406 793 172 54 6
1440 793 103 54 »

99 818 185 91 4789.
223 818 392 91 Esparbès
553 818 227 91 (madame
718 818 124 91 la
779 818 247 91 comtesse
965 818 165 91 d’),
1068 818 268 91 maîtresse
1274 818 124 91 de
1336 818 185 91 Louis
1439 818 103 91 XV.

147 888 133 64 1°
213 888 133 64 L.
280 888 178 64 aut.
391 888 200 64 sig.,
524 888 111 64 à
569 888 133 64 M.
635 888 222 64 Ratel,
791 888 111 64 à
835 888 222 64 Paris.
991 888 400 64 Saint-Germain,
1324 888 133 64 20
1368 888 178 64 novem-

148 930 153 69 bre
236 930 197 69 1792.
367 930 109 69 2
410 930 153 69 gr.
498 930 131 69 p.
563 930 197 69 in-4.
694 930 131 69 Au
760 930 197 69 sujet
891 930 197 69 d’une
1022 930 240 69 voiture
1197 930 197 69 jaune
1328 930 175 69 dont
1415 930 131 69 elle

149 981 155 60 veut
246 981 174 60 faire
362 981 349 60 l’acquisition.
653 981 97 60 —
691 981 116 60 2°
749 981 252 60 Précis
943 981 155 60 pour
1040 981 194 60 madame
1176 981 368 60 d’Esparbès
1466 981 78 60 Au

145 1025 197 60 sujet
276 1025 131 60 de
342 1025 153 60 son
429 1025 219 60 procès
583 1025 175 60 avec
692 1025 153 60 son
779 1025 175 60 mari
889 1025 175 60 pour
998 1025 175 60 leur
1108 1025 306 60 séparation
1348 1025 131 60 de
1392 1025 153 60 corps

147 1075 135 54 et
215 1075 135 54 de
283 1075 225 54 biens.
440 1075 203 54 1790.
575 1075 293 54 Manuscrit
800 1075 135 54 de
868 1075 158 54 six
958 1075 203 54 pages
1093 1075 203 54 in-4.
1228 1075 270 54 Curieux.
1430 1075 135 54 10
1475 1075 68 54 »

96 1104 191 78 4790.
223 1104 276 78 Essais
436 1104 149 78 sur
521 1104 128 78 la
585 1104 383 78 cochenille
903 1104 213 78 élevée
1052 1104 128 78 et
1116 1104 255 78 récoltée
1307 1104 149 78 sur
1392 1104 128 78 la
1435 1104 106 78 no-

148 1167 229 58 palerie
315 1167 271 58 française
523 1167 125 58 de
585 1167 375 58 Saint-Domingue
898 1167 125 58 en
960 1167 187 58 1688,
1085 1167 146 58 par
1168 1167 250 58 Brulley,
1335 1167 208 58 conseil-

150 1223 148 46 ler
234 1223 127 46 du
298 1223 169 46 roi,
403 1223 211 46 ancien
551 1223 274 46 substitut
762 1223 127 46 du
825 1223 274 46 procureur
1036 1223 232 46 général
1205 1223 106 46 à
1247 1223 253 46 l’ancien
1416 1223 127 46 con-

149 1267 159 57 seil
249 1267 259 57 supérieur
448 1267 119 57 du
508 1267 139 57 Cap
587 1267 259 57 français.
786 1267 159 57 Aut.
886 1267 179 57 sig.,
1005 1267 119 57 13
1065 1267 139 57 gr.
1145 1267 119 57 p.
1204 1267 139 57 pl.
1284 1267 219 57 in-fol.
1443 1267 119 57 10
1483 1267 60 57 »

102 1309 168 67 4791.
215 1309 318 67 Essais
476 1309 131 67 sur
551 1309 206 67 l’arbre
701 1309 168 67 nommé
813 1309 262 67 Croceus
1019 1309 243 67 arbor
1206 1309 112 67 ou
1262 1309 150 67 bois
1356 1309 187 67 safran
1468 1309 75 67 de

151 1364 408 61 Saint-Domingue,
494 1364 150 61 par
580 1364 258 61 Brulley,
773 1364 301 61 conseiller
1009 1364 129 61 du
1074 1364 172 61 roi,
1181 1364 215 61 ancien
1310 1364 236 61 substitut

147 1414 133 46 du
213 1414 288 46 procureur
435 1414 243 46 général
612 1414 111 46 à
656 1414 266 46 l’ancien
855 1414 243 46 conseil
1032 1414 288 46 supérieur
1253 1414 133 46 du
1320 1414 155 46 Cap
1386 1414 155 46 fran-

144 1455 262 58 çais.
319 1455 233 58 Aut.
464 1455 262 58 sig.,
639 1455 146 58 9
697 1455 175 58 p.
785 1455 204 58 pl.
901 1455 175 58 et
989 1455 262 58 demie
1163 1455 320 58 in-fol.
1396 1455 146 58 7
1425 1455 117 58 50

99 1513 183 64 4792.
221 1513 365 64 Estrées
525 1513 223 64 (madame
687 1513 122 64 la
748 1513 284 64 maréchale,
972 1513 244 64 duchesse
1154 1513 162 64 d’).
1256 1513 122 64 L.
1317 1513 162 64 aut.
1398 1513 142 64 sig.,

149 1561 106 48 à
191 1561 169 48 M...
297 1561 169 48 Sans
402 1561 190 48 date.
529 1561 106 48 1
571 1561 127 48 p.
634 1561 148 48 pl.
719 1561 190 48 in-4.
845 1561 190 48 Belle
972 1561 232 48 lettre.
1141 1561 359 48 Intéressante.
1436 1561 106 48 7
1458 1561 84 48 50

100 1600 175 53 4793.
216 1600 468 53 Etablissement
626 1600 195 53 des
762 1600 234 53 voitures
938 1600 97 53 à
977 1600 195 53 vapeur
1113 1600 117 53 en
1172 1600 292 53 France
1386 1600 156 53 Manus

148 1658 164 55 crit
250 1658 143 55 sur
332 1658 246 55 l’avenir
516 1658 123 55 de
578 1658 184 55 cette
701 1658 287 55 découverte
926 1658 225 55 récente
1090 1658 225 55 (1822),
1254 1658 246 55 etencore
1418 1658 123 55 dans

113 1702 769 55 l’enfance.
718 1702 275 55 9
828 1702 330 55 p.
992 1702 495 55 in-4.
1322 1702 275 55 3
1377 1702 165 55 »

99 1749 182 56 4794.
220 1749 425 56 Facciolati
584 1749 263 56 (Jacques)
786 1749 283 56 théologien
1008 1749 121 56 et
1069 1749 283 56 philosophe
1291 1749 243 56 italien.
1453 1749 81 56 L.

147 1804 177 54 aut.
258 1804 177 54 sig.
368 1804 155 54 (en
457 1804 288 54 italien).
678 1804 244 54 Padoue,
856 1804 133 54 23
922 1804 177 54 juin
1033 1804 199 54 1732.
1166 1804 133 54 1.
1232 1804 133 54 p.
1298 1804 199 54 in-4.
1431 1804 111 54 2
1453 1804 89 54 50

100 1846 183 68 4795.
222 1846 345 68 Feder,
506 1846 284 68 philosophe
729 1846 264 68 allemand.
933 1846 122 68 L.
994 1846 163 68 aut.
1095 1846 163 68 sig.
1197 1846 142 68 (en
1278 1846 284 68 Allemand),
1481 1846 61 68 à

149 1894 190 57 Moses
275 1894 337 57 Mendelsolin.
549 1894 295 57 Gottingen,
781 1894 105 57 3
823 1894 232 57 juillet
991 1894 190 57 1775.
1118 1894 105 57 2
1160 1894 126 57 p.
1223 1894 147 57 pl.
1307 1894 190 57 in-4;
1413 1894 126 57 joli

43 1942 1373 62 cachet.
1042 1942 624 62 5
1167 1942 374 62 »

101 1973 199 78 4796.
234 1973 465 78 Fellenberg
632 1973 177 78 (de)
743 1973 221 78 membre
897 1973 133 78 du
964 1973 354 78 gouvernement
1251 1973 133 78 de
1318 1973 221 78 Berne;
1451 1973 89 78 sa

147 2036 196 60 femme
278 2036 196 60 était
408 2036 348 60 petite-fille
691 2036 130 60 du
756 2036 217 60 fameux
908 2036 217 60 amiral
1060 2036 304 60 hollandais
1299 2036 152 60 Van
1364 2036 174 60 Tromp,

148 2085 134 55 et
215 2085 134 55 il
282 2085 157 55 fut
372 2085 179 55 père
484 2085 134 55 de
551 2085 471 55 Philippe-Emmanuel
954 2085 134 55 de
1022 2085 336 55 Fellenberg,
1290 2085 134 55 le
1335 2085 202 55 célèbre

149 2132 245 72 agronome
332 2132 123 72 et
394 2132 306 72 instituteur
639 2132 225 72 Suisse.
802 2132 123 72 L.
864 2132 163 72 aut.
966 2132 184 72 sig.,
1088 2132 102 72 à
1129 2132 184 72 M....
1252 2132 204 72 Berne,
1395 2132 123 72 25
1436 2132 102 72 mai

141 2182 314 54 1775.
351 2182 210 54 6.
455 2182 210 54 p.
560 2182 244 54 pl.
700 2182 314 54 in-4.
909 2182 594 54 Intéressante.
1398 2182 175 54 5
1433 2182 105 54 »

101 2210 188 82 4797.
226 2210 354 82 Feltre
518 2210 167 82 (Mme
622 2210 125 82 la
685 2210 292 82 maréchale,
914 2210 250 82 duchesse
1101 2210 167 82 de),
1206 2210 125 82 L.
1268 2210 167 82 aut.
1372 2210 188 82 sig.,
1476 2210 63 82 à

147 2276 259 53 Mme....
336 2276 236 53 Paris,
501 2276 141 53 16
572 2276 283 53 décembre
784 2276 212 53 1813.
925 2276 118 53 2
972 2276 141 53 p.
1043 2276 212 53 petit
1184 2276 212 53 in-8.
1302 2276 236 53 Intéres-

32 2328 1369 52 sante.
990 2328 685 52 3
1127 2328 411 52 »

100 2365 191 57 4798.
227 2365 254 57 Femme
418 2365 297 57 grosse
650 2365 148 57 qui
735 2365 106 57 a
778 2365 191 57 versé
905 2365 127 57 du
968 2365 191 57 plomb
1095 2365 191 57 fondu
1222 2365 169 57 dans
1307 2365 233 57 l’oreille

151 2418 128 60 de
215 2418 150 60 son
300 2418 192 60 mari.
428 2418 235 60 Rapport
599 2418 150 60 des
685 2418 342 60 commissaires
962 2418 299 60 (Lézurier,
1197 2418 128 60 P.
1240 2418 299 60 Petit

149 2470 210 62 Gérard
296 2470 126 62 et
359 2470 126 62 A.
423 2470 210 62 Petit)
570 2470 147 62 que
654 2470 295 62 l’Académie
886 2470 126 62 de
949 2470 253 62 Médecine
1138 2470 126 62 en
1201 2470 337 62 l’Université
1454 2470 84 62 de

150 2517 198 48 Paris
282 2517 198 48 avait
415 2517 220 48 nommés
569 2517 176 48 pour
679 2517 265 48 répondre
878 2517 154 48 aux
966 2517 287 48 questions
1186 2517 287 48 proposées
1407 2517 110 48 à
1429 2517 110 48 la-

151 2565 163 53 dite
253 2565 245 53 faculté,
436 2565 143 53 par
518 2565 122 53 le
579 2565 245 53 tribunal
763 2565 122 53 du
824 2565 245 53 district
1008 2565 122 53 de
1069 2565 245 53 Soissons
1252 2565 143 53 sur
1334 2565 143 53 une
1395 2565 143 53 femme

153 2622 213 53 grosse
302 2622 170 53 qui,
408 2622 170 53 etc.
515 2622 192 53 1791.
643 2622 128 53 Ce
706 2622 256 53 rapport,
898 2622 149 53 qui
983 2622 213 53 parait
1132 2622 170 53 être
1239 2622 128 53 de
1303 2622 128 53 la
1367 2622 170 53 main
1452 2622 85 53 de

156 2659 325 52 Petit-Radel,
420 2659 142 52 est
501 2659 183 52 signé
623 2659 142 52 par
704 2659 163 52 lui,
806 2659 183 52 ainsi
928 2659 142 52 que
1009 2659 142 52 par
1090 2659 142 52 ses
1171 2659 183 52 trois
1293 2659 203 52 autres
1415 2659 122 52 col-

152 2706 238 54 lègues.
325 2706 130 54 6.
390 2706 130 54 p.
455 2706 151 54 pl.
542 2706 195 54 in-4.
671 2706 151 54 Sur
758 2706 130 54 la
823 2706 259 54 septième
1017 2706 173 54 page
1125 2706 130 54 se
1190 2706 216 54 trouve
1341 2706 151 54 une
1406 2706 130 54 page

150 2760 173 60 aut.
259 2760 173 60 sig.
367 2760 130 60 du
432 2760 195 60 doyen
562 2760 130 60 E.
627 2760 130 60 C.
692 2760 217 60 Bourru
844 2760 152 60 qui
931 2760 260 60 atteste,
1126 2760 152 60 que
1213 2760 130 60 le
1278 2760 130 60 17
1321 2760 217 60 décembre

154 2807 171 90 1791,
268 2807 114 90 la
325 2807 209 90 faculté
476 2807 114 90 de
533 2807 228 90 Médecine
704 2807 246 90 assemblée
893 2807 190 90 per
1026 2807 341 90 juramentum
1311 2807 95 90 à
1348 2807 114 90 11
1386 2807 152 90 heures
