1642 2935
636 14 186 84 —
710 14 260 84 393
822 14 111 84 —

107 120 130 63 du
172 120 217 63 matin,
324 120 130 63 en
389 120 152 63 ses
476 120 217 63 écoles
627 120 347 63 supérieures,
909 120 173 63 pour
1018 120 260 63 entendre
1213 120 130 63 la
1278 120 238 63 lecture
1429 120 87 63 du

107 181 242 58 rapport
283 181 176 58 (qui
393 181 375 58 précède).....
702 181 132 58 et
768 181 132 58 la
834 181 176 58 dite
944 181 242 58 faculté
1120 181 110 58 a
1164 181 330 58 unanimement
1407 181 110 58 été

92 225 214 59 de
199 225 356 59 l’avis
449 225 214 59 de
555 225 249 59 MM.
698 225 249 59 les
840 225 605 59 commissaires.
1339 225 214 59 10
1410 225 107 59 »

62 254 195 80 4799.
192 254 347 80 Ferdinand
475 254 217 80 II
626 254 260 80 empereur
822 254 152 80 des
908 254 260 80 Romains,
1104 254 174 80 fils
1212 254 130 80 de
1256 254 260 80 l’archiduc

108 317 246 56 Charles
286 317 134 56 II
354 317 134 56 de
421 317 246 56 Styrie;
599 317 201 56 connu
734 317 179 56 dans
845 317 134 56 la
912 317 224 56 guerre
1069 317 134 56 de
1136 317 134 56 30
1203 317 179 56 ans.
1315 317 134 56 N.
1360 317 156 56 1578.

110 359 114 62 M.
167 359 172 62 1637.
282 359 114 62 L.
339 359 153 62 sig.
434 359 134 62 (en
511 359 191 62 latin)
644 359 114 62 et
701 359 267 62 contresig.
911 359 248 62 Georg.
1102 359 210 62 Lippay,
1255 359 153 62 Epp.
1331 359 191 62 Wer

110 415 277 63 piam
334 415 104 63 et
386 415 294 63 Laurentius
628 415 259 63 Ferenc
836 415 190 63 Vienne,
974 415 190 63 juillet
1112 415 156 63 1635.
1216 415 86 63 2
1251 415 121 63 gr.
1320 415 104 63 p.
1354 415 156 63 in

7 465 1257 56 Sceau.
887 465 754 56 10
1139 465 377 56 »

64 490 199 74 4800.
196 490 353 74 Ferdinand
483 490 287 74 HEI,
704 490 265 74 empereur
902 490 154 74 des
991 490 265 74 Romains,
1189 490 176 74 fils
1299 490 132 74 de
1344 490 176 74 Ferdi-

112 547 168 61 nand
217 547 147 61 II,
301 547 189 61 connu
427 547 168 61 dans
532 547 126 61 la
595 547 210 61 guerre
742 547 126 61 de
805 547 126 61 30
868 547 168 61 ans.
973 547 126 61 N.
1036 547 189 61 1608.
1162 547 126 61 M.
1225 547 189 61 1657.
1351 547 126 61 L.
1393 547 126 61 sig.

110 605 159 59 (en
201 605 318 59 allemand).
451 605 136 59 28
519 605 182 59 mars
633 605 204 59 1654.
769 605 114 59 3
815 605 159 59 gr.
906 605 136 59 p.
974 605 159 59 pl.
1065 605 250 59 in-fol.
1246 605 227 59 Sceau.
1405 605 114 59 7
1428 605 91 59 50

69 645 181 71 4801.
190 645 402 71 Feutrier,
531 645 201 71 évêque
672 645 121 71 de
733 645 261 71 Beauvais,
934 645 241 71 ministre
1115 645 141 71 des
1195 645 221 71 cultes.
1356 645 121 71 L.
1396 645 121 71 aut.

114 699 204 56 sig.,
250 699 113 56 à
296 699 227 56 M.....
454 699 227 56 Paris,
613 699 136 56 26
681 699 181 56 mars
794 699 204 56 1811.
930 699 113 56 2
975 699 136 56 p.
1043 699 204 56 in-4.
1179 699 159 56 Sur
1270 699 136 56 la
1315 699 204 56 seconde

112 747 171 57 page
218 747 128 57 il
282 747 107 57 y
325 747 107 57 a
368 747 149 57 une
453 747 171 57 note
560 747 256 57 curieuse
752 747 214 57 (d’une
902 747 192 57 autre
1030 747 192 57 main)
1158 747 149 57 sur
1243 747 149 57 les
1307 747 214 57 libertés

83 800 320 50 de
243 800 640 50 l’Eglise
723 800 747 50 gallicane.
1310 800 267 50 3
1363 800 160 50 »

69 825 192 90 4802.
197 825 363 90 Fouché
495 825 277 90 (Joseph),
709 825 384 90 conventionnel,
1028 825 256 90 ministre
1220 825 128 90 de
1284 825 128 90 la
1327 825 192 90 police,

116 886 152 61 duc
203 886 303 61 d’Otrante.
441 886 130 61 L.
506 886 195 61 sig.,
636 886 130 61 au
701 886 260 61 ministre
896 886 152 61 des
983 886 282 61 finances.
1199 886 217 61 Paris,
1351 886 130 61 17
1394 886 130 61 bru-

108 940 244 57 maire
271 940 163 57 an
352 940 244 57 VIII.
515 940 136 57 2
569 940 163 57 p.
651 940 244 57 in-4.
813 940 217 57 Tête
949 940 244 57 impr.
1112 940 353 57 Vignette.
1383 940 136 57 2
1410 940 109 57 50

71 954 202 90 4803.
205 954 336 90 François
474 954 269 90 Ier,
676 954 157 90 roi
765 954 134 90 de
832 954 246 90 Francc.
1012 954 314 90 Ordonnance
1258 954 134 90 de
1303 954 224 90 payement

115 1027 138 62 de
184 1027 275 62 diverses
390 1027 230 62 sommes
551 1027 138 62 et
620 1027 115 62 à
666 1027 230 62 divers
827 1027 344 62 dénommés...
1102 1027 230 62 signée
1263 1027 161 62 par
1354 1027 138 62 le
1400 1027 115 62 roi

121 1076 114 52 et
178 1076 322 52 contresignée:
443 1076 341 52 Breton
727 1076 189 52 Paris,
859 1076 95 52 7
897 1076 133 52 mai
973 1076 170 52 1531.
1087 1076 208 52 Feuille
1238 1076 265 52 très-grand
1427 1076 95 52 in-

116 1122 181 53 fol.
230 1122 362 53 (parchemin),
524 1122 272 53 quelques
728 1122 249 53 parties
909 1122 272 53 noircies
1113 1122 159 53 par
1204 1122 136 53 le
1272 1122 227 53 temps.
1430 1122 113 53 6
1453 1122 68 53 »

73 1172 182 59 4804.
194 1172 303 59 Frédérie
436 1172 202 59 IV
577 1172 141 59 dit
658 1172 121 59 le
718 1172 424 59 Pacifique
1081 1172 242 59 empereur
1263 1172 141 59 des
1323 1172 202 59 Romains,

117 1218 173 71 père
226 1218 130 71 de
290 1218 303 71 l’empereur
529 1218 303 71 Maximilien
767 1218 173 71 Ier.
875 1218 130 71 N.
940 1218 195 71 1415.
1070 1218 130 71 M.
1134 1218 195 71 1493.
1264 1218 130 71 L.
1329 1218 173 71 sig.
1416 1218 108 71 (en

119 1268 298 49 allemand).
353 1268 191 49 1454.
480 1268 106 49 1
523 1268 128 49 p.
586 1268 234 49 in-fol.
757 1268 128 49 en
820 1268 255 49 travers.
1012 1268 213 49 Cachet
1161 1268 106 49 à
1203 1268 128 49 la
1267 1268 170 49 cire
1352 1268 170 49 rouge.

100 1314 555 53 Très-belle
537 1314 238 53 et
656 1314 516 53 très-rare
1052 1314 397 53 pièce.
1330 1314 238 53 30
1409 1314 119 53 »

73 1340 190 80 4805.
199 1340 358 80 Fréron
494 1340 232 80 (Madame
663 1340 232 80 Royou),
831 1340 190 80 femme
957 1340 126 80 du
1021 1340 232 80 célèbre
1189 1340 337 80 journaliste.
1442 1340 84 80 L.

119 1409 173 58 aut.
228 1409 195 58 sig.,
358 1409 108 58 à
401 1409 217 58 l’abbé
552 1409 238 58 Mercier
726 1409 130 58 de
791 1409 347 58 Saint-Léger.
1072 1409 108 58 4
1116 1409 238 58 janvier
1289 1409 195 58 1784.
1419 1409 108 58 2
1440 1409 87 58 p.

-13 1458 1386 64 in-4.
911 1458 770 64 4
1065 1458 462 64 »

165 1493 447 75 Très-intéressante
548 1493 213 75 lettre
696 1493 128 75 au
760 1493 191 75 sujet
888 1493 128 75 de
952 1493 149 75 son
1037 1493 234 75 article
1207 1493 234 75 qu’elle
1377 1493 149 75 n’a
1441 1493 85 75 pu

119 1556 195 56 faire
250 1556 239 56 insérer
423 1556 174 56 dans
532 1556 130 56 le
597 1556 261 56 deuxième
793 1556 217 56 numéro
945 1556 130 56 de
1010 1556 152 56 son
1097 1556 261 56 recueil.
1271 1556 195 56 Motifs.

77 1584 198 62 4806.
209 1584 418 62 Garatoni
561 1584 220 62 savant
715 1584 264 62 italien,
912 1584 352 62 commentateur
1198 1584 132 62 de
1264 1584 264 62 Cicéron.
1440 1584 88 62 L.

123 1642 161 86 aut.
223 1642 161 86 sig.
324 1642 141 86 (en
404 1642 261 86 italien),
605 1642 100 86 à
645 1642 121 86 M.
705 1642 221 86 Antoine
866 1642 181 86 Alde,
987 1642 100 86 à
1027 1642 221 86 Cesene.
1188 1642 241 86 Ravenne,
1368 1642 100 86 3
1388 1642 141 86 sept.

73 1693 624 53 1764.
489 1693 347 53 1
627 1693 416 53 p.
835 1693 624 53 in-4.
1251 1693 347 53 3
1320 1693 208 53 »

79 1728 179 65 4807.
198 1728 238 65 Garde
377 1728 358 65 impériale
675 1728 318 65 Bataillon
933 1728 338 65 Napoléon
1211 1728 159 65 Etat
1311 1728 218 65 complet
1450 1728 79 65 de

117 1783 166 60 ce
200 1783 388 60 bataillon.
505 1783 388 60 Manuscrit.
810 1783 139 60 9
866 1783 166 60 p.
949 1783 166 60 et
1032 1783 249 60 demie
1198 1783 305 60 in-fol.
1420 1783 139 60 3
1448 1783 83 60 »

80 1820 184 71 4808.
202 1820 388 71 Goetzius
529 1820 245 71 (André),
713 1820 307 71 philologue.
959 1820 123 71 L.
1020 1820 204 71 latine
1163 1820 164 71 aut.
1265 1820 184 71 sig.,
1388 1820 102 71 à
1408 1820 123 71 Jac

121 1886 182 63 ques
235 1886 341 63 Facciolati.
508 1886 319 63 Nuremberg,
758 1886 205 63 1748.
895 1886 114 63 2
940 1886 137 63 p.
1009 1886 137 63 et
1077 1886 205 63 demie
1213 1886 250 63 in-fol.
1373 1886 159 63 Belle

16 1933 1390 55 lettre.
1027 1933 632 55 6
1153 1933 379 55 »

79 1961 176 82 4809.
197 1961 353 82 Gossec,
491 1961 314 82 compositeur.
746 1961 353 82 Accompagnement
1040 1961 118 82 de
1099 1961 137 82 l'0
1158 1961 372 82 Salutaris

124 2027 168 63 Aut.
229 2027 105 63 2
271 2027 126 63 p.
334 2027 231 63 in-fol.
502 2027 252 63 (oblong,
691 2027 147 63 non
775 2027 231 63 édité).
944 2027 126 63 On
1007 2027 147 63 lit
1091 2027 147 63 sur
1175 2027 126 63 la
1238 2027 252 63 première
1406 2027 126 63 page

120 2080 154 62 de
197 2080 154 62 la
274 2080 205 62 main
403 2080 154 62 de
480 2080 282 62 Gossec:
685 2080 205 62 O
813 2080 359 62 Salutaris.
1096 2080 385 62 Gossec
1404 2080 154 62 15
1455 2080 77 62 »

80 2100 179 90 4810.
200 2100 259 90 Grasse
399 2100 119 90 de
458 2100 259 90 Tilly
657 2100 139 90 (le
737 2100 179 90 comte
856 2100 159 90 de),
956 2100 159 90 fils
1055 2100 119 90 de
1115 2100 259 90 l’amiral.
1314 2100 119 90 1°
1374 2100 119 90 L.
1414 2100 119 90 aut.

127 2165 181 60 sig.,
248 2165 101 60 à
288 2165 121 60 M.
348 2165 241 60 Antoine,
529 2165 101 60 à
569 2165 201 60 Paris.
710 2165 221 60 Madrid,
871 2165 121 60 13
932 2165 221 60 juillet
1092 2165 181 60 1811.
1213 2165 101 60 2
1253 2165 141 60 gr.
1334 2165 121 60 p.
1394 2165 141 60 pl.
1455 2165 80 60 et

125 2217 192 57 demie
253 2217 192 57 in-4.
381 2217 235 57 Cachet.
551 2217 299 57 Curieuse.—
786 2217 128 57 2°
850 2217 341 57 Délibération
1127 2217 128 57 du
1191 2217 341 57 Grand-Orient
1447 2217 85 57 de

124 2256 239 64 France,
298 2256 260 64 relative
493 2256 130 64 au
558 2256 195 64 comte
689 2256 130 64 de
754 2256 217 64 Grasse
906 2256 130 64 de
971 2256 217 64 Tilly.
1123 2256 130 64 26
1188 2256 174 64 août
1296 2256 195 64 1818.
1405 2256 130 64 (Im-

94 2314 618 60 primée).
557 2314 257 60 2
660 2314 360 60 gr.
866 2314 309 60 p.
1020 2314 463 60 in-4.
1329 2314 257 60 6
1381 2314 154 60 »

81 2347 189 93 4811.
207 2347 399 93 Grégoire
543 2347 252 93 (Henri),
732 2347 210 93 évêque
880 2347 399 93 constitutionnel
1216 2347 126 93 de
1279 2347 210 93 Blois,
1405 2347 126 93 con

126 2412 301 57 ventionnel.
367 2412 121 57 L.
427 2412 161 57 aut.
528 2412 181 57 sig.,
648 2412 121 57 au
708 2412 221 57 citoyen
869 2412 121 57 de
929 2412 121 57 la
990 2412 261 57 Gardette,
1191 2412 221 57 artiste
1331 2412 201 57 pension-

128 2464 192 56 naire
256 2464 128 56 de
319 2464 128 56 la
383 2464 298 56 république
618 2464 107 56 à
660 2464 234 56 l’école
831 2464 149 56 des
916 2464 192 56 arts,
1044 2464 107 56 à
1087 2464 192 56 Rome.
1214 2464 213 56 Paris,
1364 2464 128 56 13
1406 2464 128 56 ven-

99 2492 411 77 tôse
355 2492 308 77 an
509 2492 359 77 VI.
715 2492 257 77 1
817 2492 308 77 p.
971 2492 462 77 in-8.
1279 2492 257 77 2
1331 2492 205 77 50

172 2543 154 75 Son
260 2543 308 75 prospectus
502 2543 154 75 des
590 2543 308 75 antiquités
832 2543 132 75 de
899 2543 220 75 Pœstum
1053 2543 154 75 est
1141 2543 176 75 fait
1251 2543 176 75 pour
1339 2543 198 75 réjouir

117 2605 269 77 tous
285 2605 235 77 les
420 2605 269 77 amis
588 2605 235 77 des
722 2605 302 77 arts.
923 2605 168 77 7
991 2605 168 77 .
1024 2605 101 77 »

84 2638 188 68 4812.
210 2638 356 68 Grétry
502 2638 230 68 célèbre
670 2638 335 68 compositeur.
941 2638 105 68 L
983 2638 167 68 aut.
1088 2638 188 68 sig.,
1213 2638 105 68 à
1255 2638 146 68 Mme
1318 2638 209 68 Garnier,

129 2689 134 101 sa
196 2689 224 101 nièce,
352 2689 112 101 à
397 2689 268 101 Fontaine
598 2689 134 101 de
666 2689 179 101 Roi,
777 2689 179 101 près
889 2689 201 101 Lyon.
1023 2689 134 101 De
1091 2689 313 101 l’Ermitage
1337 2689 134 101 de
1381 2689 157 101 J.
