1718 2967
683 58 188 97 —
721 58 188 97 396

116 145 187 100 4831.
241 145 456 100 L’attente,
634 145 187 100 scène
759 145 249 100 lyrique.
945 145 228 100 Paroles
1111 145 124 100 de
1173 145 187 100 P.-J.
1298 145 124 100 de
1339 145 228 100 Béranger,

161 215 258 75 musique
348 215 141 75 et
419 215 423 75 accompagnement
771 215 141 75 de
842 215 376 75 forte-piano,
1147 215 164 75 par
1241 215 235 75 Perne,
1382 215 188 75 membre

163 273 136 62 du
231 273 387 62 Conservatoire
550 273 136 62 de
618 273 318 62 l’Académie
868 273 296 62 impériale
1096 273 136 62 de
1164 273 273 62 musique,
1368 273 136 62 et
1437 273 136 62 de
1482 273 91 62 la

169 319 255 62 chapelle
360 319 128 62 de
424 319 128 62 S.
488 319 128 62 M.
551 319 191 62 (Tout
679 319 128 62 ce
743 319 149 62 qui
828 319 234 62 précède
998 319 149 62 est
1083 319 191 62 écrit
1211 319 149 62 sur
1274 319 298 62 l’enveloppe,

167 365 139 69 ou
236 365 231 69 garde,
398 365 162 69 par
490 365 323 69 Bocquillon
744 365 277 69 Wilhem).
952 365 139 69 22
1022 365 185 69 oct.
1137 365 208 69 1810.
1276 365 139 69 19
1345 365 139 69 p.
1414 365 162 69 pl.
1484 365 92 69 et

106 414 777 64 demie
624 414 777 64 in-4.
1141 414 518 64 20
1314 414 259 64 »

121 466 189 65 4832.
247 466 420 65 Lauriston
604 466 168 65 (Mme
709 466 126 65 la
772 466 273 65 comtesse,
983 466 168 65 puis
1088 466 252 65 marquise
1277 466 168 65 de),
1382 466 189 65 femme
1487 466 84 65 du

169 515 261 60 maréchal.
369 515 120 60 L.
430 515 160 60 aut.
530 515 180 60 sig.,
650 515 120 60 au
710 515 140 60 duc
790 515 120 60 de
850 515 200 60 Gaëte.
991 515 200 60 Paris,
1131 515 120 60 15
1191 515 220 60 juillet
1352 515 180 60 1813.
1472 515 100 60 2
1492 515 80 60 p.

170 570 204 83 in-4.
306 570 136 83 Il
374 570 113 83 y
420 570 113 83 a
465 570 136 83 en
533 570 181 83 tête
646 570 181 83 cinq
760 570 249 83 petites
941 570 227 83 lignes
1100 570 136 83 de
1168 570 136 83 la
1236 570 181 83 main
1349 570 136 83 du
1417 570 159 83 duc
1485 570 91 83 de

60 611 1379 57 Gaëte.
1025 611 690 57 3
1163 611 414 57 »

122 669 192 61 4833.
250 669 406 61 Lemaître
592 669 321 61 (Frédéric),
849 669 235 61 célèbre
1020 669 278 61 comédien.
1234 669 128 61 L.
1298 669 171 61 aut.
1405 669 192 61 sig.,
1512 669 64 61 à

175 710 144 78 son
258 710 309 78 camarade...
505 710 206 78 Paris.
649 710 103 78 1
690 710 144 78 gr.
772 710 123 78 p.
834 710 144 78 pl.
916 710 185 78 in-4.
1040 710 515 78 Portr-charge,
1493 710 103 78 3
1513 710 62 78 »

220 763 131 62 Au
286 763 196 62 sujet
417 763 196 62 d’une
547 763 393 62 représentation
875 763 109 62 à
918 763 153 62 son
1006 763 284 62 bénéfice.
1202 763 240 62 Curieuse.

131 811 176 84 4834.
249 811 352 84 Lenfant
543 811 411 84 (Alex.-Ch.-Anne),
895 811 235 84 jésuite,
1071 811 294 84 prédicateur
1306 811 117 84 de
1345 811 235 84 Stanislas,

177 877 153 50 roi
265 877 131 50 de
330 877 263 50 Pologne,
527 877 175 50 puis
637 877 131 50 de
702 877 306 50 l’empereur
943 877 219 50 Joseph
1096 877 153 50 II.
1184 877 153 50 Néà
1272 877 175 50 Lyon
1381 877 131 50 en
1425 877 153 50 1728;

181 910 257 53 massacré
374 910 107 53 à
416 910 214 53 Paris,
566 910 129 53 le
631 910 107 53 3
674 910 193 53 sept.
802 910 193 53 1792.
931 910 129 53 L.
995 910 172 53 aut.
1102 910 107 53 à
1145 910 150 53 son
1231 910 214 53 ami...
1381 910 129 53 Ce
1424 910 150 53 13...

154 956 429 65 1789.
440 956 238 65 5
535 956 333 65 gr.
726 956 286 65 p.
869 956 333 65 pl.
1059 956 429 65 in-4.
1345 956 286 65 20
1440 956 143 65 »

230 1011 216 68 Lettre
382 1011 454 68 très-intéressante
771 1011 151 68 sur
858 1011 151 68 les
944 1011 303 68 événements
1182 1011 130 68 de
1247 1011 130 68 la
1291 1011 281 68 Révolution.

183 1065 113 57 —
229 1065 384 57 L’acceptation
545 1065 136 57 de
613 1065 136 57 la
681 1065 362 57 Constitution
975 1065 158 57 par
1065 1065 203 57 Louis
1201 1065 181 57 XVI.
1314 1065 113 57 —
1359 1065 158 57 Les
1427 1065 158 57 négo-

185 1101 251 58 ciations
373 1101 167 58 avec
478 1101 146 58 les
561 1101 293 58 souverains
791 1101 293 58 étrangers.
1021 1101 104 58 —
1063 1101 334 58 L’émigration
1334 1101 146 58 des
1397 1101 188 58 princes

183 1153 156 59 ses
272 1153 289 59 frères...
494 1153 178 59 «Que
605 1153 267 59 signifie
806 1153 133 59 ce
872 1153 311 59 préambule,
1117 1153 156 59 que
1206 1153 156 59 des
1295 1153 289 59 intrigues
1495 1153 89 59 de

181 1200 241 60 «Paris,
357 1200 132 60 et
423 1200 154 60 que
510 1200 132 60 ce
576 1200 154 60 nid
664 1200 307 60 d’esclaves
905 1200 285 60 tremblans
1125 1200 198 60 qu’on
1257 1200 241 60 appelle
1410 1200 176 60 encore

182 1259 156 56 «la
271 1259 201 56 cour,
405 1259 268 56 viennent
606 1259 112 56 à
651 1259 179 56 tout
762 1259 223 56 moment
919 1259 268 56 déranger
1120 1259 156 56 les
1209 1259 246 56 rouages
1388 1259 156 56 qui
1455 1259 134 56 sem-

182 1290 223 64 «blent
338 1290 312 64 s’engrener
583 1290 134 64 de
650 1290 178 64 tous
762 1290 223 64 côtés.
918 1290 134 64 Le
985 1290 156 64 roi
1074 1290 290 64 tremblant
1297 1290 178 64 pour
1409 1290 178 64 lui,
1498 1290 89 64 et

184 1345 281 50 «surtout
395 1345 188 50 pour
512 1345 141 50 la
582 1345 235 50 reine;
747 1345 281 50 celle-ci
958 1345 235 50 animée
1122 1345 164 50 par
1216 1345 188 50 deux
1333 1345 258 50 motifs,
1497 1345 94 50 la

186 1395 263 61 «crainte
383 1395 154 61 des
471 1395 263 61 outrages
669 1395 132 61 et
734 1395 175 61 même
844 1395 132 61 de
910 1395 132 61 la
976 1395 197 61 mort,
1107 1395 132 61 si
1173 1395 329 61 l’agression
1436 1395 132 61 de
1480 1395 110 61 son

188 1437 219 71 «frère
341 1437 131 71 se
385 1437 263 71 déclare...

140 1481 183 79 4835.
262 1481 285 79 Léopold
486 1481 245 79 Fer,
670 1481 245 79 empereur
853 1481 143 79 des
935 1481 245 79 Romains,
1118 1481 163 79 fils
1220 1481 122 79 de
1281 1481 265 79 Ferdinand
1465 1481 122 79 III,

186 1539 204 52 connu
323 1539 182 52 dans
436 1539 136 52 la
504 1539 227 52 guerre
663 1539 136 52 de
731 1539 227 52 Trente
890 1539 182 52 ans.
1004 1539 136 52 N.
1072 1539 204 52 1640.
1208 1539 136 52 M.
1276 1539 204 52 1705.
1412 1539 136 52 L.
1458 1539 136 52 sig.

187 1591 152 60 par
274 1591 304 60 l’empereur
513 1591 130 60 et
578 1591 304 60 contresig.
816 1591 152 60 par
903 1591 130 60 un
968 1591 282 60 ministre.
1185 1591 239 60 Vienne,
1358 1591 130 60 19
1402 1591 195 60 janvier

184 1636 236 61 1658.
341 1636 131 61 3
393 1636 183 61 gr.
498 1636 157 61 p.
577 1636 183 61 pl.
681 1636 288 61 in-fol.
891 1636 262 61 Sceau.
1074 1636 288 61 Superbe
1284 1636 262 61 pièce.
1467 1636 131 61 7
1493 1636 105 61 50

141 1685 208 72 4836.
280 1685 671 72 Léopold-Guillaume,
882 1685 278 72 archiduc
1090 1685 347 72 d’Autriche,
1368 1685 231 72 évêque
1506 1685 93 72 de

195 1740 238 53 Passau,
368 1740 173 53 puis
476 1740 130 53 de
541 1740 324 53 Strasbourg,
800 1740 367 53 généralissime
1103 1740 216 53 (après
1254 1740 130 53 la
1319 1740 173 53 mort
1427 1740 130 53 de
1470 1740 130 53 Wal-

201 1785 170 50 lens
307 1785 191 50 tein)
434 1785 127 50 de
498 1785 233 50 l’armée
668 1785 127 50 de
731 1785 297 50 l’empereur
965 1785 276 50 Ferdinand
1177 1785 149 50 III
1262 1785 212 50 contre
1410 1785 149 50 les
1474 1785 127 50 Sué-

192 1829 201 55 dois,
326 1829 313 55 gouverneur
572 1829 157 55 des
662 1829 291 55 Pays-Bas.
886 1829 134 55 Il
953 1829 313 55 commandait
1199 1829 224 55 contre
1356 1829 246 55 Turenne
1512 1829 90 55 et

190 1881 141 56 le
260 1881 234 56 prince
424 1881 141 56 de
494 1881 234 56 Condé.
658 1881 141 56 N.
728 1881 211 56 1614.
869 1881 141 56 M.
939 1881 211 56 1662.
1080 1881 141 56 L.
1150 1881 187 56 sig.
1267 1881 141 56 et
1314 1881 281 56 contresig.

191 1926 154 64 par
279 1926 132 64 un
345 1926 308 64 rainistre.
587 1926 110 64 6
631 1926 264 64 décembre
829 1926 198 64 1642.
961 1926 110 64 3
1005 1926 154 64 gr.
1093 1926 132 64 p.
1159 1926 242 64 in-fol.
1335 1926 220 64 Sceau.
1489 1926 110 64 7
1511 1926 88 64 50

144 1964 180 81 4837.
264 1964 320 81 Livry
524 1964 240 81 (Madaine
703 1964 120 81 la
763 1964 240 81 marquise
943 1964 160 81 de),
1043 1964 140 81 née
1123 1964 120 81 de
1183 1964 320 81 Beauvillier.
1442 1964 120 81 L.
1482 1964 120 81 aut.

191 2043 227 42 sig.,
342 2043 126 42 à
392 2043 252 42 madame
569 2043 151 42 de
644 2043 302 42 Fontenu.
871 2043 126 42 3
921 2043 151 42 p.
997 2043 176 42 pl.
1097 2043 227 42 in-4.
1248 2043 327 42 Curieuse.
1500 2043 126 42 5
1525 2043 76 42 »

150 2064 184 71 4838.
273 2064 389 71 Lorraine
601 2064 246 71 (Charles
785 2064 123 71 V,
847 2064 144 71 duc
929 2064 164 71 de),
1031 2064 349 71 généralissime
1318 2064 144 71 des
1400 2064 205 71 armées
1523 2064 82 71 de

195 2129 319 80 l’empereur
446 2129 250 80 Léopold
628 2129 182 80 Ier.
742 2129 137 80 N.
810 2129 205 80 1643.
947 2129 137 80 M.
1015 2129 182 80 1690
1129 2129 205 80 Pièce
1265 2129 182 80 sig.
1379 2129 159 80 (en
1448 2129 159 80 alle-

186 2171 355 63 mand).
435 2171 213 63 11
542 2171 320 63 sept.
755 2171 320 63 1688.
968 2171 178 63 1
1039 2171 213 63 p.
1146 2171 391 63 in-fol.
1430 2171 178 63 3
1466 2171 142 63 50

153 2212 190 72 4839.
279 2212 253 72 Louis
469 2212 253 72 XVI
658 2212 147 72 roi
743 2212 126 72 de
806 2212 232 72 France.
974 2212 126 72 L.
1037 2212 168 72 aut.
1143 2212 190 72 sig.,
1269 2212 105 72 à
1311 2212 168 72 M...
1416 2212 126 72 22
1459 2212 147 72 sept.

173 2272 359 57 1775.
412 2272 319 57 Deux
612 2272 359 57 tiers
851 2272 239 57 de
970 2272 319 57 page
1170 2272 359 57 in-4.
1409 2272 239 57 60
1488 2272 120 57 »

249 2301 126 72 Il
312 2301 105 72 a
354 2301 209 72 oublié
500 2301 126 72 de
563 2301 230 72 joindre
731 2301 105 72 à
773 2301 126 72 la
835 2301 188 72 liste
961 2301 126 72 de
1024 2301 147 72 ses
1108 2301 293 72 provisions
1338 2301 168 72 dans
1422 2301 188 72 l’ordre

201 2366 139 52 de
270 2366 370 52 Saint-Michel
571 2366 139 52 un
640 2366 208 52 homme
778 2366 185 52 dont
894 2366 139 52 il
963 2366 185 52 fait
1079 2366 139 52 le
1148 2366 185 52 plus
1264 2366 208 52 grand
1402 2366 162 52 cas
1471 2366 139 52 pour

205 2412 123 58 sa
266 2412 204 58 piété,
409 2412 143 58 ses
491 2412 204 58 vertus
634 2412 123 58 et
695 2412 143 58 ses
777 2412 245 58 talents,
961 2412 123 58 M.
1022 2412 245 58 Gresset,
1206 2412 123 58 de
1268 2412 286 58 l’Académie
1472 2412 143 58 fran-

206 2466 256 62 çaise...
398 2466 128 62 Il
462 2466 214 62 permet
611 2466 128 62 au
675 2466 214 62 clergé
825 2466 128 62 de
889 2466 214 62 France
1038 2466 128 62 de
1103 2466 149 62 lui
1188 2466 256 62 apporter
1380 2466 149 62 les
1444 2466 171 62 repré-

205 2510 285 65 sentations
428 2510 183 65 qu’il
550 2510 102 65 a
591 2510 102 65 à
632 2510 142 65 lui
693 2510 203 65 faire...

157 2540 187 74 4840.
282 2540 417 74 Machault,
636 2540 271 74 ministre.
844 2540 125 74 L.
907 2540 167 74 aut.
1011 2540 187 74 sig.,
1136 2540 104 74 à
1178 2540 125 74 M.
1240 2540 125 74 de
1303 2540 229 74 Bovnes.
1448 2540 167 74 Arnou

187 2606 396 54 ville,
465 2606 238 54 10
584 2606 317 54 mars
782 2606 357 54 1772.
1020 2606 198 54 1
1099 2606 238 54 p.
1218 2606 357 54 in-4.
1455 2606 198 54 3
1495 2606 119 54 »

159 2657 190 59 4841.
285 2657 379 59 Machine
601 2657 253 59 proposée
791 2657 126 59 et
854 2657 253 59 exécutée
1043 2657 105 59 à
1086 2657 211 59 Paris,
1233 2657 168 59 pour
1338 2657 211 59 monter
1465 2657 147 59 l’eau

206 2694 130 65 du
271 2694 195 65 grand
401 2694 195 65 puits
531 2694 130 65 de
596 2694 281 65 l’hôpital
812 2694 130 65 de
877 2694 130 65 la
942 2694 346 65 Salpétrière.
1223 2694 390 65 Philippeville,
1526 2694 87 65 17

207 2762 185 64 août
322 2762 208 64 1790.
461 2762 208 64 Pièce
599 2762 346 64 manuscrite.
876 2762 115 64 3
923 2762 139 64 p.
992 2762 254 64 in-fol.
1176 2762 162 64 Les
1269 2762 185 64 deux
1361 2762 254 64 premières
