1599 2922
633 60 182 90 —
705 60 255 90 397
815 60 109 90 —

111 164 192 71 pages
239 164 320 71 contiennent
494 164 128 71 la
558 164 341 71 description,
835 164 128 71 et
899 164 128 71 la
963 164 277 71 troisième
1176 164 128 71 le
1240 164 213 71 dessin
1389 164 128 71 de
1432 164 85 71 la

17 220 1379 55 machine.
1051 220 575 55 4
1166 220 345 55 »

62 265 195 63 4842.
192 265 368 63 Mackau
495 265 238 63 (Madame
668 265 173 63 de),
776 265 195 63 veuve
906 265 259 63 marquise
1100 265 130 63 de
1165 265 216 63 Soucy,
1295 265 216 63 ancienne

108 314 319 61 gouvernante
363 314 149 61 des
448 314 234 61 enfants
618 314 127 61 de
681 314 234 61 France.
851 314 127 61 L.
915 314 170 61 aut.
1021 314 191 61 sig.,
1149 314 106 61 à
1191 314 127 61 M.
1255 314 127 61 le
1298 314 212 61 baron...

97 367 329 54 Paris,
327 367 197 54 30
426 367 361 54 janvier
689 367 296 54 1817.
886 367 164 54 1
951 367 230 54 gr.
1083 367 197 54 p.
1181 367 296 54 in-4.
1379 367 164 54 3
1411 367 99 54 »

59 407 195 74 4843.
189 407 432 74 Mac-Mahon
557 407 151 74 (le
643 407 303 74 lieutenant
881 407 238 74 général
1054 407 238 74 Maurice
1227 407 173 74 de),
1335 407 173 74 père
1422 407 86 74 du

107 458 259 57 maréchal
301 458 129 57 de
366 458 259 57 l’Empire
560 458 129 57 de
625 458 302 57 Mac-Mahon,
862 458 151 57 duc
948 458 129 57 de
1012 458 259 57 Magenta.
1206 458 129 57 L.
1271 458 172 57 aut.
1357 458 151 57 sig.,

102 514 126 46 à
152 514 151 46 M.
228 514 151 46 le
303 514 201 46 duc.
429 514 151 46 ..
504 514 251 46 Paris,
680 514 151 46 15
756 514 277 46 juillet
957 514 226 46 1829.
1108 514 126 46 1
1158 514 151 46 p.
1233 514 226 46 in-4.
1384 514 126 46 4
1435 514 75 46 »

150 546 131 65 Au
216 546 197 65 sujet
347 546 131 65 de
413 546 131 65 la
478 546 285 65 signature
697 546 153 65 par
785 546 131 65 le
850 546 175 65 Roi,
960 546 131 65 du
1026 546 241 65 contrat
1201 546 131 65 de
1266 546 241 65 mariage
1419 546 88 65 de

104 600 156 64 son
193 600 179 64 fils
305 600 223 64 puîné,
461 600 134 64 le
528 600 246 64 vicomte
706 600 223 64 Joseph
863 600 134 64 de
930 600 313 64 Mac-Mahon,
1175 600 156 64 1er
1242 600 268 64 lieutenant

103 645 133 52 au
169 645 133 52 4e
236 645 266 52 régiment
435 645 133 52 de
502 645 288 52 hussards,
723 645 177 52 avec
834 645 177 52 Mlte
945 645 244 52 Eudoxie
1122 645 133 52 de
1166 645 244 52 Montaigu.

58 680 179 79 4844.
177 680 278 79 Maï
396 680 139 79 (le
476 680 239 79 cardinal
654 680 239 79 Angelo),
833 680 199 79 savant
972 680 298 79 philologue.
1211 680 119 79 L.
1271 680 199 79 latine
1390 680 119 79 aut.

103 736 171 81 sig.
209 736 149 81 (en
295 736 277 81 italien),
508 736 128 81 au
572 736 192 81 baron
700 736 128 81 de
764 736 235 81 Mérian,
934 736 299 81 conseiller
1169 736 213 81 d’Etat
1318 736 128 81 de
1361 736 149 81 l’Em-

101 790 234 59 pereur
265 790 141 59 de
335 790 258 59 Russie,
522 790 117 59 à
569 790 234 59 Paris.
733 790 187 59 Rome
850 790 117 59 9
897 790 187 59 mars
1014 790 211 59 1820.
1155 790 117 59 1
1201 790 141 59 p.
1272 790 211 59 in-4.
1412 790 117 59 3
1436 790 70 59 »

54 826 195 64 4845.
184 826 454 64 Maillebois
574 826 238 64 (Madame
747 826 130 64 la
812 826 281 64 maréchale
1028 826 173 64 de),
1136 826 151 64 née
1223 826 281 64 d’Alègre.
1417 826 87 64 L.

100 887 179 53 aut.
212 887 201 53 sig.,
346 887 112 53 à
391 887 134 53 M.
458 887 291 53 Trudaine.
682 887 246 53 Alègre,
861 887 112 53 5
906 887 269 53 novembre
1107 887 201 53 1747.
1241 887 112 53 1
1286 887 134 53 p.
1353 887 157 53 pl.
1420 887 90 53 et

67 931 554 74 demie.
455 931 499 74 in-4.
787 931 610 74 Cachet.
1231 931 277 74 4
1286 931 222 74 50

54 963 191 76 4846.
181 963 382 76 Marbeuf
500 963 234 76 (Madame
670 963 127 76 la
733 963 255 76 comtesse
925 963 170 76 de).
1031 963 127 76 L.
1094 963 170 76 aut.
1201 963 191 76 sig.,
1328 963 106 76 à
1349 963 149 76 M....

88 1034 169 62 3
156 1034 270 62 juin
324 1034 303 62 1791.
526 1034 169 62 1
594 1034 202 62 p.
695 1034 236 62 pl.
830 1034 202 62 et
931 1034 303 62 demie
1133 1034 303 62 in-4.
1335 1034 169 62 2
1369 1034 135 62 50

52 1070 187 84 4847.
177 1070 415 84 Marchangy
530 1070 228 84 (Madame
696 1070 125 84 J.
758 1070 166 84 de).
862 1070 125 84 L.
924 1070 166 84 aut.
1028 1070 187 84 sig.,
1152 1070 104 84 à
1194 1070 125 84 M.
1256 1070 228 84 Soulié,
1401 1070 104 84 ré

98 1121 204 64 dacteur
247 1121 111 64 de
302 1121 111 64 la
358 1121 426 64 Quotidienne
728 1121 185 64 Paris,
858 1121 111 64 31
913 1121 204 64 juillet
1062 1121 167 64 1826.
1173 1121 93 64 2
1210 1121 111 64 p.
1265 1121 167 64 in-8.
1358 1121 148 64 Papier

91 1171 177 64 et
179 1171 295 64 cachet
385 1171 177 64 de
474 1171 265 64 deuil
650 1171 177 64 de
739 1171 177 64 la
827 1171 236 64 mort
975 1171 177 64 de
1063 1171 206 64 son
1181 1171 265 64 mari.
1358 1171 147 64 3
1387 1171 118 64 50

145 1215 112 64 Au
201 1215 168 64 sujet
313 1215 131 64 des
388 1215 112 64 5e
444 1215 112 64 et
500 1215 112 64 6e
556 1215 205 64 volumes
705 1215 112 64 de
761 1215 261 64 Tristan
967 1215 112 64 le
1023 1215 299 64 Voyageur
1265 1215 131 64 qui
1321 1215 187 64 viennent

97 1278 124 53 de
159 1278 269 53 paraître,
366 1278 124 53 et
428 1278 228 53 qu’elle
594 1278 124 53 le
656 1278 165 53 prie
759 1278 352 53 d’annoncer...
1049 1278 186 53 Quand
1173 1278 124 53 il
1235 1278 207 53 s’agit
1380 1278 124 53 de
1421 1278 83 53 la

97 1331 234 50 mémoire
267 1331 128 50 de
331 1331 128 50 M.
395 1331 128 50 de
458 1331 298 50 Marchangy,
692 1331 170 50 elle
799 1331 170 50 doit
905 1331 277 50 sacrifier
1118 1331 128 50 au
1182 1331 213 50 devoir
1310 1331 191 50 qu’elle

97 1361 141 60 lui
177 1361 221 60 impose,
338 1361 141 60 les
418 1361 241 60 craintes
599 1361 121 60 de
659 1361 281 60 latimidité
880 1361 121 60 et
941 1361 141 60 les
1021 1361 301 60 souffrances
1262 1361 121 60 de
1302 1361 201 60 l’amour

65 1419 269 64 propre...

47 1427 199 100 4848.
179 1427 552 100 Maric-Thérèse,
665 1427 331 100 impératrice
929 1427 353 100 d’Allemagne,
1216 1427 287 100 surnommée
1415 1427 88 100 la

97 1514 356 65 Grande
394 1514 119 65 L.
453 1514 158 65 sig.
552 1514 138 65 (en
631 1514 277 65 allémand),
849 1514 119 65 au
908 1514 198 65 prince
1046 1514 237 65 Nadasti.
1224 1514 217 65 Vienne,
1363 1514 138 65 avril

92 1563 186 59 1747.
217 1563 104 59 4
258 1563 124 59 p.
320 1563 145 59 pl.
403 1563 228 59 in-fol.
568 1563 269 59 Enveloppe
775 1563 166 59 avec
879 1563 207 59 cachet
1024 1563 104 59 à
1065 1563 124 59 la
1127 1563 166 59 cire
1231 1563 207 59 rouge.
1355 1563 145 59 Belle

-0 1610 1270 62 lettre.
923 1610 693 62 10
1154 1610 346 62 »

46 1633 195 79 4849.
176 1633 412 79 Mathias,
523 1633 260 79 empereur
718 1633 152 79 des
805 1633 260 79 Romains,
1000 1633 173 79 fils
1109 1633 130 79 de
1174 1633 304 79 Maximilien
1391 1633 108 79 II.

93 1697 126 59 N.
156 1697 189 59 1577.
282 1697 126 59 M.
345 1697 189 59 1619.
471 1697 126 59 L.
534 1697 168 59 sig.
639 1697 147 59 (en
723 1697 273 59 allemand)
932 1697 126 59 et
995 1697 294 59 contresig.
1226 1697 210 59 Rentz.
1352 1697 147 59 1597.

64 1751 248 53 2
164 1751 347 53 gr.
362 1751 297 53 p.
510 1751 545 53 in-fol.
907 1751 495 53 Sceau.
1253 1751 248 53 7
1303 1751 198 53 50

44 1792 205 62 4850.
181 1792 387 62 Maximilien
499 1792 228 62 HI
659 1792 273 62 empereur
864 1792 159 62 des
955 1792 273 62 Romains,
1160 1792 182 62 fils
1273 1792 137 62 de
1319 1792 182 62 Ferdi

90 1846 168 64 nand
195 1846 168 64 1er.
300 1846 126 64 N.
363 1846 189 64 1527.
490 1846 126 64 M.
553 1846 189 64 1618.
679 1846 189 64 Pièce
805 1846 168 64 sig.
910 1846 126 64 et
973 1846 294 64 contresig.
1205 1846 147 64 par
1268 1846 231 64 plusieurs

93 1899 264 61 ministres
296 1899 142 61 (en
377 1899 285 61 allemand.)
601 1899 183 61 1552.
723 1899 102 61 1
763 1899 122 61 p.
824 1899 203 61 double
967 1899 285 61 (in-plano)
1190 1899 224 61 in-fol.
1332 1899 163 61 Sceau.

48 1942 881 55 Très-belle
740 1942 629 55 pièce.
1180 1942 377 55 10
1306 1942 189 55 »

44 1994 164 66 4851.
153 1994 273 66 Miot
371 1994 382 66 (André-François),
698 1994 164 66 comte
807 1994 109 66 de
862 1994 327 66 Mélito
1134 1994 273 66 commissaire
1353 1994 127 66 des
1407 1994 91 66 re

92 2034 234 60 lations
262 2034 340 60 extérieures,
538 2034 340 60 ambassadeur,
814 2034 170 60 etc.
920 2034 191 60 Pièce
1048 2034 170 60 aut.
1154 2034 170 60 sig.
1260 2034 106 60 1
1303 2034 127 60 p.
1345 2034 149 60 in

56 2087 443 52 Tête
332 2087 498 52 impr.
665 2087 720 52 Vignette.
1218 2087 277 52 2
1274 2087 221 52 50

43 2134 192 51 4852.
171 2134 406 51 Mirepoix
512 2134 171 51 (Mme
619 2134 128 51 la
683 2134 299 51 maréchale,
918 2134 256 51 duchesse
1110 2134 171 51 de),
1217 2134 149 51 née
1302 2134 128 51 de
1345 2134 149 51 Beau

86 2176 171 60 vau.
192 2176 128 60 L.
257 2176 171 60 aut.
363 2176 192 60 sig.,
492 2176 107 60 à
534 2176 128 60 M.
598 2176 128 60 de
663 2176 321 60 Boullongne.
919 2176 128 60 24
983 2176 192 60 sept.
1111 2176 192 60 1767.
1240 2176 107 60 1
1282 2176 128 60 p.
1346 2176 150 60 pl.
1411 2176 85 60 et

18 2234 830 58 demie
571 2234 830 58 in-4.
1125 2234 461 58 4
1217 2234 277 58 »

136 2279 124 69 Au
198 2279 185 69 sujet
322 2279 124 69 de
384 2279 124 69 la
445 2279 350 69 gratification
734 2279 144 69 que
816 2279 124 69 le
878 2279 144 69 roi
960 2279 103 69 a
1002 2279 227 69 ordonné
1166 2279 185 69 qu’on
1290 2279 144 69 lui
1352 2279 144 69 payât

61 2327 348 71 sur

41 2352 192 101 4853.
169 2352 406 101 Mirepoix
511 2352 171 101 (Mme
617 2352 128 101 la
681 2352 299 101 maréchale,
916 2352 256 101 duchesse
1109 2352 171 101 de),
1215 2352 150 101 née
1301 2352 128 101 de
1343 2352 150 101 Beau

89 2424 160 60 vau.
189 2424 180 60 Ordre
309 2424 180 60 signé
430 2424 120 60 de
490 2424 180 60 Louis
610 2424 160 60 XVI,
710 2424 160 60 avec
811 2424 140 60 ces
891 2424 160 60 mots
991 2424 180 60 aut.:
1111 2424 301 60 Comptant
1332 2424 160 60 au

89 2483 253 58 trésor
283 2483 195 58 royal.
420 2483 136 58 Bon
498 2483 214 58 (biffés
653 2483 175 58 après
770 2483 253 58 payement)
965 2483 117 58 de
1024 2483 175 58 payer
1140 2483 234 58 comptant
1316 2483 97 58 à
1335 2483 156 58 ma

86 2522 293 61 cousine,
321 2522 137 61 Mme
399 2522 117 61 la
457 2522 254 61 maréchale
653 2522 117 61 de
711 2522 254 61 Mirepoix,
906 2522 156 61 dame
1004 2522 117 61 du
1063 2522 195 61 palais
1199 2522 117 61 de
1258 2522 156 61 feue
1336 2522 156 61 la

87 2567 257 68 reine,
285 2567 138 68 mon
364 2567 217 68 ayeule,
522 2567 119 68 la
582 2567 178 68 somme
700 2567 198 68 de
839 2567 237 68 DIX-NEUF
1016 2567 178 68 MILLE
1135 2567 158 68 CINÇ
1234 2567 178 68 CENTS
1333 2567 158 68 LIVRES

85 2617 204 62 pour
234 2617 111 62 le
289 2617 222 62 quartier
456 2617 111 62 de
512 2617 204 62 janvier
660 2617 111 62 de
716 2617 111 62 la
771 2617 222 62 présente
938 2617 185 62 année,
1068 2617 111 62 de
1123 2617 185 62 78,000
1253 2617 148 62 liv.
1327 2617 167 62 qu

89 2668 187 59 lui
220 2668 131 59 ont
295 2668 131 59 été
369 2668 243 59 accordées
556 2668 317 59 annuellement,
818 2668 112 59 et
874 2668 149 59 sans
967 2668 205 59 retenue
1116 2668 131 59 par
1191 2668 112 59 le
1247 2668 131 59 feu
1303 2668 187 59 ro,

87 2712 187 92 mon
218 2712 187 92 ayeul,
349 2712 150 92 pour
442 2712 131 92 lui
517 2712 168 92 tenir
629 2712 243 92 lieu
816 2712 150 92 etc.
910 2712 280 92 Versailles,
1134 2712 93 92 3
1171 2712 168 92 janv.
1283 2712 168 92 1779.
1396 2712 93 92 1
1414 2712 75 92 p.

-11 2762 1271 77 in-fol.
913 2762 693 77 40
1144 2762 347 77 »
