1661 3024
610 72 185 88 —
647 72 185 88 399

43 166 177 74 4869.
161 166 295 74 Peel
398 166 256 74 (Robert),
594 166 217 74 célèbre
752 166 236 74 ministre
929 166 236 74 anglais.
1106 166 256 74 Enveloppe
1303 166 118 74 de
1343 166 157 74 lettre

88 233 195 64 aut.
209 233 195 64 sig.
331 233 219 64 (neuf
478 233 268 64 petites
672 233 292 64 lignes).
892 233 171 64 Gr.
989 233 195 64 in-8
1111 233 146 64 en
1184 233 292 64 travers.
1404 233 122 64 3
1428 233 73 64 »

42 271 193 78 4870.
170 271 473 78 Picsolomini
578 271 150 78 (le
664 271 236 78 général
836 271 258 78 Octave),
1029 271 150 78 duc
1115 271 279 78 d’Amalfi,
1309 271 193 78 célèbre

89 329 171 66 dans
196 329 128 66 la
260 329 214 66 guerre
410 329 128 66 de
474 329 214 66 trente
624 329 171 66 ans.
731 329 128 66 N.
795 329 193 66 1599.
923 329 128 66 M.
987 329 193 66 1656.
1116 329 128 66 L.
1180 329 171 66 sig.
1287 329 150 66 (en
1351 329 150 66 alle-

87 380 236 56 mand).
252 380 212 56 1651.
394 380 118 56 1
441 380 141 56 p.
512 380 259 56 in-fol.
700 380 330 56 Mouillures
960 380 141 56 en
1030 380 189 56 haut
1148 380 141 56 et
1219 380 141 56 en
1290 380 189 56 bas.
1408 380 118 56 4
1431 380 71 56 »

46 434 180 83 4871.
166 434 339 83 Pictet
445 434 359 83 (Marc-Auguste)
744 434 120 83 de
804 434 219 83 Genève,
964 434 279 83 physicien,
1183 434 219 83 tribun.
1342 434 120 83 L.
1382 434 120 83 aut.

86 478 202 56 sig.
212 478 152 56 (à
288 478 152 56 la
364 478 152 56 3e
440 478 354 56 personne).
718 478 152 56 11
794 478 253 56 nivôse
971 478 152 56 an
1047 478 177 56 XI.
1148 478 126 56 1
1199 478 126 56 p
1249 478 228 56 in-8.
1401 478 126 56 2
1426 478 76 56 »

47 517 190 75 4872.
174 517 338 75 Piron
448 517 253 75 (Alexis)
638 517 190 75 poëte
764 517 317 75 dramatique.
1018 517 127 75 L.
1081 517 169 75 aut.
1186 517 106 75 à
1229 517 169 75 Mlle
1334 517 127 75 de
1376 517 127 75 Bar,

95 583 123 73 (sa
166 583 194 73 femme).
307 583 369 73 Bruxelles
623 583 106 73 ce
676 583 211 73 dimanche
834 583 106 73 20
887 583 317 73 juillet
1151 583 158 73 1738.
1257 583 88 73 3
1292 583 106 73 p.
1345 583 106 73 et
1380 583 123 73 demie

67 633 347 63 gr.
266 633 396 63 in-4
513 633 892 63 cachet
1256 633 297 63 35
1355 633 149 63 »

142 660 198 68 Belle
274 660 132 68 et
340 660 263 68 curieuse
537 660 220 68 lettre
691 660 241 68 dirigée
866 660 132 68 en
932 660 220 68 partie
1086 660 220 68 contre
1240 660 132 68 J.
1305 660 132 68 B.
1349 660 154 68 Rous-

92 716 259 70 seau...
281 716 376 70 «...Rousseau
586 716 165 70 est
680 716 235 70 devenu
845 716 165 70 mon
939 716 306 70 vieillard
1174 716 141 70 de
1244 716 141 70 la
1315 716 188 70 mer,
1409 716 94 70 et

93 775 430 59 «parconséquent
451 775 191 59 j’ay
571 775 167 59 sur
666 775 167 59 les
762 775 263 59 épaules
953 775 167 59 une
1048 775 215 59 meule
1192 775 143 59 de
1263 775 239 59 moulin
1406 775 96 59 de

98 816 251 63 «marbre,
287 816 189 63 aussy
412 816 210 63 lourde
559 816 126 63 et
622 816 189 63 aussy
748 816 210 63 froide
894 816 189 63 qu’il
1020 816 105 63 y
1062 816 126 63 en
1125 816 210 63 puisse
1272 816 210 63 avoir.
1397 816 105 63 Son

99 870 308 64 «assiduité
341 870 176 64 sert
451 870 110 64 à
495 870 132 64 me
561 870 132 64 le
627 870 308 64 déveloper,
868 870 132 64 et
934 870 132 64 je
1000 870 176 64 vous
1110 870 198 64 avoue
1242 870 198 64 qu’il
1352 870 154 64 n'est

95 916 195 55 «pas
216 916 195 55 trop
338 916 195 55 bon.
460 916 219 55 C’est
606 916 146 55 un
679 916 292 55 consommé
898 916 146 55 de
971 916 268 55 Panurge
1165 916 146 55 et
1238 916 146 55 de
1311 916 146 55 la
1360 916 146 55 Ran-

98 965 264 49 «cune...
296 965 132 49 Il
362 965 110 49 a
406 965 176 49 beau
515 965 198 49 dire,
647 965 132 49 il
713 965 132 49 me
779 965 220 49 paraît
933 965 154 49 icy
1021 965 351 49 très-déserté
1306 965 154 49 des
1372 965 132 49 hon-

97 1014 226 55 «nêtes
256 1014 204 55 gens.
391 1014 136 55 Il
459 1014 181 55 fait
572 1014 294 55 ardemment
799 1014 136 55 sa
867 1014 181 55 cour
980 1014 158 55 aux
1070 1014 271 55 jésuites
1274 1014 136 55 et
1342 1014 158 55 vit
1410 1014 90 55 en

100 1063 188 55 «sage
226 1063 230 55 écolier
393 1063 167 55 avec
497 1063 167 55 eux.
602 1063 125 55 Il
665 1063 167 55 nous
769 1063 146 55 dit
853 1063 146 55 que
936 1063 125 55 M.
999 1063 125 55 de
1062 1063 293 55 Malézieux,
1292 1063 209 55 lisant
1417 1063 84 55 un

97 1111 178 57 «soi
208 1111 134 57 la
275 1111 201 57 Bible
409 1111 111 57 à
453 1111 134 57 M.
520 1111 134 57 le
587 1111 156 57 duc
676 1111 134 57 du
743 1111 201 57 Maine
877 1111 134 57 et
944 1111 134 57 en
1011 1111 201 57 étant
1144 1111 111 57 à
1189 1111 134 57 un
1256 1111 245 57 endroit
1412 1111 89 57 où

101 1159 133 55 «il
177 1159 95 55 y
215 1159 190 55 avait:
348 1159 152 55 Dieu
442 1159 133 55 luy
518 1159 209 55 apparut
670 1159 114 55 en
727 1159 322 55 songe
992 1159 114 55 il
1049 1159 133 55 lut
1125 1159 152 55 Dieu
1220 1159 133 55 lui
1295 1159 209 55 apparut
1428 1159 76 55 en

103 1202 383 56 «singeparce
429 1202 134 56 que
505 1202 134 56 l'o
582 1202 115 56 se
640 1202 230 56 trouvait
812 1202 211 56 effacé;
965 1202 134 56 sur
1042 1202 153 56 quoy
1138 1202 115 56 le
1195 1202 192 56 prince
1330 1202 134 56 luy
1387 1202 115 56 dit:

103 1247 293 61 «Malézieux,
338 1247 156 61 vous
435 1247 176 61 lisez
552 1247 156 61 mal,
650 1247 117 61 il
708 1247 156 61 doit
806 1247 98 61 y
845 1247 176 61 avoir
962 1247 117 61 en
1020 1247 312 61 songe
1274 1247 98 61 —
1293 1247 215 61 Pourquoi,

106 1312 146 67 «dit
197 1312 219 67 l’autre,
361 1312 127 67 n’y
434 1312 237 67 aurait-il
616 1312 127 67 pas
689 1312 109 67 en
743 1312 291 67 singe?
980 1312 219 67 N’est-il
1144 1312 127 67 pas
1217 1312 219 67 loisible
1381 1312 91 67 à
1399 1312 109 67 Dieu

101 1349 373 77 «d’apparoître
408 1349 175 77 dans
518 1349 132 77 la
584 1349 197 77 forme
715 1349 154 77 qui
803 1349 154 77 luy
869 1349 263 77 plaît?...»

57 1374 186 98 4873.
182 1374 331 98 Piron
451 1374 269 98 (Alexis),
658 1374 186 98 poëte
782 1374 311 98 dramatique.
1031 1374 124 98 L.
1093 1374 166 98 aut.
1196 1374 104 98 à
1238 1374 124 98 M.
1300 1374 124 98 de
1341 1374 166 98 Livry.

96 1448 169 67 Ce
180 1448 310 67 samedi.
406 1448 141 67 4
462 1448 169 67 p.
547 1448 197 67 pl.
660 1448 254 67 in-4.
829 1448 395 67 Très-belle
1139 1448 310 67 lettre.
1365 1448 169 67 30
1421 1448 85 67 »

151 1504 151 64 «Le
238 1504 215 64 Rameau
388 1504 237 64 d’olive
560 1504 172 64 soit
668 1504 108 64 à
711 1504 194 64 Livry
840 1504 194 64 aussi
969 1504 172 64 bien
1077 1504 151 64 que
1163 1504 129 64 le
1227 1504 237 64 laurier
1378 1504 129 64 d’A-

103 1550 249 60 «myclus
284 1550 158 60 est
375 1550 181 60 dans
488 1550 158 60 mon
578 1550 385 60 vaisseau!...»
895 1550 136 60 Ce
963 1550 271 60 qu’était
1167 1550 249 60 Amyclus
1325 1550 181 60 etzson

105 1595 285 62 laurier...
329 1595 204 62 Fetite
471 1595 183 62 pièce
593 1595 183 62 qu’on
715 1595 244 62 pourrait
898 1595 183 62 faire
1021 1595 142 62 sur
1102 1595 122 62 ce
1163 1595 285 62 laurier...
1387 1595 122 62 Il
1428 1595 81 62 se

105 1643 217 62 console
263 1643 119 62 en
323 1643 257 62 apprenant
520 1643 158 62 tous
619 1643 138 62 les
698 1643 178 62 jours
817 1643 178 62 qu’on
936 1643 237 62 approche
1114 1643 158 62 d’un
1212 1643 178 62 Te
1311 1643 198 62 Deum

101 1704 132 61 «A
167 1704 132 61 ce
233 1704 242 61 propos,
409 1704 132 61 je
474 1704 264 61 conterai
672 1704 132 61 ce
738 1704 154 61 qui
826 1704 132 61 se
892 1704 220 61 débite
1046 1704 154 61 icy
1134 1704 154 61 sur
1221 1704 132 61 le
1287 1704 220 61 compte
1419 1704 88 61 du

102 1755 346 47 «gouverneur
379 1755 138 47 du
448 1755 323 47 Languedoc.
702 1755 138 47 On
771 1755 161 47 dit
863 1755 208 47 qu’il
1002 1755 115 47 y
1048 1755 208 47 exige
1186 1755 185 47 tous
1301 1755 161 47 les
1371 1755 138 47 hon-

102 1793 234 57 «neurs
265 1793 187 57 dont
382 1793 140 57 se
452 1793 164 57 fut
546 1793 211 57 avisé
686 1793 327 57 l’ambition
944 1793 140 57 du
1014 1793 281 57 cardinal
1224 1793 140 57 de
1294 1793 164 57 son
1365 1793 140 57 nom.

108 1835 220 59 «Canon,
268 1835 220 59 visite,
428 1835 260 59 harangue,
628 1835 180 59 Te
748 1835 260 59 Deum
948 1835 120 59 Il
1008 1835 120 59 ne
1068 1835 140 59 vit
1148 1835 160 59 plus
1248 1835 140 59 que
1328 1835 120 59 de
1368 1835 140 59 cela.

104 1885 156 57 «Un
193 1885 201 57 vieux
327 1885 268 57 chanoine
528 1885 112 57 à
573 1885 134 57 la
640 1885 179 57 tête
752 1885 179 57 d’un
864 1885 268 57 chapitre
1065 1885 268 57 condamné
1266 1885 112 57 à
1311 1885 134 57 le
1356 1885 156 57 venir

103 1937 352 54 «haranguer,
384 1937 211 54 étant
525 1937 188 54 venu
642 1937 141 54 en
712 1937 281 54 présence
924 1937 188 54 pour
1041 1937 211 54 cela,
1182 1937 164 54 lui
1275 1937 117 54 a
1299 1937 211 54 demandé

107 1979 267 70 «comment
307 1979 134 70 se
374 1979 245 70 portait
552 1979 134 70 le
619 1979 178 70 roy.
730 1979 111 70 —
774 1979 134 70 Le
841 1979 156 70 duc
930 1979 245 70 surpris
1108 1979 134 70 de
1175 1979 200 70 cette
1286 1979 223 70 question

108 2035 312 60 «familière
353 2035 156 60 est
442 2035 200 60 resté
575 2035 178 60 muet
686 2035 134 60 et
753 2035 289 60 interdit.
976 2035 134 60 Le
1043 2035 223 60 prêtre
1198 2035 111 60 a
1221 2035 289 60 recommencé:

101 2074 171 72 «M.
198 2074 146 72 le
271 2074 195 72 duc,
393 2074 146 72 je
466 2074 195 72 vous
588 2074 268 72 demande
783 2074 268 72 comment
979 2074 146 72 se
1052 2074 219 72 porte
1198 2074 146 72 le
1271 2074 195 72 roy.
1369 2074 146 72 Fort

105 2137 204 51 «bien
241 2137 113 51 a
287 2137 159 51 dit
378 2137 340 51 brusquement
650 2137 136 51 M.
718 2137 136 51 de
786 2137 318 51 Richelieu.
1036 2137 136 51 Le
1104 2137 272 51 chanoine
1308 2137 204 51 alors
1421 2137 91 51 se

107 2179 290 65 «tournant
330 2179 179 65 vers
442 2179 134 65 le
508 2179 290 65 chapitre:
732 2179 179 65 Vous
843 2179 290 65 entendez,
1067 2179 313 65 Messieurs,
1312 2179 156 65 les
1379 2179 134 65 nou-

108 2226 266 57 «velles
301 2226 169 57 que
398 2226 291 57 Monsieur
616 2226 194 57 nous
737 2226 218 57 donne
883 2226 145 57 de
955 2226 145 57 la
1028 2226 218 57 bonne
1173 2226 218 57 santé
1318 2226 145 57 du
1367 2226 145 57 roy,

111 2263 223 72 «allons
273 2263 122 72 en
334 2263 203 72 rendre
476 2263 203 72 grâces
618 2263 101 72 à
659 2263 183 72 (Dieu
780 2263 142 72 par
862 2263 122 72 un
922 2263 183 72 Te
1044 2263 244 72 Deum
1227 2263 122 72 où
1288 2263 122 72 M.
1349 2263 122 72 le
1389 2263 122 72 gou-

109 2324 259 58 «verneur
304 2324 173 58 nous
411 2324 173 58 fera
519 2324 173 58 sans
627 2324 194 58 doute
756 2324 129 58 la
821 2324 194 58 grâce
950 2324 323 58 d’assister.
1209 2324 194 58 Aussy
1317 2324 194 58 fit

111 2380 284 45 «quoiqu’il
334 2380 142 45 eût
415 2380 223 45 demandé
577 2380 122 45 ce
638 2380 182 45 Te
760 2380 243 45 Deum
942 2380 162 45 pour
1023 2380 284 45 lui

65 2408 165 80 4874.
175 2408 294 80 Piron
413 2408 239 80 (Alexis),
597 2408 165 80 poëte
707 2408 275 80 dramatique.
928 2408 165 80 àA
1038 2408 147 80 Mlle
1129 2408 202 80 Depoix,
1276 2408 165 80 fille
1368 2408 147 80 de

111 2471 108 52 84
165 2471 270 52 ans
381 2471 144 52 Neuf
471 2471 144 52 vers
560 2471 144 52 aut.
650 2471 144 52 sig.
740 2471 162 52 Le
848 2471 180 52 Berger
974 2471 198 52 Aleais,
1118 2471 180 52 Berger
1243 2471 108 52 du
1279 2471 234 52 Lignon

112 2512 164 60 Suivi
221 2512 128 60 de:
294 2512 329 60 Réponse
568 2512 146 60 (aux
660 2512 146 60 vers
751 2512 128 60 qui
824 2512 274 60 précèdent).
1043 2512 91 60 —
1080 2512 292 60 Epigramme
1317 2512 128 60 sur
1372 2512 146 60 ce

109 2550 260 68 qu’on
304 2550 130 68 me
369 2550 260 68 menaçait
564 2550 130 68 de
629 2550 130 68 la
694 2550 217 68 colère
846 2550 130 68 de
911 2550 282 68 Voltaire.
1127 2550 108 68 —
1171 2550 108 68 A
1214 2550 152 68 Mme
1300 2550 130 68 de
1344 2550 173 68 Ge

111 2611 305 77 (Geoffrin),
355 2611 163 77 à
457 2611 142 77 son
538 2611 204 77 retour
681 2611 122 77 de
742 2611 326 77 Pologne
1006 2611 265 77 Ensemble,
1210 2611 122 77 2.
1271 2611 122 77 p.
1332 2611 142 77 pl.
1393 2611 122 77 aut.

4 2651 1134 69 in-4.
760 2651 630 69 1
1012 2651 630 69 2
1138 2651 378 69 »

63 2703 195 59 4875.
193 2703 347 59 Piron
475 2703 390 59 (Marie-Thérèse
800 2703 303 59 Quenaudon,
1038 2703 195 59 femme
1168 2703 152 59 de)
1255 2703 217 59 connue
1385 2703 130 59 sous

111 2762 126 82 le
174 2762 147 82 nom
258 2762 126 82 de
321 2762 168 82 Mlle
426 2762 126 82 de
488 2762 168 82 Bar,
593 2762 189 82 femme
719 2762 336 82 d’infiniment
992 2762 273 82 d’esprit.
1201 2762 252 82 Lectrice
1390 2762 126 82 de
1432 2762 84 82 la
