1559 2972
97 200 257 70 marquise
290 200 129 70 de
354 200 257 70 Mimeure.
547 200 129 70 L.
611 200 193 70 aut.,
740 200 107 70 à
783 200 215 70 Piron.
933 200 129 70 Ce
998 200 193 70 mardi
1126 200 129 70 au
1191 200 193 70 soir.
1319 200 107 70 1
1362 200 129 70 p.
1405 200 86 70 et

32 260 771 62 demie
546 260 771 62 in-4.
1060 260 514 62 12
1231 260 257 62 »

144 313 246 56 «Madame
323 313 314 56 l’académie
569 313 157 56 est
659 313 291 56 orpheline
883 313 134 56 de
950 313 291 56 dimanche,
1174 313 157 56 par
1264 313 134 56 le
1309 313 179 56 départ

97 347 152 68 «de
184 347 130 68 la
249 347 261 68 marquise
445 347 130 68 de
510 347 261 68 Lambert,
706 347 152 68 qui
793 347 217 68 partit
945 347 130 68 ce
1011 347 261 68 jour-là,
1206 347 109 68 à
1250 347 152 68 six
1315 347 174 68 heures

97 398 157 58 «du
186 398 202 58 soir,
321 398 179 58 pour
433 398 157 58 les
523 398 247 58 espaces
702 398 359 58 imaginaires.
994 398 179 58 Dieu
1106 398 135 58 la
1173 398 314 58 maintienne
1397 398 90 58 en

98 435 190 71 «joie
225 435 338 71 métaphisique
499 435 127 71 et
563 435 169 71 nous
668 435 127 71 en
732 435 169 71 joie
837 435 275 71 phisique.
1048 435 190 71 Ainsi
1175 435 275 71 soit-il!»
1365 435 127 71 Sar-

101 486 174 57 razin
216 486 135 57 lui
294 486 96 57 a
332 486 135 57 dit
409 486 174 57 qu’on
525 486 193 57 jouait
660 486 116 57 le
718 486 251 57 Temple
911 486 116 57 du
968 486 231 57 goût
1142 486 135 57 aux
1219 486 251 57 Italiens;
1393 486 96 57 que

99 541 253 86 Voltaire
288 541 105 86 y
331 541 190 86 était
457 541 232 86 déchiré
625 541 168 86 sans
731 541 211 86 mesure
878 541 126 86 et
941 541 147 86 lui
1026 541 253 86 (Piron),
1215 541 253 86 critiqué
1384 541 105 86 sur

103 584 173 59 quatre
224 584 139 59 vers
311 584 104 59 de
363 584 312 59 Gustave
605 584 104 59 etc.

51 608 193 96 4876.
179 608 343 96 Piron
458 608 386 96 (Marie-Thérèse
780 608 300 96 Quenaudon,
1016 608 193 96 femme
1145 608 172 96 de).
1252 608 129 96 L.
1316 608 193 96 aut.,
1424 608 64 96 à

75 687 442 80 Piron.
384 687 221 80 1
472 687 265 80 p.
605 687 265 80 et
737 687 397 80 demie
1002 687 397 80 in-4.
1267 687 265 80 10
1356 687 132 80 »

145 723 174 64 «Eh!
254 723 195 64 bien,
384 723 239 64 vieille
557 723 217 64 topie,
709 723 130 64 il
774 723 174 64 faut
883 723 174 64 donc
991 723 130 64 un
1056 723 195 64 arest
1186 723 130 64 du
1251 723 195 64 Sénat
1360 723 130 64 pour

98 779 209 54 «vous
237 779 255 54 obliger
422 779 116 54 à
469 779 301 54 m’écrire.
701 779 185 54 Vous
817 779 232 54 faites
979 779 185 54 donc
1095 779 185 54 bien
1211 779 139 54 le
1257 779 232 54 débauché

100 820 270 76 «puisque
302 820 180 76 vous
414 820 135 76 ne
481 820 225 76 trouvé
639 820 157 76 pas
728 820 135 76 un
796 820 225 76 moment
953 820 157 76 qui
1043 820 180 76 vous
1155 820 180 76 face
1245 820 247 76 réfléchir

100 873 168 60 «que
205 873 126 60 je
268 873 168 60 suis
373 873 126 60 en
436 873 189 60 peine
562 873 231 60 devotre
730 873 231 60 silence
899 873 126 60 ..
962 873 168 60 Vous
1067 873 315 60 portés-vous
1298 873 189 60 bien...

99 931 190 58 «tant
225 931 211 58 mieux,
373 931 169 58 j’en
478 931 169 58 suis
584 931 169 58 fort
689 931 232 58 aisc...
858 931 126 58 Si
921 931 190 58 notre
1047 931 148 58 ami
1132 931 190 58 Faget
1258 931 190 58 avait
1364 931 126 58 fait

98 969 301 58 «resource
330 969 139 58 ou
399 969 162 58 que
492 969 162 58 son
585 969 301 58 impudence
817 969 162 58 lui
909 969 162 58 pût
1002 969 278 58 procurer
1211 969 139 58 un
1257 969 232 58 carosse,

101 1019 185 56 «des
217 1019 185 56 ânes
332 1019 139 56 ou
402 1019 139 56 un
471 1019 301 56 tombereau
703 1019 185 56 pour
819 1019 255 56 pouvoir
1004 1019 208 56 venir
1143 1019 185 56 avec
1258 1019 139 56 ce
1305 1019 185 56 truand

99 1075 157 77 «de
188 1075 269 77 Médalon,
390 1075 135 77 on
457 1075 224 77 feroit
614 1075 202 77 jouer
749 1075 157 77 les
839 1075 179 77 eaux
951 1075 179 77 pour
1063 1075 157 77 eux
1153 1075 202 77 comme
1287 1075 179 77 pour
1377 1075 112 77 des

99 1113 342 70 «honnettes
368 1113 269 70 gens...
539 1113 73 70 »

55 1137 177 119 4877.
173 1137 335 119 Plessy
449 1137 216 119 (Mlle),
606 1137 216 119 actrice
764 1137 118 119 dn
823 1137 413 119 Théâtre-Français.
1177 1137 118 119 L.
1236 1137 157 119 aut.
1335 1137 177 119 sig.,
1433 1137 59 119 à

81 1211 342 77 Mlle
295 1211 470 77 Pontus.
636 1211 213 77 2
722 1211 256 77 p.
850 1211 299 77 pl.
1020 1211 384 77 in-4.
1277 1211 213 77 3
1319 1211 171 77 50

148 1252 238 66 Demande
321 1252 130 66 de
386 1252 216 66 divers
538 1252 324 66 costumes...
797 1252 195 66 «Tous
927 1252 151 66 les
1013 1252 216 66 habits
1165 1252 130 66 de
1230 1252 238 66 l’école
1381 1252 108 66 des

103 1300 325 77 «vieillards
363 1300 130 77 et
428 1300 152 77 fde
515 1300 238 77 Dorante
688 1300 173 77 dans
797 1300 130 77 le
862 1300 152 77 jeu
948 1300 130 77 de
1013 1300 238 77 l’amour
1187 1300 130 77 et
1252 1300 130 77 du
1295 1300 195 77 hazard,

105 1363 194 62 «sans
235 1363 237 62 oublier
407 1363 302 62 chaussure,
644 1363 280 62 perruque,
860 1363 194 62 etc.,
989 1363 172 62 ete.
1075 1363 65 62 »

54 1379 180 78 4878.
174 1379 379 78 Posselt,
493 1379 379 78 bibliothécaire,
813 1379 100 78 à
853 1379 220 78 Prague.
1013 1379 120 78 L.
1073 1379 160 78 aut.
1172 1379 180 78 sig.,
1292 1379 100 78 à
1332 1379 120 78 M.
1372 1379 120 78 Lan

101 1452 202 62 glès,
235 1452 224 62 membre
392 1452 134 62 de
459 1452 336 62 l’Institut.
728 1452 247 62 Prague,
907 1452 134 62 en
975 1452 247 62 Bohême,
1154 1452 157 62 1er
1243 1452 179 62 août
1333 1452 157 62 1815.

94 1499 145 50 3
152 1499 174 50 p.
239 1499 262 50 in-4.
414 1499 349 50 Curieuse
675 1499 291 50 lettre
879 1499 581 50 bibliographique.
1373 1499 145 50 3
1402 1499 87 50 »

54 1537 190 75 4879.
180 1537 400 75 Pothenot
517 1537 295 75 (Laurent),
749 1537 211 75 membre
896 1537 126 75 de
960 1537 295 75 l’Académie
1191 1537 147 75 des
1254 1537 232 75 sciences,

101 1595 295 70 professeur
332 1595 126 70 en
396 1595 126 70 la
459 1595 210 70 chaire
606 1595 126 70 de
669 1595 379 70 mathématiques,
985 1595 210 70 fondée
1132 1595 147 70 par
1216 1595 126 70 de
1280 1595 126 70 la
1322 1595 168 70 Ramée,

102 1644 154 54 dit
190 1644 220 54 Ramus,
344 1644 132 54 au
410 1644 242 54 collège
586 1644 220 54 royal.
740 1644 220 54 Quitt.
893 1644 264 54 notariée
1091 1644 176 54 sig.
1201 1644 176 54 (sur
1289 1644 198 54 parch.)

-17 1699 1234 49 1688.
806 1699 686 49 2
943 1699 548 49 50

55 1726 193 81 4880.
183 1726 257 81 Pozzo
376 1726 129 81 di
440 1726 279 81 Borgo
655 1726 150 81 (le
741 1726 236 81 comte),
912 1726 300 81 diplomate,
1148 1726 343 81 ambassadeur.
1405 1726 86 81 L.

103 1796 163 56 aut.
204 1796 183 56 sig.,
327 1796 122 56 au
388 1796 204 56 prince
530 1796 285 56 Kozlofski.
755 1796 204 56 Paris,
897 1796 183 56 12-24
1019 1796 224 56 juillet
1182 1796 183 56 1817.
1305 1796 102 56 1
1345 1796 122 56 p.
1386 1796 102 56 pl.

-3 1840 1121 55 in-4.
745 1840 623 55 6
994 1840 623 55 5
1118 1840 374 55 »

151 1889 203 61 Lettre
293 1889 325 61 intéressante
557 1889 142 61 sur
638 1889 142 61 les
720 1889 244 61 affaires
903 1889 285 61 politiques
1126 1889 122 61 et
1187 1889 305 61 financières
1411 1889 81 61 de

103 1932 134 69 la
147 1932 202 69 France.

54 1973 188 74 4881.
179 1973 396 74 Quinault
513 1973 479 74 (Jeanne-Françoise),
929 1973 125 74 la
992 1973 229 74 célèbre
1159 1973 271 74 soubrette
1367 1973 125 74 de
1409 1973 83 74 la

104 2027 443 64 Comédie-Française.
487 2027 121 64 L.
547 2027 181 64 aut.,
668 2027 101 64 à
708 2027 201 64 Piron.
849 2027 161 64 Sans
950 2027 181 64 date,
1071 2027 161 64 mais
1172 2027 201 64 écrite
1313 2027 101 64 à
1333 2027 161 64 Paris,

96 2089 174 59 en
183 2089 262 59 1730.
358 2089 145 59 3
416 2089 174 59 p.
503 2089 203 59 pl.
619 2089 262 59 in-4.
793 2089 407 59 Très-belle
1113 2089 320 59 lettre.
1346 2089 174 59 20
1404 2089 87 59 »

154 2125 149 67 «Je
239 2125 213 67 crois,
388 2125 191 67 grand
515 2125 170 67 ami,
622 2125 149 67 que
707 2125 170 67 vous
813 2125 213 67 n’avez
962 2125 170 67 étée
1069 2125 234 67 modeste
1239 2125 191 67 qu’an
1345 2125 149 67 écri-

105 2174 217 60 «vant,
257 2174 130 60 je
322 2174 130 60 ne
388 2174 174 60 puis
496 2174 217 60 croire
648 2174 152 60 que
735 2174 174 60 vous
844 2174 174 60 ayés
952 2174 174 60 étée
1061 2174 261 60 mausade.
1256 2174 195 60 C’est
1365 2174 130 60 sou-

107 2226 192 55 «vent
235 2226 171 55 bien
342 2226 214 55 parlée
491 2226 150 55 que
577 2226 128 55 ne
641 2226 171 55 rien
748 2226 192 55 dire.
876 2226 128 55 Je
940 2226 171 55 vous
1047 2226 257 55 félicite
1240 2226 128 55 et
1304 2226 171 55 vous
1389 2226 107 55 re-

107 2270 238 59 «mersie
281 2270 173 59 même
389 2270 130 59 de
454 2270 195 59 votre
584 2270 260 59 sagesse.
779 2270 195 59 Jugés
909 2270 130 59 si
974 2270 130 59 je
1039 2270 173 59 veux
1147 2270 217 59 perdre
1299 2270 130 59 le
1342 2270 152 59 droit

107 2323 145 52 «de
190 2323 166 52 vous
294 2323 311 52 conseiller.
543 2323 124 52 Il
605 2323 145 52 est
688 2323 166 52 vray
792 2323 145 52 que
875 2323 124 52 ce
937 2323 166 52 sera
1041 2323 124 52 de
1103 2323 166 52 bien
1207 2323 166 52 loin
1290 2323 207 52 incessa-

107 2362 224 59 «ment,
263 2362 134 59 et
331 2362 134 59 je
398 2362 179 59 vous
510 2362 247 59 permest
689 2362 134 59 de
756 2362 269 59 déplaire
958 2362 134 59 en
1025 2362 157 59 mon
1115 2362 269 59 absence.
1317 2362 134 59 Je
1362 2362 134 59 vous

105 2418 319 63 «conseille
356 2418 182 63 même
470 2418 137 63 de
538 2418 182 63 vous
652 2418 319 63 ennuyer...
903 2418 387 63 Fontainebleau
1222 2418 159 63 est
1290 2418 205 63 devenué

105 2466 228 60 «d’une
265 2466 251 60 impiété
448 2466 297 60 horrible.
676 2466 137 60 Je
745 2466 137 60 ne
813 2466 183 60 puis
927 2466 274 60 entendre
1133 2466 274 60 prononcé
1338 2466 137 60 ce
1384 2466 114 60 mot

105 2511 196 68 «sans
236 2511 261 68 horreur,
432 2511 131 68 et
497 2511 283 68 diste-moi
715 2511 283 68 pourquoy?
933 2511 174 68 J’en
1042 2511 131 68 ay
1107 2511 131 68 la
1172 2511 327 68 migraine...
1412 2511 87 68 Je

108 2555 199 64 «suis
240 2555 199 64 assés
373 2555 132 64 de
439 2555 221 64 l’avis
594 2555 155 64 des
682 2555 177 64 vers
792 2555 132 64 de
859 2555 221 64 vostre
1013 2555 287 64 jeunesse,
1234 2555 177 64 mais
1322 2555 177 64 j’aime

107 2608 219 65 «mieux
261 2608 176 65 ceux
370 2608 132 65 de
436 2608 219 65 vostre
568 2608 395 65 vieillesse.....»

63 2657 188 63 4882.
188 2657 396 63 Quinault
522 2657 479 63 (Jeanne-Françoise),
938 2657 125 63 la
1001 2657 229 63 célèbre
1168 2657 271 63 soubrette
1376 2657 125 63 de
1418 2657 83 63 la

110 2714 425 52 Comédie-Française.
477 2714 116 52 L.
535 2714 174 52 aut.,
651 2714 97 52 à
689 2714 193 52 Piron.
825 2714 116 52 Ce
883 2714 193 52 jeudi,
1018 2714 97 52 4
1057 2714 135 52 mai
1134 2714 193 52 (1730,
1250 2714 251 52 Fon

105 2758 544 57 tainebleau)
578 2758 118 57 4
625 2758 142 57 p.
696 2758 165 57 pl.
791 2758 213 57 in-4.
933 2758 331 57 Très-belle
1193 2758 260 57 lettre.
1382 2758 142 57 20
1429 2758 71 57 »

156 2809 154 62 «La
244 2809 396 62 contradiction,
574 2809 198 62 grand
706 2809 198 62 amis,
839 2809 242 62 demende
1015 2809 132 62 un
1081 2809 154 62 peu
1169 2809 110 62 à
1213 2809 176 62 être
1301 2809 198 62 variée,
