1673 2885
594 44 184 79 —
668 44 257 79 401
778 44 110 79 —

62 157 149 58 «et
147 157 170 58 vous
253 157 170 58 avés
360 157 170 58 trop
467 157 256 58 d’esprit
658 157 170 58 pour
765 157 128 58 ni
829 157 149 58 pas
914 157 277 58 parvenir.
1127 157 320 58 Scavès-vous
1361 157 107 58 que

61 195 164 65 «je
154 195 281 65 commence
365 195 117 65 à
412 195 399 65 m’impatienter
741 195 258 65 d’estre
928 195 258 65 toujour
1116 195 281 65 refusée.
1327 195 141 65 Ho
1374 195 94 65 le

61 246 241 62 «maudit
237 246 351 62 paresseux...
522 246 132 62 En
588 246 241 62 vérités
764 246 176 62 vous
873 246 176 62 avés
983 246 132 62 le
1049 246 176 62 plus
1159 246 198 62 grand
1290 246 176 62 tort
1378 246 88 62 du

58 301 239 49 «monde
226 301 144 49 de
297 301 144 49 me
369 301 263 49 laisser
561 301 263 49 chaumer
752 301 215 49 comme
896 301 191 49 vous
1015 301 239 49 faiste
1183 301 144 49 de
1255 301 168 49 vos
1326 301 144 49 nou-

64 338 231 60 «velles
232 338 126 60 et
295 338 126 60 de
358 338 210 60 vostre
504 338 231 60 esprit.
672 338 126 60 Où
735 338 315 60 voulès-vous
987 338 189 60 aller
1113 338 168 60 pour
1217 338 189 60 estre
1322 338 147 60 mieux

66 389 310 64 «senti?...
310 389 177 64 Bon,
420 389 199 64 voilà
553 389 155 64 que
642 389 177 64 l’on
753 389 177 64 crie
864 389 199 64 après
997 389 155 64 moy
1085 389 177 64 pour
1196 389 199 64 aller
1307 389 155 64 dîné.

62 433 273 70 «Maudits
267 433 182 70 soit
381 433 159 70 les
472 433 318 70 gourmands!
722 433 136 70 Je
790 433 182 70 n’ay
904 433 159 70 pas
995 433 205 70 fain;
1131 433 136 70 je
1199 433 182 70 veux
1290 433 182 70 rester

58 489 244 57 «avec
221 489 244 57 vous,
384 489 407 57 Binbin.....
709 489 136 57 »
737 489 81 57 »

21 526 190 86 4883.
147 526 358 86 Raguse
442 526 168 86 (Mme
547 526 126 86 la
611 526 295 86 maréchale,
842 526 253 86 duchesse
1032 526 168 86 de).
1137 526 126 86 L.
1200 526 168 86 aut.
1306 526 190 86 sig.,
1411 526 63 86 à

60 583 354 69 madame...
332 583 272 69 Paris,
522 583 163 69 25
604 583 245 69 avril
767 583 245 69 1821.
931 583 136 69 1
985 583 163 69 p.
1067 583 191 69 pl.
1176 583 245 69 in-8.
1339 583 136 69 2
1366 583 109 69 50

21 633 202 79 4884.
155 633 269 79 Régie
357 633 157 79 des
447 633 247 79 vivres.
626 633 291 79 1774
850 633 247 79 Mémoire
1030 633 179 79 pour
1142 633 224 79 donner
1299 633 157 79 des
1366 633 112 79 rè

68 692 171 76 gles
174 692 278 76 générales
388 692 150 76 sur
474 692 128 76 la
538 692 342 76 construction
816 692 150 76 des
901 692 192 76 fours
1029 692 128 76 de
1093 692 256 76 munition
1286 692 171 76 dans
1371 692 107 76 les

69 760 220 47 villes
223 760 132 47 de
289 760 242 47 guerre,
466 760 132 47 et
532 760 198 47 moyen
664 760 132 47 de
730 760 242 47 trouver
906 760 176 47 dans
1016 760 132 47 un
1082 760 242 47 instant
1259 760 132 47 la
1303 760 176 47 conte-

67 785 209 68 nance
206 785 162 68 des
299 785 209 68 fours
438 785 139 68 de
507 785 348 68 différentes
786 785 325 68 grandeurs.
1041 785 162 68 Par
1133 785 255 68 Biston.
1296 785 185 68 Valen-

71 828 260 73 ciennes,
267 828 195 73 1774.
397 828 195 73 Copie
527 828 195 73 faite
657 828 108 73 à
700 828 369 73 Philippeville
1004 828 130 73 en
1069 828 195 73 1784.
1199 828 108 73 9
1242 828 152 73 gr.
1329 828 130 73 p.
1373 828 108 73 pl.

69 878 125 102 et
132 878 187 102 demie
256 878 250 102 in-fol.,
444 878 125 102 et
506 878 166 102 deux
610 878 250 102 feuilles
797 878 125 102 de
860 878 187 102 plans
985 878 312 102 explicatifs
1234 878 250 102 dessinés
1401 878 83 102 et

-6 940 1290 71 coloriés.
986 940 595 71 10
1184 940 298 71 »

24 961 199 107 4885.
157 961 421 107 Rémusat
511 961 620 107 (Claire-Elisabeth-Jeanne
1064 961 133 107 de
1131 961 310 107 Vergennes,
1352 961 133 107 com-

76 1050 201 55 tesse
210 1050 179 55 de),
321 1050 268 55 première
522 1050 179 55 dame
634 1050 134 55 du
701 1050 223 55 palais
858 1050 134 55 de
925 1050 380 55 l’impératrice
1215 1050 268 55 Joséphine.

73 1087 130 71 L.
138 1087 174 71 aut.
247 1087 195 71 sig.,
377 1087 109 71 à
421 1087 130 71 M.
486 1087 239 71 Mathieu
659 1087 130 71 de
724 1087 347 71 Montmorency.
1007 1087 217 71 Lille,
1158 1087 130 71 16
1224 1087 195 71 août.
1354 1087 109 71 1
1375 1087 109 71 pl.

36 1130 422 95 pl.
277 1130 362 95 et
458 1130 543 95 demie
820 1130 543 95 in-8.
1181 1130 302 95 3
1242 1130 241 95 50

119 1180 213 74 Lettre
268 1180 341 74 intéressante
544 1180 128 74 au
608 1180 192 74 sujet
736 1180 128 74 de
800 1180 404 74 l’établissement
1140 1180 149 74 des
1226 1180 192 74 Sœurs
1353 1180 128 74 de
1396 1180 85 74 la

75 1228 246 91 Charité,
260 1228 103 91 à
281 1228 164 91 Lille.

33 1285 187 71 4886.
158 1285 374 71 Restaut
469 1285 270 71 (Pierre),
677 1285 208 71 avocat
822 1285 125 71 en
884 1285 291 71 parlement,
1112 1285 332 71 grammairien.
1382 1285 125 71 Né
1424 1285 62 71 à

75 1337 415 72 Beauvais
428 1337 124 72 L.
490 1337 187 72 sig.,
615 1337 104 72 à
656 1337 124 72 M.
718 1337 228 72 Mesnard
884 1337 124 72 de
947 1337 290 72 Couichard,
1175 1337 228 72 premier
1320 1337 166 72 commis

78 1388 126 63 de
141 1388 316 63 monseigneur
394 1388 126 63 le
457 1388 295 63 contrôleur
688 1388 253 63 général,
878 1388 105 63 à
920 1388 126 63 la
983 1388 168 63 Cour
1088 1388 126 63 de
1151 1388 210 63 Paris,
1299 1388 126 63 11
1341 1388 147 63 juil-

80 1431 145 81 let
163 1431 186 81 1761.
287 1431 104 81 1
329 1431 124 81 p.
391 1431 145 81 pl.
474 1431 186 81 in-4.
598 1431 207 81 Cachet
743 1431 104 81 à
785 1431 124 81 la
847 1431 166 81 cire
950 1431 207 81 noire,
1095 1431 166 81 bien
1199 1431 269 81 conservé.
1406 1431 104 81 3
1427 1431 62 81 »

36 1476 190 95 4887.
162 1476 422 95 Rochefort
521 1476 169 95 (Mme
626 1476 127 95 de
690 1476 211 95 Laval,
837 1476 274 95 maréchale
1048 1476 169 95 de).
1154 1476 127 95 L.
1217 1476 169 95 aut.
1322 1476 190 95 sig.,
1428 1476 63 95 à

70 1529 271 75 M...
239 1529 203 75 Ce
341 1529 304 75 lundy
544 1529 203 75 au
645 1529 338 75 soire.
882 1529 372 75 Demi-p.
1153 1529 304 75 in-4.
1356 1529 169 75 5
1390 1529 101 75 »

129 1572 157 76 «le
218 1572 179 76 vous
330 1572 247 76 supplie
510 1572 269 76 monsieur
712 1572 135 76 de
779 1572 135 76 me
846 1572 202 76 faire
981 1572 135 76 la
1048 1572 224 76 grasse
1205 1572 135 76 de
1250 1572 247 76 presenter

81 1625 162 70 «ce
174 1625 255 70 memoire
359 1625 116 70 a
405 1625 371 70 monseigneur.
707 1625 139 70 En
776 1625 232 70 verite
939 1625 139 70 ie
1008 1625 185 70 suis
1124 1625 185 70 dans
1240 1625 139 70 un
1286 1625 209 70 estreme

85 1675 264 77 «besoins
283 1675 176 77 sans
393 1675 154 77 que
481 1675 132 77 ie
547 1675 176 77 suis
657 1675 242 77 malade,
834 1675 132 77 et
900 1675 154 77 que
988 1675 132 77 ie
1054 1675 198 77 viens
1186 1675 220 77 destre
1318 1675 176 77 segnee

87 1721 208 80 «iore
226 1721 185 80 este
341 1721 162 80 moy
434 1721 208 80 mesme
572 1721 139 80 le
642 1721 254 80 suplier
827 1721 139 80 de
896 1721 139 80 ne
965 1721 139 80 me
1035 1721 208 80 point
1173 1721 231 80 oublie
1335 1721 162 80 car
1405 1721 92 80 ie

83 1788 286 66 «manque
291 1788 156 66 de
343 1788 208 66 tout.»

41 1832 187 73 4888.
166 1832 394 73 Ronconi
497 1832 187 73 (G.),
622 1832 249 73 chanteur
808 1832 124 73 du
870 1832 228 73 théâtre
1036 1832 249 73 Italien.
1223 1832 124 73 L.
1285 1832 166 73 aut.
1368 1832 124 73 sig.

72 1885 250 75 (en
215 1885 464 75 italien).
572 1885 357 75 Paris.
821 1885 178 75 1
893 1885 214 75 p.
1000 1885 250 75 pl.
1142 1885 321 75 in-8.
1356 1885 178 75 3
1392 1885 107 75 »

42 1908 177 106 4889.
161 1908 335 106 Bosini
437 1908 138 106 (le
515 1908 256 106 chevalier
713 1908 197 106 Jean),
850 1908 217 106 célèbre
1008 1908 197 106 poëte,
1146 1908 256 106 romancier
1343 1908 118 106 et
1383 1908 118 106 phi-

91 1975 232 84 losophe
259 1975 253 84 italien.
449 1975 126 84 N.
512 1975 190 84 1777.
639 1975 126 84 M.
702 1975 190 84 1855.
828 1975 211 84 Quinze
975 1975 190 84 lett.
1102 1975 168 84 aut.
1207 1975 168 84 sig.
1312 1975 147 84 (en
1376 1975 126 84 ita-

89 2020 231 87 lien),
251 2020 116 87 à
297 2020 139 87 M.
366 2020 300 87 Ant.-Aug.
597 2020 300 87 Renouard,
828 2020 300 87 libraire.
1059 2020 208 87 Pise,
1198 2020 185 87 1804
1313 2020 116 87 à
1336 2020 162 87 1837.

89 2078 306 77 Ensemble,
325 2078 141 77 26
395 2078 141 77 p.
466 2078 212 77 in-4.
607 2078 471 77 Bibliographiques
1007 2078 141 77 et
1078 2078 376 77 littéraires.
1383 2078 141 77 25
1430 2078 71 77 »

49 2118 153 99 4890.
151 2118 221 99 Rouget
320 2118 102 99 de
371 2118 254 99 Lisle,
575 2118 170 99 auteur
694 2118 102 99 de
745 2118 102 99 la
795 2118 407 99 Marseillaise
1152 2118 102 99 La
1203 2118 187 99 Mère
1338 2118 102 99 et
1372 2118 136 99 le

90 2184 405 75 Lion
419 2184 228 75 Pièce
571 2184 152 75 de
646 2184 202 75 vers
773 2184 202 75 aut.
900 2184 127 75 2
950 2184 152 75 p.
1026 2184 278 75 in-fol.
1254 2184 127 75 .
1305 2184 177 75 ...
1406 2184 127 75 5
1431 2184 76 75 »

48 2226 188 85 4891.
173 2226 313 85 Rodolphe
424 2226 230 85 II
591 2226 251 85 empereur
779 2226 146 85 des
863 2226 251 85 Romains,
1051 2226 167 85 fils
1155 2226 125 85 de
1218 2226 271 85 naximnien
1406 2226 104 85 II.

98 2275 119 90 N.
158 2275 179 90 1552.
277 2275 119 90 M.
337 2275 179 90 1612.
456 2275 179 90 Pièce
576 2275 159 90 sig.
675 2275 139 90 (en
755 2275 259 90 Allemand)
954 2275 119 90 et
1013 2275 279 90 contresig.
1232 2275 179 90 J.
1332 2275 179 90 En

93 2315 406 98 gelt
423 2315 228 98 1602.
575 2315 127 98 1
626 2315 279 98 feuille
829 2315 254 98 double
1006 2315 279 98 in-fol.
1209 2315 254 98 Sceau.
1387 2315 127 98 6
1412 2315 102 98 50

50 2378 196 81 4892.
181 2378 393 81 Seguier
509 2378 306 81 (Antoine),
749 2378 284 81 président
967 2378 109 81 à
1011 2378 262 81 mortier,
1207 2378 328 81 ambassadeur
1448 2378 66 81 à

100 2422 236 99 Venise,
271 2422 279 99 défenseur
486 2422 150 99 des
572 2422 258 99 libertés
766 2422 322 99 gallicanes.
1024 2422 129 99 Ce
1088 2422 150 99 fut
1174 2422 150 99 sur
1260 2422 150 99 ses
1325 2422 193 99 conclu-

99 2481 209 74 sions
238 2481 163 74 que
331 2481 140 74 la
401 2481 209 74 bulle
541 2481 140 74 du
610 2481 186 74 pape
727 2481 279 74 Grégoire
936 2481 163 74 XIV
1029 2481 163 74 fut
1122 2481 302 74 condamnée
1354 2481 116 74 à
1378 2481 140 74 être

98 2545 257 76 brûlée.
285 2545 140 76 N.
355 2545 210 76 1552.
495 2545 140 76 M.
541 2545 164 76 1626.

148 2561 314 87 Vingt-deux
394 2561 247 87 lettres
574 2561 247 87 signées
753 2561 314 87 (plusieurs
999 2561 179 87 avec
1112 2561 157 87 des
1201 2561 179 87 post
1291 2561 224 87 scriptum

103 2611 200 87 aut.,
236 2611 133 87 et
302 2611 155 87 une
391 2611 333 87 entièrement
657 2611 177 87 aut.
768 2611 177 87 sig.
879 2611 155 87 (la
968 2611 310 87 neuvième),
1212 2611 288 87 adressées
1411 2611 111 87 (de

106 2663 240 86 Venise,
281 2663 131 86 du
346 2663 131 86 25
412 2663 175 86 août
521 2663 175 86 1599
630 2663 131 86 au
695 2663 131 86 23
761 2663 240 86 juillet
935 2663 196 86 1601,
1066 2663 109 86 à
1110 2663 131 86 M:
1175 2663 131 86 de
1240 2663 240 86 Mauroy,
1393 2663 131 86 con-

108 2706 236 95 seiller
279 2706 193 95 privé
408 2706 129 95 et
473 2706 301 95 secrétaire
709 2706 129 95 du
773 2706 172 95 roi,
881 2706 215 95 maison
1031 2706 129 95 et
1095 2706 258 95 couronne
1289 2706 129 95 de
1332 2706 193 95 France,
