1531 2939
589 84 179 85 —
625 84 179 85 402

65 180 107 82 à
107 180 215 82 Paris.
258 180 279 82 Ensemble,
472 180 129 82 46
537 180 193 82 pages
666 180 129 82 et
730 180 193 82 demie
859 180 150 82 gr.
945 180 258 82 in-fol.,
1138 180 236 82 reliées
1310 180 129 82 en
1353 180 107 82 vé-

38 235 367 63 lin.
267 235 413 63 Bonne
543 235 780 63 conservation.
1185 235 321 63 200
1322 235 138 63 »

115 282 449 67 Correspondance
489 282 199 67 d’un
614 282 224 67 grand
763 282 274 67 intérêt
963 282 174 67 sur
1062 282 174 67 les
1162 282 299 67 affaires
1361 282 100 67 de

61 332 289 62 l’Europe,
283 332 133 62 et
350 332 400 62 principalement
683 332 222 62 celles
839 332 133 62 de
905 332 289 62 l’Italie;
1128 332 133 62 on
1194 332 156 62 lit
1283 332 178 62 dans
1372 332 89 62 la

65 382 250 61 septième
253 382 104 61 :
294 382 104 61 «
336 382 271 61 Cependant
545 382 125 61 je
607 382 167 61 vous
711 382 188 61 diray
837 382 188 61 qu’il
962 382 188 61 s’est
1087 382 188 61 passé
1212 382 188 61 chose
1337 382 125 61 en
1379 382 83 61 la

66 427 257 65 «Toscene
259 427 150 65 qui
344 427 215 65 auroit
495 427 129 65 pu
559 427 257 65 produire
752 427 236 65 quelque
924 427 257 65 trouble,
1117 427 129 65 si
1181 427 129 65 sa
1224 427 236 65 saincteté

67 477 253 62 «n’étoit
257 477 169 62 plus
362 477 253 62 attachée
552 477 127 62 au
616 477 190 62 repos
742 477 127 62 de
806 477 253 62 l’Italye
996 477 169 62 qu’à
1101 477 148 62 ses
1164 477 296 62 ressentimens

67 523 358 65 «particuliers.
366 523 159 65 Sad.
465 523 159 65 Stté
565 523 179 65 auoit
684 523 159 65 fait
784 523 159 65 fait
884 523 119 65 fe
943 523 139 65 une
1023 523 179 65 levée
1142 523 119 65 pr
1202 523 259 65 empescher
1381 523 80 65 le

63 580 251 53 «debord
246 580 137 53 du
314 580 228 53 Tybre.
474 580 137 53 M.
543 580 137 53 le
611 580 206 53 grand
748 580 160 53 duc
839 580 297 53 alléguant
1068 580 160 53 que
1159 580 160 53 par
1251 580 137 53 ce
1296 580 160 53 moyen

68 622 154 59 «le
156 622 176 59 dict
266 622 331 59 regorgement
531 622 331 59 retomberoit
796 622 154 59 sur
884 622 176 59 luy,
994 622 132 59 le
1060 622 198 59 faict
1192 622 265 59 abattre.
1369 622 88 59 Le

69 671 189 60 «pape
195 671 105 60 a
237 671 210 60 enuoyé
385 671 147 60 des
469 671 253 60 ouvriers
658 671 253 60 assistez
848 671 126 60 de
911 671 210 60 forces
1058 671 168 60 pour
1163 671 126 60 la
1205 671 253 60 redresser.

69 716 195 60 «Mais
199 716 130 60 si
265 716 217 60 estant
416 716 217 60 trouvé
568 716 174 60 plus
677 716 217 60 grande
829 716 195 60 force
959 716 130 60 de
1024 716 130 60 la
1089 716 174 60 part
1198 716 130 60 du
1263 716 130 60 dt
1306 716 152 60 grand

66 757 209 69 «duc,
205 757 139 69 et
275 757 232 69 jusque
437 757 139 69 au
507 757 232 69 nombre
670 757 139 69 de
739 757 186 69 cinq
855 757 209 69 mille
995 757 232 69 hommes
1157 757 139 69 de
1227 757 186 69 pied
1320 757 139 69 auec

67 819 148 60 «de
151 819 358 60 l’artillerye,
446 819 148 60 les
531 819 253 60 ouvriers
720 819 126 60 du
784 819 169 60 Pape
889 819 169 60 sont
994 819 232 60 reuenus
1163 819 169 60 sans
1268 819 169 60 rien
1353 819 105 60 fe.

67 862 193 64 «Auec
195 862 129 64 le
260 862 172 64 pape
367 862 214 64 Julles
517 862 214 64 second
667 862 129 64 il
731 862 129 64 en
795 862 150 64 eut
881 862 193 64 fallu
1010 862 193 64 moins
1138 862 129 64 pr
1203 862 236 64 allumer
1353 862 107 64 une

67 908 214 61 «forte
217 908 236 61 guerre,
388 908 171 61 mais
495 908 129 61 la
559 908 300 61 modération
795 908 129 61 de
859 908 129 61 sa
923 908 278 61 Saincteté
1138 908 171 61 sera
1245 908 193 61 cause
1352 908 107 61 que

68 967 164 66 «les
170 967 205 66 choses
313 967 266 66 passeront
518 967 123 66 pr
579 967 184 66 cette
702 967 164 66 fois
805 967 164 66 avec
907 967 164 66 plus
1009 967 123 66 de
1071 967 266 66 doulceur;
1276 967 123 66 ce
1317 967 143 66 n’est

67 1006 171 66 «pas
173 1006 192 66 aduis
302 1006 150 66 que
387 1006 150 66 lou
473 1006 171 66 s’en
579 1006 214 66 tienne
708 1006 320 66 offensé.....»

16 1041 197 69 4893.
147 1041 284 69 Sidney
366 1041 284 69 Smith
585 1041 328 69 (l’amiral).
847 1041 131 69 L.
912 1041 175 69 aut.
1022 1041 175 69 sig.
1131 1041 109 69 à
1175 1041 175 69 M...
1284 1041 131 69 18
1328 1041 131 69 mars

24 1100 538 64 1821.
383 1100 299 64 1
503 1100 359 64 p.
682 1100 538 64 in-8.
1041 1100 299 64 5
1161 1100 299 64 4
1221 1100 239 64 50

18 1129 169 81 4894.
131 1129 319 81 Strein
393 1129 244 81 (Richard)
581 1129 375 81 Strinius
900 1129 169 81 baron
1012 1129 113 81 de
1068 1129 300 81 Schwarzenow,
1293 1129 169 81 protes

68 1201 193 60 tant,
196 1201 343 60 surintendant
475 1201 150 60 des
561 1201 257 60 finances
754 1201 129 60 de
818 1201 300 60 l’empereur
1054 1201 257 60 Rodolphe
1247 1201 150 60 II,
1311 1201 150 60 très-

62 1244 218 57 savant
215 1244 175 57 dans
324 1244 153 57 les
411 1244 306 57 antiquités
651 1244 284 57 romaines,
870 1244 218 57 auteur
1022 1244 131 57 de
1088 1244 218 57 divers
1219 1244 240 57 ouvrages.

66 1296 126 61 N.
129 1296 190 61 1538.
255 1296 126 61 M.
319 1296 190 61 1601.
445 1296 126 61 L.
508 1296 168 61 aut.
614 1296 168 61 sig.
719 1296 147 61 (en
803 1296 337 61 allemand)..;
1077 1296 126 61 11
1140 1296 253 61 décembre
1309 1296 147 61 1575.

40 1342 284 55 3.
182 1342 331 55 gr.
371 1342 284 55 p.
513 1342 520 55 in-fol.
891 1342 520 55 Cachet.
1270 1342 237 55 6
1317 1342 142 55 »

19 1391 180 62 4895.
139 1391 240 62 Tipoo
319 1391 240 62 Sai
499 1391 240 62 (Détails
679 1391 180 62 sur).
800 1391 120 62 L.
860 1391 160 62 aut.
960 1391 160 62 sig.
1060 1391 120 62 de
1120 1391 160 62 Jean
1220 1391 240 62 Hostein,
1380 1391 80 62 de

67 1440 219 54 Nantes,
226 1440 258 54 capitaine
425 1440 278 54 commandant
644 1440 119 54 le
703 1440 199 54 navire
843 1440 179 54 la
962 1440 298 54 Licorne
1201 1440 119 54 de
1240 1440 219 54 Bordeaux,

69 1485 123 59 en
130 1485 225 59 relâche
293 1485 102 59 à
334 1485 245 59 Lorient.
518 1485 123 59 L.
580 1485 164 59 aut.
682 1485 184 59 sig.,
805 1485 143 59 aux
886 1485 245 59 citoyens
1070 1485 164 59 Amis
1173 1485 123 59 de
1234 1485 123 59 la
1275 1485 184 59 Liberté

69 1530 123 67 et
130 1530 123 67 de
191 1530 266 67 l’Egalité
396 1530 123 67 du
457 1530 164 67 club
559 1530 123 67 de
621 1530 225 67 Nantes.
784 1530 266 67 L’Orient,
989 1530 123 67 25
1050 1530 225 67 février
1214 1530 184 67 1793.
1336 1530 102 67 3
1357 1530 102 67 gr.

16 1588 433 65 p.
232 1588 649 65 in-4,
665 1588 649 65 s--..
1098 1588 433 65 12
1243 1588 216 65 »

117 1626 173 63 Dans
226 1626 152 63 une
312 1626 217 63 lettre
464 1626 217 63 écrite
615 1626 108 63 à
659 1626 130 63 un
724 1626 282 63 négociant
940 1626 130 63 de
1005 1626 195 63 l’île
1135 1626 238 63 Bourbon
1308 1626 152 63 par
1373 1626 87 63 le

67 1678 240 64 citoyen
242 1678 196 64 Combe
372 1678 131 64 de
438 1678 327 64 Pondichéri,
700 1678 131 64 le
765 1678 131 64 14
830 1678 240 64 octobre
1005 1678 196 64 1792,
1136 1678 131 64 on
1179 1678 131 64 lit:

114 1737 155 54 «En
202 1737 177 54 mai,
313 1737 221 54 Tipou,
468 1737 288 54 retranché
689 1737 177 54 dans
800 1737 155 54 les
889 1737 266 54 environs
1088 1737 133 54 de
1154 1737 155 54 Gat
1221 1737 243 54 craignant

66 1780 160 56 «le
158 1780 206 56 grand
295 1780 229 56 nombre
455 1780 160 56 des
546 1780 252 56 Anglais
729 1780 206 56 qu’il
866 1780 206 56 avait
1004 1780 137 56 en
1072 1780 137 56 sa
1141 1780 297 56 présence;
1347 1780 114 56 par

69 1821 106 53 »
111 1821 190 53 suite
238 1821 169 53 d’un
343 1821 232 53 travail
512 1821 190 53 forcè
639 1821 253 53 détourna
829 1821 127 53 le
892 1821 190 53 cours
1019 1821 190 53 d’une
1145 1821 211 53 petite
1272 1821 190 53 rivière

69 1869 99 60 »
109 1869 139 60 qui
188 1869 239 60 séparoit
367 1869 139 60 les
447 1869 159 60 deux
546 1869 219 60 armées;
705 1869 119 60 et
765 1869 99 60 à
805 1869 199 60 l’insu
944 1869 139 60 des
1024 1869 219 60 Anglais
1183 1869 119 60 il
1242 1869 219 60 profita
1381 1869 80 60 de

72 1921 303 60 «l’avantage
314 1921 141 60 que
395 1921 141 60 lui
475 1921 222 60 offroit
637 1921 121 60 la
697 1921 182 60 pente
818 1921 121 60 du
879 1921 222 60 terrain
1040 1921 161 60 pour
1141 1921 121 60 la
1202 1921 182 60 faire
1303 1921 161 60 passer

71 1974 278 58 «derrière
285 1974 171 58 eux.
392 1974 214 58 Alors,
542 1974 278 58 profitant
756 1974 128 58 de
820 1974 150 58 cet
905 1974 278 58 avantage,
1120 1974 128 58 et
1184 1974 235 58 n’ayant
1334 1974 128 58 plus

70 2014 152 49 «le
157 2014 239 49 passage
331 2014 130 49 de
396 2014 196 49 cette
527 2014 239 49 rivière
701 2014 109 49 à
744 2014 130 49 le
810 2014 348 49 contrebarré,
1092 2014 130 49 il
1158 2014 196 49 donna
1288 2014 152 49 sur
1353 2014 109 49 les

73 2053 257 66 «Anglais
265 2053 257 66 surpris,
458 2053 300 66 lesquelles
693 2053 235 66 faisant
865 2053 257 66 retraite
1057 2053 128 66 du
1122 2053 171 66 côté
1229 2053 128 66 de
1293 2053 128 66 la
1336 2053 128 66 Nou-

71 2107 413 59 «velle-Rivière,
419 2107 261 59 beaucoup
615 2107 130 59 se
680 2107 261 59 noyèrent
875 2107 130 59 ou
940 2107 217 59 furent
1093 2107 174 59 tués
1201 2107 130 59 et
1266 2107 130 59 un
1310 2107 152 59 grand

71 2159 239 69 «nombre
245 2159 174 69 fait
354 2159 326 69 prisonnier.
614 2159 195 69 Cette
744 2159 326 69 malheureuse
1005 2159 239 69 affaire
1179 2159 174 69 pour
1287 2159 152 69 les
1352 2159 109 69 An-

71 2203 221 67 «glais
225 2203 177 67 leur
336 2203 155 67 fit
424 2203 265 67 demander
623 2203 132 67 (à
689 2203 221 67 Tipou)
844 2203 155 67 une
932 2203 199 67 trève
1065 2203 132 67 de
1131 2203 155 67 six
1219 2203 177 67 mois
1307 2203 155 67 qu’il

69 2254 206 50 «leur
206 2254 252 50 accorda
389 2254 297 50 moyennant
618 2254 137 50 30
687 2254 274 50 millions
892 2254 183 50 dont
1007 2254 137 50 il
1075 2254 114 50 a
1121 2254 160 50 été
1212 2254 183 50 bien
1304 2254 160 50 payé,

70 2304 146 65 «et
153 2304 166 65 deux
257 2304 166 65 mois
361 2304 187 65 apres
486 2304 125 65 il
549 2304 104 65 a
590 2304 187 65 rompu
715 2304 125 65 la
778 2304 208 65 trève,
923 2304 125 65 et
986 2304 187 65 ayant
1110 2304 187 65 passé
1235 2304 125 65 le
1298 2304 166 65 Gat,
1381 2304 83 65 il

70 2351 151 55 «se
156 2351 237 55 disposa
328 2351 108 55 à
371 2351 237 55 marcher
543 2351 172 55 avec
650 2351 172 55 cinq
758 2351 194 55 cents
887 2351 194 55 mille
1016 2351 215 55 hommes
1166 2351 172 55 pour
1274 2351 129 55 le
1317 2351 151 55 siège

66 2404 156 74 «de
155 2404 222 74 Madras
310 2404 178 74 dont
422 2404 133 74 il
488 2404 111 74 a
533 2404 156 74 des
622 2404 200 74 plans
755 2404 356 74 très-exacts,
1044 2404 133 74 et
1111 2404 178 74 tout
1222 2404 245 74 annonce
1378 2404 89 74 la

69 2449 277 53 «réussite
282 2449 128 53 de
346 2449 149 53 son
410 2449 384 53 entreprise.....»

19 2487 189 60 4896.
145 2487 461 60 Toequeville
543 2487 147 60 (le
627 2487 189 60 comte
753 2487 210 60 Alexis
899 2487 168 60 de),
1004 2487 314 60 économiste,
1255 2487 210 60 membre
1381 2487 84 60 de

67 2539 313 62 l’Institut.
317 2539 125 62 1°
380 2539 146 62 Son
464 2539 230 62 serment
630 2539 188 62 comme
756 2539 167 62 pair
860 2539 125 62 de
923 2539 230 62 France,
1089 2539 125 62 et
1152 2539 271 62 président
1340 2539 125 62 d’un

66 2587 240 52 collège
241 2587 306 52 électoral.
481 2587 175 52 Aut.
591 2587 175 52 sig.
700 2587 350 52 Tocqueville,
984 2587 131 52 14
1050 2587 175 52 juin
1159 2587 197 52 1820.
1268 2587 197 52 Demi

66 2637 200 54 in-4.
199 2637 111 54 —
243 2637 133 54 2°
310 2637 178 54 Note
421 2637 155 54 sur
510 2637 133 54 la
577 2637 222 54 maison
732 2637 267 54 centrale
932 2637 133 54 de
999 2637 289 54 détention
1221 2637 133 54 de
1265 2637 200 54 Poissy.

57 2681 257 70 Aut.
217 2681 160 70 4
281 2681 224 70 gr.
410 2681 192 70 p.
506 2681 224 70 pl.
634 2681 353 70 in-fol.
891 2681 289 70 Belle
1083 2681 321 70 pièce.
1308 2681 160 70 7
1340 2681 128 70 50
