1620 2968
619 79 227 111 EN
695 79 265 111 VENTE

283 169 161 96 A
347 169 193 96 LA
444 169 419 96 LIBRAIRIE
766 169 193 96 DE
863 169 193 96 J.
927 169 355 96 TECHENER,

534 242 147 64 RUE
618 242 126 64 DE
681 242 337 64 L’ARBRE-SEC,
934 242 105 64 52.

396 286 428 137 CORRESRG

723 345 399 85 NDANCE

675 422 112 45 Er

748 410 114 74 (TRE

-16 509 1514 109 DOTHAUHETRAAU

694 601 144 54 ET

400 663 631 93 BROSDMATE

482 739 211 69 Avocat
630 739 127 69 au
693 739 274 69 Parlement
904 739 127 69 de
946 739 148 69 Lyon.

368 792 251 82 PUBLIÉE
551 792 160 82 SUR
642 792 160 82 LES
734 792 320 82 MANUSCRITS
962 792 251 82 ORIGINAUX

488 857 187 75 PAR
595 857 294 75 AUGUSTE
783 857 294 75 LAVERDET,

251 929 514 79 INTRODUCTION
668 929 225 79 PAR
797 929 193 79 M.
893 929 289 79 JULES
1053 929 257 79 JANIN.

361 992 237 57 Première
551 992 174 57 édition
677 992 205 57 complète,
835 992 95 57 en
882 992 158 57 partie
977 992 221 57 inédite

87 1036 104 84 Un
139 1036 173 84 volume
260 1036 139 84 in-8
347 1036 104 84 de
399 1036 156 84 XXXII
503 1036 87 84 —
537 1036 121 84 608
607 1036 173 84 pages,
728 1036 139 84 avec
815 1036 121 84 six
884 1036 260 84 fac-simile,
1092 1036 104 84 et
1144 1036 104 84 la
1196 1036 243 84 généalogie
1387 1036 104 84 de
1422 1036 69 84 la

520 1087 195 71 famille
662 1087 107 71 de
716 1087 195 71 Boileau
840 1087 213 71 Despréaux.

676 1136 126 60 SEREED
764 1136 63 60 O
790 1136 75 60 Ci
827 1136 63 60 O
840 1136 50 60 Cb

300 1177 337 77 SOMMAIRE
553 1177 169 77 DU
637 1177 309 77 CONTENU
862 1177 169 77 DE
947 1177 169 77 CE
1003 1177 253 77 VOLUME:

365 1249 271 67 (COMPLÉMENT
582 1249 127 67 DES
654 1249 199 67 OEUVRES
799 1249 109 67 DE
853 1249 199 67 BOILEAU
980 1249 235 67 DESPRÉAUX.)

59 1290 246 64 PREMIÈRE
244 1290 205 64 PARTIE
388 1290 246 64 (Premier
572 1290 205 64 volume
716 1290 123 64 du
777 1290 308 64 manuscrit).
1023 1290 103 64 —
1064 1290 369 64 Correspondance
1351 1290 144 64 entre

110 1347 211 48 Boileau
264 1347 250 48 Despréaux
456 1347 115 48 et
514 1347 250 48 Brossette
706 1347 269 48 (contenant
917 1347 365 48 soixante-quinze
1225 1347 211 48 lettres
1359 1347 135 48 auto-

111 1387 218 54 graphes
270 1387 218 54 signées
429 1387 119 54 de
488 1387 218 54 Boileau
647 1387 298 54 Despréaux).
865 1387 60 54 —

912 1384 165 59 Arrêt
1022 1384 110 59 de
1077 1384 220 59 noblesse
1241 1384 110 59 de
1296 1384 110 59 la
1333 1384 165 59 famille

101 1440 121 46 de
161 1440 221 46 Boileau
322 1440 281 46 Despréaux.
543 1440 100 46 —
583 1440 241 46 Sentence
764 1440 141 46 des
844 1440 241 46 requêtes
1025 1440 121 46 du
1085 1440 201 46 Palais
1226 1440 141 46 sur
1306 1440 121 46 le
1346 1440 161 46 procès

111 1470 109 50 du
165 1470 199 50 Lutrin.
310 1470 91 50 —
347 1470 199 50 Lettres
492 1470 109 50 et
546 1470 181 50 pièces
673 1470 109 50 de
727 1470 199 50 divers.
872 1470 91 50 —
909 1470 236 50 Testament
1090 1470 109 50 de
1144 1470 199 50 Boileau
1271 1470 218 50 Despréaux.

63 1510 223 60 DEUXIÈME
231 1510 205 60 PARTIE,
379 1510 112 60 ou
435 1510 390 60 Supplément
770 1510 242 60 (deuxième
956 1510 186 60 volume
1086 1510 112 60 du
1142 1510 260 60 manuscrit)
1328 1510 167 60 compre-

108 1560 148 47 nant
200 1560 129 47 les
274 1560 203 47 papiers
421 1560 111 47 de
477 1560 203 47 Boileau
624 1560 240 47 Despréaux
809 1560 203 47 laissés
957 1560 92 47 à
994 1560 111 47 sa
1049 1560 166 47 mort,
1160 1560 111 47 et
1215 1560 185 47 donnés
1344 1560 92 47 à
1363 1560 129 47 Bros-

106 1600 181 58 sette
227 1600 141 58 par
307 1600 201 58 l’abbé
448 1600 241 58 Boileau,
629 1600 141 58 son
709 1600 201 58 frère.
850 1600 101 58 —
890 1600 141 58 Les
970 1600 181 58 Héros
1091 1600 121 58 du
1151 1600 201 58 Roman,
1272 1600 221 58 dialogue.

97 1645 106 52 —
139 1645 170 52 Deux
245 1645 276 52 Épitaphes
458 1645 127 52 de
522 1645 234 52 Racine.
692 1645 106 52 —
734 1645 234 52 Réponse
904 1645 106 52 à
947 1645 127 52 un
1010 1645 234 52 mémoire
1180 1645 127 52 de
1244 1645 212 52 Claude
1372 1645 127 52 Per-

274 1688 222 52 Lettres:
441 1688 111 52 au
497 1688 167 52 comte
608 1688 111 52 de
663 1688 222 52 Vivonne;
830 1688 93 52 à
867 1688 241 52 Maucroix;
1052 1688 93 52 à
1089 1688 185 52 Racine
1219 1688 148 52 (dix
1293 1688 204 52 lettres);

105 1679 206 53 rault.
229 1679 62 53 —

102 1727 101 44 à
142 1727 203 44 Madame
284 1727 243 44 Manchon,
467 1727 122 44 sa
527 1727 182 44 sœur;
649 1727 101 44 à
689 1727 203 44 Madame
831 1727 122 44 la
892 1727 243 44 marquise
1074 1727 122 44 de
1135 1727 263 44 Villette;
1338 1727 101 44 à
1378 1727 122 44 M.
1419 1727 81 44 de

101 1764 125 53 La
164 1764 271 53 Chapelle,
372 1764 146 53 son
456 1764 188 53 neveu
581 1764 167 53 (dix
685 1764 271 53 lettres);
894 1764 104 53 à
936 1764 125 53 M.
998 1764 125 53 le
1061 1764 188 53 comte
1186 1764 125 53 de
1228 1764 229 53 Maurepas;

1392 1773 111 48 à

94 1808 119 51 M.
154 1808 119 51 de
213 1808 356 51 Pontchartrain;
509 1808 99 51 à
549 1808 119 51 M.
608 1808 198 51 l’abbé
746 1808 217 51 Bignon;
904 1808 99 51 à
944 1808 119 51 M.
1003 1808 119 51 le
1062 1808 178 51 comte
1181 1808 119 51 de
1240 1808 178 51 Revel
1359 1808 138 51 sur
1418 1808 79 51 le

101 1847 208 54 combat
247 1847 125 54 de
309 1847 250 54 Crémone;
496 1847 104 54 à
538 1847 125 54 M.
600 1847 125 54 Le
663 1847 250 54 Verrier;
850 1847 104 54 à
892 1847 312 54 Destouches;
1141 1847 125 54 au
1204 1847 166 54 père
1287 1847 208 54 Thoulier

105 1892 186 49 (trois
235 1892 241 49 lettres),
421 1892 167 49 etc.,
532 1892 204 49 etc...;
681 1892 223 49 Maucroix
848 1892 93 49 à
885 1892 241 49 Despréaux
1071 1892 167 49 (cinq
1182 1892 241 49 lettres);
1349 1892 149 49 Racine

106 1935 96 46 à
144 1935 270 46 Despréaux;
356 1935 116 46 le
414 1935 154 46 père
511 1935 231 46 Bouhours
684 1935 96 46 à
723 1935 270 46 Despréaux,
935 1935 174 46 etc.,
1051 1935 154 46 etc.
1147 1935 96 46 —
1185 1935 193 46 Pièces
1320 1935 116 46 de
1359 1935 135 46 vers:

107 1977 302 46 Épigrammes;
348 1977 221 46 Chanson
510 1977 101 46 à
550 1977 201 46 boire;
691 1977 221 46 Énigme;
852 1977 221 46 Parodie
1013 1977 282 46 burlesque;
1234 1977 242 46 Réponses
1395 1977 101 46 aux

102 2019 236 51 jésuites
279 2019 118 51 de
339 2019 236 51 Trévoux;
516 2019 276 51 Quatrains;
732 2019 177 51 etc.,
850 2019 157 51 etc.
949 2019 236 51 Fragment
1126 2019 157 51 d’un
1224 2019 236 51 prologue
1382 2019 118 51 d’o-

101 2057 271 57 péra....;
310 2057 229 57 Préface
476 2057 167 57 pour
581 2057 125 57 la
643 2057 208 57 Satire
789 2057 167 57 XII;
893 2057 188 57 Notes
1018 2057 167 57 pour
1102 2057 333 57 l’intelligence

1383 2058 120 63 des

103 2101 185 55 œuvres
233 2101 222 55 diverses
400 2101 111 55 de
456 2101 259 55 Despréaux,
660 2101 130 55 sur
734 2101 111 55 la
789 2101 204 55 préface
938 2101 111 55 de
993 2101 241 55 l’édition
1179 2101 148 55 in-4
1271 2101 111 55 de
1308 2101 130 55 1701.

64 2135 245 79 TROISIÈME
253 2135 208 79 PARTIE,
404 2135 113 79 ou
460 2135 396 79 Appendice
800 2135 94 79 —
838 2135 226 79 Mémoires
1007 2135 113 79 de
1064 2135 264 79 Brossette,
1272 2135 132 79 sur
1328 2135 170 79 Boileau

97 2189 277 48 Despréaux,
315 2189 217 48 d’après
473 2189 138 48 les
552 2189 257 48 fragments
750 2189 257 48 originaux
947 2189 257 48 conservés
1145 2189 99 48 à
1185 2189 119 48 la
1224 2189 277 48 Bibliothèque

354 2231 224 45 Lettres
517 2231 122 45 de
578 2231 122 45 M.
639 2231 122 45 A.
700 2231 265 45 Péricaud,
903 2231 122 45 et
965 2231 346 45 dissertation,
1250 2231 122 45 au
1311 2231 183 45 sujet
1413 2231 81 45 de

78 2233 236 55 Impériale.

346 2274 178 60 Table
465 2274 277 60 analytique
682 2274 138 60 des
761 2274 178 60 noms,
880 2274 138 60 des
959 2274 198 60 lieux,
1097 2274 178 60 etc.,
1215 2274 178 60 cités
1334 2274 158 60 dans
1413 2274 79 60 la

81 2274 234 54 Brossette.

104 2318 349 58 correspondance
395 2318 175 58 entre
511 2318 213 58 Boileau
666 2318 252 58 Despréaux
860 2318 116 58 et
899 2318 233 58 Brossette.

1320 2340 113 74 10
1358 2340 94 74 fr.

334 2361 188 64 papier
466 2361 169 64 carré
560 2361 150 64 vélin.

704 2371 195 65 »
938 2371 195 65 »
1016 2371 195 65 6
1094 2371 195 65 6
1172 2371 117 65 6

201 2364 141 67 Prix,

1316 2407 122 63 15
1356 2407 102 63 fr.

325 2423 200 49 papier
465 2423 180 49 grand
585 2423 200 49 raisin
725 2423 220 49 vélin..
885 2423 100 49 .
925 2423 100 49 .
965 2423 100 49 .
1005 2423 100 49 .
1045 2423 100 49 .
1085 2423 100 49 .
1125 2423 100 49 .
1165 2423 100 49 .
1205 2423 100 49 .
1225 2423 60 49 .

1314 2451 120 63 15
1354 2451 100 63 fr.

1128 2465 193 42 »
1167 2465 116 42 »

329 2452 188 64 papier
461 2452 170 64 grand
574 2452 188 64 raisin
687 2452 151 64 vergé.

832 2455 154 54 6
863 2455 92 54 »

215 2488 119 58 Il
275 2488 99 58 a
314 2488 139 58 été
394 2488 159 58 tiré
493 2488 278 58 vingt-cinq
711 2488 298 58 exemplaires
950 2488 139 58 sur
1029 2488 198 58 papier
1148 2488 139 58 grand

91 2550 186 59 raisin
222 2550 280 59 fort,vergé,
445 2550 261 59 numérotés,
650 2550 149 59 avec
744 2550 168 59 titre
855 2550 205 59 imprimé
1004 2550 149 59 noir
1098 2550 112 59 et
1135 2550 149 59 rouge,

1311 2576 125 60 30
1353 2576 104 60 fr.

1201 2601 83 29 »

104 2586 107 65 et
158 2586 179 65 collés
283 2586 161 65 après
372 2586 268 65 l’impression.

728 2595 240 59 »
919 2595 240 59 »
1015 2595 144 59 »

55 2604 243 88 L’épitaphe
246 2604 104 88 de
298 2604 174 88 Racine
419 2604 122 88 par
489 2604 191 88 Boileau
628 2604 243 88 Despréaux,
819 2604 226 88 conservée
992 2604 139 88 dans
1079 2604 208 88 l’Église
1218 2604 278 88 Saint-

97 2671 204 62 du-Mont,
250 2671 102 62 et
301 2671 238 62 reproduite
488 2671 136 62 dans
573 2671 102 62 ce
624 2671 187 62 volume,
760 2671 85 62 a
794 2671 119 62 été
861 2671 153 62 tirée
963 2671 85 62 à
997 2671 153 62 part,
1099 2671 136 62 pour
1184 2671 119 62 les
1252 2671 153 62 trois
1337 2671 153 62 papiers

80 2705 161 72 grand
187 2705 197 72 raisin,
313 2705 215 72 seulement.

949 2749 48 35 >srse</

861 2755 137 67 g

1050 2745 108 67 2
