1703 2937
443 135 558 99 CAIALOGUE

39 209 233 121 DE
156 209 428 121 LETTRES
467 209 623 121 AUTOGRAPHES,
934 209 506 121 MANUSCRITS,

421 358 297 64 DOCUMENTS
663 358 297 64 HISTORIQUES,
886 358 204 64 ETC.

110 470 354 113 D'
313 470 556 113 AUGUSTE
667 470 708 113 LAVERDET,

342 603 162 74 A
435 603 232 74 Paris,
597 603 162 74 rue
689 603 394 74 Saint-Lazare,
991 603 185 74 24

543 858 206 63 Vente
698 858 86 63 à
715 858 275 63 l’amiable,

319 896 165 69 soit
423 896 145 69 par
505 896 310 69 l’insertion
753 896 165 69 dans
856 896 124 69 le
897 896 310 69 bulletin,

147 960 219 63 soit
307 960 140 63 aux
386 960 239 63 enchères
566 960 279 63 publiques,
785 960 120 63 de
845 960 299 63 Collections
1084 960 120 63 ou
1124 960 259 63 parties

324 1002 173 57 de
439 1002 289 57 Collections
671 1002 116 57 de
728 1002 212 57 Lettres
863 1002 347 57 autographes,

475 1045 313 65 Documents
710 1045 353 65 historiques,

517 1086 324 55 Manuscrits,
777 1086 194 55 etc.,
884 1086 130 55 etc.

83 1101 281 79 Achats.
304 1101 100 79 —
344 1101 261 79 Échanges.
544 1101 100 79 —
584 1101 301 79 Expertises.
825 1101 100 79 —
865 1101 261 79 Rédaction
1066 1101 120 79 de
1106 1101 341 79 Catalogues.

317 1299 172 113 N°
403 1299 201 113 28.
518 1299 143 113 —
575 1299 401 113 AVRIL-AOUT
862 1299 315 113 1860.

41 1519 187 72 5065.
166 1519 312 72 Adélaide
416 1519 125 72 de
478 1519 291 72 France
707 1519 250 72 (Marie),
894 1519 271 72 troisième
1103 1519 187 72 fille
1227 1519 125 72 de
1290 1519 187 72 Louis
1394 1519 104 72 XV.

88 1585 147 61 1°.
172 1585 190 61 Pièce
299 1585 126 61 de
362 1585 147 61 six
446 1585 211 61 lignes
593 1585 168 61 aut.
699 1585 168 61 sig.
804 1585 274 61 demi-page
1015 1585 190 61 in-4.
1141 1585 105 61 —
1183 1585 147 61 2°.
1267 1585 126 61 L.
1331 1585 190 61 aut.,
1436 1585 63 61 à

85 1628 163 61 M.
166 1628 163 61 de
248 1628 271 61 Mussy.
438 1628 244 61 Rome,
600 1628 163 61 25
682 1628 190 61 mai
790 1628 244 61 1791.
953 1628 136 61 1
1008 1628 163 61 p.
1089 1628 190 61 pl.
1197 1628 244 61 in-4.
1360 1628 136 61 7
1387 1628 109 61 50

141 1676 251 61 Relative
329 1676 104 61 à
371 1676 146 61 une
454 1676 230 61 pension
622 1676 125 61 de
684 1676 167 61 1200
789 1676 146 61 fr.
872 1676 188 61 faite
998 1676 146 61 par
1081 1676 167 61 elle
1186 1676 125 61 et
1248 1676 146 61 par
1332 1676 125 61 sa
1374 1676 125 61 sœur

91 1726 273 72 Victoire
296 1726 136 72 au
364 1726 182 72 curé
478 1726 136 72 de
546 1726 250 72 Meudon,
728 1726 136 72 et
796 1726 136 72 au
864 1726 273 72 payement
1069 1726 136 72 de
1137 1726 159 72 ses
1228 1726 227 72 dettes
1365 1726 136 72 par-

94 1761 219 65 dessus
247 1761 131 65 le
313 1761 219 65 marché
467 1761 131 65 de
532 1761 197 65 cette
642 1761 219 65 pension.

48 1788 178 91 5066.
167 1788 297 91 Adry
405 1788 456 91 (Jean-Félicissime),
801 1788 277 91 oratorien,
1019 1788 317 91 littérateur,
1257 1788 238 91 historien.

97 1862 217 59 Extrait
255 1862 119 59 du
315 1862 178 59 livre
433 1862 257 59 intitulé:
631 1862 178 59 Q.
749 1862 119 59 B.
809 1862 198 59 V
947 1862 178 59 (quod
1065 1862 158 59 bené
1164 1862 237 59 vertat).
1322 1862 178 59 Lutetia

96 1909 335 64 Parisiorum.
364 1909 246 64 Erudita
542 1909 156 64 sui
631 1909 268 64 temporis
832 1909 156 64 hoc
922 1909 179 64 est:
1033 1909 246 64 Annorum
1212 1909 201 64 hujus
1323 1909 179 64 sœculi

97 1968 149 65 XXI
182 1968 128 65 et
246 1968 170 65 XXII
352 1968 192 65 (1721
480 1968 128 65 et
544 1968 213 65 1722),
693 1968 234 65 auctore
864 1968 128 65 G.
928 1968 128 65 W.
992 1968 256 65 (Georgio
1183 1968 213 65 Wallin
1311 1968 192 65 succo).

92 2004 358 66 Norimbergœ.
379 2004 191 66 Anno
498 2004 143 66 M.
570 2004 191 66 DCC.
690 2004 215 66 XXII.
833 2004 215 66 In-8.
976 2004 191 66 Aut.
1096 2004 143 66 26
1167 2004 143 66 p.
1239 2004 215 66 in-4.
1383 2004 119 66 7
1406 2004 96 66 50

54 2063 162 57 5067.
162 2063 325 57 Aillaud
433 2063 235 57 (l’abbé),
614 2063 181 57 auteur
740 2063 108 57 de
794 2063 415 57 l'Egyptiade
1155 2063 162 57 poëme
1263 2063 199 57 épique,
1390 2063 108 57 etc.

102 2090 122 75 L.
163 2090 122 75 a.
224 2090 122 75 s.
285 2090 285 75 Montauban,
508 2090 102 75 2
549 2090 224 75 juillet
712 2090 183 75 1808.
834 2090 102 75 1
875 2090 122 75 p.
936 2090 142 75 pl.
1017 2090 183 75 in-4.
1139 2090 346 75 Intéressante.
1424 2090 102 75 2
1444 2090 61 75 »

53 2145 187 63 5068.
178 2145 394 63 Allamand
510 2145 602 63 (Jean-Nicolas-Sébastien),
1049 2145 291 63 philosophe
1278 2145 125 63 et
1319 2145 187 63 natura-

102 2192 223 67 liste.
258 2192 134 67 L.
324 2192 178 67 aut.
436 2192 178 67 sig.
547 2192 223 67 Leide,
703 2192 111 67 7
748 2192 178 67 déc.
859 2192 200 67 1771.
993 2192 111 67 1
1037 2192 134 67 p.
1104 2192 200 67 in-4.
1238 2192 245 67 Cachet.
1416 2192 111 67 2
1438 2192 67 67 »

52 2236 195 73 5069.
183 2236 413 73 Ameilhon
530 2236 391 73 bibliothécaire
856 2236 130 73 de
921 2236 304 73 l’arsenal.
1160 2236 130 73 L.
1225 2236 174 73 aut.
1333 2236 195 73 sig.,
1442 2236 65 73 à

97 2280 186 85 Mme
204 2280 345 85 Saugrain.
469 2280 266 85 Paris,
655 2280 133 85 7
708 2280 212 85 mars
841 2280 239 85 1806.
1000 2280 133 85 1
1054 2280 159 85 p.
1133 2280 186 85 pl.
1239 2280 239 85 in-4.
1399 2280 133 85 5
1425 2280 80 85 »

152 2341 127 59 Il
215 2341 212 59 serait
364 2341 275 59 déshonoré
576 2341 148 59 aux
660 2341 170 59 yeux
766 2341 148 59 des
851 2341 275 59 étrangers
1063 2341 170 59 s’il
1169 2341 170 59 leur
1254 2341 254 59 présentait

101 2374 134 73 la
168 2374 357 73 bibliothèque
457 2374 134 73 de
524 2374 290 73 l’Arsenal
747 2374 178 73 dans
859 2374 223 73 l’état
1015 2374 134 73 de
1081 2374 267 73 désordre
1260 2374 245 73 momentané

106 2432 149 62 que
191 2432 277 62 nécessite
404 2432 128 62 le
468 2432 213 62 nouvel
618 2432 320 62 arrangement
874 2432 213 62 arrêté
1023 2432 149 62 par
1109 2432 128 62 le
1151 2432 235 62 ministre.

60 2461 189 89 5070.
186 2461 441 89 Antraigues
564 2461 147 89 (le
648 2461 189 89 comte
774 2461 168 89 d’),
880 2461 336 89 constituant,
1153 2461 189 89 agent
1279 2461 210 89 secret
1405 2461 105 89 des

107 2523 276 74 Bourbons
314 2523 253 74 pendant
497 2523 138 74 la
566 2523 345 74 révolution.
842 2523 299 74 Assassiné
1072 2523 115 74 à
1118 2523 253 74 Londres
1301 2523 138 74 en
1347 2523 161 74 1812,

109 2572 178 87 avec
220 2572 134 87 sa
287 2572 223 87 femme,
443 2572 223 87 madame
598 2572 134 87 de
665 2572 401 87 Saint-Huberti.
999 2572 134 87 L.
1066 2572 178 87 aut.
1177 2572 200 87 sig.,
1311 2572 134 87 au
1355 2572 156 87 géné-

98 2624 313 60 ral...
317 2624 345 60 Venise,
568 2624 188 60 22
662 2624 282 60 sept.
850 2624 282 60 1795.
1038 2624 157 60 2
1101 2624 188 60 p.
1195 2624 282 60 in-4.
1383 2624 157 60 6
1414 2624 94 60 »

158 2664 190 71 Cette
285 2664 212 71 lettre
433 2664 148 71 qui
518 2664 190 71 avait
644 2664 148 71 été
729 2664 212 71 écrite
877 2664 127 71 en
941 2664 190 71 encre
1068 2664 339 71 sympathique,
1343 2664 148 71 sur
1406 2664 106 71 une

110 2722 273 73 prétendue
320 2722 294 73 quittance,
550 2722 147 73 est
634 2722 252 73 relative
823 2722 105 73 à
865 2722 126 73 sa
928 2722 231 73 mission
1096 2722 231 73 secrète
1263 2722 231 73 d’agent
1410 2722 105 73 des

85 2778 277 74 Bourbons.
