1663 2907
746 55 184 113 —
820 55 258 113 424
930 55 111 113 —

223 165 206 73 sig.,
360 165 206 73 comme
498 165 298 73 président
727 165 137 73 du
796 165 252 73 collège
979 165 137 73 de
1048 165 344 73 département
1322 165 137 73 de
1391 165 137 73 la
1437 165 183 73 Haute-

219 226 301 58 Vienne.
438 226 329 58 Limoges,
684 226 164 58 18
767 226 301 58 octobre
986 226 247 58 1820.
1150 226 137 58 1
1205 226 164 58 p.
1287 226 301 58 in-fol.
1506 226 137 58 2
1534 226 82 58 »

175 257 188 98 5103.
300 257 418 98 Bourgogne
655 257 230 98 (Louis,
822 257 251 98 dauphin,
1010 257 146 98 duc
1094 257 167 98 de),
1198 257 292 98 petit-fils
1428 257 125 98 de
1470 257 146 98 Louis

224 324 180 67 XIV.
336 324 135 67 1°
403 324 292 67 Passeport
628 324 202 67 signé
763 324 157 67 aux
852 324 202 67 armes
987 324 135 67 de
1055 324 247 67 France.
1234 324 135 67 Du
1302 324 180 67 camp
1414 324 135 67 de
1459 324 157 67 Saul-

226 371 159 56 cey,
325 371 99 56 4
365 371 238 56 décembre
544 371 179 56 1708.
663 371 99 56 1
703 371 119 56 p.
763 371 219 56 in-fol.
922 371 338 56 Portr
1200 371 179 56 in-8.
1319 371 99 56 —
1359 371 139 56 2°.
1418 371 199 56 Dialogue

223 419 205 53 entre
360 419 137 53 M.
429 419 137 53 de
497 419 274 53 Langeron
702 419 137 53 et
771 419 137 53 M.
839 419 137 53 de
908 419 319 53 l’Echelle.
1159 419 205 53 Etude
1296 419 319 53 autographe
1524 419 91 53 de

201 469 300 51 son
373 469 515 51 enfance.
759 469 214 51 3
844 469 257 51 p.
973 469 300 51 pl.
1144 469 386 51 in-4.
1402 469 214 51 7
1445 469 172 51 50

176 498 188 83 5104.
301 498 417 83 Bréquigny
656 498 375 83 (Louis-Georges
969 498 209 83 Oudard
1115 498 229 83 Feudrix
1281 498 167 83 de),
1365 498 250 83 historien,

223 568 215 60 membre
373 568 129 60 de
437 568 300 60 l’Académie
673 568 300 60 française.
909 568 129 60 L.
973 568 172 60 aut.
1081 568 172 60 sig.
1188 568 129 60 (à
1252 568 129 60 la
1317 568 129 60 3e
1360 568 257 60 personne),

223 603 114 63 à
269 603 137 63 M.
337 603 137 63 le
405 603 205 63 comte
542 603 342 63 d’Argental.
816 603 137 63 24
884 603 182 63 mars
998 603 205 63 1785.
1135 603 114 63 1
1180 603 137 63 p.
1248 603 205 63 petit
1385 603 205 63 in-8.
1522 603 114 63 3
1545 603 68 63 »

176 646 167 68 5105
280 646 396 68 Bretcuil
614 646 146 68 (le
698 646 188 68 baron
823 646 167 68 de),
927 646 334 68 ambassadeur,
1199 646 250 68 ministre
1386 646 125 68 de
1449 646 125 68 la
1491 646 125 68 mai

222 708 150 89 son
307 708 129 89 du
372 708 171 89 roi.
479 708 129 89 L.
543 708 171 89 avec
650 708 107 89 1
693 708 129 89 p.
757 708 129 89 et
821 708 193 89 quart
950 708 171 89 aut.
1057 708 193 89 sig.,
1186 708 107 89 à
1228 708 129 89 M.
1293 708 214 89 Grand.
1421 708 193 89 Naples,

210 759 211 51 24
315 759 316 51 avril
526 759 316 51 1773.
736 759 176 51 3
807 759 211 51 p.
912 759 316 51 in-4.
1123 759 456 51 Curieuse.
1474 759 176 51 4
1509 759 105 51 »

171 786 200 70 5106.
304 786 467 70 Brongniart
704 786 356 70 (Alexandre),
993 786 289 70 directeur
1215 786 133 70 de
1282 786 133 70 la
1326 786 289 70 manufacture

225 849 214 61 royale
374 849 128 61 de
438 849 235 61 Sèvres,
609 849 192 61 memb.
738 849 128 61 de
802 849 299 61 l’Académie
1037 849 150 61 des
1122 849 278 61 sciences.
1336 849 128 61 L.
1400 849 128 61 a.
1464 849 150 61 s.,
1529 849 86 61 au

223 902 196 55 Préfet
361 902 118 55 de
419 902 118 55 la
478 902 196 55 Seine.
615 902 196 55 Paris,
752 902 118 55 22
811 902 235 55 prairial
987 902 118 55 an
1046 902 137 55 IX.
1124 902 98 55 1
1164 902 118 55 p.
1222 902 118 55 et
1281 902 176 55 quart
1399 902 176 55 in-4.
1516 902 118 55 2e
1555 902 59 55 »

174 934 185 63 5107.
298 934 390 63 Buchanan
626 934 246 63 (James),
811 934 267 63 président
1016 934 144 63 des
1098 934 185 63 Etats
1221 934 185 63 Unis.
1344 934 123 63 L.
1406 934 164 63 aut.
1488 934 123 63 sig.

215 994 218 56 (en
339 994 404 56 anglais),
650 994 156 56 à
713 994 187 56 M.
806 994 404 56 Fakenham.
1117 994 156 56 1
1179 994 187 56 p.
1273 994 280 56 in-8.
1459 994 156 56 3
1491 994 124 56 50

174 1033 173 58 5108.
289 1033 345 58 Bugeaud
577 1033 134 58 (le
654 1033 269 58 maréchal),
865 1033 134 58 duc
941 1033 345 58 d'Isly
1229 1033 115 58 L.
1287 1033 115 58 a.
1344 1033 134 58 s.,
1421 1033 96 58 à
1459 1033 115 58 M.
1498 1033 115 58 Plu-

223 1085 217 57 mancy.
375 1085 217 57 Paris,
527 1085 130 57 15
593 1085 261 57 novembre
788 1085 196 57 1840.
919 1085 109 57 1
962 1085 130 57 p.
1027 1085 152 57 pl.
1114 1085 196 57 in-8.
1245 1085 369 57 Intéressante.
1527 1085 87 57 5»

177 1126 164 72 5109.
286 1126 327 72 Bugeaud
559 1126 127 72 (le
631 1126 255 72 maréchal),
831 1126 127 72 duc
904 1126 327 72 d'Isly
1177 1126 109 72 L.
1231 1126 145 72 aut.
1322 1126 164 72 sig.,
1431 1126 91 72 à
1468 1126 109 72 M.
1504 1126 109 72 Plu

215 1184 304 71 mancy.
428 1184 304 71 Alger,
640 1184 183 71 25
732 1184 243 71 août
884 1184 304 71 1841.3
1097 1184 213 71 gr.
1219 1184 183 71 p.
1310 1184 274 71 in-4.
1492 1184 152 71 6
1523 1184 91 71 »

271 1225 210 66 Lettre
418 1225 335 66 intéressante
690 1225 126 66 au
753 1225 189 66 sujet
879 1225 147 66 des
962 1225 293 66 opérations
1193 1225 293 66 militaires
1423 1225 126 66 du
1465 1225 147 66 marés

222 1284 174 70 chal
331 1284 218 70 contre
483 1284 348 70 Abd-el-Kader
766 1284 152 70 qui
853 1284 109 70 a
897 1284 196 70 évité
1027 1284 131 70 le
1093 1284 218 70 combat
1245 1284 239 70 pendant
1419 1284 152 70 une
1484 1284 131 70 par-

224 1332 154 61 tie
312 1332 132 61 de
378 1332 132 61 la
422 1332 243 61 campagne.

175 1370 190 74 5110.
302 1370 466 74 Cambacérès,
704 1370 381 74 conventionnel,
1021 1370 233 74 consul,
1191 1370 423 74 archi-chancelier
1529 1370 85 74 de

221 1425 318 68 l’Empire.
465 1425 147 68 L.
539 1425 196 68 sig.
661 1425 220 68 comme
808 1425 245 68 membre
979 1425 147 68 du
1053 1425 245 68 comité
1224 1425 147 68 de
1273 1425 343 68 législation,

221 1475 189 49 sig.
339 1475 212 49 aussi
481 1475 165 49 par
575 1475 306 49 Beauchamp
811 1475 141 49 et
881 1475 189 49 Bar,
999 1475 141 49 au
1070 1475 377 49 représentant
1376 1475 141 49 du
1423 1475 189 49 peuple

225 1523 227 53 Bourdon
391 1523 145 53 (de
473 1523 248 53 l’Oise).
659 1523 207 53 Paris,
804 1523 145 53 1er
887 1523 310 53 vendémiaire
1135 1523 124 53 an
1197 1523 165 53 III.
1300 1523 103 53 1
1341 1523 124 53 p.
1403 1523 145 53 pl.
1465 1523 145 53 in

190 1580 546 58 Cachet
573 1580 328 58 en
737 1580 437 58 cire
1010 1580 546 58 rouge.
1392 1580 273 58 3
1447 1580 164 58 »

177 1616 184 67 5111.
299 1616 389 67 Campbell
627 1616 266 67 (Thomas),
832 1616 184 67 poëte
955 1616 246 67 anglais.
1140 1616 184 67 Petit
1263 1616 205 67 billet
1406 1616 123 67 de
1447 1616 164 67 quatre

224 1667 207 49 lignes
369 1667 166 49 aut.
473 1667 166 49 sig.
576 1667 145 49 (en
659 1667 269 49 anglais).
866 1667 186 49 1826.
991 1667 249 49 (Batonné
1177 1667 104 49 à
1218 1667 228 49 l’encre
1384 1667 186 49 rouge
1508 1667 124 49 et
1550 1667 62 49 à

172 1712 791 57 l’encre
748 1712 791 57 noire).
1323 1712 360 57 3
1395 1712 216 57 »

177 1755 186 62 5112.
301 1755 476 62 Cancellerini
715 1755 228 62 (l’abbé
881 1755 290 62 François),
1108 1755 331 62 littérateur,
1377 1755 228 62 savant.
1522 1755 83 62 L.

224 1804 179 65 aut.
336 1804 179 65 sig.
448 1804 157 65 (en
537 1804 291 65 italien).
761 1804 202 65 Rome,
896 1804 134 65 19
963 1804 157 65 mai
1053 1804 202 65 1819.
1187 1804 247 65 Demi-p.
1366 1804 202 65 in-4.
1501 1804 112 65 2
1523 1804 90 65 50

174 1841 205 94 5113.
311 1841 388 94 Catéchisme
631 1841 160 94 des
722 1841 320 94 royalistes
973 1841 297 94 purs
1201 1841 297 94 Manuscrit
1407 1841 205 94 adressé

228 1910 95 59 à
266 1910 114 59 M.
323 1910 266 59 Villenave,
532 1910 247 59 rédacteur
721 1910 133 59 des
797 1910 360 59 Annales
1101 1910 114 59 16
1158 1910 171 59 sept.
1272 1910 171 59 1816.
1385 1910 95 59 2
1423 1910 114 59 p.
1480 1910 133 59 ple
1537 1910 76 59 et

225 1955 189 59 demie
351 1955 189 59 in-4.
477 1955 126 59 Il
540 1955 105 59 y
582 1955 105 59 a
623 1955 126 59 en
686 1955 168 59 tête
791 1955 126 59 de
854 1955 126 59 la
917 1955 168 59 main
1022 1955 126 59 de
1085 1955 126 59 M.
1148 1955 294 59 Villenave:
1378 1955 126 59 M.
1420 1955 189 59 Vaysse.

224 2010 189 59 1818.
350 2010 168 59 Joli
455 2010 210 59 portr.
602 2010 126 59 de
665 2010 189 59 Louis
791 2010 210 59 XVIII,
939 2010 168 59 tiré
1044 2010 147 59 sur
1128 2010 210 59 papier
1275 2010 231 59 in-fol.
1422 2010 189 59 Curieux

140 2048 1264 62 dossier.
1087 2048 527 62 7
1193 2048 421 62 50

178 2086 167 74 5114.
290 2086 297 74 Cecci
531 2086 260 74 (Laurent).
735 2086 130 74 1°.
810 2086 111 74 L.
865 2086 149 74 aut.
958 2086 149 74 sig.
1051 2086 130 74 (en
1125 2086 241 74 italien),
1311 2086 93 74 à
1348 2086 186 74 Piétro
1459 2086 149 74 Mario,

226 2148 107 55 à
268 2148 192 55 Rome.
396 2148 128 55 Di
460 2148 213 55 Riete,
609 2148 128 55 30
673 2148 320 55 d’aprile...
929 2148 107 55 2
972 2148 149 55 gr.
1057 2148 128 55 p.
1121 2148 234 55 in-fol.
1291 2148 234 55 Cachet.
1462 2148 128 55 Au
1504 2148 107 55 sue

221 2205 145 51 jet
304 2205 124 51 de
366 2205 270 51 plusieurs
574 2205 332 51 inscriptions
844 2205 270 51 antiques,
1051 2205 166 51 dont
1155 2205 124 51 il
1217 2205 187 51 donne
1341 2205 124 51 la
1404 2205 187 51 copie
1507 2205 104 51 in-

228 2239 234 56 tercalèe
403 2239 156 56 dans
500 2239 117 56 sa
559 2239 214 56 lettre.
715 2239 97 56 —
754 2239 136 56 2°.
832 2239 175 56 De
948 2239 292 56 epigrammate
1182 2239 214 56 Herodis
1338 2239 117 56 in
1377 2239 234 56 templo

225 2291 277 69 Regillæ
443 2291 238 69 coniugis
621 2291 119 69 in
681 2291 178 69 villa
800 2291 357 69 Burghesio
1097 2291 158 69 pour
1196 2291 119 69 le
1255 2291 158 69 père
1354 2291 218 69 Jacques
1493 2291 119 69 Sir-

218 2344 241 53 mond.
379 2344 268 53 Autog.
566 2344 161 53 13
646 2344 161 53 p.
727 2344 241 53 in-8.
887 2344 401 53 (Collection
1209 2344 348 53 Parison).
1476 2344 161 53 12
1530 2344 80 53 »

174 2383 193 67 5115.
302 2383 279 67 Cercle
517 2383 279 67 royal
732 2383 236 67 (Projet
904 2383 408 67 d’établissement
1248 2383 215 67 d’un),
1398 2383 236 67 adressé
1549 2383 64 67 à

221 2433 150 60 MM.
306 2433 150 60 les
392 2433 193 60 Pairs
520 2433 128 60 de
585 2433 235 60 France,
756 2433 150 60 par
841 2433 128 60 le
906 2433 193 60 comte
1034 2433 128 60 de
1098 2433 300 60 Chavannes.
1334 2433 214 60 Paris,
1484 2433 107 60 7
1505 2433 107 60 no-

206 2489 379 49 vembre
471 2489 341 49 1814.
699 2489 227 49 14
812 2489 265 49 gr.
964 2489 227 49 p.
1078 2489 417 49 in-fol.
1381 2489 189 49 5
1419 2489 189 49 fr.

269 2531 142 65 But
350 2531 122 65 de
411 2531 122 65 ce
472 2531 224 65 cercle,
634 2531 142 65 qui
716 2531 183 65 devra
838 2531 224 65 former,
1000 2531 183 65 outre
1122 2531 142 65 les
1204 2531 244 65 plaisirs
1386 2531 183 65 qu’il
1488 2531 122 65 pro-

220 2572 207 77 curera
365 2572 104 77 à
407 2572 145 77 ses
490 2572 228 77 membres
655 2572 249 77 (diners,
842 2572 249 77 soupers,
1028 2572 249 77 veillées
1214 2572 331 77 littéraires,
1463 2572 145 77 bals,

214 2623 184 63 jeux.
336 2623 205 63 etc.),
480 2623 143 63 une
562 2623 184 63 haute
685 2623 123 63 et
746 2623 348 63 contre-police
1033 2623 164 63 dans
1136 2623 266 63 l’intérêt
1341 2623 123 63 de
1382 2623 225 63 l’Etat...

171 2669 166 79 5116.
281 2669 314 79 Cerito
539 2669 166 79 (Mlle
650 2669 203 79 Fanny),
798 2669 148 79 dame
890 2669 406 79 Saint-Léon
1240 2669 203 79 célèbre
1388 2669 221 79 danseuse
1535 2669 74 79 de

215 2726 270 58 l’Opéra.
417 2726 135 58 Sa
484 2726 292 58 signature
709 2726 135 58 au
777 2726 157 58 bas
867 2726 135 58 de
934 2726 157 58 son
1024 2726 270 58 portrait
1227 2726 202 58 lith.
1362 2726 270 58 colorié.
1542 2726 67 58 —

215 2767 317 65 SAINT-LÉON,
468 2767 169 65 mari
574 2767 127 65 de
637 2767 127 65 la
700 2767 317 65 précédente,
954 2767 232 65 danseur
1123 2767 127 65 et
1186 2767 317 65 violoniste.
1418 2767 190 65 Caprice
