1633 2991
642 79 183 108 —
716 79 256 108 425
825 79 110 108 —

112 172 234 98 musical
282 172 170 98 aut.
388 172 170 98 sig.
494 172 106 98 1
537 172 128 98 p.
601 172 170 98 in-8
707 172 128 98 en
771 172 255 98 travers.
962 172 213 98 Portr.
1111 172 170 98 avec
1217 172 128 98 sa
1281 172 191 98 femme
1387 172 128 98 dans

102 247 212 69 le
208 247 459 69 Violon
561 247 212 69 du
667 247 530 69 Diable
1091 247 389 69 in-fol.
1374 247 177 69 5
1409 247 106 69 »

67 295 173 72 5117.
182 295 385 72 Cesarotti
510 295 289 72 (Melchior).
741 295 116 72 L.
799 295 154 72 aut.
895 295 154 72 sig.
992 295 135 72 (en
1069 295 251 72 italien),
1261 295 96 72 à
1300 295 135 72 son
1358 295 154 72 ami...

96 339 380 55 Padoue,
372 339 207 55 12
476 339 276 55 août
649 339 311 55 1674.
856 339 173 55 2
925 339 207 55 p.
1028 339 242 55 pl.
1166 339 311 55 in-4.
1373 339 173 55 3
1408 339 104 55 »

64 380 186 71 5118.
188 380 414 71 Charonier
540 380 310 71 bénédictin.
788 380 124 71 L.
850 380 165 71 aut.
954 380 186 71 sig.,
1078 380 103 71 à
1119 380 186 71 M...,
1243 380 207 71 auteur
1388 380 124 71 de
1429 380 83 71 la

103 433 179 70 Vie
206 433 153 70 de
282 433 307 70 Turenne.
513 433 256 70 Faray,
692 433 153 70 15
768 433 281 70 juillet
973 433 230 70 1704.
1126 433 128 70 4
1178 433 153 70 p.
1254 433 230 70 in-4.
1408 433 128 70 6
1433 433 77 70 »

156 484 212 85 Lettre
304 484 339 85 intéressante
580 484 127 85 au
643 484 191 85 sujet
770 484 191 85 d’une
897 484 212 85 notice
1046 484 297 85 manuscrite
1279 484 148 85 sur
1342 484 170 85 Ruyter

107 528 154 65 mis
195 528 132 65 en
261 528 287 65 parallèle
482 528 177 65 avec
570 528 221 65 Turenne.

65 567 183 77 5119.
187 567 387 77 Chifflet
513 567 448 77 (Pierre-François),
900 567 204 77 savant
1042 567 244 77 jésuite,
1226 567 183 77 garde
1348 567 143 77 des
1409 567 102 77 mé-

111 631 214 64 dailles
266 631 117 64 du
325 631 156 64 roi,
422 631 117 64 né
480 631 97 64 à
519 631 234 64 Besançon
694 631 350 64 (Doubs)</.
986 631 117 64 L.
1045 631 156 64 aut.
1142 631 175 64 sig.,
1259 631 117 64 au
1317 631 156 64 père
1395 631 117 64 Phi-

106 673 194 54 lippe
236 673 216 54 Labbe.
387 673 216 54 Dijon,
538 673 108 54 3
581 673 237 54 janvier
754 673 194 54 1666.
883 673 108 54 1
926 673 129 54 p.
991 673 151 54 pl.
1077 673 194 54 in-4.
1207 673 237 54 Cachet.
1380 673 129 54 7.
1423 673 86 54 50

153 725 131 86 Au
219 725 197 86 sujet
350 725 131 86 de
416 725 285 86 plusieurs
635 725 328 86 archevêques
897 725 131 86 de
963 725 197 86 Lyon,
1094 725 197 86 cités
1225 725 175 86 dans
1335 725 153 86 les
1401 725 109 86 ca-

109 757 255 65 talogues
300 757 128 65 et
364 757 170 65 dans
470 757 298 65 différents
683 757 234 65 ouvrages.

61 807 181 67 5120.
182 807 403 67 Cicognara
524 807 282 67 (Léopold).
746 807 121 67 L.
807 807 161 67 aut.
907 807 181 67 sig.,
1028 807 101 67 à
1069 807 121 67 M.
1129 807 262 67 Renouard.
1331 807 141 67 1er
1391 807 121 67 jan-

69 864 443 68 vier
346 864 499 68 1815.
678 864 277 68 1
789 864 332 68 p.
955 864 499 68 in-8.
1287 864 277 68 2
1343 864 166 68 »

55 902 215 73 5121.
198 902 693 73 Clermont-Tonnerre,
819 902 310 73 cardinal,
1058 902 334 73 archevêque
1321 902 143 73 de
1369 902 143 73 Tou-

103 964 200 82 louse.
243 964 120 82 L.
303 964 120 82 a.
363 964 140 82 s.,
443 964 100 82 à
483 964 120 82 M.
543 964 220 82 Moulin.
703 964 260 82 Toulouse,
904 964 120 82 31
964 964 140 82 mai
1044 964 240 82 1821.1p.
1224 964 140 82 pl.
1304 964 180 82 in-4.
1424 964 100 82 3
1444 964 60 82 »

149 1011 191 62 Quand
276 1011 127 62 il
340 1011 212 62 écrira
488 1011 106 62 à
531 1011 127 62 de
594 1011 255 62 Mousset,
785 1011 191 62 qu’il
913 1011 149 62 lui
998 1011 191 62 fasse
1125 1011 149 62 son
1210 1011 297 62 compliment
1422 1011 85 62 et

102 1050 147 63 lui
186 1050 231 63 exprime
353 1050 189 63 toute
479 1050 126 63 sa
542 1050 189 63 joie.
668 1050 231 63 «A-t-il
835 1050 168 63 fait
940 1050 126 63 un
1003 1050 210 63 enfant
1150 1050 105 63 à
1192 1050 126 63 sa
1255 1050 210 63 femme;
1380 1050 126 63 pour

102 1113 255 80 «Moulin,
293 1113 128 80 il
357 1113 170 80 s’en
463 1113 149 80 est
548 1113 170 80 bien
655 1113 276 80 acquitté,
867 1113 128 80 et
931 1113 128 80 ma
995 1113 319 80 bénédiction
1250 1113 106 80 a
1292 1113 170 80 fait
1377 1113 128 80 mer-

100 1153 323 62 «veille...
331 1153 69 62 »

54 1187 195 72 5122.
184 1187 303 72 Colbert
422 1187 130 72 de
487 1187 325 72 Croissy
747 1187 476 72 (Charles-Joachim),
1159 1187 217 72 évêque
1310 1187 130 72 de
1353 1187 152 72 Mont

100 1257 267 61 pellier,
300 1257 178 61 fils
412 1257 134 61 de
478 1257 245 61 Charles
657 1257 267 61 Colbert,
857 1257 245 61 marquis
1035 1257 134 61 de
1102 1257 267 61 Croissy,
1280 1257 223 61 ministre

98 1298 230 90 d’Etat.
265 1298 126 90 L.
328 1298 188 90 sig.,
454 1298 126 90 au
517 1298 314 90 ministre...
768 1298 335 90 Montpellier,
1040 1298 105 90 2
1082 1298 146 90 mai
1165 1298 188 90 1725.
1291 1298 126 90 15
1354 1298 146 90 gr.
1416 1298 84 90 p.

83 1351 400 80 in-fol.
374 1351 327 80 Pièce
592 1351 291 80 d’un
774 1351 327 80 grand
992 1351 436 80 intérêt.
1319 1351 218 80 12
1392 1351 109 80 »

146 1379 254 88 Relative
337 1379 106 88 à
379 1379 127 88 la
443 1379 297 88 résolution
676 1379 191 88 prise
803 1379 212 88 contre
952 1379 148 88 lui
1036 1379 170 88 dans
1142 1379 318 88 l’assemblée
1376 1379 127 88 pro-

96 1442 268 78 vinciale
296 1442 134 78 de
363 1442 290 78 Narbonne,
586 1442 201 78 étant
720 1442 223 78 accusé
876 1442 134 78 de
943 1442 335 78 jansénisme.
1211 1442 112 78 —
1256 1442 134 78 Sa
1300 1442 201 78 défense

99 1491 137 77 est
178 1491 177 77 celle
296 1491 118 77 de
355 1491 157 77 tout
433 1491 275 77 l’épiscopat.

48 1528 195 77 5123.
178 1528 389 77 Colalto
502 1528 303 77 (Raimbaud,
740 1528 195 77 comte
870 1528 173 77 de),
978 1528 238 77 cénéral
1151 1528 303 77 commandant
1367 1528 130 77 dans

93 1592 153 61 les
181 1592 219 61 armées
334 1592 131 61 de
400 1592 285 61 Ferdinand
619 1592 131 61 II
685 1592 131 61 en
750 1592 241 61 Italie.
925 1592 197 61 Pièce
1057 1592 175 61 sig.
1166 1592 153 61 (en
1232 1592 263 61 allemand).

72 1642 251 63 18
198 1642 460 63 octobre
532 1642 377 63 1619.
784 1642 209 63 1
867 1642 251 63 p.
993 1642 460 63 in-fol.
1328 1642 209 63 5
1369 1642 126 63 »

48 1677 186 90 5124.
172 1677 414 90 Condillac
524 1677 227 90 (l’abbé
689 1677 207 90 Bonnot
834 1677 165 90 de),
938 1677 310 90 philosophe,
1186 1677 207 90 membre
1331 1677 124 90 de
1372 1677 124 90 l’A

94 1742 244 58 cadémie
272 1742 311 58 française.
516 1742 133 58 L.
583 1742 178 58 aut.
694 1742 200 58 sig.,
827 1742 133 58 au
894 1742 156 58 duc
983 1742 133 58 de
1049 1742 311 58 Nivernais.
1272 1742 222 58 Colorno,

88 1797 110 64 9
132 1797 154 64 mai
220 1797 198 64 1761.
352 1797 110 64 3
396 1797 132 64 p.
462 1797 154 64 pl.
550 1797 198 64 in-4.
682 1797 132 64 La
748 1797 242 64 réponse
923 1797 308 64 autographe
1165 1797 132 64 du
1231 1797 154 64 duc
1297 1797 198 64 remplit

72 1835 224 63 la
184 1835 486 63 quatrième
558 1835 337 63 page.
782 1835 636 63 Intéressante.
1306 1835 224 63 15
1381 1835 112 63 »

42 1880 198 76 5125.
174 1880 330 76 Constant
437 1880 132 76 de
503 1880 352 76 Rebecque
789 1880 330 76 (Benjamin),
1053 1880 242 76 député,
1206 1880 286 76 publiciste.

89 1940 124 60 L.
151 1940 124 60 a.
213 1940 144 60 s.,
296 1940 103 60 à
337 1940 124 60 M.
399 1940 124 60 le
461 1940 289 60 secrétaire
688 1940 124 60 de
750 1940 289 60 l’Athénée.
977 1940 103 60 2
1018 1940 124 60 p.
1080 1940 124 60 et
1142 1940 186 60 demie
1266 1940 186 60 in-4.
1390 1940 103 60 2
1410 1940 83 60 50

43 1986 179 65 5126.
162 1986 238 65 Court
341 1986 119 65 de
400 1986 317 65 Gébelin,
658 1986 198 65 auteur
797 1986 139 65 de:
876 1986 179 65 Le
995 1986 179 65 Monde
1114 1986 337 65 primitif
1372 1986 119 65 etc.

87 2042 134 53 1°
154 2042 223 53 Quitt.
309 2042 134 53 de
376 2042 111 53 3
421 2042 178 53 lig.
532 2042 178 53 aut.
643 2042 178 53 sig.
754 2042 134 53 18
821 2042 178 53 déc.
933 2042 200 53 1781.
1066 2042 111 53 —
1111 2042 134 53 2°
1177 2042 134 53 L.
1244 2042 178 53 sig.
1333 2042 156 53 comme

87 2086 301 58 secrétaire
324 2086 129 58 de
389 2086 129 58 la
453 2086 280 58 révérende
668 2086 172 58 loge
776 2086 151 58 des
862 2086 323 58 Neuf-Sœurs,
1120 2086 258 58 adressée
1314 2086 108 58 à
1357 2086 129 58 M.
1400 2086 86 58 de

85 2130 348 60 Malesherbes,
368 2130 261 60 ministre
564 2130 239 60 d’Etat.
738 2130 109 60 1
781 2130 130 60 p.
846 2130 152 60 pl.
933 2130 174 60 in-4
1042 2130 326 60 (imprimée).
1281 2130 196 60 Cachet.

82 2180 130 60 Il
147 2180 108 60 y
190 2180 108 60 a
234 2180 173 60 près
342 2180 130 60 de
406 2180 130 60 la
471 2180 324 60 suscription
730 2180 194 60 trois
860 2180 238 60 petites
1033 2180 216 60 lignes
1184 2180 130 60 de
1248 2180 130 60 la
1313 2180 173 60 main
1400 2180 86 60 de

41 2224 376 64 M.
229 2224 376 64 de
418 2224 1004 64 Malesherbes.
1233 2224 314 64 6
1296 2224 188 64 »

130 2282 325 57 Convocation
390 2282 173 57 pour
498 2282 130 57 la
563 2282 238 57 rentrée
736 2282 303 57 solennelle
974 2282 130 57 le
1039 2282 130 57 28
1104 2282 281 57 septembre
1299 2282 151 57 1778.

35 2328 192 67 5127.
163 2328 427 67 Crébillon
525 2328 256 67 (Prosper
717 2328 213 67 Jolyot
866 2328 171 67 de),
973 2328 192 67 poëte
1101 2328 277 67 tragique,
1293 2328 192 67 censeur

80 2382 226 58 royal.
239 2382 136 58 1°
307 2382 249 58 Pouvoir
488 2382 181 58 aut.
601 2382 204 58 sig.,
737 2382 204 58 donné
873 2382 113 58 à
918 2382 408 58 Claude-Prosper
1258 2382 226 58 Jolvot
1393 2382 91 58 de

81 2416 298 66 érébillon,
315 2416 149 66 son
400 2416 191 66 fils,
527 2416 128 66 de
591 2416 298 66 poursuivre
825 2416 128 66 en
889 2416 149 66 son
974 2416 149 66 nom
1059 2416 319 66 l’obtention
1314 2416 128 66 du
1356 2416 128 66 pri-

78 2463 173 78 lège
187 2463 130 78 de
251 2463 151 78 ses
338 2463 238 78 œuvres,
511 2463 130 78 et
576 2463 130 78 de
641 2463 130 78 le
706 2463 325 78 revendiquer
966 2463 151 78 sur
1052 2463 173 78 ceux
1160 2463 151 78 qui
1225 2463 260 78 pourraient

79 2519 173 61 s’en
187 2519 173 61 être
295 2519 302 61 emparés...
533 2519 216 61 Paris,
684 2519 130 61 22
749 2519 194 61 avril
878 2519 194 61 1737.
1008 2519 194 61 Tiers
1138 2519 130 61 de
1202 2519 173 61 page
1310 2519 173 61 in-4
1397 2519 86 61 en

77 2563 268 67 travers.
278 2563 112 67 —
322 2563 134 67 2°
389 2563 179 67 Deux
501 2563 246 67 minutes
680 2563 134 67 de
747 2563 156 67 ses
836 2563 268 67 requêtes
1037 2563 134 67 au
1104 2563 156 67 roi
1194 2563 179 67 pour
1283 2563 201 67 l’objet

65 2617 254 60 qui
210 2617 436 60 précède.
537 2617 182 60 4
610 2617 218 60 p.
719 2617 291 60 in-4
901 2617 218 60 et
1010 2617 400 60 in-fol.
1300 2617 218 60 12
1373 2617 109 60 »

33 2660 181 69 5128.
154 2660 363 69 Custine
456 2660 161 69 (A.,
557 2660 222 69 marquis
718 2660 161 69 de),
818 2660 322 69 littérateur,
1080 2660 201 69 auteur
1221 2660 161 69 d’un
1302 2660 181 69 ouvrage

78 2714 154 59 sur
166 2714 132 59 la
232 2714 241 59 Russie.
407 2714 132 59 L.
473 2714 176 59 aut.
583 2714 198 59 sig.,
715 2714 110 59 à
759 2714 132 59 M.
824 2714 241 59 Delton.
1000 2714 395 59 Saint-Gratien,
1329 2714 132 59 31
1373 2714 110 59 mai

73 2758 265 91 1855.
249 2758 147 91 1
308 2758 176 91 p.
396 2758 206 91 pl.
514 2758 265 91 in-8.
690 2758 235 91 Joli
837 2758 323 91 cachet.
1072 2758 382 91 Curieuse.
1366 2758 147 91 2
1396 2758 88 91 »
