1612 2965
638 78 182 100 —
674 78 182 100 428

118 168 212 97 daine.
266 168 233 97 Embrun,
436 168 127 97 25
499 168 233 97 février
669 168 191 97 1760.
796 168 106 97 2
839 168 127 97 p.
902 168 127 97 et
966 168 191 97 demie
1093 168 191 97 in-4.
1220 168 148 97 Sur
1305 168 127 97 la
1369 168 148 97 1re
1432 168 85 97 et

118 241 127 71 la
181 241 233 71 seconde
351 241 169 71 page
456 241 127 71 se
520 241 212 71 trouve
668 241 127 71 la
731 241 212 71 minute
879 241 169 71 aut.
985 241 127 71 de
1049 241 127 71 la
1112 241 233 71 réponse
1281 241 127 71 de
1345 241 127 71 M.
1387 241 127 71 Tru-

2 297 1374 53 daine.
963 297 687 53 3
1101 297 412 53 »

74 328 158 93 5159.
180 328 317 93 Fouinet
444 328 229 93 (Ernest),
620 328 158 93 poëte
725 328 106 93 et
778 328 281 93 littérateur.
1007 328 158 93 Le
1112 328 229 93 Papillon.
1271 328 246 93 L'Aigle

106 392 353 57 Pièces
353 392 212 57 de
459 392 282 57 vers
635 392 282 57 aut.
812 392 282 57 sig.
988 392 177 57 4
1059 392 212 57 p.
1165 392 318 57 in-4.
1377 392 177 57 3
1412 392 106 57 »

72 432 191 65 5160.
199 432 404 65 Foulques
540 432 191 65 (L.),
667 432 213 65 poëte,
816 432 340 65 chansonnier,
1093 432 213 65 depuis
1242 432 234 65 (1830),
1390 432 128 65 com

123 485 239 66 missaire
302 485 119 66 du
362 485 139 66 roi
442 485 159 66 près
541 485 119 66 la
601 485 219 66 monnaie
760 485 119 66 de
820 485 179 66 Lyon.
940 485 119 66 10
999 485 179 66 On
1119 485 159 66 n’en
1218 485 179 66 meurt
1318 485 199 66 pas

123 536 220 54 Chanson
283 536 160 54 aut.
382 536 160 54 sig.
482 536 220 54 (1806).
642 536 100 54 3
682 536 120 54 p.
742 536 180 54 in-4.
861 536 100 54 —
901 536 120 54 2°
961 536 239 54 Eloge
1141 536 120 54 du
1201 536 140 54 vin
1281 536 120 54 de
1320 536 200 54 Ton

108 587 571 48 nerre
578 587 369 48 Chanson
847 587 268 48 aut.
1015 587 168 48 3
1082 587 201 48 p.
1182 587 302 48 in-4.
1384 587 168 48 6
1417 587 101 48 »

72 629 193 61 5161.
200 629 430 61 Francesco
566 629 215 61 (Don),
716 629 301 61 connétable
952 629 129 61 de
1017 629 279 61 Portugal.
1232 629 129 61 L.
1296 629 172 61 aut.
1382 629 129 61 sig.

123 665 143 81 (en
204 665 265 81 italien),
408 665 102 81 à
449 665 122 81 M.
510 665 122 81 de
571 665 224 81 Lansac.
735 665 122 81 En
796 665 224 81 Cotras,
959 665 102 81 8
1000 665 184 81 avril
1122 665 184 81 1581.
1245 665 102 81 1
1286 665 143 81 gr.
1367 665 122 81 p.
1408 665 102 81 pl.

103 727 456 59 in-fol.
434 727 415 59 Cachet
725 727 249 59 en
849 727 332 59 cire
1057 727 415 59 rouge.
1347 727 207 59 6
1389 727 124 59 »

70 765 207 63 5162.
208 765 345 63 François
484 765 138 63 de
553 765 437 63 Neufchâteau
921 765 161 63 (le
1013 765 253 63 comte),
1197 765 230 63 membre
1358 765 138 63 du
1404 765 115 63 Di

122 817 275 70 rectoire,
333 817 275 70 sénateur,
544 817 275 70 ministre,
756 817 211 70 membre
903 817 127 70 de
967 817 317 70 l’Institut.
1220 817 127 70 L.
1284 817 169 70 aut.
1368 817 148 70 sig.,

122 868 163 65 aux
215 868 279 65 citoyens
424 868 395 65 représentants
749 868 139 65 du
819 868 232 65 peuple
982 868 302 65 composant
1214 868 139 65 le
1284 868 232 65 comité
1423 868 93 65 de

123 932 214 58 sûreté
273 932 279 58 générale,
487 932 172 58 chez
594 932 129 58 le
659 932 236 58 citoyen
830 932 236 58 Merlin.
1002 932 129 58 Au
1066 932 322 58 Luxembourg,
1323 932 129 58 15
1366 932 150 58 ther-

124 969 190 57 midor
251 969 127 57 an
314 969 127 57 II
377 969 127 57 de
441 969 127 57 la
504 969 296 57 république
736 969 211 57 (trois
884 969 169 57 cent
989 969 422 57 trente-quatrième
1348 969 169 57 jour
1433 969 84 57 de

106 1015 242 77 ma
227 1015 604 77 détention).
710 1015 201 77 1
791 1015 242 77 p.
912 1015 282 77 pl.
1073 1015 363 77 in-4.
1315 1015 242 77 10
1395 1015 121 77 »

177 1041 163 76 Près
278 1041 163 76 d'un
380 1041 122 76 an
441 1041 122 76 de
502 1041 285 76 captivité,
725 1041 163 76 avec
827 1041 122 76 la
888 1041 305 76 perspective
1132 1041 203 76 d’être
1274 1041 244 76 sacrifié
1437 1041 81 76 au

125 1092 187 83 tigre
250 1092 146 83 qui
333 1092 229 83 voulait
500 1092 146 83 les
583 1092 229 83 dévorer
749 1092 208 83 touts,
895 1092 125 83 et
957 1092 146 83 les
1041 1092 250 83 horreurs
1207 1092 312 83 particulières

128 1158 145 64 que
211 1158 145 64 lui
294 1158 104 64 a
335 1158 166 64 fait
439 1158 249 64 éprouver
625 1158 124 64 sa
688 1158 394 64 recommandation,
1019 1158 124 64 ce
1081 1158 166 64 sont
1185 1158 145 64 là,
1267 1158 124 64 il
1309 1158 207 64 imagine,

130 1201 139 61 des
209 1201 198 61 titres
348 1201 278 61 suffisants
566 1201 159 61 pour
665 1201 139 61 lui
745 1201 178 61 faire
864 1201 218 61 obtenir
1022 1201 238 61 justice.
1201 1201 119 61 Il
1260 1201 119 61 va
1320 1201 119 61 la
1359 1201 159 61 deman-

129 1253 152 63 der
216 1253 108 63 à
259 1253 130 63 la
325 1253 325 63 Convention;
585 1253 174 63 mais
693 1253 195 63 c’est
824 1253 195 63 moins
954 1253 174 63 pour
1062 1253 152 63 lui
1149 1253 195 63 qu’il
1279 1253 217 63 parle,
1410 1253 108 63 que

129 1301 179 63 pour
241 1301 135 63 le
308 1301 179 63 bien
420 1301 247 63 public.
600 1301 135 63 Il
667 1301 269 63 propose,
869 1301 224 63 depuis
1026 1301 135 63 un
1093 1301 157 63 an,
1183 1301 135 63 de
1250 1301 247 63 montrer
1407 1301 112 63 par

133 1350 416 60 l'expérience
497 1350 104 60 la
549 1350 260 60 possibilité
757 1350 104 60 de
809 1350 156 60 tirer
912 1350 104 60 de
964 1350 121 60 nos
1034 1350 173 60 terres
1155 1350 173 60 dix
1276 1350 139 60 fois
1346 1350 173 60 plus

134 1384 213 79 qu’on
294 1384 107 79 en
348 1384 160 79 tire.
454 1384 124 79 Dix
525 1384 142 79 épis
614 1384 107 79 de
668 1384 142 79 bled
756 1384 107 79 au
810 1384 142 79 lieu
899 1384 231 79 d’un
1077 1384 160 79 c’est
1183 1384 107 79 la
1237 1384 178 79 pierre
1343 1384 178 79 philoso-

132 1458 178 57 phale
251 1458 158 57 pour
350 1458 178 57 notre
469 1458 297 57 république.
707 1458 178 57 C’est
826 1458 119 57 le
885 1458 178 57 titre
1004 1458 119 57 et
1063 1458 218 57 l’objet
1222 1458 178 57 d’une
1321 1458 198 57 pétition

132 1507 198 50 qu’il
264 1507 243 50 adresse
441 1507 132 50 au
507 1507 220 50 Sénat,
661 1507 132 50 et
727 1507 154 50 qui
815 1507 132 50 se
882 1507 309 50 recommande
1124 1507 198 50 ainsi
1256 1507 154 50 que
1345 1507 154 50 son
1411 1507 110 50 au-

132 1542 198 61 teur,
264 1542 110 61 à
308 1542 264 61 l’estime
507 1542 132 61 et
573 1542 110 61 à
617 1542 264 61 l’amitié
815 1542 154 61 des
903 1542 220 61 dignes
1057 1542 308 61 vainqueurs
1300 1542 132 61 du
1344 1542 176 61 tyran,

130 1602 154 53 «P.
218 1602 132 53 S.
284 1602 243 53 J’aurai
461 1602 176 53 bien
571 1602 154 53 des
659 1602 220 53 choses
813 1602 375 53 particulières
1122 1602 110 53 à
1166 1602 176 53 dire
1276 1602 132 53 au
1321 1602 198 53 citoyen

134 1651 245 57 «Merlin,
317 1651 122 57 de
378 1651 122 57 la
440 1651 163 57 part
542 1651 163 57 d’un
644 1651 122 57 de
705 1651 143 57 nos
786 1651 184 57 amis,
909 1651 163 57 avec
1011 1651 143 57 qui
1093 1651 163 57 j’ai
1195 1651 184 57 passé
1317 1651 143 57 une
1378 1651 143 57 nuit,

133 1688 211 56 «avant
280 1688 190 56 qu’il
407 1688 126 56 ne
470 1688 211 56 sortit
617 1688 211 56 d’ici,
765 1688 168 56 pour
870 1688 168 56 être
975 1688 316 56 victime....
1228 1688 190 56 seul,
1355 1688 126 56 je
1397 1688 126 56 l’ai

131 1744 278 67 «consolé
339 1744 139 67 et
409 1744 325 67 encouragé.
664 1744 185 67 J’ai
780 1744 185 67 reçu
896 1744 162 67 ses
989 1744 301 67 dernières
1221 1744 255 67 paroles
1383 1744 139 67 pour

133 1786 379 60 «l’amitié....
445 1786 245 60 J’étais
624 1786 201 60 digne
758 1786 134 60 de
825 1786 134 60 ce
869 1786 201 60 dépôt.»

87 1800 172 115 5163.
201 1800 305 115 Gail
449 1800 191 115 savant
583 1800 286 115 helléniste.
812 1800 114 115 L.
869 1800 153 115 aut.
965 1800 172 115 sig.,
1079 1800 95 115 à
1117 1800 114 115 M.
1175 1800 229 115 Codrika.
1346 1800 95 115 2
1384 1800 134 115 gr.
1442 1800 76 115 p.

44 1882 740 58 pl.
467 1882 951 58 in-4.
1101 1882 528 58 2
1207 1882 317 58 »

84 1921 185 80 5164.
208 1921 391 80 Gallais,
537 1921 288 80 historien.
764 1921 123 80 1°
825 1921 123 80 L.
887 1921 165 80 aut.
990 1921 185 80 sig.,
1113 1921 103 80 à
1155 1921 123 80 M.
1216 1921 288 80 Villenave.
1422 1921 103 80 1er

132 1979 239 67 octobre
306 1979 196 67 1814.
437 1979 109 67 1
480 1979 130 67 p.
545 1979 196 67 in-8.
676 1979 109 67 —
719 1979 130 67 2°
785 1979 130 67 L.
850 1979 174 67 aut.
959 1979 174 67 sig.
1067 1979 152 67 G.,
1154 1979 109 67 à
1198 1979 130 67 M.
1241 1979 283 67 Reveillère,

131 2025 332 77 commissaire
396 2025 243 77 général
573 2025 133 77 de
640 2025 133 77 la
706 2025 243 77 marine,
883 2025 111 77 à
928 2025 243 77 Nantes.
1105 2025 133 77 19
1171 2025 243 77 janvier
1348 2025 199 77 1820.
1459 2025 66 77 2

109 2073 330 73 gr.
297 2073 283 73 p.
439 2073 330 73 pl.
627 2073 283 73 et
769 2073 424 73 demie
1052 2073 424 73 in-4.
1334 2073 236 73 5
1382 2073 141 73 »

186 2095 234 74 Curieux
356 2095 234 74 détails
526 2095 149 74 sur
611 2095 128 74 la
675 2095 277 74 politique
888 2095 128 74 du
952 2095 213 74 temps.
1101 2095 149 74 ...
1186 2095 170 74 «Les
1271 2095 255 74 royalistes

137 2166 186 57 «sont
262 2166 249 57 divisés,
448 2166 145 57 les
531 2166 249 57 libéraux
717 2166 311 57 triomphent,
966 2166 145 57 les
1049 2166 269 57 ministres
1256 2166 166 57 sont
1339 2166 186 57 alités;

140 2220 148 66 «le
224 2220 148 66 roi
309 2220 126 66 se
372 2220 190 66 porte
498 2220 169 66 bien
604 2220 126 66 et
667 2220 253 66 continue
857 2220 126 66 de
920 2220 211 66 manger
1067 2220 148 66 ses
1152 2220 126 66 15
1215 2220 295 66 côtelettes
1426 2220 105 66 par

135 2257 317 66 «jour....
354 2257 73 66 »

92 2268 162 123 5165.
200 2268 324 123 Galland
469 2268 252 123 (Antoine),
667 2268 252 123 traducteur
865 2268 126 123 des
937 2268 216 123 Mille
1099 2268 108 123 et
1153 2268 126 123 une
1224 2268 270 123 Nuits,
1422 2268 108 123 mém

139 2351 149 72 bre
224 2351 128 72 de
288 2351 299 72 l’Académie
523 2351 149 72 des
608 2351 405 72 belles-lettres.
949 2351 277 72 Manuscrit
1162 2351 149 72 sur
1248 2351 128 72 sa
1312 2351 171 72 vie.
1418 2351 107 72 7
1440 2351 85 72 p.

98 2395 419 70 pl.
337 2395 359 70 et
517 2395 538 70 demie
876 2395 538 70 in-4.
1235 2395 299 70 3
1295 2395 239 70 50

91 2433 165 103 5166
194 2433 392 103 Gasparin
524 2433 144 103 (le
607 2433 186 103 comte
731 2433 165 103 de),
834 2433 247 103 ministre
1019 2433 124 103 de
1081 2433 309 103 l’intérieur
1329 2433 124 103 de
1370 2433 165 103 Louis

137 2496 275 84 Philippe.
348 2496 127 84 L.
412 2496 169 84 aut.
518 2496 190 84 sig.,
645 2496 106 84 à
687 2496 127 84 M.
750 2496 127 84 le
814 2496 148 84 duc
898 2496 254 84 Decazes.
1089 2496 212 84 Paris,
1237 2496 127 84 28
1300 2496 169 84 nov.
1385 2496 148 84 1834.

66 2541 460 61 1
250 2541 552 61 p.
526 2541 828 61 in-4.
1078 2541 460 61 1
1170 2541 368 61 50

91 2590 189 86 5167.
217 2590 272 86 Gaston
426 2590 377 86 d’Orléans,
741 2590 189 86 frère
866 2590 126 86 de
929 2590 189 86 Louis
1055 2590 189 86 XIII.
1181 2590 126 86 L.
1244 2590 168 86 avec
1348 2590 126 86 la
1390 2590 147 86 sous

140 2642 246 80 cription
325 2642 185 80 d’une
448 2642 185 80 ligne
571 2642 164 80 aut.
674 2642 185 80 sig.,
797 2642 103 80 à
838 2642 123 80 M.
900 2642 123 80 de
961 2642 123 80 la
1023 2642 267 80 Terrière.
1228 2642 205 80 Paris,
1372 2642 123 80 10
1413 2642 123 80 mars

90 2690 618 65 1664.
503 2690 344 65 1
640 2690 412 65 p.
846 2690 618 65 in-4.
1258 2690 344 65 3
1327 2690 206 65 »

91 2726 194 78 5168.
221 2726 280 78 Gaston
436 2726 388 78 d’Orléans,
759 2726 194 78 frère
889 2726 129 78 de
953 2726 194 78 Louis
1083 2726 194 78 XIII.
1212 2726 172 78 Note
1320 2726 129 78 de
1384 2726 129 78 la
1427 2726 108 78 dé-

139 2789 190 72 pense
266 2789 190 72 faite
393 2789 169 72 pour
498 2789 148 72 lui
583 2789 127 72 et
646 2789 127 72 sa
710 2789 211 72 maison
858 2789 106 72 à
900 2789 359 72 Fontainebleau
1196 2789 127 72 le
1259 2789 127 72 20
1323 2789 148 72 mai
1386 2789 148 72 1623.
