1653 2975
670 83 183 95 —
744 83 256 95 430
853 83 110 95 —

151 161 206 93 çaise.
296 161 124 93 L.
357 161 165 93 aut.
460 161 185 93 sig.,
584 161 103 93 à
625 161 124 93 M.
687 161 227 93 Soumet.
852 161 206 93 Paris,
996 161 103 93 8
1037 161 227 93 février
1202 161 185 93 1819.
1325 161 103 93 2
1367 161 124 93 p.
1408 161 144 93 in

88 236 1381 71 Intéressante.
1225 236 406 71 6
1306 236 244 71 »

195 272 129 72 Au
259 272 193 72 sujet
388 272 150 72 des
474 272 258 72 ouvrages
667 272 150 72 que
753 272 150 72 lui
839 272 129 72 et
903 272 150 72 son
989 272 193 72 frère
1118 272 322 72 destinaient
1375 272 129 72 au
1418 272 129 72 con-

145 307 223 92 cours,
301 307 134 92 et
368 307 223 92 qu’une
524 307 246 92 maladie
703 307 201 92 grave
837 307 134 92 de
904 307 179 92 leur
1015 307 179 92 mère
1127 307 156 92 les
1216 307 112 92 a
1261 307 246 92 empêché
1417 307 134 92 jus-

151 373 204 71 qu’ici
294 373 123 71 de
355 373 143 71 lui
416 373 286 71 adresser....

102 396 192 81 5184.
230 396 341 81 Jadin
507 396 448 81 (Louis-Emmanuel),
891 396 341 81 compositeur.
1168 396 128 81 L.
1232 396 171 81 aut.
1339 396 192 81 sig.,
1445 396 107 81 aux

147 482 259 68 artistes
342 482 130 68 du
407 482 238 68 théâtre
580 482 259 68 impérial
774 482 130 68 de
839 482 432 68 l’Opéra-Comique.
1206 482 130 68 14
1271 482 173 68 août
1379 482 194 68 1812.
1487 482 65 68 2

61 524 639 62 p.
380 524 958 62 in-4.
912 524 639 62 5i6»

194 564 115 70 Au
251 564 172 70 sujet
366 564 134 70 des
442 564 363 70 représentations
748 564 115 70 de
805 564 287 70 L'Auteur
1034 564 191 70 malgré
1149 564 191 70 lu.

98 592 178 92 5185.
217 592 277 92 Jal
435 592 178 92 (A.),
554 592 317 92 littérateur,
811 592 357 92 historiographe
1108 592 119 92 de
1168 592 119 92 la
1227 592 218 92 marine.
1386 592 119 92 L.
1425 592 119 92 aut.

147 665 191 52 sig.,
274 665 106 52 à
316 665 127 52 M.
380 665 148 52 ...
464 665 212 52 Paris,
613 665 106 52 7
655 665 169 52 août
761 665 191 52 1843.
888 665 106 52 3
930 665 127 52 p.
994 665 191 52 petit
1121 665 191 52 in-8.
1226 665 318 52 Intéressante.

119 715 592 69 Ecriture
563 715 395 69 fine
810 715 296 69 et
958 715 494 69 serrée
1303 715 247 69 2
1353 715 197 69 50

96 738 194 83 5186.
226 738 411 83 Iffland
572 738 194 83 poëte
701 738 302 83 dramatique
939 738 130 83 et
1004 738 216 83 acteur
1155 738 281 83 allemand.
1371 738 130 83 L.
1414 738 130 83 sig.

141 807 190 55 (en
249 807 379 55 allemand).
547 807 298 55 Berlin,
764 807 163 55 18
845 807 217 55 mars
981 807 244 55 1801.
1144 807 135 55 1
1198 807 163 55 p.
1279 807 244 55 in-4.
1415 807 135 55 35»

97 826 192 87 5187.
225 826 192 87 La
352 826 362 87 Beaumelle
651 826 469 87 (Laurent-Angliviel
1056 826 171 87 de),
1162 826 341 87 littérateur,
1418 826 128 87 etc.

146 907 126 60 1°
209 907 210 60 Billet
356 907 126 60 de
419 907 105 60 5
461 907 210 60 lignes
607 907 168 60 aut.
712 907 189 60 sig.,
838 907 105 60 à
880 907 126 60 M.
943 907 231 60 Barbou.
1111 907 210 60 In-12.
1257 907 105 60 —
1299 907 126 60 2°
1362 907 126 60 L.
1404 907 147 60 aut.,

145 950 113 85 à
191 950 136 85 M.
258 950 136 85 de
326 950 136 85 la
394 950 316 85 Condamine.
642 950 113 85 4
688 950 248 85 octobre
868 950 203 85 1754.
1004 950 113 85 1
1049 950 136 85 p.
1117 950 158 85 pl.
1207 950 136 85 et
1275 950 203 85 demie
1388 950 158 85 in

108 984 662 69 Cachet.
590 984 783 69 Curieuse.
1252 984 301 69 7
1312 984 241 69 50

101 1022 167 78 5188.
213 1022 167 78 La
325 1022 260 78 Châtre
529 1022 130 78 (le
604 1022 167 78 baron
715 1022 149 78 de),
808 1022 205 78 éditeur
957 1022 112 78 de
1013 1022 316 78 l'Histoire
1273 1022 130 78 des
1329 1022 223 78 Papes

148 1091 119 72 L.
208 1091 158 72 aut.
306 1091 178 72 sig.,
425 1091 119 72 au
484 1091 217 72 général
643 1091 198 72 Gazan.
781 1091 198 72 Paris,
919 1091 119 72 21
979 1091 178 72 sept.
1097 1091 178 72 1843.
1216 1091 99 72 1
1255 1091 119 72 p.
1315 1091 178 72 in-4.
1433 1091 119 72 3.
1473 1091 79 72 2»

195 1136 258 71 Demande
382 1136 141 71 de
452 1136 422 71 renseignements
804 1136 164 71 sur
897 1136 141 71 le
967 1136 211 71 règne
1108 1136 141 71 de
1178 1136 281 71 Grégoire
1389 1136 164 71 XVI
1459 1136 94 71 de

149 1165 122 100 la
210 1165 163 100 part
312 1165 122 100 de
373 1165 245 100 l’auteur
557 1165 122 100 de
618 1165 286 100 l’Histoire
843 1165 143 100 des
904 1165 163 100 Papes.

101 1213 168 96 5189.
213 1213 335 96 Landon,
492 1213 205 96 peintre
641 1213 279 96 d’histoire,
865 1213 186 96 auteur
995 1213 130 96 des
1070 1213 261 96 Annales
1275 1213 112 96 du
1312 1213 242 96 Musée.

144 1288 165 62 L.
227 1288 220 62 aut.
365 1288 220 62 sig.
503 1288 276 62 Paris,
696 1288 138 62 5
751 1288 193 62 mai
861 1288 248 62 1825.
1026 1288 138 62 1
1081 1288 165 62 p.
1164 1288 193 62 pl.
1274 1288 248 62 in-8.
1440 1288 138 62 2
1467 1288 83 62 »

101 1316 170 87 5190.
214 1316 359 87 Lantier,
516 1316 189 87 auteur
648 1316 113 87 du
705 1316 245 87 Voyage
894 1316 245 87 d’Antenor
1082 1316 113 87 en
1139 1316 170 87 Grèce
1252 1316 113 87 et
1309 1316 113 87 en
1346 1316 208 87 Asie

138 1384 198 59 L.
237 1384 264 59 aut.
402 1384 297 59 sig.,
599 1384 165 59 4
665 1384 297 59 avril
863 1384 297 59 1817.
1061 1384 165 59 1
1127 1384 198 59 p.
1225 1384 297 59 in-4.
1423 1384 165 59 2
1456 1384 99 59 »

96 1408 205 101 5191.
233 1408 205 101 La
370 1408 319 101 Revellière
621 1408 365 101 Lépeaux,
917 1408 365 101 constituant,
1191 1408 365 101 conventionnel,

151 1491 198 54 membre
290 1491 119 54 du
349 1491 296 54 Directoire,
586 1491 119 54 de
645 1491 296 54 l’Institut,
882 1491 158 54 chef
981 1491 138 54 des
1040 1491 514 54 Théophilantrôves

143 1521 137 69 L.
212 1521 182 69 aut.
325 1521 205 69 sig.,
462 1521 137 69 au
530 1521 250 69 citoyen
712 1521 296 69 Ginguené.
940 1521 228 69 Paris,
1099 1521 137 69 19
1167 1521 273 69 brumaire
1372 1521 137 69 an
1440 1521 137 69 V.
1486 1521 68 69 2

114 1583 388 90 55.
335 1583 332 90 p.
501 1583 388 90 pl.
723 1583 498 90 in-4.
1055 1583 277 90 2
1165 1583 332 90 on
1332 1583 277 90 6
1387 1583 166 90 »

173 1597 130 107 2.
238 1597 194 107 La
368 1597 453 107 Rochefoucauld
756 1597 302 107 (François,
994 1597 151 107 duc
1080 1597 173 107 de),
1188 1597 173 107 père
1296 1597 130 107 de
1339 1597 216 107 l’auteur

152 1669 136 57 des
229 1669 370 57 Maximes
541 1669 117 57 L.
599 1669 156 57 aut.
697 1669 175 57 sig.,
813 1669 97 57 à
852 1669 117 57 M.
911 1669 117 57 de
969 1669 350 57 Pontchartrain,
1261 1669 273 57 conseiller
1456 1669 97 57 (du

147 1720 166 89 roi.
251 1720 269 89 Poitiers,
458 1720 104 89 7
499 1720 186 89 avril
623 1720 186 89 1619.
748 1720 104 89 2
789 1720 228 89 grandes
955 1720 186 89 pages
1079 1720 145 89 pl.
1162 1720 228 89 in-fol.
1327 1720 228 89 Cachets
1472 1720 83 89 et

25 1766 1670 52 soies.15
1138 1766 418 52 »

195 1811 208 80 Lettre
341 1811 333 80 intéressante
611 1811 145 80 sur
694 1811 145 80 les
777 1811 249 80 affaires
964 1811 125 80 du
1006 1811 166 80 temps.

104 1836 174 92 5193.
220 1836 328 92 Latour
490 1836 251 92 (Baillet,
683 1836 174 92 comte
799 1836 154 92 de),
895 1836 232 92 ministre
1069 1836 116 92 de
1127 1836 116 92 la
1185 1836 193 92 guerre
1301 1836 251 92 d’Autriche;

151 1910 262 63 massacré
348 1910 175 63 dans
457 1910 153 63 les
545 1910 262 63 troubles
742 1910 131 63 de
807 1910 219 63 Vienne
960 1910 131 63 au
1026 1910 175 63 mois
1135 1910 131 63 de
1201 1910 284 63 septembre
1398 1910 153 63 1848.

149 1957 198 54 Ordre
281 1957 286 54 militaire
501 1957 132 54 de
567 1957 176 54 deux
677 1957 220 54 lignes
831 1957 176 54 aut.
940 1957 176 54 sig.
1050 1957 154 54 (en
1138 1957 308 54 allemand).
1380 1957 132 54 12
1424 1957 132 54 sep-

135 2005 374 52 tembre
396 2005 336 52 1848.
620 2005 411 52 Demi-p.
919 2005 299 52 in-8
1106 2005 411 52 oblong.
1405 2005 187 52 3
1442 2005 112 52 »

104 2033 175 89 5194.
220 2033 330 89 Latude
491 2033 330 89 (Henri-Masers
763 2033 155 89 de),
860 2033 252 89 ingénieur
1054 2033 271 89 militaire,
1267 2033 213 89 célèbre
1422 2033 136 89 par
1480 2033 78 89 sa

149 2098 216 55 longue
301 2098 281 55 captivité
517 2098 108 55 à
561 2098 130 55 la
625 2098 281 55 Bastille.
842 2098 216 55 Quatre
993 2098 195 55 pages
1123 2098 281 55 imprimées
1318 2098 238 55 déchirées

148 2148 173 67 d’un
257 2148 217 67 livre,
408 2148 130 67 et
473 2148 260 67 remplies
668 2148 130 67 de
733 2148 152 67 son
820 2148 260 67 écriture
1015 2148 152 67 sur
1102 2148 217 67 toutes
1254 2148 152 67 les
1340 2148 217 67 marges
1470 2148 87 67 et

148 2196 204 66 entre
284 2196 159 66 les
375 2196 227 66 lignes
533 2196 317 66 imprimées,
783 2196 136 66 et
851 2196 295 66 contenant
1077 2196 136 66 la
1145 2196 249 66 minute,
1326 2196 181 66 aut.
1417 2196 136 66 sig.

152 2236 327 66 Danry
421 2236 173 66 d’une
537 2236 193 66 lettre
672 2236 193 66 écrite
807 2236 116 66 de
864 2236 116 66 sa
922 2236 193 66 prison
1057 2236 96 66 à
1096 2236 116 66 M.
1153 2236 116 66 de
1211 2236 250 66 Sartines,
1385 2236 173 66 lieute-

156 2295 162 51 nant
257 2295 122 51 de
318 2295 223 51 police,
480 2295 122 51 le
541 2295 122 51 11
602 2295 223 51 juillet
764 2295 182 51 1764.
885 2295 284 51 (Déchirure
1108 2295 101 51 à
1149 2295 122 51 la
1210 2295 182 51 marge
1311 2295 243 51 intérieure

150 2346 276 67 enlevant
357 2346 138 67 le
426 2346 369 67 commencement
726 2346 138 67 ou
795 2346 138 67 la
864 2346 161 67 fin
956 2346 138 67 de
1025 2346 276 67 quelques
1233 2346 276 67 lignes.)
1440 2346 138 67 12
1486 2346 69 67 »

199 2390 125 75 Il
262 2390 230 75 implore
429 2390 125 75 sa
492 2390 313 75 miséricorde
742 2390 167 75 pour
847 2390 188 75 qu’il
972 2390 188 75 mette
1097 2390 146 75 fin
1181 2390 104 75 à
1223 2390 125 75 sa
1285 2390 209 75 longue
1411 2390 146 75 souf-

148 2413 286 82 france...
368 2413 220 82 Projet
522 2413 132 82 de
588 2413 264 82 finances
786 2413 220 82 devant
941 2413 264 82 enrichir
1139 2413 220 82 l’Etat
1293 2413 132 82 et
1337 2413 220 82 immorta-

149 2487 198 76 liser
281 2487 132 76 le
347 2487 198 76 règne
479 2487 132 76 de
544 2487 198 76 Louis
676 2487 198 76 XV...
808 2487 154 76 Les
896 2487 308 76 abondances
1138 2487 198 76 qu’il
1269 2487 110 76 a
1313 2487 242 76 proposé
1467 2487 88 76 de

151 2531 219 74 faire,
305 2531 132 74 et
370 2531 439 74 particulièrement
743 2531 197 74 celle
875 2531 132 74 de
941 2531 263 74 Paris...
1138 2531 175 74 «qui
1248 2531 263 74 pourroit
1423 2531 132 74 être

153 2586 234 64 «bâtie
317 2586 141 64 et
387 2586 258 64 remplie
574 2586 141 64 de
644 2586 328 64 merveilles
902 2586 141 64 du
972 2586 234 64 monde,
1136 2586 141 64 de
1207 2586 187 64 voir
1324 2586 141 64 un
1371 2586 187 64 magni-

154 2633 215 68 «fique
305 2633 259 68 bâtiment
499 2633 151 68 qui
585 2633 215 68 aurait
736 2633 194 68 coûté
866 2633 194 68 douze
995 2633 259 68 millions
1189 2633 215 68 rempli
1340 2633 172 68 d’un
1426 2633 129 68 amas

154 2677 156 84 «de
243 2677 178 84 blé,
354 2677 178 84 pour
465 2677 245 84 nourrir
643 2677 134 84 un
710 2677 245 84 million
888 2677 134 84 de
955 2677 289 84 personnes
1178 2677 178 84 dans
1289 2677 134 84 un
1356 2677 200 84 temps
1467 2677 89 84 de

152 2728 300 52 «calamité
383 2728 254 52 pendant
567 2728 138 52 le
636 2728 208 52 cours
775 2728 208 52 d’une
890 2728 254 52 année...»

104 2741 187 115 5195.
229 2741 416 115 Lauriston
582 2741 145 115 (le
665 2741 270 115 maréchal,
873 2741 229 115 marquis
1039 2741 166 115 de),
1143 2741 249 115 ministre
1330 2741 125 115 de
1393 2741 125 115 la
1434 2741 125 115 mai
