1733 3055
789 103 251 104 432
897 103 107 104 —

143 199 173 84 5208.
258 199 346 84 Mémoire
546 199 211 84 pour
700 199 115 84 la
758 199 307 84 construction
1008 199 135 84 des
1084 199 250 84 cheminées
1277 199 96 84 à
1296 199 288 84 systèmes

188 268 305 66 Manuscrit.
428 268 371 66 Valenciennes,
733 268 109 66 8
777 268 174 66 déc.
886 268 196 66 1773.
1017 268 109 66 4
1061 268 131 66 p.
1126 268 153 66 pl.
1213 268 131 66 et
1279 268 196 66 demie
1388 268 196 66 in

181 318 240 58 avec
331 318 240 58 cinq
481 318 360 58 planches
751 318 390 58 dessinées
1052 318 180 58 et
1142 318 420 58 coloriées.
1472 318 150 58 5
1502 318 90 58 »

138 351 211 83 5209.
278 351 751 83 Metternich-Winnebourg
959 351 540 83 (Clément-Venceslas,
1404 351 188 83 prince

187 412 183 74 de).
302 412 321 74 Certificat
554 412 183 74 sig.
668 412 206 74 comme
805 412 344 74 ambassadeur
1080 412 321 74 d’Autriche
1332 412 137 74 en
1378 412 206 74 France,

186 457 234 67 Paris,
349 457 140 67 26
420 457 211 67 sept.
560 457 211 67 1808.
701 457 117 67 1
747 457 164 67 gr.
841 457 140 67 p.
911 457 257 67 in-fol.
1098 457 187 67 avec
1215 457 164 67 les
1309 457 211 67 armes
1426 457 164 67 d’Au-

137 501 726 61 triche
646 501 872 61 gravées.
1299 501 363 61 3
1372 501 218 61 »

144 537 151 72 5210.
245 537 252 72 Molé
447 537 151 72 (Mlle
548 537 151 72 Julie
649 537 353 72 Delavigne
951 537 185 72 femme),
1086 537 101 72 en
1136 537 118 72 2es
1203 537 151 72 noces
1304 537 151 72 femme
1388 537 202 72 Lé

188 608 249 60 gé
384 608 142 60 puis
472 608 213 60 comtesse
632 608 195 60 Albitre
774 608 107 60 de
827 608 231 60 Vallivon.
1005 608 107 60 L.
1058 608 142 60 aut.
1147 608 160 60 sig.:
1254 608 195 60 pour
1396 608 107 60 M.
1431 608 160 60 Pi

188 647 198 83 card
332 647 108 83 et
386 647 108 83 sa
439 647 287 83 société
673 647 180 83 Paris,
799 647 90 83 6
835 647 198 83 juillet
978 647 162 83 1816.
1086 647 90 83 1
1122 647 108 83 p.
1176 647 126 83 pl.
1248 647 108 83 et
1302 647 162 83 demie
1409 647 162 83 in-4.
1517 647 90 83 6
1535 647 54 83 »

233 705 263 58 Curieuse
430 705 219 58 lettre
584 705 131 58 au
649 705 197 58 sujet
781 705 131 58 de
846 705 131 58 sa
912 705 197 58 pièce
1043 705 241 58 qu’elle
1219 705 131 58 ne
1284 705 175 58 veut
1394 705 153 58 pas
1460 705 131 58 voir

181 747 211 66 jouer
321 747 258 66 pendant
509 747 281 66 l’été...
720 747 188 66 Elle
837 747 211 66 vient
978 747 188 66 d’en
1095 747 281 66 terminer
1307 747 164 66 une
1400 747 188 66 dans
1494 747 94 66 le

187 792 187 66 genre
312 792 229 66 comique
478 792 229 66 qu’elle
645 792 166 66 doit
748 792 166 66 lire
852 792 104 66 à
894 792 125 66 la
956 792 187 66 Porte
1060 792 312 66 Saint

141 821 167 86 5211.
253 821 371 86 Montolieu
569 821 130 86 (la
643 821 204 86 baronne
791 821 223 86 Isabelle
959 821 149 86 de),
1051 821 186 86 auteur
1181 821 111 86 de
1237 821 279 86 Caroline
1441 821 149 86 de

185 894 434 61 Lichtefield
563 894 151 61 etc.
657 894 113 61 L.
714 894 151 61 aut.
808 894 170 61 sig.,
922 894 94 61 à
960 894 113 61 M.
1016 894 246 61 Paschond,
1205 894 246 61 libraire,
1394 894 94 61 à
1413 894 170 61 Genève.

178 944 353 80 Lausanne,
449 944 163 80 24
530 944 217 80 mars
666 944 244 80 1811.
829 944 136 80 1
883 944 163 80 p.
964 944 190 80 pl.
1073 944 163 80 et
1154 944 244 80 quart
1317 944 244 80 in-4.
1480 944 136 80 5
1507 944 81 80 »

236 985 208 68 Lettre
382 985 249 68 curieuse
568 985 125 68 au
631 985 187 68 sujet
755 985 125 68 du
817 985 166 68 prix
921 985 125 68 de
983 985 187 68 vente
1108 985 125 68 de
1170 985 145 68 ses
1232 985 187 68 Contes.

136 1013 192 94 5212.
263 1013 362 94 Murray
562 1013 298 94 (Lundley),
796 1013 341 94 lexicographe
1073 1013 128 94 et
1137 1013 319 94 grammairien
1371 1013 213 94 anglais,

186 1086 129 54 L.
251 1086 173 54 aut.
359 1086 173 54 sig.
467 1086 151 54 (en
553 1086 281 54 anglais).
769 1086 216 54 Hythe,
920 1086 129 54 20
985 1086 237 54 juillet
1157 1086 194 54 1810.
1287 1086 108 54 1
1330 1086 129 54 p.
1395 1086 173 54 in-4
1503 1086 108 54 2
1524 1086 65 54 »

133 1119 208 82 5213.
272 1119 463 82 Neukomme,
666 1119 347 82 compositeur
943 1119 139 82 de
1013 1119 278 82 musique.
1221 1119 139 82 L.
1291 1119 185 82 aut.
1407 1119 208 82 sig.,
1523 1119 69 82 à

181 1176 246 67 Wilhem.
360 1176 224 67 Berne,
516 1176 134 67 21
583 1176 179 67 déc.
695 1176 201 67 1840.
829 1176 112 67 3
874 1176 134 67 p.
941 1176 157 67 pl.
1031 1176 201 67 in-8.
1165 1176 201 67 Jolie
1299 1176 224 67 lettre
1433 1176 157 67 musi-

145 1226 542 58 cale.
506 1226 1023 58 Intéressante.
1348 1226 301 58 4
1408 1226 181 58 »

133 1267 192 66 5214.
261 1267 427 66 Ollivier,
623 1267 171 66 curé
730 1267 128 66 de
794 1267 320 66 Saint-Roch,
1050 1267 171 66 puis
1156 1267 213 66 évêque
1306 1267 277 66 d’Evreux.
1498 1267 85 66 L.

184 1326 170 62 aut.
290 1326 192 62 sig.,
418 1326 106 62 à
461 1326 128 62 M.
524 1326 149 62 ...
610 1326 234 62 Evreux,
780 1326 106 62 5
822 1326 234 62 octobre
993 1326 192 62 1846.
1121 1326 106 62 1
1163 1326 128 62 p.
1227 1326 149 62 pl.
1312 1326 192 62 in-8.
1440 1326 149 62 (Il
1504 1326 85 62 le

181 1382 171 75 prie
287 1382 128 75 au
351 1382 149 75 bas
437 1382 128 75 de
501 1382 213 75 brûler
650 1382 192 75 cette
778 1382 213 75 lettre
928 1382 107 75 à
970 1382 192 75 cause
1098 1382 128 75 de
1162 1382 128 75 la
1226 1382 299 75 convention
1440 1382 149 75 faite

175 1422 259 49 entre
348 1422 173 49 la
434 1422 259 49 reine
607 1422 173 49 et
693 1422 202 49 lui
809 1422 202 49 qui
924 1422 144 49 y
981 1422 202 49 est
1097 1422 461 49 mentionnée).
1471 1422 144 49 3
1500 1422 86 49 »

133 1452 190 82 5215.
259 1452 380 82 Orléans
576 1452 274 82 (François
787 1452 169 82 d’),
892 1452 211 82 prince
1040 1452 127 82 de
1103 1452 295 82 Joinville.
1335 1452 127 82 L.
1398 1452 190 82 sig.,
1504 1452 84 82 au

178 1523 297 56 maréchal
401 1523 371 56 Sébastiani.
697 1523 371 56 Porstmouth,
994 1523 148 56 12
1068 1523 222 56 sept.
1216 1523 124 56 1
1266 1523 148 56 p.
1340 1523 222 56 in-4.
1488 1523 124 56 5
1513 1523 74 56 »

132 1564 192 78 5216.
260 1564 385 78 Perlet,
581 1564 214 78 acteur
730 1564 128 78 du
795 1564 492 78 Gymnase-Dramatique.
1222 1564 128 78 L.
1287 1564 171 78 aut.
1394 1564 192 78 sig.,
1500 1564 86 78 au

162 1627 461 72 docteur
498 1627 377 72 Biet.
749 1627 210 72 1
833 1627 252 72 p.
959 1627 294 72 pl.
1127 1627 377 72 in-8.
1378 1627 210 72 2
1420 1627 168 72 50

132 1668 196 59 5217.
263 1668 261 59 Petra
458 1668 304 59 Camara
697 1668 152 59 (la
784 1668 261 59 senora),
980 1668 174 59 dame
1088 1668 282 59 Guerrero,
1306 1668 239 59 célèbre
1458 1668 130 59 dan

179 1728 194 52 seuse
309 1728 302 52 espagnole.
546 1728 129 52 L.
611 1728 173 52 aut.
719 1728 194 52 sig.,
848 1728 108 52 à
891 1728 194 52 M....
1020 1728 129 52 27
1085 1728 194 52 sept.
1214 1728 194 52 1856.
1344 1728 108 52 1
1387 1728 129 52 p.
1430 1728 151 52 in

88 1775 1269 74 Charge.
1010 1775 577 74 4
1126 1775 461 74 50

130 1820 190 77 5218.
256 1820 316 77 Pitt
509 1820 316 77 (Williams),
762 1820 232 77 célèbre
931 1820 253 77 ministre
1120 1820 253 77 anglais.
1310 1820 274 77 Enveloppe
1500 1820 84 77 de

176 1876 226 55 lettre
335 1876 181 55 aut.
448 1876 181 55 sig.
561 1876 271 55 (servant
764 1876 136 55 de
832 1876 203 55 passe
968 1876 113 55 à
1013 1876 158 55 une
1103 1876 226 55 iettre
1262 1876 271 55 adressée
1465 1876 113 55 à
1488 1876 90 55 M.

177 1923 227 58 George
336 1923 204 58 Chad,
472 1923 113 58 à
518 1923 272 58 Norfolke
722 1923 159 58 par
813 1923 136 58 le
881 1923 250 58 docteur
1062 1923 272 58 Stevens,
1266 1923 136 58 le
1334 1923 136 58 22
1380 1923 204 58 janvier

169 1970 276 55 1790.
354 1970 154 55 1
415 1970 184 55 p.
507 1970 307 55 in-4).
722 1970 338 55 Cachet.
968 1970 369 55 Curieuse
1244 1970 307 55 pièce.
1459 1970 154 55 6
1490 1970 92 55 »

130 2009 193 72 5219.
258 2009 364 72 Rakozi
558 2009 257 72 (Georges
751 2009 171 72 II),
858 2009 214 72 prince
1008 2009 129 72 de
1072 2009 364 72 Transylvanie,
1350 2009 236 72 combattit

178 2072 213 58 contre
327 2072 298 58 l’Autriche
561 2072 128 58 et
625 2072 213 58 contre
774 2072 149 58 les
859 2072 213 58 Turcs.
1008 2072 128 58 L.
1072 2072 170 58 sig.
1178 2072 149 58 (en
1264 2072 234 58 latin).
1434 2072 128 58 13
1477 2072 106 58 fé-

165 2119 297 67 vrier
363 2119 297 67 1657.
561 2119 165 67 1
627 2119 198 67 p.
726 2119 231 67 pl.
858 2119 198 67 et
957 2119 297 67 demie
1155 2119 363 67 in-fol.
1419 2119 165 67 7
1452 2119 132 67 50

129 2172 198 64 5220.
261 2172 484 64 Robespierre
679 2172 506 64 (Maximilien-Isidore
1118 2172 176 64 de),
1228 2172 220 64 avocat
1382 2172 110 64 à
1404 2172 176 64 Arras,

178 2220 339 59 littérateur,
454 2220 382 59 conventionnel.
772 2220 127 59 Sa
835 2220 276 59 signature
1048 2220 127 59 et
1111 2220 212 59 celles
1260 2220 127 59 de
1302 2220 276 59 Billaud-

176 2270 227 55 renne,
335 2270 227 55 Collot
494 2270 295 55 d'Herbois
720 2270 136 55 et
788 2270 204 55 C.-A.
925 2270 249 55 Prieur,
1106 2270 204 55 comme
1242 2270 249 55 membres
1423 2270 136 55 du
1469 2270 113 55 Co-

179 2318 175 56 mité
289 2318 131 56 de
354 2318 197 56 salut
486 2318 241 56 public,
661 2318 131 56 au
726 2318 153 56 bas
814 2318 175 56 d’un
923 2318 175 56 état
1033 2318 131 56 de
1098 2318 241 56 demande
1274 2318 131 56 de
1339 2318 175 56 cent
1427 2318 153 56 mille

177 2366 213 59 livres
326 2366 128 59 de
389 2366 213 59 poudre
538 2366 170 59 pour
644 2366 234 59 l’armée
815 2366 149 59 des
900 2366 213 59 Alpes,
1048 2366 170 59 pour
1155 2366 170 59 être
1261 2366 255 59 répartie
1431 2366 149 59 entre

177 2411 304 57 Grenoble,
410 2411 397 57 Fort-Barreaux
738 2411 140 57 et
808 2411 304 57 Chambéry.
1041 2411 140 57 29
1112 2411 257 57 floréal
1299 2411 140 57 an
1369 2411 164 57 II.
1462 2411 117 57 1
1486 2411 93 57 p.

82 2453 1269 61 in-fol.
1004 2453 692 61 20
1235 2453 346 61 »

129 2501 198 73 5221.
261 2501 483 73 Robespierre
678 2501 505 73 (Maximilien-Isidore
1117 2501 176 73 de),
1227 2501 220 73 avocat
1380 2501 110 73 à
1402 2501 176 73 Arras,

175 2563 341 59 littérateur,
452 2563 383 59 conventionnel.
771 2563 128 59 Sa
835 2563 277 59 signature
1048 2563 128 59 et
1112 2563 213 59 celles
1261 2563 128 59 de
1303 2563 277 59 Billaud-

177 2601 222 62 renne,
332 2601 222 62 Collot
488 2601 311 62 d’Herbois,
733 2601 222 62 Carnot
889 2601 133 62 et
955 2601 200 62 C.-A.
1089 2601 245 62 Prieur,
1267 2601 200 62 comme
1378 2601 200 62 membres

176 2656 129 57 du
241 2656 216 57 Comité
392 2656 129 57 de
457 2656 194 57 salut
586 2656 237 57 public,
759 2656 129 57 au
824 2656 151 57 bas
910 2656 173 57 d’un
1018 2656 173 57 état
1126 2656 129 57 de
1191 2656 237 57 demande
1363 2656 129 57 de
1406 2656 173 57 fusils

176 2705 180 68 pour
289 2705 135 68 le
357 2705 248 68 service
537 2705 135 68 de
605 2705 135 68 la
672 2705 225 68 maison
830 2705 270 68 d’arrêt,
1033 2705 113 68 à
1078 2705 316 68 Vincennes.
1326 2705 135 68 29
1371 2705 203 68 floréal

142 2763 344 50 an
314 2763 401 50 II.
543 2763 286 50 1
657 2763 344 50 p.
829 2763 630 50 in-fol.
1288 2763 344 50 20
1402 2763 172 50 »

122 2784 204 78 5222.
259 2784 341 78 Rodolphe
531 2784 250 78 II
713 2784 273 78 empereur
917 2784 363 78 d’Allemagne,
1213 2784 182 78 fils
1326 2784 136 78 de
1372 2784 204 78 Maximi
