1667 2970
678 73 181 98 —
750 73 253 98 434
859 73 108 98 —

137 234 179 104 Nous
249 234 246 104 croyons
428 234 224 104 devoir
585 234 246 104 publier
764 234 134 104 la
831 234 224 104 lettre
988 234 291 104 suivante,
1212 234 157 104 qui
1302 234 179 104 nous
1414 234 112 104 a
1436 234 112 104 été

67 289 254 96 adressée.

534 370 358 113 Chalon-sur-Saône
838 370 376 113 (Saône-et-Loire),
1160 370 107 113 10
1214 370 125 113 mai
1268 370 125 113 1860.

197 422 240 109 Monsieur,

136 512 171 73 Votre
250 512 266 73 réputation
459 512 114 73 et
515 512 171 73 votre
629 512 266 73 spécialité
838 512 152 73 bien
933 512 190 73 connue
1066 512 114 73 me
1123 512 247 73 serviront
1293 512 247 73 d’introduc-

100 565 169 57 teurs
213 565 150 57 près
307 565 113 57 de
363 565 150 57 vous
457 565 150 57 dans
551 565 113 57 la
608 565 226 57 démarche
777 565 132 57 que
852 565 113 57 je
909 565 169 57 viens
1022 565 169 57 faire
1134 565 301 57 aujourd’hai.
1379 565 113 57 Je
1416 565 132 57 viens

100 614 111 58 de
156 614 185 58 donner
286 614 111 58 au
341 614 185 58 public
471 614 111 58 un
526 614 167 58 livre
638 614 130 58 (la
712 614 333 58 Correspondance
989 614 204 58 inédite
1138 614 111 58 et
1193 614 204 58 annotée
1341 614 111 58 de
1378 614 167 58 Buffon)

102 662 135 56 qui
179 662 96 56 a
217 662 135 56 été
294 662 251 56 accueilli
487 662 154 56 avec
583 662 135 56 une
661 662 193 56 faveur
795 662 231 56 marquée.
969 662 347 56 L’empressement
1258 662 154 56 avec
1354 662 193 56 lequel
1470 662 77 56 il

97 712 91 53 a
133 712 127 53 été
206 712 163 53 reçu,
314 712 109 53 la
369 712 218 53 rapidité
532 712 145 53 avec
623 712 218 53 laquelle
786 712 218 53 s’épuise
949 712 109 53 le
1003 712 199 53 premier
1148 712 199 53 tirage,
1293 712 254 53 m’obligent
1474 712 73 53 de

99 760 243 55 m’occuper
286 760 131 55 dès
361 760 280 55 aujourd’hui
585 760 168 55 d’une
698 760 206 55 seconde
847 760 206 55 édition
997 760 131 55 qui
1072 760 187 55 paraît
1202 760 187 55 devoir
1333 760 150 55 être
1408 760 131 55 très

75 804 244 66 prochaine.

135 854 147 56 Dans
226 854 165 56 cette
336 854 312 56 circonstance,
593 854 110 56 je
648 854 110 56 me
703 854 147 56 suis
795 854 128 56 mis
868 854 110 56 de
923 854 202 56 nouveau
1069 854 92 56 à
1106 854 110 56 la
1161 854 238 56 recherche
1344 854 110 56 de
1381 854 165 56 lettres

95 904 119 54 de
155 904 219 54 Buffon,
314 904 239 54 espérant
493 904 119 54 en
553 904 219 54 pouvoir
712 904 239 54 enrichir
891 904 119 54 ma
950 904 219 54 seconde
1109 904 239 54 édition,
1288 904 119 54 et
1348 904 119 54 la
1388 904 159 54 pensée

99 947 173 58 m’est
214 947 154 58 tout
310 947 327 58 naturellement
579 947 192 58 venue,
713 947 250 58 Monsieur,
905 947 115 58 de
963 947 269 58 m’adresser
1174 947 96 58 à
1194 947 134 58 vous.

126 993 170 64 J’ose
240 993 189 64 croire
372 993 132 64 que
448 993 151 64 vous
542 993 114 64 ne
599 993 114 64 me
656 993 246 64 refuserez
845 993 132 64 pas
921 993 170 64 votre
1034 993 246 64 concours,
1223 993 114 64 et
1280 993 132 64 que
1356 993 151 64 vous
1431 993 114 64 vou-

98 1043 151 61 drez
192 1043 169 61 bien,
305 1043 113 61 si
362 1043 151 61 vous
456 1043 113 61 en
512 1043 151 61 avez
607 1043 226 61 conservé
776 1043 113 61 le
833 1043 245 61 souvenir,
1021 1043 113 61 me
1077 1043 169 61 faire
1190 1043 245 61 connaître
1379 1043 132 61 les
1435 1043 113 61 noms

93 1093 133 61 des
169 1093 286 61 possesseurs
398 1093 210 61 actuels
551 1093 133 61 des
627 1093 286 61 différentes
856 1093 210 61 lettres
1008 1093 114 61 de
1065 1093 191 61 Buffon
1199 1093 133 61 qui
1275 1093 133 61 ont
1351 1093 133 61 dû,
1428 1093 95 61 à
1447 1093 95 61 di-

91 1139 186 58 verses
222 1139 223 58 époques,
389 1139 186 58 passer
519 1139 167 58 entre
630 1139 130 58 vos
705 1139 186 58 mains.
835 1139 167 58 J’ose
946 1139 112 58 de
1002 1139 149 58 plus
1095 1139 223 58 espérer,
1262 1139 242 58 Monsieur,
1429 1139 112 58 que,

99 1193 108 57 si
153 1193 144 57 vous
243 1193 108 57 le
296 1193 197 57 pouvez,
440 1193 144 57 vous
530 1193 108 57 me
584 1193 233 57 fournirez
763 1193 126 57 les
835 1193 269 57 indications
1050 1193 179 57 utiles
1176 1193 126 57 qui
1248 1193 215 57 seraient
1391 1193 144 57 desti-

94 1238 158 54 nées
193 1238 99 54 à
233 1238 119 54 me
292 1238 237 54 conduire
470 1238 119 54 au
529 1238 138 54 but
608 1238 138 54 que
687 1238 119 54 je
746 1238 237 54 poursuis
924 1238 119 54 et
984 1238 138 54 que
1063 1238 119 54 je
1122 1238 119 54 ne
1181 1238 237 54 cesserai
1359 1238 119 54 de
1399 1238 138 54 pour-

91 1282 206 65 suivre
236 1282 165 65 sans
339 1282 124 65 me
401 1282 227 65 lasser:
545 1282 62 65 —

602 1286 191 50 réunir
736 1286 115 50 et
793 1286 249 50 compléter
984 1286 115 50 la
1042 1286 344 50 correspondance
1329 1286 115 50 de
1367 1286 172 50 Buffon.

132 1332 154 65 Dans
228 1332 231 65 l’espoir
402 1332 135 65 que
479 1332 154 65 vous
575 1332 116 65 ne
633 1332 116 65 me
691 1332 251 65 refuserez
884 1332 135 65 pas
961 1332 174 65 votre
1076 1332 174 65 utile
1192 1332 251 65 concours,
1385 1332 116 65 je
1423 1332 116 65 vous

94 1381 156 62 prie
192 1381 117 62 de
251 1381 156 62 bien
349 1381 215 62 vouloir
505 1381 195 62 agréer
642 1381 254 62 l’hommage
837 1381 117 62 de
896 1381 137 62 mes
974 1381 332 62 remerciements
1248 1381 274 62 anticipés,
1443 1381 98 62 et,

95 1427 119 52 en
155 1427 159 52 même
254 1427 198 52 temps,
393 1427 298 52 l’assurance
631 1427 139 52 des
710 1427 278 52 sentiments
928 1427 119 52 de
988 1427 238 52 parfaite
1166 1427 337 52 considération
1424 1427 119 52 avec

85 1469 218 84 lesquels
248 1469 145 84 j’ai
339 1469 236 84 l’honneur
520 1469 200 84 d’être,
647 1469 109 84 etc.

830 1483 106 45 i48
875 1483 46 45 5

864 1520 247 64 NADAULT
1043 1520 135 64 DE
1088 1520 202 64 BUFFON,

814 1560 228 78 Substitut
990 1560 105 78 du
1043 1560 228 78 procureur
1201 1560 193 78 impérial.

130 1653 168 75 Déjà,
242 1653 149 75 pour
335 1653 112 75 la
391 1653 224 75 première
559 1653 205 75 édition
708 1653 112 75 de
764 1653 112 75 ce
820 1653 168 75 livre
932 1653 168 75 (voir
1044 1653 130 75 les
1118 1653 130 75 nos
1193 1653 130 75 24,
1267 1653 112 75 25
1323 1653 112 75 et
1379 1653 112 75 26
1435 1653 112 75 de
1472 1653 75 75 ce

87 1709 269 66 Catalogue,
298 1709 134 66 aux
375 1709 173 66 pages
490 1709 154 66 367,
586 1709 134 66 384
663 1709 115 66 et
720 1709 173 66 408),
836 1709 154 66 nous
932 1709 173 66 avons
1047 1709 250 66 sollicité
1239 1709 115 66 de
1277 1709 269 66 l’obligeance

87 1761 118 48 de
146 1761 137 48 MM.
225 1761 137 48 les
303 1761 373 48 Collectionneurs
617 1761 353 48 d’autographes,
912 1761 118 48 la
971 1761 334 48 communication
1246 1761 137 48 des
1324 1761 216 48 lettres
1461 1761 79 48 de

83 1806 191 55 Buffon
217 1806 191 55 qu’ils
351 1806 268 55 possèdent.
561 1806 153 55 Nous
656 1806 229 55 espérons
829 1806 134 55 que
905 1806 115 55 le
962 1806 191 55 nouyel
1096 1806 172 55 appel
1211 1806 115 55 de
1268 1806 115 55 M.
1326 1806 210 55 Nadault
1460 1806 76 55 de

88 1859 191 53 Buffon
221 1859 153 53 sera
317 1859 229 53 entendu,
488 1859 114 53 et
546 1859 191 53 qu’ils
679 1859 343 53 s’empresseront
965 1859 114 53 de
1022 1859 133 53 lui
1098 1859 210 53 envoyer
1251 1859 191 53 toutes
1384 1859 133 53 les
1442 1859 95 53 co-

79 1908 151 61 pies
173 1908 132 61 qui
249 1908 207 61 peuvent
399 1908 132 61 lui
474 1908 151 61 être
550 1908 263 61 nécessaires.

119 2049 120 94 M.
179 2049 199 94 Pierre
318 2049 239 94 Clément,
498 2049 199 94 membre
638 2049 120 94 de
697 2049 299 94 l’Institut,
937 2049 160 94 doit
1036 2049 219 94 publier
1196 2049 339 94 prochainement
1455 2049 80 94 le

89 2132 195 58 premier
231 2132 177 58 volume
355 2132 124 58 des
426 2132 266 58 Lettres,
639 2132 213 58 Mémoires
798 2132 106 58 et
852 2132 284 58 Instructions
1082 2132 106 58 de
1135 2132 284 58 Colbert
1366 2132 106 58 Il
1401 2132 142 58 serait

87 2173 288 63 extrêmement
317 2173 326 63 reconnaissant
586 2173 134 63 aux
662 2173 249 63 personnes
854 2173 134 63 qui
931 2173 134 63 ont
1008 2173 115 63 de
1065 2173 134 63 ces
1142 2173 230 63 lettres,
1296 2173 249 63 entièrement

82 2224 301 76 autographes,
327 2224 113 76 de
383 2224 207 76 vouloir
534 2224 151 76 bien
628 2224 132 76 lui
703 2224 113 76 en
760 2224 226 76 adresser
929 2224 132 76 une
1004 2224 188 76 copie,
1136 2224 151 76 avec
1230 2224 132 76 les
1286 2224 245 76 indications

81 2268 298 73 nécessaires,
323 2268 130 73 rue
398 2268 316 73 Belle-Chasse,
658 2268 112 73 n°
714 2268 130 73 14,
789 2268 93 73 à
807 2268 149 73 Paris.

118 2446 119 55 La
178 2446 318 55 Bibliothèque
437 2446 259 55 impériale
636 2446 159 55 nous
735 2446 179 55 ayant
854 2446 219 55 acheté,
1014 2446 139 55 sur
1093 2446 179 55 notre
1213 2446 318 55 proposition,
1451 2446 80 55 la

80 2488 353 62 correspondance
374 2488 118 62 de
433 2488 176 62 Henri
551 2488 137 62 III
629 2488 157 62 avec
727 2488 137 62 ses
805 2488 313 62 ambassadeurs
1060 2488 98 62 à
1099 2488 176 62 Rome,
1217 2488 118 62 de
1275 2488 157 62 1570
1373 2488 98 62 à
1393 2488 137 62 1589,

1207 2539 174 63 1356
1316 2539 109 63 à
1360 2539 174 63 1496
1447 2539 87 63 du

81 2547 222 59 acquise
243 2547 142 59 par
323 2547 162 59 nous
424 2547 101 59 à
465 2547 121 59 la
526 2547 182 59 vente
647 2547 121 59 de
707 2547 121 59 M.
768 2547 182 59 Lucas
889 2547 121 59 de
950 2547 243 59 Montigny
1112 2547 121 59 (nos

81 2591 287 56 Catalogue),
310 2591 96 56 à
348 2591 287 56 l’exception
578 2591 134 56 des
654 2591 134 56 nos
731 2591 172 56 1356,
845 2591 172 56 1415,
960 2591 153 56 1461
1055 2591 115 56 et
1113 2591 172 56 1477,
1227 2591 134 56 qui
1304 2591 115 56 ne
1361 2591 153 56 nous
1437 2591 96 56 ont

76 2641 134 57 pas
152 2641 134 57 été
229 2641 230 57 adjugés,
401 2641 153 57 nous
497 2641 191 57 prions
631 2641 134 57 les
707 2641 287 57 possesseurs
937 2641 115 57 de
994 2641 134 57 ces
1071 2641 210 57 numéros
1224 2641 115 57 de
1281 2641 210 57 vouloir
1415 2641 115 57 bien

1178 2682 165 64 copie
1287 2682 201 64 exacte,
1415 2682 110 64 afin

73 2696 157 48 nous
172 2696 138 48 les
250 2696 197 48 céder,
388 2696 118 48 ou
447 2696 157 48 tout
545 2696 118 48 au
604 2696 177 48 moins
722 2696 118 48 de
781 2696 157 48 nous
879 2696 118 48 en
938 2696 236 48 adresser
1096 2696 98 48 une

83 2736 171 54 qu’il
197 2736 133 54 n’y
273 2736 133 54 ait
349 2736 171 54 point
463 2736 114 54 de
520 2736 190 54 lacune
653 2736 152 54 dans
747 2736 171 54 cette
861 2736 342 54 correspondance
1127 2736 76 54 si

1197 2728 288 57 importante
1403 2728 124 57 pour

79 2777 262 68 l’histoire
285 2777 243 68 politique
472 2777 112 68 de
528 2777 112 68 la
584 2777 187 68 France
715 2777 93 68 à
752 2777 168 68 cette
864 2777 187 68 époque
977 2777 224 68 mémorable.
