1119 2227
497 -1 115 72 —
543 -1 115 72 6
566 -1 69 72 —

120 65 170 56 insurgés
248 65 99 56 des
304 65 185 56 provinces
446 65 85 56 et
489 65 99 56 que
546 65 85 56 le
588 65 156 56 général
702 65 142 56 Dupont
801 65 71 56 a
830 65 114 56 fait
900 65 85 56 un
943 65 128 56 grand
1014 65 71 56 mas

130 112 111 42 acre
199 112 83 42 de
241 112 111 42 4000
310 112 166 42 rebelles
434 112 97 42 qui
489 112 235 42 l’attendaient
683 112 83 42 du
724 112 111 42 côté
793 112 83 42 de
821 112 138 42 Cordoue.

125 138 124 61 21280
208 138 82 61 DU
249 138 137 61 BELLAY
345 138 96 61 (le
400 138 165 61 cardinal
523 138 137 61 Jean),
620 138 110 61 l’un
688 138 96 61 des
743 138 110 61 plus
812 138 137 61 grands
908 138 192 61 diplomates
1045 138 55 61 du

130 182 129 40 règne
216 182 86 40 de
259 182 173 40 François
388 182 101 40 Ier
446 182 201 40 protecteur
604 182 86 40 de
647 182 187 40 Rabelais,
791 182 101 40 qui
849 182 129 40 était
935 182 101 40 son
978 182 115 40 secré-

126 213 131 53 taire.
218 213 79 53 L.
257 213 105 53 s..,
323 213 105 53 avec
388 213 79 53 la
427 213 184 53 souscript.
572 213 118 53 aut.,
650 213 79 53 au
690 213 197 53 chancelier;
847 213 118 53 Nice,
926 213 66 53 8
952 213 105 53 juin
1004 213 92 53 1538,

131 249 57 38 1
153 249 69 38 p.
188 249 126 38 in-fol.
279 249 103 38 Belle
348 249 69 38 et
382 249 183 38 intéressante
531 249 126 38 lettre.
623 249 69 38 10
646 249 34 38 »

124 273 120 57 21281
204 273 120 57 DUMAS
284 273 107 57 fils
351 273 214 57 (Alexandre),
525 273 147 57 célèbre
632 273 174 57 romancier
766 273 80 57 et
806 273 134 57 auteur
899 273 201 57 dramatique.
1047 273 54 57 L.

133 315 69 56 4.
167 315 80 56 s.;
213 315 126 56 (1865),
304 315 57 56 1
327 315 69 56 p.
362 315 115 56 in-12.
442 315 57 56 1
453 315 46 56 50

124 336 123 69 21282
206 336 82 69 DU
247 336 231 69 PETIT-THOUARS
438 336 204 69 (Aristide),
601 336 123 69 marin
683 336 163 69 célèbre,
805 336 95 69 qui
860 336 123 69 périt
928 336 163 69 glorieuse-

127 392 102 48 ment
191 392 77 48 au
230 392 128 48 combat
319 392 179 48 d’Aboukir.
460 392 115 48 L.
537 392 115 48 a.
614 392 77 48 s.
652 392 77 48 au
690 392 102 48 cit.
754 392 115 48 Bosc;
831 392 218 48 Pennsylvanie,
1010 392 64 48 7
1023 392 77 48 mars

122 425 127 60 1794,
206 425 70 60 3
235 425 84 60 p.
277 425 127 60 in-4.
361 425 141 60 Taches
460 425 84 60 de
502 425 169 60 rousseur
629 425 84 60 en
671 425 127 60 tête.
755 425 141 60 Légère
854 425 183 60 déchirure
994 425 99 60 par
1037 425 56 60 la

127 456 110 50 rupture
207 456 60 50 du
237 456 110 50 cachet.
318 456 160 50 Rare
448 456 50 50 6
458 456 30 50 »

148 486 179 68 Curieuse
282 486 164 68 épître,
402 486 90 68 où
447 486 90 68 il
492 486 134 68 parle
581 486 90 68 de
626 486 105 68 son
686 486 224 68 arrestation
865 486 90 68 au
910 486 149 68 Brésil
999 486 105 68 comme

124 526 181 55 émissaire
264 526 98 55 des
305 526 154 55 Jacobins.

127 548 124 80 21283
210 548 124 80 DUROY
293 548 97 80 (J.
348 548 110 80 M.),
417 548 138 80 député
514 548 83 80 de
555 548 138 80 l’Eure
651 548 69 80 à
679 548 83 80 la
720 548 207 80 Convention,
886 548 179 80 compromis
1010 548 83 80 dans

125 602 81 60 le
166 602 176 60 mouvement
301 602 81 60 du
342 602 95 60 1er
396 602 176 60 prairial,
531 602 81 60 et
571 602 176 60 décapité.
706 602 122 60 L.
787 602 108 60 a.
855 602 108 60 s.i;
909 602 189 60 Châlons-

123 632 111 60 Marne,
201 632 55 60 8
223 632 133 60 frimaire
322 632 67 60 an
356 632 78 60 II,
400 632 55 60 1
422 632 67 60 p.
456 632 78 60 1/2
500 632 122 60 in-fol.
589 632 177 60 Rare
733 632 55 60 5
744 632 33 60 »

121 658 120 62 21284
201 658 160 62 ELLEVIOU
320 658 147 62 (Jean),
427 658 147 62 célèbre
534 658 133 62 acteur
627 658 80 62 et
667 658 160 62 chanteur
787 658 80 62 de
827 658 266 62 l’Opéra-Comique,
1040 658 53 62 né

125 704 67 46 à
151 704 146 46 Rennes.
258 704 120 46 L.
338 704 133 46 a
431 704 80 46 s.
471 704 67 46 à
497 704 93 46 Mme
550 704 133 46 Hurot,
644 704 80 46 sa
684 704 120 46 sœur,
763 704 67 46 à
790 704 146 46 Rennes;
896 704 120 46 Lyon,
976 704 80 46 21
1003 704 93 46 sept.

126 737 111 48 1813,
200 737 62 48 2
224 737 74 48 p.
261 737 86 48 1/4
311 737 111 48 in-8.
385 737 160 48 Curieuse.
508 737 62 48 4
521 737 49 48 50

128 774 116 55 21285
206 774 116 55 FAVRE
283 774 155 55 (Jules),
399 774 142 55 célèbre
503 774 129 55 avocat
593 774 78 55 et
632 774 142 55 député,
735 774 78 55 un
774 774 90 55 des
826 774 103 55 plus
890 774 129 55 grands
968 774 129 55 orateurs

132 812 204 41 arlementaires
300 812 72 41 de
336 812 108 41 notre
408 812 132 41 époque.
504 812 108 41 L.
576 812 108 41 a
649 812 120 41 s.;
733 812 72 41 20
769 812 108 41 sept.
841 812 108 41 1835,
913 812 60 41 1
937 812 72 41 p.
973 812 84 41 1/2
1009 812 84 41 in

124 840 139 47 Très-jolie
234 840 110 47 lettre.
313 840 50 47 2
323 840 40 47 50

125 875 103 57 21286
193 875 115 57 FÉLETZ
274 875 126 57 (l’abbé
366 875 92 57 de),
423 875 138 57 critique
527 875 69 57 et
561 875 184 57 littérateur,
710 875 69 57 de
745 875 126 57 l’Acad.
837 875 80 57 fr.
883 875 103 57 L.
952 875 115 57 a
1032 875 80 57 si.
1067 875 34 57 à

123 912 70 47 M.
158 912 164 47 Labouïsse,
287 912 58 47 2
310 912 70 47 p.
345 912 105 47 in-4.
416 912 58 47 2
427 912 47 47 50

146 947 123 57 Jolie
228 947 150 57 lettre,
337 947 82 57 en
378 947 150 57 réponse
487 947 95 57 aux
541 947 204 57 compliments
705 947 123 57 qu’il
787 947 95 57 lui
841 947 68 57 a
868 947 123 57 faits
950 947 95 57 sur
1005 947 82 57 sa
1032 947 68 57 ré-

120 972 150 53 ception
230 972 68 53 à
257 972 150 53 l’Acad.
353 972 164 53 française.

121 1014 122 60 21287
203 1014 176 60 FERDINAND
338 1014 108 60 Ier,
406 1014 149 60 premier
514 1014 95 60 roi
569 1014 81 60 de
609 1014 149 60 Naples,
718 1014 135 60 prince
812 1014 135 60 habile
907 1014 81 60 et
948 1014 135 60 cruel,
1029 1014 68 60 qui

119 1056 146 52 enleva
221 1056 87 52 la
265 1056 175 52 couronne
396 1056 73 52 à
425 1056 116 52 Jean
498 1056 175 52 d’Anjou.
629 1056 87 52 L.
673 1056 87 52 s.
716 1056 87 52 au
760 1056 102 52 duc
818 1056 87 52 de
862 1056 146 52 Milan;
964 1056 73 52 2
979 1056 116 52 juill.

124 1081 107 50 1461,
195 1081 59 50 1
219 1081 71 50 p.
255 1081 95 50 in-4
314 1081 131 50 oblong,
409 1081 107 50 trace
481 1081 71 50 de
516 1081 131 50 cachet.
611 1081 107 50 Belle
683 1081 119 50 pièce.
766 1081 190 50 Rare
920 1081 59 50 5
932 1081 36 50 »

120 1121 100 61 21288
187 1121 100 61 FÉVAL
253 1121 122 61 (Paul),
342 1121 144 61 romancier
453 1121 122 61 fécond.
542 1121 100 61 L.
609 1121 89 61 a.
664 1121 78 61 s.,
709 1121 78 61 3/4
753 1121 67 61 de
786 1121 67 61 p.
820 1121 100 61 in-8.
886 1121 56 61 1
898 1121 44 61 25

126 1153 104 56 21289
196 1153 127 56 FOSCOLO
289 1153 116 56 (Ugo),
370 1153 127 56 célèbre
463 1153 139 56 écrivain
567 1153 70 56 et
602 1153 104 56 poëte
671 1153 139 56 italien,
775 1153 139 56 l’auteur
880 1153 81 56 des
915 1153 185 56 Lettres

120 1193 115 57 de
197 1193 128 57 Jacopo
287 1193 128 57 Ortis.
377 1193 77 57 L.
415 1193 128 57 a
505 1193 77 57 s.
543 1193 64 57 à
569 1193 77 57 M.
608 1193 141 57 Grassi;
710 1193 77 57 28
749 1193 115 57 janv.
826 1193 115 57 1811,
903 1193 64 57 1
928 1193 77 57 p.
967 1193 90 57 pl.
1005 1193 90 57 in

121 1226 164 53 Très-belle
250 1226 70 53 et
286 1226 188 53 intéressante
438 1226 117 53 lettre
520 1226 176 53 littéraire.
661 1226 59 53 6
673 1226 35 53 »

119 1259 123 55 21290
202 1259 165 55 FOUCQUET
325 1259 151 55 (l’abbé
435 1259 96 55 Ch.
489 1259 165 55 Armand),
613 1259 110 55 fils
681 1259 82 55 du
723 1259 219 55 surintendant
901 1259 96 55 des
942 1259 137 55 finances

116 1301 179 49 oratorien,
257 1301 89 49 ami
308 1301 77 49 et
346 1301 166 49 légataire
473 1301 166 49 universel
601 1301 77 49 de
639 1301 140 49 Nicole.
741 1301 115 49 L.
818 1301 128 49 a
907 1301 77 49 s.
945 1301 77 49 au
983 1301 77 49 R.
1022 1301 77 49 P.
1047 1301 51 49 de

123 1332 181 43 Langelière;
268 1332 133 43 (1724),
364 1332 60 43 1
388 1332 72 43 p.
424 1332 84 43 pl.
473 1332 109 43 in-8.
545 1332 109 43 Jolie
617 1332 133 43 lettre.
714 1332 60 43 4
726 1332 36 43 »

111 1363 125 54 21291
194 1363 152 54 FOULLON
305 1363 125 54 (JOs.
388 1363 125 54 Fr.),
471 1363 194 54 contrôleur
623 1363 97 54 des
679 1363 180 54 finances,
817 1363 125 54 l’une
900 1363 97 54 des
942 1363 152 54 premières

119 1406 144 46 victimes
227 1406 72 46 de
263 1406 72 46 la
299 1406 180 46 Révolution.
442 1406 108 46 L.
514 1406 156 46 as.;
634 1406 108 46 1763,
706 1406 60 46 1
730 1406 72 46 p.
766 1406 84 46 1/2
814 1406 108 46 in-4.
885 1406 192 46 Rare
1041 1406 60 46 4
1053 1406 36 46 »

121 1433 121 64 21292
201 1433 161 64 FOURNIER
322 1433 188 64 (Édouard),
470 1433 161 64 écrivain
590 1433 148 64 érudit,
698 1433 174 64 spirituel
832 1433 134 64 auteur
913 1433 174 64 dramatique.

119 1469 119 51 La
198 1469 106 51 fête
264 1469 79 51 de
303 1469 132 51 Jeanne
396 1469 106 51 Darc
462 1469 66 51 à
488 1469 158 51 Orléans,
607 1469 92 51 les
660 1469 79 51 6,
699 1469 79 51 7,
739 1469 66 51 8
765 1469 79 51 et
805 1469 66 51 9
831 1469 92 51 mai
884 1469 145 51 1855,
976 1469 119 51 article

119 1506 98 53 aut.
180 1506 110 53 sig.,
253 1506 98 53 avec
314 1506 134 53 ratures
412 1506 73 53 et
449 1506 196 53 corrections,
608 1506 73 53 17
644 1506 73 53 p.
681 1506 86 53 pl.
730 1506 110 53 in-8.
803 1506 61 53 3
815 1506 37 53 »

120 1540 103 52 21293
188 1540 138 52 FRÉDÉRIC
292 1540 80 52 II,
338 1540 80 52 roi
384 1540 69 52 de
418 1540 126 52 Prusse,
510 1540 80 52 dit
556 1540 103 52 le
625 1540 115 52 Grand.
706 1540 69 52 L.
740 1540 126 52 si,
832 1540 69 52 en
867 1540 149 52 français,
982 1540 57 52 à
1005 1540 80 52 Mme
1039 1540 46 52 de

113 1578 208 51 Blumenthal;
279 1578 166 51 Potsdam,
404 1578 83 51 15
446 1578 97 51 mai
501 1578 125 51 1744,
584 1578 97 51 1/2
640 1578 83 51 p.
681 1578 125 51 in-4.
765 1578 69 51 6
778 1578 42 51 »

148 1614 79 55 Il
187 1614 93 55 lui
240 1614 146 55 accorde
346 1614 238 55 l’autorisation
545 1614 79 55 de
584 1614 79 55 se
624 1614 119 55 fixer
703 1614 106 55 dans
770 1614 93 55 ses
822 1614 132 55 États,
915 1614 79 55 en
941 1614 146 55 observant

117 1643 83 42 les
153 1643 83 42 lois.

120 1684 117 51 21294
198 1684 143 51 GABARET
301 1684 117 51 (N.),
379 1684 104 51 chef
444 1684 181 51 d’escadre,
587 1684 78 51 un
625 1684 91 51 des
677 1684 104 51 plus
742 1684 130 51 braves
833 1684 130 51 marins
924 1684 78 51 du
962 1684 130 51 siècle
1040 1684 52 51 de

107 1714 124 63 Louis
190 1714 110 63 XIV,
258 1714 192 63 gouverneur
409 1714 82 63 de
450 1714 82 63 la
492 1714 206 63 Martinique.
656 1714 137 63 Quitt.
753 1714 124 63 sig.,
835 1714 96 63 sur
890 1714 137 63 vélin;
972 1714 110 63 Roche-

105 1748 113 51 fort,
181 1748 63 51 5
206 1748 101 51 nov.
269 1748 113 51 1681,
345 1748 101 51 in-8
408 1748 139 51 oblong.
509 1748 63 51 4
521 1748 38 51 »

118 1787 129 54 21295
204 1787 244 54 GARNIER-PAGÈS
405 1787 100 54 (L.
462 1787 143 54 Ant.),
562 1787 143 54 membre
663 1787 86 54 du
706 1787 229 54 gouvernement
892 1787 201 54 provisoire
1036 1787 57 54 en

115 1820 112 57 1848
185 1820 84 57 et
227 1820 169 57 ministre
354 1820 98 57 des
410 1820 183 57 finances.
551 1820 127 57 L.
635 1820 112 57 a.
705 1820 112 57 s.i;
776 1820 127 57 1865,
860 1820 70 57 1
888 1820 84 57 p.
930 1820 141 57 in-12.
1029 1820 70 57 2
1043 1820 42 57 »

118 1852 110 56 21296
191 1852 159 56 GASTINEAU
313 1852 183 56 (Benjamin),
459 1852 183 56 journaliste
606 1852 73 56 et
642 1852 171 56 romancier.
776 1852 195 56 Victorien
923 1852 159 56 Sardou

117 1891 142 60 article
221 1891 103 60 aut.
285 1891 116 60 sig.,
363 1891 103 60 avec
427 1891 142 60 ratures
531 1891 78 60 et
570 1891 207 60 corrections,
738 1891 65 60 5
764 1891 78 60 p.
802 1891 91 60 pl.
854 1891 116 60 in-8.
932 1891 78 60 La
958 1891 129 60 première

117 1922 73 53 et
153 1922 73 53 la
190 1922 145 53 dernière
299 1922 109 53 pages
371 1922 170 53 légèrement
505 1922 133 53 salies.
601 1922 61 53 2
614 1922 48 53 50

141 1965 172 49 Curieuse
270 1965 201 49 biographie
427 1965 86 49 et
470 1965 229 49 appréciation
656 1965 86 49 du
699 1965 143 49 talent
800 1965 86 49 de
843 1965 186 49 l’heureux
971 1965 115 49 auteur

107 1995 87 45 de
151 1995 146 45 Nos
253 1995 233 45 Intimes

15 2025 113 55 21297
91 2025 150 55 GAVARNI,
204 2025 138 55 célèbre
304 2025 188 55 dessinateur
454 2025 75 55 et
492 2025 226 55 caricaturiste.
680 2025 113 55 L.
755 2025 75 55 a.
793 2025 163 55 s.i.
918 2025 88 55 1/2
968 2025 75 55 p.
993 2025 88 55 in

986 2075 99 50 1
1006 2075 79 50 25

10 2090 144 60 21298
106 2090 193 60 GEOFFROY
251 2090 273 60 SAINTAHILAIRE
475 2090 177 60 (Marc),
604 2090 177 60 célèbre
732 2090 241 60 zoologiste,
925 2090 160 60 membre
1021 2090 64 60 de
