1246 2108
-19 39 683 85 LETTRES
415 39 807 85 AUTOGRAPHES

159 142 220 76 ET
269 142 477 76 DOCUMENTS
600 142 477 76 HISTORIQUES

97 262 249 63 MAISON
271 262 249 63 FONDÉE
445 262 149 63 EN
520 262 199 63 1830
645 262 174 63 PAR
744 262 149 63 J.
819 262 299 63 CHARAVAY
1018 262 149 63 AINÉ

500 339 105 64 et
552 339 192 64 dirigée
674 339 87 64 par

241 386 307 94 ÉTIENNE
464 386 335 94 CHARAVAY
715 386 223 94 FILS
855 386 167 94 ET
910 386 112 94 Sr

187 478 525 54 ARCHIVISTE-PALÉOGRAPHE,
653 478 194 54 EXPERT
789 478 117 54 EN
828 478 253 54 AUTOGRAPHES

337 535 121 84 A
385 535 217 84 Paris
530 535 169 84 rue
626 535 145 84 de
699 535 217 84 Seine
819 535 97 84 51

292 607 233 96 ci-devant
472 607 126 96 rue
543 607 126 96 des
615 607 359 96 Grands-Augustins
902 607 72 96 26

94 700 416 97 CORRESPONDANT
436 700 269 97 SPÉCIAL
632 700 122 97 A
681 700 269 97 LONDRES
876 700 122 97 :
925 700 147 97 F.
974 700 196 97 NAYLOR

404 792 88 57 4,
448 792 161 57 Millman
566 792 161 57 street,
683 792 161 57 Bedford
786 792 73 57 Row

111 869 134 50 ACHAT
200 869 89 50 DE
245 869 223 50 COLLECTIONS
423 869 253 50 D’AUTOGRAPHES
632 869 89 50 AU
676 869 193 50 COMPTANT;
825 869 193 50 ÉCHANGES;
959 869 193 50 COMMISSIONS

144 916 150 44 VENTES
249 916 195 44 PUBLIQUES
399 916 90 44 ET
444 916 75 44 A
474 916 210 44 L'AMIABLE;
639 916 195 44 RÉDACTION
788 916 90 44 DE
833 916 225 44 CATALOGUES;
998 916 120 44 COPIES

208 946 209 58 CERTIFIÉES
372 946 90 58 DE
417 946 179 58 CHARTES,
552 946 194 58 DOCUMENTS
701 946 90 58 ET
746 946 239 58 AUTOGRAPHES;
925 946 135 58 VÉRIFI-

277 980 148 58 CATION
381 980 89 58 DE
425 980 148 58 PIÈCES
529 980 89 58 ET
573 980 222 58 CERTIFICATS
736 980 251 58 D’AUTHENTICITÉ;

343 1019 225 61 PUBLICATION
523 1019 90 61 DE
568 1019 195 61 L’AMATEUR
704 1019 225 61 D’AUTOGRAPHES

437 1054 89 52 ET
482 1054 89 52 DU
526 1054 208 52 SUPPLÉMENT
689 1054 74 52 A
704 1054 119 52 L’ISO-

479 1088 179 57 GRAPHIE
609 1088 114 57 DES
658 1088 130 57 HOMMES

536 1128 169 49 CÉLÈBRES

40 1097 314 83 Numéro
228 1097 157 83 182

882 1100 278 88 Février
1059 1100 152 88 1875

171 1228 163 75 26676.
285 1228 163 75 AGOULT
399 1228 114 75 (la
465 1228 196 75 comtesse
612 1228 131 75 d’),
694 1228 180 75 célèbre
824 1228 245 75 romancière.
1021 1228 82 75 —
1053 1228 98 75 L.
1102 1228 98 75 a.
1151 1228 98 75 s.
1184 1228 49 75 à

167 1293 304 67 Thalès-Bernard;
423 1293 144 67 1867,
519 1293 80 67 1
551 1293 96 67 p.
599 1293 112 67 1/2
664 1293 144 67 in-8.
760 1293 272 67 Intéressante.
984 1293 80 67 2
1000 1293 64 67 50

165 1340 158 66 26617.
276 1340 126 66 ALBE
355 1340 332 66 (Fernando-Alvarès
639 1340 95 66 de
686 1340 174 66 Toledo,
813 1340 111 66 duc
876 1340 126 66 d’),
955 1340 221 66 l’illustre
1112 1340 111 66 capi-

160 1393 154 58 taine
263 1393 222 58 espagnol.
434 1393 86 58 —
468 1393 103 58 L.
519 1393 120 58 s.,
588 1393 103 58 en
639 1393 222 58 français,
810 1393 103 58 au
862 1393 103 58 sr
913 1393 103 58 de
964 1393 103 58 La
1016 1393 171 58 Conte;
1118 1393 103 58 Bru-

163 1427 161 66 xelles,
281 1427 88 66 30
324 1427 132 66 sept.
412 1427 132 66 1579,
500 1427 103 66 1/2
559 1427 88 66 p.
603 1427 176 66 in-fol.,
735 1427 161 66 cachet.
852 1427 88 66 40
881 1427 44 66 »

196 1442 120 85 Ordre
276 1442 80 85 de
316 1442 200 85 convocation
476 1442 94 85 des
530 1442 120 85 trois
610 1442 120 85 Etats
690 1442 80 85 du
730 1442 107 85 pays
797 1442 160 85 d’Artois
917 1442 107 85 dans
984 1442 80 85 la
1024 1442 120 85 ville
1091 1442 120 85 d’Arras

164 1504 174 64 26678.
285 1504 191 64 ALIBERT
424 1504 122 64 (le
494 1504 191 64 baron),
633 1504 191 64 célèbre
771 1504 208 64 médecin.
928 1504 87 64 —
963 1504 104 64 L.
1015 1504 104 64 a.
1067 1504 122 64 s.,
1136 1504 87 64 1
1154 1504 69 64 p.

174 1561 77 44 in-4.
226 1561 43 44 1
235 1561 34 44 50

162 1586 158 74 26679.
273 1586 142 74 AMIOT
367 1586 111 74 (le
431 1586 158 74 père),
541 1586 189 74 jésuite,
683 1586 174 74 célèbre
810 1586 253 74 missionnaire
1015 1586 95 74 en
1062 1586 158 74 Chine,
1157 1586 63 74 né

155 1654 92 53 à
191 1654 202 53 Toulon.
338 1654 92 53 —
375 1654 110 53 L.
430 1654 110 53 a.
485 1654 110 53 s.
540 1654 92 53 à
577 1654 110 53 M.
632 1654 239 53 Desvoyes;
815 1654 202 53 Péking.
962 1654 110 53 14
1017 1654 147 53 août
1091 1654 128 53 1788,

190 1698 75 52 1
220 1698 90 52 p.
265 1698 134 52 in-4.
354 1698 134 52 Belle
444 1698 164 52 lettre,
563 1698 149 52 écrite
668 1698 105 52 sur
728 1698 149 52 papier
832 1698 90 52 de
877 1698 149 52 Chine.
981 1698 75 52 6
996 1698 45 52 »

163 1742 146 60 26680.
266 1742 146 60 AMPÈRE
368 1742 176 60 (J.-J.),
500 1742 234 60 littérateur,
690 1742 146 60 auteur
793 1742 88 60 de
837 1742 249 60 l'Histoire
1027 1742 190 60 romaine

573 1785 77 61 à
621 1785 125 61 Rome
717 1785 58 61 de
746 1785 106 61 l’Acad.
823 1785 67 61 fr.
862 1785 48 61 —
881 1785 58 61 L.
910 1785 58 61 a.
938 1785 58 61 s.
967 1785 48 61 à
986 1785 58 61 la
1015 1785 125 61 princesse
1111 1785 58 61 de
1131 1785 86 61 Belgio-

167 1830 112 62 joso,
241 1830 62 62 3
266 1830 75 62 p.
304 1830 112 62 in-8.
378 1830 62 62 4
391 1830 37 62 »

214 1839 86 74 Il
257 1839 130 74 mande
343 1839 72 74 à
372 1839 86 74 la
415 1839 187 74 princesse
559 1839 101 74 que
617 1839 101 74 Mme
675 1839 173 74 Récamier
804 1839 86 74 ne
847 1839 115 74 peut
919 1839 158 74 l’aller
1035 1839 130 74 voir,
1121 1839 86 74 vu
1150 1839 72 74 que

165 1900 78 70 M.
204 1900 78 70 de
243 1900 221 70 Chateauuriand
425 1900 117 70 vient
503 1900 78 70 de
542 1900 130 70 perdre
633 1900 78 70 un
672 1900 208 70 petit-neveu,
840 1900 91 70 son
892 1900 156 70 filleul,
1009 1900 130 70 auquel
1100 1900 78 70 il
1126 1900 91 70 éçait

158 1937 97 45 fort
206 1937 121 45 attaché.

148 1980 167 66 26681.
265 1980 216 66 ANDRIEUX,
431 1980 150 66 poëte
531 1980 100 66 et
581 1980 167 66 auteur
698 1980 250 66 dramatique,
898 1980 100 66 de
948 1980 183 66 l’Acad.
1081 1980 133 66 fr.,
1147 1980 67 66 né
