1106 2195
48 39 571 77 LIBRAIRIE
476 39 500 77 ANCIENNE

297 133 241 66 et
431 133 455 66 Autographes

208 240 363 81 DE
409 240 565 81 CHARAVAY

103 323 252 58 RUE
279 323 177 58 DES
380 323 530 58 GRANDS-AUGUSTINS,
809 323 227 58 26.

775 395 115 46 DE
813 395 249 46 COLLECTIONS

-13 380 186 57 LIVRES
117 380 223 57 ANCIENS,
285 380 186 57 ACHATS
415 380 111 57 DE
470 380 316 57 BIBLIOTHÈQUES
712 380 74 57 ET

777 439 198 49 VENTES
896 439 178 49 D’AUTO-

31 436 354 57 D’AUTOGRAPHES;
326 436 255 57 ÉCHANGES,
503 436 275 57 COMMISSIONS;

770 475 197 59 cent
930 475 74 59 ET
967 475 86 59 AUX
1003 475 62 59 EN-

38 478 174 45 GRAPHES
165 478 79 45 A
197 478 206 45 L’AMIABLE
355 478 206 45 MOYENNANT
513 478 158 45 Dix
609 478 158 45 pour

41 506 144 70 CHÈRES
141 506 202 70 PUBLIQUES,
300 506 173 70 Vingt
430 506 115 70 pour
502 506 115 70 cent
574 506 101 70 sur
632 506 86 70 la
675 506 173 70 totalité
805 506 86 70 de
848 506 86 70 la
877 506 187 70 vente,

35 560 89 63 A
71 560 106 63 LA
124 560 177 63 CHARGE
248 560 124 63 DES
319 560 231 63 VENDEURS,
497 560 142 63 TOUT
568 560 177 63 COMPRIS.

306 656 47 66 Nº
337 656 42 66 132.
363 656 26 66 —
373 656 57 66 OCTOBRE
410 656 57 66 1863.

354 749 343 78 AUTOGRAPHES.

95 812 128 71 18200
180 812 128 71 AFFRE
265 812 171 71 (Denis),
393 812 199 71 archevêque
549 812 85 71 de
592 812 142 71 Paris,
692 812 156 71 victime
805 812 85 71 de
848 812 99 71 son
890 812 171 71 dévouement

108 868 129 56 endant
198 868 90 56 les
250 868 155 56 journées
366 868 77 56 de
404 868 103 56 juin
469 868 116 56 1848.
546 868 116 56 L.
623 868 77 56 a.
662 868 142 56 s.
765 868 64 56 à
791 868 77 56 M.
829 868 180 56 Jacquemet,
971 868 90 56 1/2
1009 868 52 56 p.

103 907 92 42 in-fol.
170 907 42 42 3
178 907 25 42 »

97 918 113 67 18201
173 918 138 67 AMUSSAT
273 918 163 67 (Zuléma),
399 918 138 67 célèbre
499 918 163 67 inédecin.
625 918 113 67 L.
700 918 75 67 a.
738 918 126 67 s.
826 918 63 67 à
851 918 75 67 M.
888 918 126 67 Arago,
976 918 63 67 3
989 918 75 67 déc.

96 972 126 58 1832,
180 972 70 58 1
208 972 84 58 p.
250 972 98 58 pl.
306 972 126 58 in-4,
390 972 112 58 avec
460 972 98 58 une
516 972 112 58 note
587 972 84 58 de
629 972 70 58 8
657 972 154 58 petites
769 972 140 58 lignes
867 972 112 58 aut.
923 972 140 58 d’Arago.

970 1009 95 42 1
989 1009 76 42 50

103 1024 123 75 18202
185 1024 178 75 ANGOULÊME
322 1024 219 75 (Louis-Ant.,
499 1024 96 75 duc
554 1024 109 75 d’),
622 1024 109 75 fils
691 1024 82 75 de
732 1024 150 75 France,
841 1024 150 75 général
950 1024 82 75 en
977 1024 96 75 chef.

99 1084 118 50 L.
177 1084 78 50 a.
217 1084 131 50 s
308 1084 65 50 à
334 1084 78 50 M.
374 1084 196 50 Dubouchage;
531 1084 131 50 Nîmes,
622 1084 78 50 19
661 1084 105 50 nov.
727 1084 118 50 1815,
805 1084 65 50 1
832 1084 78 50 p.
871 1084 92 50 pl.
923 1084 118 50 in-8.
1002 1084 65 50 7
1015 1084 52 50 50

127 1112 83 55 Il
169 1112 96 55 lui
224 1112 124 55 mande
306 1112 124 55 qu’il
389 1112 96 55 est
444 1112 179 55 important
582 1112 83 55 de
623 1112 179 55 licencier
761 1112 83 55 le
802 1112 124 55 corps
885 1112 96 55 des
926 1112 152 55 officiers

103 1145 84 48 et
145 1145 84 48 la
187 1145 168 48 totalité
313 1145 84 48 du
355 1145 168 48 régiment
481 1145 98 48 des
537 1145 196 48 canonniers
690 1145 84 48 de
732 1145 84 48 la
774 1145 154 48 marine,
886 1145 98 48 qui
942 1145 112 48 sont
998 1145 70 48 dé-

97 1188 194 52 testables,
249 1188 83 52 et
291 1188 83 52 de
332 1188 152 52 vouloir
443 1188 111 52 bien
512 1188 166 52 accorder
637 1188 97 52 aux
692 1188 180 52 habitants
831 1188 83 52 de
872 1188 125 52 Nîmes
955 1188 83 52 la
983 1188 83 52 per-

97 1215 154 45 mission
209 1215 84 45 de
251 1215 182 45 continuer
392 1215 84 45 la
420 1215 112 45 pêche.

108 1242 98 70 18203
173 1242 109 70 BALZAC
249 1242 76 70 (H.
293 1242 87 70 de),
347 1242 120 70 célèbre
434 1242 152 70 romancier.
554 1242 98 70 L.
619 1242 120 70 a.
706 1242 76 70 3/4
749 1242 65 70 de
782 1242 65 70 p.
815 1242 109 70 in-12.
891 1242 54 70 1
902 1242 43 70 25

100 1299 116 47 18204
177 1299 154 47 BARENTIN
293 1299 103 47 (Ch.
357 1299 77 47 L.
395 1299 77 47 F.
434 1299 77 47 de
473 1299 116 47 Paule
550 1299 103 47 de),
614 1299 128 47 ancien
704 1299 154 47 ministre
819 1299 77 47 de
858 1299 116 47 Louis
922 1299 77 47 XVI.

104 1329 108 55 L.
176 1329 72 55 a.
212 1329 120 55 s.
296 1329 72 55 au
332 1329 265 55 lieutenant-général
561 1329 72 55 de
597 1329 132 55 police;
693 1329 120 55 Paris,
778 1329 60 55 3
802 1329 96 55 mars
862 1329 108 55 1779,
934 1329 60 55 2
946 1329 48 55 p.

108 1366 66 44 1/2
145 1366 85 44 in-4.
202 1366 47 44 4
212 1366 28 44 »

246 1382 81 67 18205
300 1382 99 67 BEDEAU,
372 1382 99 67 général
444 1382 54 67 et
471 1382 99 67 député.
543 1382 81 67 L.
597 1382 54 67 a.
624 1382 99 67 s.
696 1382 99 67 Nantes,
768 1382 45 67 1
786 1382 54 67 p.
813 1382 81 67 in-8.
867 1382 45 67 1
876 1382 36 67 50

97 1440 132 41 18206
185 1440 205 41 BELLEFONDS
347 1440 205 41 (Bernardin
508 1440 176 41 GIGAULT,
640 1440 103 41 mis
699 1440 117 41 de),
772 1440 176 41 maréchal
905 1440 88 41 de
934 1440 132 41 France,

289 1481 168 37 ambassadeur
423 1481 67 37 en
457 1481 157 37 Angleterre
580 1481 67 37 et
614 1481 157 37 gouverneur
737 1481 67 37 de
771 1481 157 37 Vincennes.
894 1481 101 37 L.
961 1481 123 37 s.
1039 1481 34 37 à

296 1510 118 55 l’isle
379 1510 118 55 Marie,
461 1510 71 55 15
496 1510 106 55 sept.
567 1510 106 55 4686,
637 1510 59 55 4
661 1510 71 55 p.
696 1510 106 55 in-4,
766 1510 141 55 relative
872 1510 82 55 aux
919 1510 118 55 marais
1001 1510 71 55 de
1025 1510 47 55 la

101 1543 117 46 Manche.
186 1543 53 46 3
197 1543 32 46 »

104 1557 126 64 18207
188 1557 182 64 BERINGHEN
328 1557 266 64 (Jacques-Louis,
552 1557 98 64 mis
609 1557 112 64 de),
679 1557 154 64 premier
791 1557 140 64 écuyer
889 1557 84 64 de
931 1557 84 64 la
959 1557 112 64 petite

101 1616 146 49 Ecurie
204 1616 88 49 de
248 1616 132 49 Louis
336 1616 117 49 XIV,
409 1616 146 49 chargé
511 1616 88 49 de
555 1616 293 49 l’embellissement
804 1616 88 49 de
848 1616 220 49 l’intérieur
1009 1616 59 49 de

109 1649 185 40 Versailles;
257 1649 74 40 il
294 1649 124 40 laissa
380 1649 62 40 à
405 1649 74 40 sa
442 1649 99 40 mort
504 1649 86 40 une
553 1649 111 40 riche
627 1649 173 40 collection
763 1649 185 40 d’estampes.
911 1649 111 40 L.
973 1649 99 40 a

95 1687 99 49 s.;
151 1687 141 49 Marly,
250 1687 85 49 12
293 1687 141 49 sept.,
391 1687 71 49 2
420 1687 85 49 p.
462 1687 99 49 1/4
518 1687 127 49 in-8,
603 1687 169 49 relative
730 1687 71 49 à
758 1687 85 49 un
801 1687 141 49 chéval
900 1687 141 49 acheté
984 1687 85 49 pour

107 1714 94 45 Louis
169 1714 83 45 XIV.
221 1714 52 45 4
232 1714 31 45 »

100 1745 112 54 18208
174 1745 175 54 BERNADOTTE
312 1745 100 54 (Ch.
374 1745 125 54 Jean),
461 1745 87 54 roi
511 1745 75 54 de
549 1745 125 54 Suède.
636 1745 112 54 L.
711 1745 75 54 a.
749 1745 125 54 s.
836 1745 75 54 au
873 1745 137 54 général
973 1745 75 54 en
998 1745 75 54 chef

97 1788 191 38 Jourdan;
241 1788 96 38 au
288 1788 128 38 camp
368 1788 96 38 de
416 1788 271 38 Grentzhausen,
639 1788 96 38 an
687 1788 112 38 IV,
751 1788 80 38 2
783 1788 96 38 p.
831 1788 112 38 3/4
895 1788 144 38 in-8.
990 1788 80 38 8
1006 1788 64 38 50

137 1822 77 54 Il
176 1822 90 54 lui
227 1822 102 54 fait
291 1822 102 54 part
355 1822 90 54 des
406 1822 205 54 dispositions
573 1822 179 54 militaires
713 1822 115 54 qu’il
790 1822 64 54 a
816 1822 128 54 prises
906 1822 102 54 pour
957 1822 115 54 chasser

86 1853 165 52 l’ennemi.

100 1874 127 69 18209
185 1874 169 69 BERTHIER
312 1874 226 69 (Ferdinand),
495 1874 127 69 doyen
580 1874 85 69 et
622 1874 198 69 professeur
778 1874 85 69 de
820 1874 240 69 l’institution
1003 1874 71 69 des

100 1931 205 47 sourds-muets
267 1931 77 47 de
305 1931 128 47 Paris.
395 1931 115 47 L.
471 1931 77 47 a.
510 1931 141 47 s.
612 1931 115 47 Paris
689 1931 115 47 1852,
766 1931 64 47 1
791 1931 77 47 p.
830 1931 115 47 in-8.
907 1931 115 47 Envoi
983 1931 77 47 de
1009 1931 64 47 ses

100 1958 123 44 nom,
177 1958 154 44 prénom
285 1958 93 44 et
331 1958 170 44 qualité
454 1958 123 44 pour
531 1958 108 44 son
593 1958 231 44 inscription
778 1958 139 44 comme
871 1958 154 44 membre
978 1958 93 44 de
1009 1958 62 44 la

108 1996 118 56 Légion
191 1996 165 56 d’Honneur.
320 1996 59 56 2
332 1996 35 56 »

111 2009 116 78 18210
188 2009 180 78 BOMBONNEL,
330 2009 167 78 chasseur,
458 2009 154 78 surnommé
574 2009 116 78 le
651 2009 116 78 tueur
728 2009 77 78 de
767 2009 180 78 panthères.
908 2009 77 78 L.
946 2009 77 78 a.
972 2009 103 78 s.

108 2068 103 56 1863,
176 2068 57 56 1
199 2068 68 56 p.
233 2068 80 56 1/4
279 2068 103 56 in-8.
347 2068 57 56 1
358 2068 46 56 50

20 2088 65 73 18211
63 2088 101 73 BONAPARTE,
142 2088 79 73 général
200 2088 43 73 en
221 2088 58 73 chef
257 2088 43 73 de
279 2088 79 73 l’armée
336 2088 94 73 d’Egypte.
408 2088 65 73 L.
451 2088 72 73 s.
502 2088 72 73 écrite
545 2088 36 73 par

103 2135 145 56 Duroc;
205 2135 160 56 Salehié
321 2135 87 56 an
365 2135 102 56 VI,
423 2135 102 56 1/2
481 2135 87 56 p.
525 2135 160 56 in-fol.
641 2135 73 56 8
655 2135 44 56 »
