1158 2197
540 -6 46 50 —
558 -6 46 50 5
567 -6 28 50 —

130 39 90 66 roi
181 39 115 66 Henri
258 39 103 66 III.
323 39 115 66 L.
399 39 128 66 s.
489 39 103 66 avec
553 39 77 66 la
592 39 205 66 souscription
759 39 103 66 aut.
823 39 64 66 à
848 39 77 66 M.
887 39 128 66 Godet;
977 39 115 66 Rôme,
1041 39 51 66 11

143 97 96 47 juin
203 97 109 47 1582,
276 97 60 47 1
300 97 72 47 p.
336 97 145 47 in-fol.,
444 97 133 47 cachet.
541 97 96 47 Bien
601 97 157 47 conservé.
722 97 60 47 5
734 97 48 47 50

136 119 102 58 18271
203 119 113 58 FOREY,
283 119 136 58 maréchal
384 119 68 58 de
418 119 124 58 France.
509 119 102 58 L.
576 119 68 58 a.
610 119 124 58 s.
701 119 102 58 1859,
768 119 56 58 1
791 119 68 58 p.
825 119 79 58 1/2
870 119 102 58 in-8.
938 119 56 58 2
949 119 34 58 »

140 165 107 54 18272
211 165 83 54 FOY
259 165 83 54 (M.
307 165 95 54 S.),
366 165 143 54 général,
473 165 119 54 député
556 165 71 54 et
592 165 143 54 écrivain
699 165 166 54 militaire.
830 165 107 54 L.
901 165 71 54 a.
937 165 119 54 s.
1020 165 71 54 au
1044 165 59 54 duc

135 210 78 44 de
174 210 144 44 Feltre;
279 210 170 44 Ledesmon,
409 210 78 44 23
449 210 105 44 nov.
514 210 118 44 1812;
592 210 65 44 1
619 210 78 44 p.
658 210 92 44 pl.
710 210 144 44 in-fol.
815 210 65 44 3
828 210 52 44 75

152 234 98 58 Des
208 234 167 58 affaires
333 234 181 58 réclamant
473 234 84 58 sa
515 234 167 58 présence
640 234 84 58 en
682 234 153 58 France,
793 234 84 58 il
835 234 181 58 sollicite
975 234 84 58 un
1002 234 98 58 congé

133 275 81 47 de
174 275 122 47 trois
255 275 81 47 ou
296 275 136 47 quatre
391 275 122 47 mois;
472 275 81 47 il
513 275 136 47 ajoute
608 275 68 47 :
635 275 95 47 «Je
689 275 81 47 ne
730 275 190 47 profiterai
879 275 95 47 pas
933 275 81 47 de
974 275 81 47 ce
1001 275 95 47 congé

131 305 116 47 dans
203 305 87 47 le
247 305 102 47 cas
305 305 102 47 où,
363 305 116 47 dans
435 305 87 47 le
479 305 145 47 moment
580 305 87 47 où
624 305 87 47 il
667 305 87 47 me
711 305 247 47 parviendrait,
914 305 87 47 la
943 305 160 47 péninsule

135 348 129 41 serait
225 348 77 41 le
264 348 142 41 théâtre
367 348 77 41 de
406 348 168 41 nouvelles
522 348 181 41 hostilités.»

143 382 111 48 18273
216 382 147 48 FRÉDÉRIC
327 382 86 48 II,
376 382 86 48 roi
425 382 74 48 de
462 382 135 48 Prusse,
560 382 86 48 dit
610 382 111 48 le
683 382 123 48 Grand.
769 382 74 48 L.
806 382 123 48 s.
892 382 61 48 à
917 382 74 48 M.
954 382 74 48 de
978 382 123 48 Marival;

135 424 141 43 Potsdam
238 424 115 43 1775,
314 424 90 43 1/4
366 424 77 43 de
404 424 77 43 p.
442 424 115 43 in-4.
519 424 64 43 4
532 424 51 43 50

134 456 109 59 18274
206 456 133 59 GENOUDE
303 456 85 59 (A.
352 456 85 59 E.,
400 456 97 59 de),
460 456 181 59 publiciste,
605 456 73 59 né
642 456 60 59 à
666 456 193 59 Montélimart.
823 456 109 59 L.
895 456 73 59 a.
932 456 133 59 s.
1016 456 85 59 1846,

138 504 50 44 1
158 504 60 44 p.
188 504 89 44 in-8.
247 504 50 44 2
257 504 30 44 »

139 527 118 55 18275
217 527 157 55 GUIBOURT
335 527 92 55 (N.
388 527 79 55 J.
427 527 79 55 B.
466 527 157 55 Guill.),
584 527 157 55 chimiste
702 527 79 55 et
741 527 183 55 professeur
885 527 183 55 d’histoire
1016 527 92 55 natu-

141 564 124 50 relle.
227 564 111 50 L.
301 564 74 50 a.
338 564 124 50 s.
425 564 74 50 au
462 564 161 50 président
586 564 74 50 de
623 564 136 50 l’Acad.
722 564 87 50 des
771 564 161 50 sciences,
895 564 62 50 1
920 564 74 50 p.
957 564 111 50 in-4.
1018 564 87 50 Envoi

139 596 105 47 d’un
205 596 184 47 exemplaire
350 596 79 47 de
389 596 92 47 son
442 596 198 47 Histoire
600 596 145 47 abrégée
705 596 92 47 des
758 596 145 47 drogues
863 596 211 47 simples
1034 596 66 47 1
1047 596 53 47 50

148 630 110 53 18276
221 630 122 53 GRANET
307 630 98 53 (Fr.
368 630 98 53 M.),
429 630 135 53 célèbre
527 630 147 53 peintre,
638 630 122 53 membre
723 630 73 53 de
760 630 184 53 l’Institut.
907 630 110 53 L.
981 630 73 53 a.
1005 630 98 53 s.

136 664 86 57 La
179 664 172 57 Bastide,
307 664 86 57 17
350 664 114 57 août
422 664 114 57 1846
493 664 71 57 1
522 664 86 57 p.
565 664 129 57 in-8,
650 664 86 57 au
693 664 100 57 dos
751 664 86 57 de
793 664 172 57 laquelle
922 664 86 57 se
965 664 143 57 trouve
1051 664 57 57 le

147 703 138 57 ortrait
248 703 125 57 d’Abel
335 703 75 57 de
373 703 125 57 Pujol,
461 703 100 57 fait
523 703 63 57 a
548 703 75 57 la
586 703 113 57 plume
661 703 88 57 par
711 703 138 57 Granet.
811 703 63 57 3
824 703 50 57 50

151 733 102 59 18277
219 733 114 59 GUIZOT
298 733 102 59 (F.),
367 733 136 59 ministre
469 733 68 59 et
503 733 159 59 historien,
628 733 68 59 de
662 733 125 59 l’Acad.
753 733 80 59 fr.
798 733 102 59 L.
866 733 68 59 a.
900 733 114 59 s.
980 733 80 59 Val
1014 733 91 59 Richer

147 778 106 52 851,
213 778 66 52 2
240 778 80 52 p.
280 778 120 52 in-8,
359 778 159 52 relative
479 778 66 52 à
505 778 80 52 la
545 778 199 52 publication
705 778 80 52 de
744 778 93 52 son
798 778 146 52 ouvrage
890 778 213 52 Shahes

148 819 106 50 peare
228 819 53 50 et
255 819 62 50 son
290 819 124 50 temps
388 819 44 50 2
397 819 35 50 50

321 842 64 62 18278
364 842 85 62 HACHETTE
428 842 50 62 (J.
456 842 43 62 N.
477 842 57 62 P.),
513 842 78 62 célèbré
570 842 93 62 géomêtre.
641 842 78 62 Rapport
698 842 64 62 a.
741 842 71 62 s.
791 842 50 62 sur
819 842 43 62 un
833 842 36 62 mé-

143 888 85 45 moire
199 888 94 45 Sur
265 888 66 45 les
303 888 94 45 veines
369 888 151 45 fluides
492 888 104 45 ouvrage
567 888 57 45 de
596 888 57 45 M.
624 888 104 45 Savart;
700 888 85 45 Paris
756 888 85 45 1833,
813 888 47 45 1
822 888 38 45 p.

155 925 59 44 pl.
188 925 76 44 in-4.
239 925 42 44 2
248 925 25 44 »

152 943 91 65 18279
212 943 121 65 HANRIOT,
303 943 141 65 commandant
414 943 61 65 de
445 943 61 65 la
475 943 91 65 garde
535 943 131 65 nationale
636 943 141 65 parisienne
747 943 81 65 sous
788 943 40 65 la

143 992 112 60 Terreur.
227 992 84 60 L.
283 992 122 60 s.
377 992 56 60 an
405 992 66 60 II,
442 992 47 60 1
461 992 56 60 p.
489 992 103 60 in-fol.
564 992 47 60 2
574 992 37 60 25

151 1011 107 67 18280
223 1011 131 67 HERSENT
318 1011 131 67 peintre
413 1011 179 67 d’histoire,
556 1011 119 67 membre
639 1011 71 67 de
675 1011 179 67 l’Institut.
818 1011 167 67 Certificat
949 1011 107 67 a.
1009 1011 95 67 s.

141 1060 83 51 en
183 1060 138 51 faveur
279 1060 83 51 de
320 1060 138 51 Michel
416 1060 151 51 Drevet,
526 1060 96 51 son
581 1060 138 51 élève,
678 1060 96 51 qui
733 1060 193 51 appartient
884 1060 69 51 à
911 1060 83 51 la
953 1060 151 51 famille
1049 1060 55 51 de

146 1099 141 43 Drevet,
249 1099 141 43 célèbre
352 1099 141 43 graveur
454 1099 103 43 sous
518 1099 116 43 Louis
595 1099 103 43 XIV.
660 1099 64 43 2
672 1099 39 43 »

146 1131 78 56 18284
199 1131 104 56 HUMBOLDT
277 1131 61 56 (le
312 1131 61 56 bon
347 1131 78 56 Alex.
399 1131 70 56 de),
442 1131 87 56 savant
503 1131 113 56 illustre.
590 1131 78 56 L.
642 1131 52 56 a.
669 1131 96 56 s.
738 1131 96 56 Berlin,
799 1131 35 56 22

147 1178 162 46 mars....3
271 1178 75 46 p.
308 1178 112 46 in-8.
383 1178 211 46 Intéressante.
557 1178 62 46 2
569 1178 50 46 50

148 1211 84 53 18282
203 1211 74 53 JARS
250 1211 130 53 (Gabriel),
352 1211 102 53 célèbre
426 1211 167 53 métallurgiste,
565 1211 56 53 de
593 1211 102 53 l’Acad.
668 1211 65 53 des
705 1211 121 53 sciences,
798 1211 56 53 né
816 1211 28 53 à

146 1247 61 49 Lyon.
187 1247 115 49 Récherches
282 1247 88 49 nouvelles
350 1247 41 49 ou
370 1247 136 49 observations
485 1247 95 49 sur
560 1247 88 49 le
628 1247 129 49 grillage
730 1247 81 49 des

149 1287 129 40 mines
246 1287 64 40 de
278 1287 161 40 cuivre
407 1287 139 40 manuscrit
514 1287 96 40 a.
578 1287 118 40 s.
664 1287 118 40 Sainbel
750 1287 64 40 an
782 1287 86 40 XII,
835 1287 64 40 10
867 1287 64 40 p.
900 1287 118 40 in-fol.
975 1287 64 40 avec

149 1319 115 47 dessin.
232 1319 52 47 2
242 1319 42 47 50

147 1355 96 45 18283
211 1355 117 45 JASMIN,
297 1355 96 45 poëte
361 1355 64 45 et
393 1355 128 45 coiffeur
489 1355 53 45 à
510 1355 96 45 Agen.
574 1355 96 45 L.
638 1355 64 45 a.
670 1355 117 45 s.
755 1355 53 45 1
777 1355 64 45 p.
809 1355 96 45 in-8.
873 1355 53 45 1
883 1355 43 45 50

145 1392 120 46 18284
225 1392 174 46 JEFFERSON
359 1392 134 46 (Th.),
452 1392 174 46 président
586 1392 80 46 de
626 1392 80 46 la
666 1392 187 46 République
814 1392 94 46 des
867 1392 187 46 États-Unis
1001 1392 107 46 d’Amé-

144 1423 128 50 rique.
234 1423 115 50 L.
311 1423 77 50 a.
349 1423 128 50 s.
439 1423 77 50 en
477 1423 166 50 français;
605 1423 128 50 Paris,
694 1423 77 50 17
733 1423 102 50 nov.
797 1423 115 50 1785,
874 1423 64 50 1
899 1423 77 50 p.
938 1423 115 50 in-4.
1002 1423 102 50 Remer-

141 1455 160 55 cîments
258 1455 117 55 pour
331 1455 102 55 les
389 1455 131 55 soins
477 1455 131 55 qu’on
564 1455 73 55 a
593 1455 146 55 donnés
695 1455 102 55 aux
753 1455 219 55 prisonniers
914 1455 189 55 américains.

149 1520 113 59 18285
225 1520 125 59 JOMARD
312 1520 113 59 (Edme
387 1520 125 59 Fois),
475 1520 138 59 célèbre
575 1520 175 59 géographe,
713 1520 125 59 membre
801 1520 75 59 de
838 1520 188 59 l’Institut.
976 1520 138 59 Du

154 1563 159 54 Fleuve
276 1563 110 54 blanc
350 1563 74 54 ou
387 1563 74 54 de
423 1563 74 54 la
460 1563 135 54 branche
558 1563 172 54 principale
693 1563 74 54 du
730 1563 147 54 Nil
840 1563 135 54 mémoire
938 1563 110 54 a.
1000 1563 110 54 s.

147 1604 100 51 1821,
213 1604 55 51 2
236 1604 67 51 p.
269 1604 122 51 in-fol.
358 1604 55 51 2
369 1604 33 51 »

148 1625 117 72 18286
226 1625 181 72 KELLERMANN
368 1625 220 72 (Christophe),
549 1625 91 72 duc
601 1625 78 72 de
640 1625 129 72 Valmy,
731 1625 155 72 maréchal
847 1625 78 72 de
886 1625 142 72 France.
977 1625 142 72 L.

153 1680 116 47 a.
230 1680 129 47 s.
320 1680 64 47 à
346 1680 90 47 Mme
398 1680 154 47 Lamotte,
513 1680 77 47 sa
552 1680 167 47 maîtresse
681 1680 90 47 (De
732 1680 180 47 l’abbaye),
874 1680 77 47 19
912 1680 129 47 nivôse
1002 1680 77 47 an
1041 1680 90 47 II,
1079 1680 39 47 2

159 1719 43 44 p
176 1719 77 44 in-4.
227 1719 51 44 12
244 1719 26 44 »

169 1750 228 50 Très-éurieuse
356 1750 134 50 lettre
450 1750 187 50 concernant
597 1750 80 50 sa
637 1750 268 50 justification...
865 1750 94 50 «Tu
919 1750 80 50 me
959 1750 107 50 fais
1012 1750 94 50 plai-

145 1777 116 50 sir,
217 1777 87 50 ma
260 1777 130 50 bonne
347 1777 130 50 amie,
433 1777 87 50 en
477 1777 217 50 m’apprenant
650 1777 101 50 que
708 1777 173 50 l’esprit
838 1777 144 50 public
939 1777 101 50 est
996 1777 130 50 juste
1069 1777 43 50 à

156 1809 97 54 non
212 1809 139 54 égard;
309 1809 84 54 je
351 1809 84 54 te
393 1809 167 54 remercie
518 1809 84 54 de
560 1809 97 54 tes
616 1809 139 54 soins,
713 1809 125 54 ainsi
797 1809 97 54 que
852 1809 84 54 le
894 1809 111 54 cher
950 1809 167 54 président,

152 1841 87 52 de
195 1841 116 52 même
267 1841 145 52 qu’aux
368 1841 188 52 personnes
513 1841 101 52 qui
571 1841 159 52 veulent
687 1841 116 52 bien
759 1841 231 52 s’intéresser
947 1841 72 52 à
976 1841 101 52 mes
1019 1841 87 52 mal-

153 1876 146 52 heurs,
255 1876 87 52 et
299 1876 146 52 rendre
401 1876 160 52 justice
518 1876 73 52 à
547 1876 102 52 mes
605 1876 204 52 sentiments
765 1876 117 52 d’un
838 1876 131 52 franc
926 1876 87 52 et
969 1876 102 52 pur
1013 1876 102 52 sans

141 1926 182 43 culottes...»

289 1954 103 50 18287
357 1954 115 50 KEMBLE
437 1954 218 50 (John-Philipp),
621 1954 126 50 célèbre
712 1954 149 50 tragédien
827 1954 69 50 et
861 1954 115 50 auteur
941 1954 160 50 dramatique
1056 1954 57 50 an-

148 1985 136 56 glais.
244 1985 122 56 L.
325 1985 82 56 a.
366 1985 136 56 s.
461 1985 68 56 à
488 1985 95 56 Th.
542 1985 122 56 Hill,
624 1985 122 56 1806,
705 1985 68 56 1
733 1985 82 56 p.
773 1985 122 56 in-4.
855 1985 122 56 Jolie
936 1985 149 56 lettre.
1045 1985 68 56 5
1072 1985 41 56 »

156 2010 101 65 18288
223 2010 124 65 LANDAIS
314 2010 169 65 (Napoléon),
449 2010 192 65 lexicographe.
607 2010 101 65 L.
674 2010 68 65 a.
708 2010 124 65 s.
798 2010 147 65 Montrouge
911 2010 101 65 1846,
979 2010 56 65 2
990 2010 45 65 p.

153 2065 83 47 1/2
201 2065 107 47 in-8.
272 2065 189 47 Très-curieux
425 2065 142 47 détails.
532 2065 59 47 3
544 2065 47 47 50

152 2090 119 53 18289
231 2090 145 53 LANCRET
337 2090 92 53 (M.
389 2090 106 53 A.),
455 2090 145 53 célèbre
561 2090 185 53 ingénieur,
706 2090 132 53 membre
798 2090 79 53 de
838 2090 185 53 l’Institut
970 2090 145 53 d’Égypte.

105 2124 199 56 Mémoire
261 2124 99 56 sur
318 2124 99 56 les
375 2124 242 56 développoides
574 2124 99 56 des
631 2124 156 56 courbés
745 2124 156 56 planes,
858 2124 99 56 des
915 2124 156 56 courbes
1015 2124 99 56 à
