1184 2214
447 4 139 54 —
503 4 139 54 7
531 4 83 54 —

130 37 89 91 Il
175 37 148 91 envoie
279 37 89 91 au
323 37 178 91 ministre
457 37 193 91 l’extrait
605 37 134 91 d’une
694 37 148 91 lettre
798 37 89 91 de
843 37 148 91 Douai,
946 37 104 91 qui
991 37 89 91 rend

108 97 145 56 compte
209 97 101 56 des
267 97 188 56 violences
411 97 87 56 et
455 97 188 56 exactions
600 97 174 56 commises
730 97 101 56 par
788 97 87 56 le
831 97 174 56 régiment
961 97 87 56 de
990 97 87 56 Pen-

109 126 203 59 thièvre...
268 126 101 59 «On
326 126 101 59 bat
383 126 101 59 les
441 126 159 59 hommes,
557 126 87 59 on
601 126 130 59 viole
687 126 101 59 les
745 126 159 59 femmes,
861 126 101 59 ils
919 126 116 59 vont
977 126 101 59 boire

109 155 111 66 dans
179 155 97 66 les
234 155 181 66 cabarets,
373 155 153 66 battent
485 155 97 66 les
540 155 209 66 cabaretiers
707 155 83 66 et
749 155 83 66 ne
791 155 139 66 paient
888 155 111 66 pas.
958 155 97 66 Ils
1000 155 83 66 font

113 186 125 66 mille
196 186 249 66 polissonneries
404 186 83 66 et
445 186 194 66 indécences
598 186 111 66 dans
667 186 97 66 nos
722 186 125 66 rues;
805 186 166 66 l’esprit
916 186 166 66 d’insubor-

113 241 162 53 dination
235 241 95 53 est
289 241 149 53 général
397 241 108 53 dans
465 241 108 53 tout
532 241 81 53 le
559 241 149 53 corps...»

117 253 108 73 18309
189 253 132 73 MICHAUX
285 253 84 73 (F.
333 253 132 73 André),
430 253 156 73 botaniste
550 253 72 73 et
586 253 156 73 voyageur.
706 253 108 73 L.
778 253 72 73 a.
814 253 120 73 s.
899 253 60 73 à
923 253 72 73 M.
959 253 120 73 Guérin
1031 253 48 73 de

115 293 230 77 Menneville;
299 293 92 77 au
345 293 169 77 château
468 293 230 77 d’Harcourt,
652 293 107 77 par
713 293 184 77 Brionne,
852 293 138 77 1844,
944 293 77 77 2
975 293 92 77 p.
1005 293 77 77 3/4

127 360 61 45 in-4.
168 360 34 45 2
175 360 20 45 »

377 366 87 65 18310
435 366 115 65 MIRABEAU
522 366 67 65 (le
560 366 67 65 vte
599 366 77 65 de),
647 366 115 65 surnommé
733 366 144 65 Mirabeau
849 366 154 65 Tonneau
974 366 106 65 député,
1041 366 48 65 co-

120 414 112 59 lonel
194 414 75 59 de
232 414 75 59 la
269 414 125 59 légion
357 414 87 59 qui
407 414 112 59 porte
481 414 87 59 son
531 414 100 59 nom.
594 414 125 59 Projet
681 414 75 59 de
719 414 125 59 lettre
806 414 112 59 a.
881 414 125 59 s.
968 414 62 59 a
993 414 75 59 un
1018 414 75 59 pré-

121 456 104 51 lat;
186 456 195 51 Phidelbach,
342 456 65 51 4
368 456 91 51 mai
420 456 117 51 1792,
499 456 65 51 2
525 456 78 51 p.
564 456 117 51 in-4.
642 456 169 51 Curieuse.
772 456 65 51 5
785 456 39 51 »

369 478 83 60 18311
424 478 120 60 MIRECOURT
516 478 64 60 (E.
553 478 74 60 de),
599 478 110 60 écrivain
682 478 156 60 pamphlétaire.
810 478 83 60 L.
866 478 55 60 a.
893 478 92 60 s.
958 478 83 60 Paris
1004 478 64 60 1850,

125 540 68 45 1
152 540 81 45 p.
192 540 122 45 in-4.
273 540 68 45 2
287 540 41 45 »

372 551 75 59 18312
422 551 125 59 MONTMORENCY
522 551 67 59 Anne
564 551 67 59 de),
605 551 117 59 connétable
697 551 50 59 de
722 551 92 59 France.
789 551 75 59 L.
839 551 83 59 s.
897 551 50 59 au
914 551 75 59 colonel

376 586 63 62 des
412 586 145 62 lansquenets:
530 586 208 62 Villiers-Cotterets,
711 586 54 62 26
738 586 82 62 sept.
793 586 82 62 1554,
847 586 63 62 1/2
883 586 54 62 p.
901 586 91 62 in

137 644 88 46 trace
196 644 59 46 de
225 644 108 46 cachet.
304 644 49 46 3
314 644 39 46 50

130 657 103 67 18313.
202 657 154 67 MONTPENSIER
325 657 247 67 (Anne-Marie-Adélaïde
541 657 144 67 d’Orléans,
654 657 123 67 duchesse
747 657 82 67 de),
788 657 41 67 la

129 690 318 70 Grande-Demoiselle.
409 690 76 70 L.
447 690 76 70 a.
485 690 127 70 s
574 690 191 70 Versailles,
727 690 64 70 7
752 690 114 70 avril
828 690 114 70 1671,
904 690 64 70 2
930 690 76 70 p.
968 690 89 70 pl.
1006 690 89 70 in

136 747 93 50 trace
197 747 62 50 de
228 747 113 50 cachet.
311 747 62 50 35
331 747 31 50 »

348 752 88 86 18314
407 752 98 86 MOREAU
475 752 88 86 (V.),
534 752 107 86 général
612 752 59 86 en
641 752 88 86 chef,
700 752 59 86 né
729 752 59 86 en
758 752 127 86 Bretagne.
856 752 88 86 L.
915 752 59 86 a.
944 752 88 86 s
1002 752 88 86 comme
1051 752 49 86 gé-

142 809 90 58 néral
202 809 60 58 en
232 809 80 58 chef
282 809 60 58 de
312 809 110 58 l’armée
392 809 60 58 du
422 809 90 58 Nord,
482 809 60 58 au
513 809 130 58 ministre.
613 809 60 58 19
643 809 110 58 ventôse
723 809 60 58 an
753 809 70 58 IV,
783 809 30 58 1

141 848 70 54 p.
176 848 82 54 1/4
223 848 141 54 in-fol.,
329 848 94 54 tête
388 848 106 54 impr.
458 848 70 54 et
493 848 106 54 belle
564 848 153 54 vignette.
681 848 59 54 7
693 848 47 54 50

166 854 83 91 Le
208 854 152 91 général
318 854 110 91 Vial
387 854 97 91 lui
442 854 138 91 envoie
539 854 83 91 un
580 854 152 91 rapport
690 854 97 91 sur
745 854 83 91 la
787 854 179 91 situation
925 854 97 91 des
966 854 138 91 départe-

135 904 125 71 ments
218 904 83 71 du
260 904 111 71 Nord
329 904 83 71 et
371 904 83 71 du
413 904 250 71 Pas-de-Calais,
621 904 111 71 d’où
690 904 83 71 il
732 904 153 71 résulte
842 904 125 71 qu’il
926 904 125 71 s’est
995 904 111 71 commis

138 941 158 74 surtout
253 941 115 74 dans
324 941 101 74 les
382 941 187 74 campagnes
525 941 187 74 plusieurs
669 941 187 74 incendies
812 941 86 74 et
856 941 172 74 beaucoup
970 941 144 74 d’assas-

146 964 157 85 sinats;
260 964 85 85 il
302 964 85 85 en
345 964 142 85 accuse
445 964 100 85 des
502 964 171 85 émigrés,
630 964 100 85 des
687 964 157 85 prêtres
801 964 85 85 et
843 964 157 85 surtout
957 964 100 85 les
1000 964 114 85 jeunes

135 1004 117 76 gens
208 1004 88 76 de
252 1004 88 76 la
296 1004 234 76 réquisition;
486 1004 102 76 une
545 1004 161 76 fouille
662 1004 132 76 faite
749 1004 117 76 dans
823 1004 88 76 le
866 1004 146 76 canton
969 1004 73 76 a
983 1004 132 76 produit

137 1043 232 68 l’arrestation
328 1043 82 68 de
369 1043 109 68 plus
437 1043 82 68 de
478 1043 95 68 200
533 1043 82 68 de
573 1043 95 68 ces
628 1043 177 68 derniers,
764 1043 82 68 et
805 1043 82 68 la
846 1043 123 68 prise
928 1043 82 68 de
969 1043 82 68 40
996 1043 109 68 fusils

143 1091 87 60 de
187 1091 174 60 munition
318 1091 87 60 et
361 1091 87 60 de
405 1091 116 60 2800
463 1091 189 60 cartouches.

148 1106 124 81 18815
231 1106 138 81 MOULIN
328 1106 97 81 (J.
383 1106 83 81 F.
425 1106 138 81 Aug.),
521 1106 152 81 général
632 1106 83 81 en
674 1106 124 81 chef,
757 1106 138 81 membre
853 1106 83 81 du
895 1106 194 81 Directoire
1033 1106 83 81 exé-

149 1148 119 69 cutif,
232 1148 71 69 né
268 1148 59 69 à
291 1148 107 69 Caen.
363 1148 107 69 L.
434 1148 71 69 a.
469 1148 119 69 s.
552 1148 71 69 au
588 1148 142 69 maréchal
694 1148 154 69 Berthier,
813 1148 154 69 ministre;
931 1148 119 69 Paris,
1003 1148 47 69 27

146 1188 147 66 frimaire
256 1188 74 66 an
293 1188 110 66 XIII,
367 1188 61 66 2
391 1188 74 66 p.
428 1188 86 66 pl.
477 1188 135 66 in-fol.
575 1188 147 66 Curieuse
686 1188 135 66 lettre.
784 1188 61 66 7
796 1188 37 66 »

176 1219 79 76 Il
215 1219 145 76 énumère
321 1219 93 76 ses
374 1219 159 76 services
493 1219 79 76 et
533 1219 145 76 demande
638 1219 66 76 à
665 1219 106 76 être
731 1219 145 76 employé
837 1219 106 76 dans
903 1219 93 76 son
942 1219 93 76 grade

146 1262 86 67 de
189 1262 158 67 général
303 1262 86 67 de
346 1262 186 67 division;
490 1262 86 67 il
533 1262 158 67 termine
647 1262 100 67 par
704 1262 100 67 des
762 1262 244 67 protestations
962 1262 86 67 de
991 1262 129 67 dévoue-

146 1316 119 52 ment
220 1316 74 52 à
235 1316 193 52 l’empereur.

155 1320 126 77 18316
239 1320 140 77 MUSSET
338 1320 140 77 PATHAY
436 1320 98 77 (V.
492 1320 169 77 Donatien
618 1320 112 77 de),
689 1320 225 77 littérateur,
871 1320 84 77 né
913 1320 112 77 dans
984 1320 84 77 le
1012 1320 112 77 Vendo-

154 1379 96 55 mois.
218 1379 96 55 L.
283 1379 64 55 a.
315 1379 107 55 s.
389 1379 96 55 1810,
454 1379 75 55 1/2
496 1379 64 55 p.
528 1379 96 55 in-4.
593 1379 53 55 1
603 1379 43 55 25

165 1390 120 83 18317
245 1390 147 83 NAIGEON
352 1390 227 83 (Jean-André),
539 1390 147 83 célèbre
646 1390 161 83 écrivain
767 1390 187 83 philosophe
914 1390 80 83 du
941 1390 187 83 dix

157 1436 141 73 siècle.
260 1436 115 73 L.
337 1436 77 73 a.
375 1436 141 73 s.
477 1436 115 73 Paris
554 1436 77 73 an
593 1436 90 73 IX,
644 1436 64 73 1
670 1436 77 73 p.
708 1436 90 73 pl.
759 1436 115 73 in-4.
836 1436 141 73 Demande
939 1436 77 73 de
977 1436 128 73 divers
1054 1436 64 73 ou-

163 1494 112 55 vrages
241 1494 90 55 dont
297 1494 67 55 il
331 1494 101 55 donne
398 1494 78 55 les
443 1494 123 55 titres.
532 1494 56 55 7
543 1494 45 55 50

165 1502 104 82 18318
235 1502 69 82 LE
269 1502 104 82 MÊME.
338 1502 92 82 Reçu
396 1502 104 82 a.
465 1502 115 82 s.
546 1502 104 82 d’une
615 1502 104 82 somme
684 1502 92 82 pour
742 1502 81 82 ses
788 1502 138 82 articles
892 1502 92 82 dans
938 1502 184 82 l'Ency

161 1552 173 72 clopédie
300 1552 219 72 méthodique;
485 1552 104 72 Paris
554 1552 104 72 1793,
623 1552 81 72 1/2
669 1552 69 72 p.
704 1552 104 72 in-4.
773 1552 58 72 3
785 1552 46 72 50

163 1571 124 89 18319
246 1571 110 89 NIEL
315 1571 193 89 (Adolphe),
466 1571 165 89 maréchal
590 1571 83 89 de
631 1571 151 89 Prance,
741 1571 83 89 né
783 1571 69 89 à
810 1571 124 89 Muret
879 1571 248 89 (Haute

166 1641 87 62 L.
224 1641 58 62 a.
253 1641 116 62 s.,
340 1641 87 62 1859,
399 1641 68 62 3/4
437 1641 58 62 de
466 1641 58 62 p.
495 1641 87 62 in-8.
553 1641 48 62 2
563 1641 29 62 »

174 1643 102 89 18320
242 1643 113 89 NISARD
321 1643 147 89 (Désiré),
435 1643 170 89 littérateur
571 1643 68 89 et
605 1643 147 89 critique,
718 1643 68 89 de
752 1643 125 89 l’Acad.
843 1643 79 89 fr.
888 1643 102 89 L.
957 1643 68 89 a.
991 1643 113 89 s.
1059 1643 45 89 (à

169 1694 225 77 Panckoucke);
352 1694 127 77 Paris
436 1694 84 77 22
479 1694 99 77 mai
535 1694 127 77 1832,
619 1694 70 77 4
647 1694 84 77 p.
690 1694 99 77 pl.
746 1694 127 77 in-8.
830 1694 225 77 Très-curieux
999 1694 127 77 détails

163 1723 100 75 sur
220 1723 86 75 le
263 1723 129 75 motif
349 1723 100 75 que
406 1723 143 75 paraît
506 1723 129 75 avoir
592 1723 86 75 M.
635 1723 200 75 Panckoucke
792 1723 86 75 de
835 1723 86 75 ne
878 1723 100 75 pas
936 1723 100 75 lui
979 1723 157 75 compléter

168 1758 78 75 la
207 1758 182 75 collection
350 1758 91 75 des
402 1758 195 75 classiques.
558 1758 117 75 Longs
636 1758 78 75 et
674 1758 143 75 curieux
778 1758 143 75 détails
882 1758 65 75 à
908 1758 78 75 ce
947 1758 130 75 sujet.
1038 1758 65 75 3
1051 1758 39 75 »

185 1790 112 96 18321
259 1790 136 96 ORLÉANS
358 1790 161 96 (Philippe
482 1790 74 96 de
519 1790 136 96 France,
619 1790 87 96 duc
668 1790 99 96 d’),
730 1790 112 96 frère
805 1790 124 96 unique
891 1790 74 96 de
929 1790 112 96 Louis
991 1790 74 96 XIV.

173 1839 100 69 L.
240 1839 112 69 s.
318 1839 56 69 à
340 1839 67 69 M.
374 1839 67 69 de
407 1839 145 69 Gourgues,
519 1839 56 69 2
541 1839 67 69 p.
574 1839 100 69 in-4,
641 1839 123 69 cachet.
730 1839 56 69 3
742 1839 33 69 »

172 1856 108 97 18322
244 1856 132 97 ORLÉANS
340 1856 84 97 (L.
389 1856 72 97 ph
425 1856 72 97 ju
461 1856 96 97 d’),
521 1856 84 97 dit
569 1856 241 97 Égalité,
774 1856 120 97 prince
858 1856 72 97 du
894 1856 96 97 sang
954 1856 72 97 et
979 1856 156 97 convention-

173 1923 96 63 nel,
233 1923 108 63 pièce
305 1923 108 63 sig.,
378 1923 108 63 1777,
450 1923 60 63 1
474 1923 72 63 p.
510 1923 84 63 1/4
558 1923 133 63 in-fol.
655 1923 60 63 4
667 1923 36 63 »

175 1920 108 103 18323
247 1920 72 103 LE
283 1920 108 103 MÊME.
355 1920 108 103 Pièce
426 1920 96 103 sig.
486 1920 84 103 sur
534 1920 120 103 vélin,
618 1920 108 103 1788,
690 1920 108 103 pièce
762 1920 120 103 double
845 1920 132 103 in-fol.
941 1920 60 103 3
953 1920 36 103 »

182 1975 110 84 18324
255 1975 134 84 ORLÉANS
352 1975 97 84 (Mme
413 1975 146 84 Adélaïde
522 1975 97 84 d’),
583 1975 97 84 sœur
644 1975 73 84 de
681 1975 231 84 Louis-Philippe.
875 1975 110 84 L.
948 1975 73 84 a.
985 1975 134 84 s.
1070 1975 73 84 Tui-

180 2038 134 58 leries,
277 2038 73 58 12
313 2038 134 58 février
411 2038 109 58 1832,
483 2038 61 58 1
508 2038 73 58 p.
544 2038 85 58 3/4
593 2038 109 58 in-8.
665 2038 61 58 9
678 2038 36 58 »

181 2057 105 77 18325
251 2057 128 77 ORLÉANS
344 2057 128 77 (Louise
437 2057 93 77 d’),
495 2057 105 77 reine
565 2057 81 77 des
611 2057 128 77 Belges.
704 2057 105 77 L.
774 2057 70 77 a.
809 2057 116 77 s.
890 2057 58 77 à
913 2057 70 77 sa
948 2057 105 77 chère
1006 2057 70 77 Vic-

177 2090 126 79 toire:
266 2090 139 79 Lacken,
367 2090 76 79 26
405 2090 114 79 avril
481 2090 114 79 1840,
557 2090 63 79 4
582 2090 76 79 p.
620 2090 88 79 pl.
670 2090 114 79 in-8.
746 2090 177 79 Très-jolie
885 2090 139 79 lettre.
986 2090 63 79 9
999 2090 38 79 »

64 2115 137 84 18326
155 2115 167 84 PALISOT
277 2115 91 84 DE
322 2115 183 84 BEAUVOIS
459 2115 107 84 (le
520 2115 137 84 bon),
612 2115 243 84 haturaliste,
809 2115 152 84 membre
916 2115 91 84 de
946 2115 198 84 l’Institut.
