1589 2894
118 140 236 104 dit-on,
289 140 129 104 de
354 140 129 104 la
418 140 193 104 grave
547 140 258 104 blessure
741 140 193 104 qu’il
869 140 107 104 a
912 140 193 104 reçue
1041 140 172 104 dans
1149 140 129 104 la
1213 140 279 104 sanglante
1407 140 107 104 ba-

116 205 226 66 taille
275 205 136 66 de
320 205 249 66 Lémen....

70 229 191 83 2191.
197 229 424 83 Bonaparte
557 229 276 83 (Joseph),
769 229 191 83 frère
896 229 170 83 aîné
1002 229 127 83 de
1066 229 297 83 l’empereur
1278 229 233 83 Napoléon.

121 296 116 82 L.
179 296 155 82 aut.
276 296 174 82 sig.:
392 296 349 82 Joseph
682 296 97 82 à
721 296 116 82 M.
779 296 116 82 le
837 296 232 82 maréchal
1011 296 232 82 Jourdan.
1186 296 252 82 New-York,
1379 296 97 82 9
1399 296 116 82 sep-

107 362 318 51 tembre
330 362 287 51 1830.
521 362 159 51 2
585 362 223 51 gr.
712 362 191 51 p.
808 362 223 51 pl.
935 362 287 51 in-4.
1126 362 318 51 Portr.
1349 362 191 51 12
1412 362 96 51 »

166 381 295 82 Témoignage
398 381 190 82 d’une
524 381 169 82 vive
629 381 295 82 affection,
861 381 126 82 et
924 381 316 82 approbation
1177 381 126 82 de
1240 381 147 82 ses
1303 381 211 82 opinions

120 439 123 69 et
182 439 123 69 de
244 439 144 69 ses
326 439 267 69 principes
531 439 144 69 qui
613 439 164 69 sont
715 439 144 69 les
797 439 185 69 siens
920 439 267 69 aussi....
1125 439 144 69 «Je
1207 439 164 69 suis
1310 439 144 69 ami
1371 439 144 69 ainsi

120 501 162 58 «que
221 501 162 58 vous
322 501 121 58 de
382 501 121 58 la
443 501 222 58 liberté
605 501 121 58 et
665 501 121 58 de
726 501 242 58 l’ordre,
908 501 121 58 je
968 501 162 58 n’ai
1069 501 141 58 pas
1150 501 182 58 tardé
1272 501 101 58 à
1312 501 121 58 me
1352 501 162 58 rendre

121 532 167 66 «ici
225 532 104 66 à
267 532 125 66 la
330 532 188 66 suite
455 532 146 66 des
538 532 271 66 nouvelles
746 532 250 66 arrivées
934 532 146 66 par
1017 532 250 66 Londres,
1205 532 146 66 sur
1288 532 146 66 les
1350 532 167 66 événe-

122 602 202 48 «ments
263 602 242 48 glorieux
444 602 121 48 de
505 602 121 48 la
565 602 141 48 fin
646 602 121 48 de
707 602 222 48 juillet
868 602 101 48 à
908 602 262 48 Paris....
1110 602 121 48 Si
1170 602 121 48 je
1231 602 222 48 n’avais
1392 602 121 48 vu
1432 602 81 48 le

123 641 174 59 «nom
232 641 130 59 du
297 641 152 59 duc
384 641 282 59 d’Orléans
601 641 195 59 parmi
731 641 152 59 les
818 641 282 59 nouvelles
1035 641 326 59 authorités,
1296 641 130 59 je
1339 641 174 59 serois

120 680 248 62 «arrivé
301 680 135 62 en
368 680 180 62 même
481 680 203 62 temps
616 680 158 62 que
706 680 135 62 ma
773 680 248 62 lettre.
953 680 113 62 —
998 680 135 62 Je
1066 680 180 62 sais
1178 680 135 62 ce
1246 680 158 62 que
1313 680 203 62 peuvent

121 725 169 68 «ici
226 725 169 68 ceux
332 725 148 68 qui
417 725 296 68 s’occupent
649 725 127 68 de
712 725 317 68 diplomatie;
966 725 169 68 pour
1071 725 127 68 la
1135 725 169 68 paix
1240 725 127 68 de
1304 725 127 68 la
1346 725 169 68 France

120 784 157 60 «et
209 784 135 60 de
277 784 292 60 l’Europe,
501 784 135 60 je
568 784 202 60 pense
703 784 202 60 comme
838 784 157 60 eux
927 784 157 60 que
1017 784 269 60 Napoléon
1219 784 135 60 II
1287 784 224 60 aurait
1421 784 90 60 dû

122 820 193 75 «être
250 820 279 75 proclamé,
465 820 172 75 avec
572 820 150 75 une
658 820 236 75 régence
830 820 322 75 provisoire,
1087 820 129 75 et
1151 820 150 75 les
1216 820 300 75 restrictions

122 884 309 54 «proposées
365 884 155 54 par
453 884 133 54 la
520 884 221 54 Charte
674 884 133 54 de
741 884 199 54 1815.
873 884 110 54 —
917 884 133 54 Je
984 884 133 54 le
1050 884 243 54 désire,
1227 884 155 54 non
1315 884 177 54 pour
1404 884 110 54 mon

123 918 279 69 «ambition
337 918 365 69 particulière,
637 918 172 69 mais
745 918 172 69 pour
852 918 129 69 le
916 918 172 69 bien
1024 918 129 69 de
1088 918 150 69 mon
1174 918 193 69 pays:
1302 918 172 69 vous
1388 918 129 69 con-

124 974 257 68 «naissez
317 974 150 68 mes
402 974 279 68 opinions,
617 974 150 68 les
702 974 236 68 nations
874 974 150 68 ont
960 974 150 68 des
1045 974 214 68 droits
1195 974 107 68 à
1238 974 257 68 exercer,
1410 974 107 68 les

121 1027 322 56 «individus
374 1027 161 56 des
466 1027 253 56 devoirs
650 1027 115 56 à
673 1027 322 56 remplir....»

71 1063 194 83 2192.
201 1063 432 83 Bonaparte
568 1063 281 83 (Lucien),
784 1063 216 83 prince
935 1063 130 83 de
1000 1063 238 83 Canino,
1173 1063 216 83 second
1324 1063 194 83 frère
1432 1063 86 83 de

121 1117 301 59 l’empereur
357 1117 279 59 Napoléon.
572 1117 129 59 L.
636 1117 172 59 aut.
744 1117 193 59 sig.,
872 1117 107 59 à
915 1117 150 59 Mgr
1001 1117 193 59 Cunéo
1130 1117 279 59 d’Ornano,
1345 1117 107 59 à
1367 1117 150 59 Rome.

113 1158 580 63 Civita-Vecchia,
602 1158 183 63 27
694 1158 336 63 oct....
938 1158 153 63 1
999 1158 183 63 p.
1091 1158 214 63 pl.
1213 1158 275 63 in-4.
1396 1158 153 63 9
1426 1158 92 63 »

73 1220 189 52 2193.
199 1220 419 52 Bonaparte
555 1220 272 52 (Jérôme),
765 1220 272 52 troisième
974 1220 189 52 frère
1100 1220 126 52 de
1163 1220 293 52 l’empereur
1372 1220 147 52 Napo-

120 1269 197 56 léon.
251 1269 131 56 L.
317 1269 175 56 aut.
426 1269 197 56 sig.,
558 1269 109 56 à
601 1269 153 56 son
689 1269 197 56 frère
820 1269 241 56 Lucien.
995 1269 197 56 Rome,
1126 1269 131 56 26
1192 1269 153 56 mai
1279 1269 197 56 1823.
1411 1269 109 56 2
1433 1269 87 56 p.

98 1303 332 68 pl.
287 1303 284 68 et
429 1303 427 68 demie
714 1303 427 68 grand
998 1303 427 68 in-8.
1283 1303 284 68 15
1378 1303 142 68 »

75 1357 188 70 2194.
201 1357 418 70 Bonaparte
556 1357 251 70 (Elisa),
744 1357 167 70 sœur
849 1357 125 70 de
912 1357 293 70 l’empereur
1142 1357 272 70 Napoléon.
1351 1357 125 70 L.
1393 1357 125 70 aut.

126 1412 182 64 sig.,
247 1412 101 64 à
288 1412 142 64 son
369 1412 182 64 frère
490 1412 223 64 Lucien.
652 1412 122 64 18
713 1412 304 64 juillet....
956 1412 101 64 1
997 1412 142 64 gr.
1078 1412 122 64 p.
1138 1412 142 64 pl.
1219 1412 182 64 in-4.
1321 1412 203 64 Intéres-

19 1461 1253 49 sante.
896 1461 752 49 12
1146 1461 376 49 »

74 1502 204 70 2195.
210 1502 452 70 Bonaparte
595 1502 339 70 (Caroline),
866 1502 181 70 sœur
979 1502 136 70 de
1047 1502 317 70 l’empereur
1273 1502 249 70 Napoléon,

124 1553 200 67 femme
257 1553 133 67 de
324 1553 222 67 Murat.
479 1553 133 67 L.
545 1553 200 67 sig.,
679 1553 111 67 à
723 1553 155 67 Mgr
812 1553 200 67 Cunéo
945 1553 289 67 d’Ornano.
1167 1553 244 67 Vienne,
1344 1553 133 67 17
1389 1553 133 67 mars

78 1601 620 78 1823.
491 1601 344 78 1
629 1601 413 78 p.
836 1601 620 78 in-4.
1249 1601 344 78 3
1317 1601 207 78 »

174 1634 119 64 Au
234 1634 179 64 sujet
353 1634 179 64 d’une
472 1634 218 64 affaire
631 1634 258 64 d’intérêt
829 1634 159 64 avec
928 1634 139 64 son
1008 1634 199 64 oncle,
1147 1634 119 64 le
1206 1634 238 64 cardinal
1365 1634 159 64 Fesch.

79 1687 189 66 2196.
205 1687 420 66 Bonaparte
562 1687 294 66 (Pauline),
793 1687 168 66 sœur
897 1687 126 66 de
960 1687 294 66 l’empereur
1191 1687 273 66 Napoléon,
1380 1687 147 66 prin

128 1730 180 73 cesse
248 1730 260 73 Borghèse.
448 1730 120 73 L.
507 1730 160 73 aut.
607 1730 180 73 sig.:
727 1730 379 73 Pauline
1047 1730 100 73 à
1087 1730 140 73 Mgr
1167 1730 180 73 Cunéo
1286 1730 260 73 d’Ornano,
1466 1730 60 73 à

114 1794 325 50 Rome.
331 1794 325 50 Rome,
548 1794 217 50 16
656 1794 434 50 juillet.
982 1794 181 50 1
1054 1794 217 50 p.
1162 1794 325 50 in-4.
1379 1794 181 50 8
1416 1794 108 50 »

81 1828 183 68 2197.
203 1828 407 68 Bonaparte
549 1828 325 68 (Christine),
813 1828 183 68 fille
935 1828 122 68 de
996 1828 203 68 Lucien
1138 1828 285 68 Bonaparte.
1362 1828 122 68 L.
1403 1828 122 68 aut.

132 1889 172 71 sig..
247 1889 306 71 Christine
495 1889 421 71 Dudley-Stuart
859 1889 96 71 à
897 1889 115 71 sa
954 1889 172 71 sœur.
1069 1889 172 71 Nice,
1184 1889 115 71 10
1241 1889 134 71 mai
1318 1889 172 71 1827.
1432 1889 96 71 2
1452 1889 77 71 p.

101 1931 356 83 pl.
305 1931 458 83 in-8.
610 1931 458 83 Jolie
915 1931 560 83 lettre.
1322 1931 254 83 5
1373 1931 153 83 »

177 1974 300 69 Lorsqu’ils
412 1974 193 69 iront
541 1974 129 69 la
605 1974 193 69 voir,
733 1974 171 69 elle
841 1974 171 69 leur
948 1974 236 69 donnera
1119 1974 150 69 une
1183 1974 343 69 représentation

134 2022 115 60 de
191 2022 115 60 la
248 2022 248 60 Fausse
439 2022 267 60 Agnès
649 2022 153 60 que,
745 2022 153 60 elle
840 2022 115 60 en
897 2022 134 60 est
974 2022 172 60 sure,
1088 2022 153 60 elle
1184 2022 153 60 joue
1279 2022 95 60 à
1298 2022 229 60 merveille.

131 2075 175 60 Elle
240 2075 153 60 est
328 2075 284 60 seulement
546 2075 262 60 curieuse
742 2075 131 60 de
808 2075 218 60 savoir
961 2075 240 60 comment
1135 2075 175 60 elle
1244 2075 109 60 a
1288 2075 131 60 pu
1332 2075 196 60 trouver

132 2115 148 67 des
217 2115 275 67 personnes
428 2115 148 67 qui
513 2115 233 67 parlent
682 2115 191 67 assez
809 2115 169 67 bien
915 2115 127 67 le
979 2115 254 67 français
1169 2115 169 67 pour
1275 2115 233 67 pouvoir
1423 2115 106 67 ré-

133 2169 193 61 citer
261 2169 150 61 car
347 2169 171 61 rien
454 2169 193 61 n’est
582 2169 129 61 si
647 2169 321 61 désagréable
904 2169 193 61 qu’un
1032 2169 236 61 mauvais
1182 2169 257 61 accent....

83 2218 189 62 2198.
209 2218 399 62 Borghèse
545 2218 147 62 (le
629 2218 210 62 prince
776 2218 273 62 Camille),
985 2218 168 62 mari
1090 2218 126 62 de
1153 2218 126 62 la
1216 2218 273 62 princesse
1405 2218 126 62 Pau

132 2258 167 68 line
236 2258 292 68 Bonaparte.
466 2258 125 68 L.
528 2258 188 68 sig.,
653 2258 104 68 à
695 2258 292 68 l’empereur
924 2258 271 68 Napoléon.
1133 2258 208 68 Turin,
1279 2258 104 68 4
1321 2258 146 68 mai
1383 2258 146 68 1807.

67 2308 430 76 1
239 2308 516 76 p.
497 2308 945 76 in-fol.
1184 2308 430 76 3
1270 2308 258 76 »

181 2338 316 77 Importantes
433 2338 273 77 nouvelles
644 2338 147 77 des
728 2338 294 77 opérations
959 2338 126 77 de
1022 2338 231 77 l’armée
1170 2338 231 77 d’Italie.

86 2378 176 110 2199.
204 2378 312 110 Botta
457 2378 273 110 (Charles),
672 2378 254 110 historien
867 2378 117 110 et
926 2378 195 110 poëte.
1063 2378 117 110 L.
1121 2378 156 110 aut.
1219 2378 176 110 sig.,
1336 2378 98 110 à
1375 2378 117 110 M.
1414 2378 117 110 Mas

133 2443 256 70 trella,
319 2443 233 70 Rouen,
482 2443 140 70 18
552 2443 210 70 avril
692 2443 210 70 1828.
831 2443 116 70 1
878 2443 140 70 p.
948 2443 210 70 in-4.
1088 2443 210 70 Jolie
1227 2443 256 70 lettre.
1414 2443 116 70 2
1437 2443 93 70 50

89 2506 164 78 2200.
198 2506 328 78 Bourdon
472 2506 109 78 de
527 2506 310 78 l'Oise
782 2506 383 78 (François-Louis),
1110 2506 328 78 conventionnel.
1384 2506 109 78 L.
1421 2506 109 78 aut.

130 2541 229 65 sig.,
282 2541 153 65 au
359 2541 407 65 ministre....
690 2541 153 65 15
766 2541 306 65 germinal
995 2541 153 65 an
1072 2541 153 65 V.
1148 2541 127 65 3
1199 2541 153 65 p.
1275 2541 229 65 in-4.
1428 2541 127 65 5
1454 2541 76 65 »

85 2582 186 73 2201.
209 2582 351 73 Brueys
499 2582 393 73 (François-Paul,
829 2582 227 73 comte),
995 2582 331 73 vice-amiral.
1263 2582 124 73 Né
1325 2582 103 73 à
1367 2582 165 73 Uzès
1449 2582 83 73 en

135 2646 191 62 1760.
262 2646 149 62 Tué
347 2646 127 62 au
411 2646 212 62 combat
559 2646 276 62 d’Aboukir
771 2646 127 62 en
835 2646 191 62 1798.
962 2646 127 62 L.
1026 2646 170 62 aut.
1132 2646 191 62 sig.,
1259 2646 127 62 au
1302 2646 233 62 vice-

133 2697 153 63 ral
221 2697 262 63 Lelarge.
417 2697 240 63 Toulon,
592 2697 109 63 7
636 2697 262 63 messidor
833 2697 131 63 an
898 2697 131 63 V.
964 2697 109 63 2
1007 2697 131 63 p.
1073 2697 197 63 in-4.
1204 2697 175 63 Tête
1292 2697 240 63 imprimée.

82 2737 943 80 Vignette.
808 2737 653 80 Rare.
1243 2737 363 80 9
1315 2737 218 80 »
