1912 2915
1019 301 40 55 —
1035 301 40 55 4
1043 301 24 55 —

509 359 177 51 Curieuse
642 359 147 51 lettre
745 359 192 51 politique
893 359 147 51 écrite
996 359 88 51 de
1040 359 192 51 Bruxelles
1188 359 162 51 sur-les
1306 359 192 51 élections
1438 359 74 51 qui

596 401 113 40 vont
667 401 85 40 se
709 401 128 40 faire
794 401 85 40 en
837 401 156 40 France.
950 401 99 40 «Je
1007 401 113 40 suis
1078 401 198 40 spectateur
1234 401 85 40 et
1276 401 142 40 trouve
1376 401 99 40 que
1432 401 113 40 j’ai
1489 401 85 40 payé

586 435 129 45 assez
672 435 115 45 cher
743 435 86 45 ma
786 435 129 45 place
872 435 86 45 au
915 435 158 45 théâtre
1030 435 100 45 des
1087 435 172 45 variétés
1216 435 201 45 politiques
1373 435 115 45 pour
1445 435 86 45 ne
1474 435 100 45 point

595 474 171 36 vouloir,
723 474 114 36 dans
794 474 86 36 ce
837 474 200 36 moment-ci,
994 474 157 36 rentrer
1108 474 100 36 sur
1165 474 86 36 la
1193 474 157 36 scène...»

593 503 96 40 23670
657 503 96 40 FAVRE
721 503 128 40 (Jules),
817 503 117 40 célèbre
903 503 117 40 orateur
988 503 192 40 parlementaire,
1148 503 64 40 de
1180 503 117 40 l’Acad.
1265 503 75 40 fr.
1308 503 96 40 L.
1372 503 64 40 a.
1393 503 96 40 s.

595 536 137 50 1843,
686 536 106 50 1/2
747 536 91 50 p.
792 536 137 50 in-8.
883 536 76 50 2
898 536 61 50 50

592 572 114 51 23671
669 572 114 51 FÉLIX
745 572 89 51 (le
796 572 152 51 réyérend
910 572 127 51 Père),
999 572 140 51 célèbre
1100 572 191 51 prédicateur
1253 572 216 51 contemporain.
1418 572 76 51 Mss.

592 611 108 49 aut.
659 611 121 49 sig.,
740 611 108 49 avec
807 611 81 49 de
848 611 189 49 nombreuses
996 611 148 49 ratures
1104 611 81 49 et
1144 611 216 49 corrections,
1319 611 81 49 44
1360 611 81 49 p.
1387 611 94 49 in

1470 643 128 42 12
1512 643 64 42 »

494 676 132 51 C’est
582 676 103 51 une
641 676 88 51 de
685 676 103 51 ses
744 676 220 51 conférences
920 676 103 51 sur
978 676 132 51 le
1066 676 161 51 Progrès
1184 676 103 51 par
1242 676 88 51 le
1272 676 293 51 christianisme

587 717 98 40 23672
653 717 98 40 FÉVAL
718 717 120 40 (Paul),
806 717 120 40 célèbre
893 717 153 40 romancier.
1013 717 98 40 L.
1079 717 66 40 a.
1111 717 120 40 s.
1199 717 55 40 1
1221 717 66 40 p.
1254 717 98 40 in-8.
1319 717 142 40 Curieuse.
1428 717 55 40 2
1439 717 33 40 »

591 745 118 59 23673
670 745 157 59 FLANDRIN
788 745 210 59 (Hippolyte),
958 745 144 59 célèbre
1063 745 144 59 peintre
1168 745 197 59 d’histoire,
1326 745 131 59 membre
1418 745 79 59 de
1444 745 131 59 l’Insti-

599 791 84 43 tut.
652 791 95 43 L.
715 791 63 43 a.
747 791 116 43 s.
831 791 53 43 1
852 791 63 43 p.
883 791 95 43 in-8.
946 791 95 43 Jolie
1010 791 105 43 pièce.
1083 791 105 43 Peu
1157 791 158 43 commun
1283 791 53 43 5
1293 791 32 43 »

596 819 124 59 23674
679 819 165 59 FLÉCHIER
802 819 179 59 (Esprit),
940 819 192 59 l’illustre
1091 819 137 59 évêque
1187 819 82 59 de
1228 819 137 59 Nîmes,
1325 819 137 59 membre
1421 819 82 59 de
1448 819 124 59 l’Acad.

591 865 90 35 fr.
642 865 115 35 L.
719 865 77 35 a.
757 865 128 35 s.
847 865 64 35 à
873 865 128 35 l’abbé
962 865 141 35 Robert;
1064 865 128 35 Nîmes,
1154 865 77 35 18
1192 865 102 35 août
1256 865 115 35 1703,
1333 865 64 35 1
1359 865 77 35 p.
1397 865 90 35 1/2
1448 865 115 35 in-8.
1512 865 64 35 Jo-

595 893 60 44 lie
630 893 94 44 lettre.
698 893 51 44 37
715 893 26 44 »

600 923 115 49 23675
677 923 141 49 FOURIER
779 923 89 49 (le
830 923 115 49 baron
907 923 166 49 Josephi),
1035 923 153 49 illustre
1149 923 141 49 savant,
1252 923 77 49 de
1290 923 141 49 l’Acad.
1392 923 89 49 fr.
1443 923 77 49 1°
1469 923 102 49 Billet

592 966 79 46 de
631 966 119 46 trois
710 966 132 46 lignes
803 966 105 46 aut.
869 966 119 46 sig.,
948 966 92 46 1/2
1000 966 79 46 p.
1040 966 119 46 in-4,
1119 966 105 46 vig.
1185 966 79 46 et
1224 966 105 46 tête
1290 966 119 46 impr.
1369 966 79 46 de
1396 966 171 46 l’Institut.

592 998 44 45 —
610 998 53 45 2°
636 998 53 45 L.
662 998 70 45 s..;
706 998 79 45 1829,
759 998 44 45 1
776 998 53 45 p.
802 998 79 45 in-4.
855 998 44 45 5
864 998 26 45 »

882 1031 77 52 23676
934 1031 102 52 FOURNIER
1010 1031 119 52 (Édouard),
1104 1031 85 52 érudit
1164 1031 119 52 distingué,
1257 1031 85 52 auteur
1317 1031 51 52 de
1342 1031 128 52 l'Esprit
1445 1031 68 52 dans
1479 1031 102 52 l’his

596 1071 136 45 toire.
700 1071 63 45 L.
732 1071 63 45 a.
763 1071 115 45 s.
847 1071 52 45 1
868 1071 63 45 p.
899 1071 73 45 1/2
941 1071 94 45 in-8.
1004 1071 136 45 Curieuse.
1109 1071 52 45 1
1119 1071 42 45 75

598 1105 99 43 23677
664 1105 132 43 GAMBETTA
763 1105 99 43 (L.),
829 1105 110 43 avocat
906 1105 66 43 et
939 1105 110 43 député
1016 1105 77 43 des
1061 1105 231 43 Bouches-du-Rhôné.
1259 1105 99 43 L.
1325 1105 66 43 a.
1347 1105 99 43 s.

598 1140 46 43 1
616 1140 55 43 p.
644 1140 82 43 in-8.
698 1140 46 43 1
707 1140 37 43 75

600 1168 45 67 23678
630 1168 55 67 GERHARD
670 1168 70 67 (Édouard),
725 1168 75 67 archéologue
784 1168 65 67 allemand,
834 1168 50 67 membre
864 1168 45 67 associé

605 1213 34 57 de
622 1213 84 57 l’Institut.
689 1213 50 57 L.
723 1213 34 57 a.
740 1213 61 57 s.
784 1213 61 57 Berlin,
829 1213 34 57 29
846 1213 45 57 déc.
874 1213 50 57 1837,
907 1213 28 57 1
918 1213 34 57 p.
935 1213 39 57 1/2
958 1213 50 57 in-8.
991 1213 28 57 2
997 1213 22 57 50

607 1250 38 57 23679
632 1250 43 57 GOETHE
662 1250 30 57 (J.
679 1250 34 57 V.),
701 1250 60 57 l’illustre
748 1250 51 57 écrivain
786 1250 56 57 allemand.
829 1250 38 57 L.
855 1250 26 57 a.
868 1250 47 57 s.
902 1250 21 57 1
910 1250 26 57 p.
923 1250 30 57 pl.
936 1250 30 57 in

605 1283 131 53 Très-belle
708 1283 103 53 lettre.
783 1283 56 53 40
802 1283 28 53 »

988 1304 49 76 23680
1020 1304 54 76 GOUFFÉ
1058 1304 71 76 (Armand),
1112 1304 60 76 célèbre
1156 1304 87 76 chansonnier.
1226 1304 49 76 L.
1259 1304 33 76 a.
1275 1304 60 76 s.
1318 1304 54 76 Beaune
1356 1304 49 76 1833,
1389 1304 27 76 1
1394 1304 22 76 p.

599 1353 97 52 in-4.
664 1353 152 52 Très-belle
783 1353 119 52 lettre.
870 1353 54 52 3
881 1353 32 52 »

603 1376 76 70 23681
653 1376 101 70 GRÉGOIRE
729 1376 59 70 XIV
762 1376 101 70 (Nicolas
838 1376 126 70 SFONDRATI),
939 1376 76 70 pape,
990 1376 59 70 qui
1023 1376 118 70 excommunia
1116 1376 76 70 Henri
1158 1376 42 70 IV.

891 1426 74 57 L.
940 1426 90 57 s.
1006 1426 74 57 comme
1055 1426 74 57 pape;
1104 1426 123 57 Saint-Marc,
1203 1426 49 57 16
1227 1426 66 57 août
1268 1426 74 57 1591,
1318 1426 57 57 1/2
1350 1426 49 57 p.
1375 1426 90 57 in-fol.
1433 1426 57 57 Belle

598 1457 78 45 lettre.
655 1457 43 45 10
669 1457 21 45 »

592 1500 111 47 23682
666 1500 111 47 GRIMM
739 1500 86 47 (le
789 1500 111 47 baron
863 1500 99 47 de),
924 1500 135 47 célèbre
1023 1500 172 47 philosophe
1158 1500 74 47 du
1195 1500 197 47 dix-huitième
1355 1500 135 47 siècle.
1442 1500 135 47 L.

591 1531 115 34 a.
668 1531 141 34 s.
771 1531 64 34 à
796 1531 77 34 la
835 1531 77 34 3e
873 1531 167 34 personne,
1001 1531 64 34 à
1027 1531 128 34 l’abbé
1117 1531 115 34 Rive;
1194 1531 77 34 21
1232 1531 115 34 août,
1309 1531 90 34 1/2
1360 1531 77 34 p.
1399 1531 115 34 in-8,
1463 1531 115 34 cachet.

601 1560 138 50 Très-jolie
710 1560 99 50 pièce.
779 1560 49 50 3
789 1560 39 50 50

603 1587 121 49 23683
683 1587 175 49 GRONOVIUS
818 1587 94 49 (J.
872 1587 148 49 Fréd.),
979 1587 162 49 illustre
1100 1587 188 49 philologue
1249 1587 162 49 allemand
1370 1587 81 49 du
1397 1587 188 49 dix

597 1636 136 43 siècle.
696 1636 111 43 L.
770 1636 74 43 a.
807 1636 136 43 s.
906 1636 74 43 en
943 1636 124 43 latin,
1030 1636 62 43 à
1054 1636 111 43 Henri
1129 1636 74 43 de
1166 1636 124 43 Diest,
1252 1636 87 43 1/2
1302 1636 74 43 p.
1339 1636 111 43 in-4,
1413 1636 111 43 trâce
1487 1636 74 43 de
1512 1636 62 43 ca-

596 1666 112 45 chet.
670 1666 99 45 Avec
732 1666 74 45 la
769 1666 136 45 réponse
868 1666 99 45 aut.
930 1666 99 45 sig.
992 1666 74 45 de
1029 1666 112 45 Henri
1104 1666 74 45 de
1141 1666 124 45 Diest.
1227 1666 62 45 5
1240 1666 37 45 »

601 1704 124 52 23684
684 1704 151 52 GUÉDRON
794 1704 179 52 (Pierre),
932 1704 138 52 maître
1028 1704 83 52 de
1069 1704 151 52 musique
1180 1704 83 52 de
1221 1704 83 52 la
1262 1704 151 52 chambre
1372 1704 83 52 de
1414 1704 124 52 Louis
1483 1704 96 52 XIII,

597 1746 146 34 auteur
700 1746 88 34 de
743 1746 175 34 recueils
875 1746 146 34 d’airs
977 1746 88 34 de
1021 1746 117 34 cour
1093 1746 102 34 qui
1152 1746 102 34 ont
1210 1746 88 34 eu
1254 1746 175 34 beaucoup
1385 1746 88 34 de
1429 1746 146 34 succès
1517 1746 58 34 et

598 1773 134 42 furent
692 1773 161 42 traduits
813 1773 81 42 en
853 1773 161 42 anglais.
974 1773 134 42 Quitt.
1068 1773 121 42 sig.,
1149 1773 94 42 sur
1203 1773 134 42 vélin;
1297 1773 67 42 7
1324 1773 148 42 juillet
1431 1773 121 42 1612,
1498 1773 81 42 in

601 1804 90 44 oblong.
666 1804 131 44 Rare
772 1804 41 44 8
781 1804 25 44 »

601 1823 84 74 23685
657 1823 121 74 GUILLAUME
750 1823 74 74 Ier,
796 1823 65 74 roi
833 1823 56 74 de
861 1823 102 74 Prusse.
936 1823 84 74 L.
992 1823 93 74 s.
1057 1823 47 74 à
1075 1823 56 74 M.
1103 1823 112 74 Muchler;
1187 1823 112 74 Coblenz,
1271 1823 47 74 5
1280 1823 56 74 déc.

607 1868 103 59 1852,
675 1868 80 59 1/4
721 1868 69 59 de
756 1868 69 59 p.
790 1868 103 59 in-4.
859 1868 57 59 4
871 1868 34 59 »

597 1890 120 73 23686
676 1890 133 73 HALLAM
769 1890 159 73 (Henri),
889 1890 146 73 célèbre
995 1890 173 73 historien
1128 1890 159 73 anglais,
1248 1890 133 73 membre
1341 1890 146 73 associé
1447 1890 80 73 de
1474 1890 106 73 l’Ins-

599 1942 118 48 titut.
682 1942 106 48 L.
752 1942 71 48 a.
788 1942 130 48 s.
882 1942 71 48 19
917 1942 106 48 janv.
988 1942 106 48 1821,
1058 1942 59 48 1
1082 1942 71 48 p.
1117 1942 82 48 1/2
1164 1942 106 48 in-8.
1235 1942 106 48 Jolie
1294 1942 94 48 pièce.

602 1987 97 38 23687
667 1987 226 38 HARLAY-CHANVALLON
861 1987 86 38 (Fr.
914 1987 86 38 de),
968 1987 151 38 archevêque
1087 1987 65 38 de
1119 1987 108 38 Paris,
1194 1987 108 38 membre
1259 1987 43 38 de

603 2016 145 43 l’Acad.
708 2016 92 43 fr.
761 2016 119 43 L.
840 2016 132 43 s.
932 2016 79 43 (à
972 2016 145 43 Arnauld
1077 2016 79 43 de
1117 2016 184 43 Pomponne);
1262 2016 79 43 21
1301 2016 92 43 mai
1354 2016 119 43 1672,
1433 2016 66 43 1
1459 2016 79 43 p.
1486 2016 92 43 in

604 2049 134 54 Très-belle
710 2049 105 54 lettre.
786 2049 57 54 15
805 2049 29 54 »

612 2070 75 70 23686
661 2070 75 70 JANIN
711 2070 99 70 (Jules),
786 2070 91 70 célèbre
852 2070 108 70 critique.
935 2070 75 70 L.
984 2070 50 70 a.
1009 2070 91 70 s.
1076 2070 83 70 Paris,
1134 2070 50 70 17
1158 2070 66 70 déc.
1200 2070 75 70 1840,
1250 2070 41 70 1
1258 2070 33 70 p.

600 2125 72 52 in-4.
648 2125 40 52 2
656 2125 32 52 50

639 2141 166 70 Curieuse
764 2141 152 70 demande
875 2141 83 70 de
916 2141 139 70 porter
1013 2141 83 70 la
1055 2141 194 70 décoration
1207 2141 97 70 que
1262 2141 83 70 le
1304 2141 139 70 sultan
1401 2141 125 70 vient
1484 2141 83 70 de
1512 2141 69 70 lui

593 2199 140 48 envoyer.

610 2212 105 68 23689
681 2212 94 68 JEAN
739 2212 70 68 V,
774 2212 82 68 duc
821 2212 70 68 de
856 2212 152 68 Bretagne,
974 2212 82 68 dit
1020 2212 105 68 le
1091 2212 141 68 Bon
1196 2212 117 68 prince
1278 2212 129 68 faible,
1372 2212 94 68 tour
1431 2212 59 68 à
1454 2212 94 68 tour
1501 2212 82 68 allié

598 2268 88 45 de
642 2268 161 45 Charles
760 2268 103 45 VII
818 2268 88 45 et
862 2268 88 45 de
906 2268 132 45 Henri
994 2268 103 45 VI.
1053 2268 205 45 Mandement,
1214 2268 103 45 sur
1272 2268 147 45 vélin,
1375 2268 117 45 avec
1448 2268 103 45 ces
1492 2268 88 45 mots

603 2299 210 44 autographes:
773 2299 131 44 Par
865 2299 79 44 le
905 2299 157 44 duc;
1023 2299 131 44 Paris,
1115 2299 79 44 29
1154 2299 144 44 janvier
1259 2299 105 44 1415
1325 2299 131 44 (1416,
1416 2299 79 44 n.
1456 2299 105 44 s.),
1521 2299 66 44 1
1535 2299 52 44 p.

605 2341 136 46 in-fol.
704 2341 136 46 oblong,
803 2341 112 46 trace
877 2341 74 46 de
915 2341 124 46 sceau.
1002 2341 112 46 Belle
1076 2341 74 46 et
1113 2341 99 46 rare
1175 2341 124 46 pièce.
1262 2341 74 46 10
1287 2341 37 46 »

641 2350 85 64 Le
683 2350 99 64 duc
740 2350 184 64 reconnaît
881 2350 127 64 avoir
966 2350 113 64 reçu
1037 2350 85 64 de
1080 2350 156 64 Denisot
1193 2350 85 64 de
1235 2350 142 64 Wylli,
1334 2350 170 64 receveur
1462 2350 85 64 du
1504 2350 99 64 Roi
1547 2350 42 64 à

603 2391 155 66 Evreux,
716 2391 84 66 la
758 2391 127 66 somme
842 2391 84 66 de
884 2391 84 66 40
927 2391 141 66 livres
1025 2391 169 66 tournois
1152 2391 70 66 à
1180 2391 141 66 valoir
1278 2391 99 66 sur
1335 2391 99 66 les
1391 2391 141 66 50,000
1475 2391 113 66 francs
