1912 2915
795 301 66 48 —
821 301 66 48 3
834 301 40 48 —

373 337 180 70 fortune,
508 337 90 70 je
553 337 180 70 jouisidu
689 337 165 70 bonheur
809 337 90 70 de
854 337 90 70 me
899 337 120 70 voir
974 337 135 70 avoir
1064 337 180 70 l’estime
1200 337 90 70 de
1245 337 120 70 bien
1305 337 60 70 du

170 394 1104 38 monde...

695 428 77 39 23652
747 428 85 39 CAMPAN
806 428 60 39 (H.
840 428 94 39 Genet),
908 428 102 39 lectrice
985 428 51 39 de
1010 428 179 39 Marie-Antoinette,
1164 428 85 39 auteur
1223 428 51 39 de
1240 428 128 39 Mémoi

689 458 60 56 res.
727 458 68 56 L.
772 458 45 56 a.
795 458 83 56 s.
855 458 83 56 Ecouen;
915 458 45 56 15
937 458 68 56 sept.
983 458 68 56 1810,
1028 458 38 56 3
1043 458 45 56 p.
1065 458 83 56 in-fol.
1125 458 83 56 Superbe
1185 458 75 56 pièce.
1238 458 38 56 4
1245 458 23 56 »

382 499 93 43 23653
444 499 135 43 CAVAIGNAC
547 499 155 43 (Godefroy),
671 499 62 43 le
703 499 114 43 célèbre
785 499 124 43 écrivain
878 499 145 43 démocrate.
1003 499 93 43 L.
1065 499 62 43 a.
1096 499 104 43 s.
1158 499 31 43 à

675 535 46 47 M.
698 535 92 47 Paravey;
768 535 85 47 (1835),
829 535 39 47 1
845 535 46 47 p.
868 535 54 47 pl.
899 535 69 47 in-4.
945 535 108 47 Très-belle
1030 535 85 47 lettre.
1091 535 39 47 6
1099 535 23 47 »

672 566 60 50 23654
713 566 74 50 CHARLET
766 566 47 50 (T.
793 566 54 50 N.),
827 566 74 50 célèbre
880 566 80 50 peintre.
941 566 60 50 L.
981 566 40 50 a.
1001 566 67 50 s.
1048 566 34 50 à
1061 566 40 50 M.
1081 566 67 50 Maine,
1122 566 80 50 sculpteur;

378 608 79 50 3/4
423 608 68 50 de
457 608 68 50 p.
490 608 101 50 in-4.
558 608 56 50 4
569 608 34 50 »

415 637 168 40 Curieuse
541 637 140 40 épître
639 637 168 40 relative
766 637 70 40 à
794 637 98 40 son
850 637 140 40 buste.
948 637 84 40 Il
990 637 112 40 veut
1060 637 112 40 bien
1130 637 98 40 lui
1187 637 182 40 permettre
1313 637 56 40 de

382 673 147 42 modeler
488 673 93 42 son
542 673 240 42 muffle,
742 673 107 42 mais
809 673 80 42 il
849 673 93 42 lui
903 673 147 42 demande
1009 673 93 42 son
1063 673 107 42 jour
1130 673 80 42 et
1170 673 93 42 son
1223 673 134 42 heure.
1303 673 67 42 «Je

389 704 88 46 me
433 704 161 46 rendrai
550 704 117 46 chez
623 704 117 46 vous
696 704 175 46 toujours
827 704 117 46 avec
900 704 102 46 mon
944 704 146 46 muffle.»

383 736 123 54 23655
465 736 150 54 CLÉMENT
575 736 109 54 VIII
643 736 137 54 (HIPP.
739 736 246 54 ALDOBRANDINI),
943 736 123 54 pape,
1025 736 96 54 qui
1080 736 150 54 ordonna
1189 736 82 54 le
1217 736 150 54 couronne-

386 774 68 50 ment
429 774 51 50 du
455 774 77 50 Tasse
506 774 51 50 et
532 774 77 50 donna
583 774 137 50 l’absolution
694 774 43 50 à
711 774 77 50 Henri
763 774 60 50 IV;
797 774 77 50 L.
848 774 94 50 s.
916 774 77 50 comme
959 774 60 50 pape;

386 808 98 55 août
447 808 110 55 1600,
521 808 86 55 1/2
570 808 74 55 p.
607 808 110 55 in-4.
680 808 110 55 Belle
754 808 123 55 pièce.
840 808 74 55 10
864 808 37 55 »

389 823 82 71 23656
444 823 91 71 COCHIN
507 823 137 71 (Augustin),
617 823 128 71 publiciste
717 823 55 71 et
744 823 118 71 écrivain,
835 823 91 71 membre
899 823 55 71 de
926 823 137 71 l’Institut.
1027 823 109 71 L.

389 886 69 46 a.
435 886 85 46 s.
497 886 38 46 1
512 886 46 46 p.
535 886 69 46 in-8.
582 886 38 46 1
589 886 31 46 50

382 893 121 66 23657
462 893 121 66 CONDÉ
543 893 135 66 (Louis
638 893 94 66 Ier
691 893 81 66 de
732 893 162 66 BOURBON,
853 893 135 66 prince
947 893 108 66 de),
1015 893 162 66 illustre
1136 893 175 66 capitaine
1257 893 108 66 hugue-

385 943 89 54 not,
441 943 78 54 tué
485 943 56 54 à
508 943 67 54 la
541 943 134 54 bataille
642 943 67 54 de
675 943 123 54 Jarnac.
765 943 78 54 P.
809 943 112 54 s.
887 943 78 54 sur
932 943 112 54 vélin;
1010 943 67 54 22
1044 943 101 54 févr.
1111 943 101 54 1564,
1167 943 101 54 in

392 984 136 43 oblong.
491 984 74 43 La
528 984 161 43 signature
652 984 87 43 est
701 984 74 43 un
738 984 87 43 peu
788 984 149 43 effacée.
899 984 74 43 10
924 984 37 43 »

392 1007 97 60 23658
457 1007 108 60 COUSIN
532 1007 140 60 (Victor),
640 1007 118 60 célèbre
726 1007 151 60 philosophe
845 1007 65 60 et
877 1007 140 60 écrivain,
984 1007 65 60 de
1017 1007 118 60 l’Acad.
1103 1007 75 60 fr.
1146 1007 97 60 L.
1200 1007 86 60 a.

382 1052 167 45 s.
510 1052 77 45 (à
549 1052 167 45 Guillaume
677 1052 77 45 de
715 1052 179 45 Humboldt);
856 1052 128 45 Paris,
946 1052 77 45 18
984 1052 115 45 sept.
1061 1052 115 45 1832,
1138 1052 64 45 2
1163 1052 77 45 p.
1202 1052 115 45 in-8.
1279 1052 64 45 9
1292 1052 38 45 »

411 1084 285 45 Très-intéressante
656 1084 149 45 lettre,
765 1084 82 45 où
805 1084 82 45 il
846 1084 82 45 le
887 1084 163 45 remercie
1009 1084 82 45 de
1050 1084 82 45 sa
1091 1084 190 45 nomination
1240 1084 68 45 à
1254 1084 122 45 l’Aca-

388 1117 113 50 démie
464 1117 75 50 de
501 1117 138 50 Berlin.
602 1117 75 50 Il
640 1117 88 50 lui
690 1117 126 50 envoie
778 1117 75 50 la
815 1117 151 50 deuxième
928 1117 126 50 partie
1016 1117 75 50 de
1054 1117 88 50 son
1104 1117 251 50 Rapport,
1305 1117 63 50 qui

738 1152 63 51 est
774 1152 135 51 entièrement
882 1152 108 51 consacré
963 1152 45 51 à
981 1152 54 51 la
1008 1152 99 51 Prusse.
1079 1152 54 51 Il
1106 1152 99 51 termine
1178 1152 63 51 par
1214 1152 63 51 des
1250 1152 117 51 nouvelles
1331 1152 45 51 po-

725 1179 98 56 litiques.
801 1179 75 56 «Dupin
854 1179 83 56 restera
914 1179 45 56 le
937 1179 83 56 maître,
997 1179 68 56 c’est
1043 1179 53 56 une
1073 1179 83 56 absolue
1133 1179 106 56 nécessité.
1209 1179 60 56 Est

393 1223 62 45 aussi
434 1223 41 45 un
455 1223 62 45 bien?
496 1223 62 45 C’est
537 1223 41 45 ce
558 1223 48 45 qué
585 1223 82 45 l’avenir
640 1223 82 45 décidera.»

748 1230 57 70 23659
786 1230 76 70 CRÉMIEUX
842 1230 63 70 (Ad.),
887 1230 70 70 célèbré
937 1230 63 70 avocat
982 1230 38 70 et
1001 1230 101 70 représentant
1083 1230 38 70 du
1102 1230 70 70 peuple.
1152 1230 57 70 L.
1190 1230 38 70 a.
1209 1230 63 70 s.
1247 1230 19 70 à

396 1293 36 58 M.
414 1293 79 58 Jausions;
475 1293 61 58 Paris,
517 1293 42 58 1er
541 1293 67 58 juillet
590 1293 55 58 1832,
626 1293 30 58 1
638 1293 36 58 p.
656 1293 55 58 in-4.
693 1293 30 58 2
699 1293 24 58 25

710 1303 124 71 Relative
803 1303 52 71 à
823 1303 62 71 la
855 1303 114 71 défense
937 1303 83 71 d’un
989 1303 93 71 nommé
1051 1303 114 71 Tharin,
1134 1303 135 71 compromis
1237 1303 83 71 dans
1289 1303 62 71 le
1310 1303 62 71 mou-

392 1348 150 56 vement
497 1348 90 56 de
542 1348 90 56 la
586 1348 164 56 Vendée.
706 1348 135 56 «Nous
796 1348 239 56 obtiendrons,
990 1348 164 56 dit-il,
1110 1348 120 56 pour
1185 1348 90 56 la
1229 1348 150 56 Vendée
1319 1348 60 56 ce

730 1388 58 52 que
763 1388 67 52 nous
805 1388 75 52 avons
854 1388 83 52 obtenu
913 1388 67 52 pour
954 1388 58 52 les
987 1388 116 52 Parisiens:
1079 1388 83 52 les
1137 1388 75 52 juges
1179 1388 141 52 naturels.»

388 1421 122 55 23660
470 1421 163 55 DELANGLE
592 1421 108 55 (CI.
659 1421 149 55 Alph.),
768 1421 176 55 procureur
903 1421 149 55 général
1011 1421 108 55 près
1079 1421 81 55 la
1120 1421 108 55 Cour
1187 1421 81 55 de
1215 1421 163 55 cassation,

390 1463 113 58 membre
469 1463 68 58 de
502 1463 169 58 l’Institut.
638 1463 101 58 L.
705 1463 68 58 a.
739 1463 124 58 s.
829 1463 101 58 1851,
897 1463 56 58 1
919 1463 68 58 p.
953 1463 101 58 in-8.
1021 1463 56 58 2
1032 1463 34 58 »

398 1473 124 73 23661
481 1473 152 73 DELBREL
591 1473 166 73 (Pierre)
716 1473 248 73 conventionnel,
923 1473 152 73 célèbre
1033 1473 97 73 par
1088 1473 97 73 ses
1143 1473 166 73 missions
1268 1473 97 73 aux
1309 1473 69 73 ar-

398 1525 119 51 mées.
477 1525 132 51 Aux
569 1525 145 51 autéurs
675 1525 79 51 de
714 1525 79 51 la
754 1525 158 51 nouvelle
872 1525 184 51 Biographie
1017 1525 92 51 des
1070 1525 290 51 Contemporains
1307 1525 66 51 No-

399 1563 137 49 tice
498 1563 87 49 sur
548 1563 137 49 Delbrel
648 1563 162 49 (Pierre),
773 1563 175 49 ex-député,
911 1563 137 49 rédigée
1011 1563 87 49 par
1061 1563 212 49 lui-même
1236 1563 112 49 pièce
1298 1563 75 49 aut.

400 1592 112 54 sig.,
474 1592 75 54 19
512 1592 75 54 p.
549 1592 87 54 gr.
599 1592 137 54 in-fol.
698 1592 149 54 Document
811 1592 174 54 historique
947 1592 237 54 très-important.
1147 1592 75 54 10
1172 1592 37 54 »

394 1614 118 71 23662
473 1614 131 71 DONINI
565 1614 197 71 (Girolamo),
723 1614 145 71 célèbre
828 1614 145 71 peintre
933 1614 79 71 de
972 1614 145 71 l’école
1078 1614 184 71 bolonaise,
1222 1614 79 71 le
1249 1614 131 71 meilleur

399 1670 106 61 élève
470 1670 71 61 du
505 1670 141 61 Cignani.
611 1670 106 61 L.
682 1670 71 61 a.
717 1670 118 61 s.
799 1670 141 61 Bologne,
905 1670 71 61 19
941 1670 94 61 déc.
999 1670 106 61 1742,
1070 1670 59 61 1
1093 1670 71 61 p.
1129 1670 129 61 in-fol.
1223 1670 59 61 7
1235 1670 35 61 »

430 1707 127 40 Belle
515 1707 142 40 lettre
614 1707 99 40 sur
670 1707 85 40 un
713 1707 156 40 tableau
826 1707 127 40 qu’on
911 1707 113 40 doit
982 1707 99 40 lui
1024 1707 170 40 commander.

390 1722 125 68 23663
474 1722 139 68 DUBOIS
571 1722 195 68 (Antoine),
724 1722 153 68 célèbre
835 1722 195 68 chirurgien
988 1722 195 68 accoucheur
1141 1722 83 68 de
1169 1722 209 68 Marie

391 1767 114 54 L.
467 1767 76 54 a.
505 1767 127 54 s.
594 1767 76 54 au
632 1767 101 54 cit,
695 1767 177 54 Roussélot;
835 1767 127 54 Paris,
923 1767 63 54 6
948 1767 127 54 nivôse
1037 1767 76 54 an
1075 1767 89 54 IX,
1126 1767 63 54 1
1151 1767 76 54 p.
1189 1767 89 54 1/2
1240 1767 114 54 in-8.
1303 1767 76 54 Jau-

397 1816 75 41 nie
440 1816 85 41 dans
493 1816 64 41 le
525 1816 85 41 bas.
579 1816 53 41 2
589 1816 43 41 50

420 1818 169 64 Curieuse
546 1818 141 64 épître
645 1818 98 64 sur
701 1818 84 64 un
743 1818 155 64 citoyen
856 1818 141 64 blessé
954 1818 98 64 par
1010 1818 211 64 l’explosion
1179 1818 84 64 de
1221 1818 84 64 la
1249 1818 127 64 machine

392 1873 195 44 infernale,
545 1873 83 44 et
587 1873 125 44 qu’on
670 1873 69 44 a
698 1873 195 44 transporté
851 1873 69 44 à
878 1873 181 44 l’hospice
1017 1873 83 44 de
1059 1873 153 44 l’Ecole
1170 1873 83 44 de
1198 1873 139 44 médecine

403 1904 87 52 23634
461 1904 87 52 DUCOS
519 1904 116 52 (Roger),
606 1904 164 52 conventionnel
742 1904 58 52 et
771 1904 135 52 directeur.
877 1904 87 52 L.
935 1904 58 52 a.
964 1904 97 52 s.
1032 1904 48 52 à
1041 1904 126 52 Chasserois;

399 1939 121 50 Paris,
484 1939 73 50 13
520 1939 146 50 brumaire
630 1939 73 50 an
666 1939 121 50 VIIII,
751 1939 85 50 1/2
800 1939 73 50 p.
836 1939 109 50 in-4,
909 1939 97 50 tête
969 1939 109 50 impr.
1042 1939 73 50 et
1079 1939 97 50 vig.
1139 1939 61 50 3
1152 1939 36 50 »

407 1974 96 52 23665
472 1974 96 52 DUMAS
536 1974 86 52 père
589 1974 118 52 célèbre
675 1974 150 52 romancier.
793 1974 96 52 L.
857 1974 64 52 a.
889 1974 118 52 s.
975 1974 75 52 1/2
1018 1974 64 52 p.
1050 1974 96 52 in-8.
1114 1974 54 52 1
1125 1974 43 52 25

411 2003 101 67 23666
478 2003 135 67 DUPERRON
579 2003 135 67 (Jacques
680 2003 101 67 DAVY,
748 2003 157 67 cardinal),
872 2003 157 67 archevêque
995 2003 67 67 de
1029 2003 101 67 Sens,
1085 2003 90 67 grand-

398 2041 129 63 aumônier
495 2041 64 63 de
527 2041 118 63 France,
613 2041 129 63 illustre
709 2041 139 63 diplomate
817 2041 64 63 et
849 2041 161 63 théologien.
978 2041 107 63 Quitt.
1053 2041 97 63 sig.,
1106 2041 54 63 sur

410 2088 114 49 vélin;
490 2088 103 49 1607,
558 2088 92 49 in-4
616 2088 126 49 oblong.
707 2088 57 49 3
719 2088 34 49 »

406 2098 125 67 23667
489 2098 125 67 DUROC
572 2098 180 67 (Michel),
711 2098 97 67 duc
766 2098 83 67 de
808 2098 152 67 Frioul,
918 2098 249 67 grand-maréchal
1126 2098 83 67 du
1168 2098 138 67 palais
1264 2098 83 67 de
1292 2098 97 67 Napo-

401 2145 92 57 léon
458 2145 92 57 Ier,
516 2145 81 57 tué
562 2145 58 57 à
585 2145 69 57 la
619 2145 138 57 bataille
723 2145 69 57 de
757 2145 127 57 Wurtzen
849 2145 104 57 L.
918 2145 69 57 a.
953 2145 127 57 s.
1045 2145 58 57 1
1068 2145 69 57 p.
1102 2145 104 57 in-4.
1171 2145 58 57 3
1183 2145 35 57 »

401 2178 121 59 23668
481 2178 148 59 ÉPERNON
589 2178 94 59 (J.
643 2178 81 59 L.
683 2178 81 59 de
724 2178 162 59 Nogaret,
845 2178 94 59 duc
899 2178 108 59 d’),
966 2178 135 59 mignon
1061 2178 81 59 de
1101 2178 121 59 Henri
1182 2178 108 59 III,
1249 2178 135 59 amiral
1330 2178 54 59 de

405 2224 142 44 France,
508 2224 181 44 gouverneur
650 2224 77 44 de
689 2224 155 44 Guyenne.
805 2224 116 44 L.
882 2224 77 44 a.
921 2224 129 44 s.
1011 2224 64 44 à
1037 2224 90 44 son
1088 2224 103 44 fils
1153 2224 77 44 le
1192 2224 155 44 cardinal
1308 2224 77 44 de
1333 2224 52 44 La

401 2245 177 53 Vallette;
538 2245 177 53 Bordeaux,
674 2245 68 53 7
701 2245 109 53 mars
769 2245 123 53 1638,
851 2245 68 53 1
878 2245 82 53 p.
919 2245 95 53 pl.
973 2245 123 53 in-4,
1055 2245 150 53 cachets
1164 2245 82 53 et
1205 2245 136 53 soies.
1287 2245 95 53 Très-

402 2292 100 46 belle
469 2292 67 46 et
502 2292 178 46 intéressante
647 2292 123 46 lettre.
736 2292 67 46 40
759 2292 33 46 »

407 2307 122 67 23669
489 2307 163 67 ESQUIROS
611 2307 163 67 (Alph.),
734 2307 150 67 célèbre
843 2307 190 67 publiciste
992 2307 82 67 et
1033 2307 218 67 représentant
1210 2307 82 67 du
1251 2307 136 67 peuple
1333 2307 54 67 en

406 2348 122 54 1848,
488 2348 136 54 député
583 2348 95 54 des
637 2348 271 54 Bouches-du-Rhône
868 2348 149 54 (1869).
976 2348 122 54 L.
1057 2348 81 54 a.
1098 2348 136 54 s.
1193 2348 68 54 à
1220 2348 81 54 M.
1247 2348 136 54 Monnier,

407 2396 54 55 3
429 2396 64 55 p.
461 2396 75 55 pl.
504 2396 97 55 in-8.
568 2396 54 55 4
579 2396 32 55 »
