1912 2915
856 291 98 54 —
896 291 98 54 5
915 291 59 54 —

349 366 111 41 que
413 366 95 41 le
460 366 111 41 Roi
523 366 111 41 lui
587 366 79 41 a
618 366 158 41 donnés
729 366 174 41 coultre
856 366 95 41 et
903 366 111 41 par
967 366 158 41 dessus
1078 366 95 41 la
1125 366 143 41 somme
1220 366 95 41 de
1268 366 127 41 cent
1331 366 95 41 cin-

451 399 145 39 quante
552 399 101 39 mil
610 399 145 39 francs
711 399 116 39 pour
783 399 145 39 nostre
870 399 159 39 mariage.»

451 430 94 50 23690
513 430 177 50 LACHAMBEAUDIE
658 430 135 50 (Pierre),
762 430 94 50 poëte
825 430 62 50 et
856 430 135 50 fabuliste
960 430 145 50 distingué.
1074 430 94 50 La
1126 430 135 50 Sirène

456 469 148 32 fable
574 469 89 32 pièce
633 469 59 32 de
663 469 79 32 vers
712 469 79 32 aut.
761 469 89 32 sig.;
820 469 79 32 rade
869 469 59 32 de
899 469 98 32 Brest,
968 469 49 32 à
987 469 79 32 bord
1037 469 59 32 du
1056 469 197 32 Duguesclin

452 496 59 50 5
476 496 106 50 févr.
547 496 106 50 1852,
617 496 83 50 1/2
665 496 71 50 p.
700 496 106 50 in-8.
771 496 59 50 3
783 496 35 50 »

455 525 86 55 23691
513 525 125 55 LAMARTINE
609 525 67 55 (A.
647 525 77 55 de),
695 525 106 55 célèbre
772 525 96 55 poëte,
839 525 58 55 de
868 525 106 55 l’Acad.
945 525 67 55 fr.
983 525 86 55 L.
1041 525 58 55 a.
1069 525 106 55 s.
1146 525 96 55 Paris,
1204 525 38 55 18

631 574 91 49 janvier
697 574 74 49 1851,
746 574 41 49 2
763 574 49 49 p.
787 574 58 49 1/2
820 574 74 49 in-8.
870 574 74 49 Jolie
919 574 82 49 pièce.
977 574 41 49 2
985 574 33 49 50

637 595 79 67 23692
690 595 114 67 LAMENNAIS
778 595 62 67 (F.
813 595 53 67 M.
840 595 70 67 de),
884 595 106 67 l’auteur
963 595 62 67 des
998 595 123 67 Paroles
1095 595 70 67 d’un
1139 595 106 67 croyant.
1218 595 53 67 L.
1244 595 53 67 a.
1262 595 79 67 s.

459 644 72 43 10
495 644 95 43 mai,
554 644 83 43 1/2
602 644 72 43 p.
638 644 119 43 in-12.
721 644 60 43 3
733 644 36 43 »

453 669 99 67 23693
519 669 121 67 LAPRADE
607 669 121 67 (Victor
695 669 88 67 de),
750 669 99 67 poëte
816 669 154 67 distingué,
938 669 110 67 membre
1015 669 66 67 de
1048 669 121 67 l’Acad.
1136 669 77 67 fr.
1180 669 99 67 L.
1246 669 66 67 a.
1268 669 88 67 s.

451 719 61 39 à
475 719 73 39 M.
512 719 97 39 Léon
573 719 134 39 Boitel,
670 719 61 39 1
694 719 73 39 p.
731 719 110 39 in-8.
804 719 110 39 Jolie
877 719 134 39 lettre.
974 719 61 39 3
986 719 37 39 »

460 731 128 59 23694
545 731 314 59 LECOINTE-PUYRAVEAU
816 731 100 59 (M.
873 731 157 59 Math.),
987 731 157 59 célèbre
1101 731 257 59 conventionnel,
1315 731 100 59 qui
1358 731 71 59 ac-

449 783 106 48 cusa
515 783 119 48 Marat
594 783 145 48 d’avoir
700 783 158 48 organisé
818 783 92 48 les
871 783 172 48 massacres
1003 783 79 48 de
1043 783 185 48 septembre.
1188 783 119 48 L.
1267 783 132 48 a
1360 783 79 48 s.
1386 783 53 48 au

460 814 178 39 président
597 814 96 39 (de
652 814 82 39 la
693 814 150 39 Société
802 814 96 39 des
856 814 109 39 amis
925 814 82 39 de
966 814 82 39 la
1007 814 219 39 Constitution
1184 814 82 39 de
1225 814 150 39 Niort);
1321 814 109 39 Paris,

466 854 69 46 25
500 854 126 46 février
591 854 103 46 1792,
660 854 57 46 2
683 854 69 46 p.
717 854 126 46 in-fol.
809 854 57 46 5
820 854 46 46 50

488 870 294 57 Très-intéressante
740 870 154 57 lettre,
852 870 84 57 où
894 870 84 57 il
936 870 154 57 réclame
1047 870 168 57 vivement
1173 870 140 57 contre
1271 870 112 57 ceux
1341 870 98 57 qui
1383 870 56 57 le

457 916 220 46 représentent
636 916 124 46 comme
719 916 83 46 un
760 916 317 46 ministériel
1036 916 234 46 «c’est-à-dire
1228 916 124 46 comme
1311 916 83 46 ûn
1339 916 96 46 homme

456 956 149 54 capable
565 956 81 54 de
605 956 135 54 trahir
700 956 95 54 les
755 956 163 54 intérêts
876 956 81 54 du
904 956 135 54 peuple.»

456 970 121 57 23695
536 970 175 57 LEPEINTRE
671 970 121 57 jeune
751 970 121 57 (Emm.
832 970 134 57 Aug.),
926 970 175 57 excellent
1061 970 148 57 comique
1168 970 81 57 du
1209 970 188 57 Vaudeville
1343 970 54 57 et

457 1026 78 41 des
502 1026 145 41 Variétés.
613 1026 101 41 L.
680 1026 67 41 a.
714 1026 112 41 s.
792 1026 56 41 à
814 1026 78 41 son
859 1026 112 41 frère;
937 1026 123 41 (1839),
1027 1026 56 41 3
1049 1026 67 41 p.
1083 1026 78 41 pl.
1127 1026 101 41 in-4.
1194 1026 56 41 2
1205 1026 34 41 »

455 1060 102 47 23696
523 1060 68 47 LE
557 1060 125 47 VERRIER
648 1060 80 47 (N.
693 1060 91 47 J.),
750 1060 125 47 célèbre
841 1060 159 47 astronome,
966 1060 114 47 membre
1046 1060 68 47 de
1080 1060 171 47 l’Institut.
1217 1060 102 47 L.
1273 1060 80 47 a

454 1103 162 45 s.
578 1103 62 45 à
603 1103 75 45 M.
641 1103 112 45 Hind;
715 1103 125 45 Paris,
803 1103 62 45 5
828 1103 100 45 oct.
890 1103 137 45 (1847),
990 1103 62 45 2
1015 1103 75 45 p.
1052 1103 87 45 pl.
1102 1103 112 45 in-8.
1177 1103 125 45 Lettre
1252 1103 187 45 scientifique.

1343 1126 89 47 2
1361 1126 71 47 50

461 1147 109 62 23697
533 1147 133 62 LINGARD
630 1147 133 62 (John),
727 1147 133 62 célèbre
823 1147 157 62 historien
944 1147 72 62 et
980 1147 169 62 publiciste
1113 1147 145 62 anglais.
1222 1147 109 62 L.
1294 1147 72 62 a.
1330 1147 121 62 s.
1403 1147 36 62 à

459 1202 76 35 M.
497 1202 140 35 Howard;
599 1202 76 35 18
637 1202 115 35 févr.
714 1202 115 35 1840,
790 1202 64 35 1
816 1202 76 35 p.
854 1202 89 35 pl.
905 1202 115 35 in-4.
981 1202 216 35 Intéressante.
1159 1202 76 35 10
1185 1202 38 35 »

456 1235 124 47 23698
539 1235 165 47 LOBINHÈS
663 1235 124 47 (L.),
746 1235 138 47 député
842 1235 83 47 de
884 1235 179 47 l’Aveyron
1021 1235 69 47 à
1049 1235 83 47 la
1090 1235 207 47 Convention,
1256 1235 110 47 puis
1325 1235 83 47 au
1352 1235 83 47 Con-

456 1266 97 57 seil
516 1266 85 57 des
565 1266 182 57 Cinq-Cents.
710 1266 109 57 L.
783 1266 73 57 a.
819 1266 121 57 s.
904 1266 73 57 au
940 1266 97 57 cit.
1001 1266 121 57 Dupré;
1086 1266 121 57 Paris,
1171 1266 73 57 26
1207 1266 145 57 prairial
1316 1266 73 57 an
1352 1266 73 57 V,
1376 1266 61 57 3/4

458 1307 59 43 d.
488 1307 59 43 p.
517 1307 89 43 in-4.
577 1307 49 43 4
586 1307 30 43 »

484 1315 197 77 Très-belle
639 1315 155 77 lettre,
752 1315 85 77 où
794 1315 85 77 il
836 1315 155 77 demande
949 1315 99 77 des
1005 1315 155 77 secours
1118 1315 85 77 en
1160 1315 141 77 faveur
1259 1315 85 77 de
1287 1315 155 77 l’hospice

451 1371 84 51 de
493 1371 223 51 Villefranche
674 1371 181 51 d’Aveyron
814 1371 112 51 pour
883 1371 98 51 les
939 1371 153 51 enfants
1037 1371 139 51 trouvés.

459 1417 114 41 23699
535 1417 139 41 LOMÈNIE
636 1417 76 41 DE
674 1417 139 41 BRIENNE
775 1417 101 41 (Ét.
838 1417 88 41 Ch.
889 1417 101 41 de),
952 1417 177 41 archevêque
1091 1417 76 41 de
1129 1417 164 41 Toulouse,
1243 1417 101 41 cardi-

453 1442 118 49 nal,
527 1442 177 49 ministre
660 1442 89 49 de
704 1442 133 49 Louis
793 1442 118 49 XVI,
866 1442 103 49 ami
925 1442 103 49 des
985 1442 236 49 philosophes,
1176 1442 148 49 membre
1280 1442 89 49 de
1309 1442 133 49 l’Acad.

460 1477 90 50 fr.
512 1477 116 50 L.
589 1477 77 50 a.
627 1477 129 50 s.
717 1477 64 50 à
743 1477 77 50 M.
781 1477 167 50 Trudaine;
910 1477 77 50 11
949 1477 116 50 avril
1026 1477 116 50 1776,
1103 1477 64 50 1
1129 1477 77 50 p.
1167 1477 90 50 1/2
1218 1477 116 50 in-4.
1283 1477 154 50 Très

464 1516 83 40 lettre.
525 1516 38 40 6
532 1516 23 40 »

653 1523 90 71 23700
713 1523 90 71 LOUIS
772 1523 90 71 XIII.
832 1523 70 71 roi
872 1523 60 71 de
902 1523 109 71 France.
981 1523 90 71 L.
1041 1523 99 71 s.
1111 1523 50 71 à
1131 1523 70 71 son
1170 1523 99 71 cousin
1240 1523 60 71 le
1270 1523 70 71 duc
1310 1523 60 71 de
1330 1523 109 71 Friedland

465 1583 219 43 Wallenstein);
645 1583 335 43 Saint-Germain-en-Laye,
942 1583 90 43 1er
993 1583 116 43 févr.
1070 1583 116 43 1634,
1148 1583 90 43 1/2
1199 1583 77 43 p.
1225 1583 90 43 in

459 1608 194 56 Très-légères
616 1608 121 56 taches
701 1608 73 56 de
737 1608 157 56 rousseur.
858 1608 73 56 15
883 1608 36 56 »

491 1638 94 58 Pièce
553 1638 157 58 historique.
679 1638 52 58 —
700 1638 94 58 Louis
763 1638 84 58 XIII
816 1638 126 58 remercie
910 1638 63 58 le
941 1638 73 58 duc
983 1638 63 58 de
1015 1638 73 58 ses
1057 1638 105 58 bonnes
1120 1638 52 58 in-

463 1682 169 52 tentions
590 1682 113 52 pour
660 1682 268 52 l’établissement
886 1682 127 52 d’une
970 1682 127 52 bonne
1055 1682 85 52 et
1097 1682 113 52 sûre
1167 1682 113 52 paix
1238 1682 85 52 en
1266 1682 169 52 Allemagne,

466 1724 79 35 et
505 1724 79 35 il
545 1724 145 35 déclare
651 1724 79 35 se
690 1724 145 35 joindre
796 1724 66 35 à
822 1724 92 35 lui
875 1724 106 35 pour
941 1724 158 35 parvenir
1060 1724 66 35 à
1086 1724 119 35 cette
1166 1724 106 35 fin.
1232 1724 92 35 (On
1285 1724 106 35 sait
1351 1724 92 35 que
1390 1724 53 35 le

459 1748 75 44 25
496 1748 137 44 février
596 1748 187 44 Wallenstein
745 1748 87 44 fut
795 1748 174 44 assassiné.
932 1748 62 44 —
957 1748 112 44 Voir,
1032 1748 100 44 pour
1094 1748 112 44 cette
1169 1748 137 44 lettre,
1256 1748 187 44 l'Ama

450 1783 237 46 teur
623 1783 475 46 d’autographes
1033 1783 129 46 nº
1076 1783 151 46 177).

458 1808 106 64 23701
529 1808 106 64 MAGNE
599 1808 106 64 (P.),
670 1808 141 64 ministre
776 1808 82 64 des
823 1808 141 64 finances
928 1808 71 64 et
964 1808 153 64 sénateur.
1081 1808 106 64 L.
1152 1808 71 64 a.
1187 1808 129 64 s.
1281 1808 82 64 1/2
1328 1808 71 64 p.
1352 1808 82 64 in

1367 1851 29 35 1
1373 1851 23 35 25

458 1872 129 64 23702
543 1872 129 64 MARCO
629 1872 243 64 SAINT-HILAIRE
829 1872 171 64 (Émile),
958 1872 200 64 romancier,
1115 1872 129 64 connu
1200 1872 100 64 par
1257 1872 100 64 ses
1300 1872 143 64 publica-

467 1923 105 42 tions
537 1923 81 42 sur
584 1923 139 42 Napoléon
688 1923 93 42 Ier.
746 1923 105 42 L.
816 1923 116 42 a
897 1923 70 42 s.
932 1923 58 42 à
956 1923 128 42 Stephen
1049 1923 70 42 de
1083 1923 70 42 La
1118 1923 163 42 Madelaine;
1246 1923 105 42 1842,
1316 1923 58 42 1
1328 1923 46 42 p.

472 1961 77 48 1/2
516 1961 99 48 in-4.
582 1961 187 48 Intéressante.
736 1961 55 48 1
747 1961 44 48 75

911 1996 58 45 23703
949 1996 84 45 MARMONTÉL
1014 1996 90 45 (Antoine),
1085 1996 71 45 célèbre
1137 1996 78 45 pianiste
1195 1996 39 45 et
1214 1996 90 45 professeur
1285 1996 78 45 éminent.
1344 1996 58 45 L.
1382 1996 39 45 a.
1395 1996 52 45 s

469 2028 63 49 à
495 2028 138 49 Stephen
595 2028 75 49 de
633 2028 75 49 La
670 2028 176 49 Madeleine,
808 2028 63 49 2
833 2028 75 49 p.
871 2028 88 49 1/2
921 2028 126 49 in-12.
1009 2028 113 49 Jolie
1084 2028 126 49 lettre
1172 2028 163 49 musicale.
1298 2028 63 49 2
1310 2028 38 49 »

470 2075 110 48 23704
543 2075 158 48 MEYERBEER
665 2075 110 48 (G.),
738 2075 134 48 célèbre
836 2075 183 48 compositeur
982 2075 73 48 de
1018 2075 146 48 musique.
1128 2075 110 48 L.
1201 2075 73 48 a.
1238 2075 122 48 s.
1323 2075 61 48 à
1335 2075 110 48 Stephen

467 2109 78 51 de
506 2109 78 51 La
545 2109 183 51 Madeleine;
689 2109 170 51 dimanche,
819 2109 65 51 1
845 2109 78 51 p.
884 2109 91 51 pl.
937 2109 117 51 in-8,
1015 2109 170 51 enveloppe
1145 2109 78 51 et
1184 2109 143 51 cachet.
1276 2109 91 51 Jolie

469 2152 81 48 pièce.
526 2152 40 48 3
534 2152 32 48 50

896 2179 59 55 23705
936 2179 79 55 MIRABEAU
995 2179 73 55 (Victor
1048 2179 86 55 RIQUETTI,
1114 2179 73 55 marquis
1167 2179 53 55 de),
1200 2179 73 55 célèbre
1253 2179 99 55 économiste,
1325 2179 40 55 sur-

464 2219 110 46 nommé
537 2219 147 46 l'Ami
647 2219 86 46 des
696 2219 135 46 hommes.
794 2219 73 46 L.
831 2219 73 46 a.
868 2219 122 46 s.
953 2219 73 46 au
990 2219 135 46 duc...;
1088 2219 122 46 Paris,
1174 2219 73 46 29
1210 2219 98 46 nov.
1259 2219 86 46 1770,

472 2260 48 43 2
492 2260 57 43 p.
520 2260 86 43 in-4.
577 2260 57 43 15
596 2260 29 43 »

497 2286 133 48 Lettre
590 2286 93 48 des
643 2286 107 48 plus
710 2286 187 48 curieuses,
857 2286 120 48 toute
937 2286 160 48 relative
1057 2286 67 48 à
1084 2286 93 48 son
1137 2286 107 48 fils
1204 2286 147 48 Gabriel
1311 2286 93 48 (le
1351 2286 93 48 grand

463 2323 184 42 orateur),
605 2323 85 42 et
647 2323 99 42 qui
704 2323 128 42 jette
789 2323 85 42 un
831 2323 113 42 jour
902 2323 156 42 nouveau
1016 2323 99 42 sur
1072 2323 85 42 la
1115 2323 156 42 manière
1228 2323 142 42 d’agir
1328 2323 85 42 du
1356 2323 85 42 mar-

467 2349 108 56 quis
535 2349 68 56 à
562 2349 149 56 l’égard
670 2349 81 56 de
711 2349 95 56 ses
765 2349 162 56 enfants.
887 2349 81 56 Le
928 2349 149 56 marquis
1036 2349 162 56 rappelle
1158 2349 95 56 les
1212 2349 230 56 enfantillages
1388 2349 54 56 de

463 2395 92 43 son
515 2395 118 43 fils,
594 2395 79 43 sa
633 2395 118 43 belle
712 2395 157 43 conduite
830 2395 79 43 en
869 2395 118 43 Corse
948 2395 79 43 et
987 2395 92 43 les
1040 2395 144 43 raisons
1145 2395 105 43 pour
1210 2395 184 43 lesquelles
1354 2395 79 43 il
1380 2395 66 43 re
