1299 2066
590 3 95 69 —
628 3 95 69 5
647 3 57 69 —

33 63 184 87 27316.
161 63 184 87 TROCHU
290 63 129 87 (le
364 63 239 87 général),
548 63 239 87 président
732 63 110 87 du
788 63 295 87 gouvernement
1027 63 110 87 de
1082 63 110 87 la
1119 63 92 87 Dé-

504 126 88 59 fense
563 126 137 59 nationale.
670 126 49 59 —
690 126 59 59 P.
719 126 68 59 s.;
758 126 88 59 1869,
817 126 49 59 1
837 126 59 59 p.
866 126 78 59 in-8
915 126 108 59 oblong.
993 126 49 59 2
1003 126 29 59 »

478 231 262 59 ÉCRIVAINS

491 297 108 67 27317.
567 297 97 67 AMYOT
632 297 152 67 (Jacques),
751 297 97 67 grand
816 297 130 67 aumônier
914 297 65 67 de
946 297 119 67 France,
1033 297 152 67 l’illustre
1141 297 65 67 tra-

623 344 115 48 ducteur
706 344 62 48 de
737 344 146 48 Plutarque.
852 344 52 48 —
872 344 62 48 P.
904 344 73 48 s.,
945 344 73 48 sur
987 344 104 48 vélin;
1049 344 167 48 St-

171 388 76 61 Laye,
221 388 51 61 18
247 388 68 61 fév.
289 388 76 61 1561,
340 388 42 61 1
357 388 51 61 p.
382 388 68 61 in-4
424 388 93 61 oblong.
492 388 51 61 30
509 388 25 61 »

196 420 81 55 Il
236 420 161 55 certifie
357 420 94 55 que
411 420 81 55 Me
451 420 134 55 Pierre
545 420 175 55 Ladvocat,
679 420 148 55 chantre
787 420 81 55 de
827 420 81 55 la
868 420 161 55 chapelle
989 420 81 55 de
1029 420 148 55 musique
1136 420 81 55 de
1163 420 54 55 Sa

172 461 149 48 Majesté
281 461 68 48 a
308 461 122 48 servi
389 461 135 48 durant
484 461 81 48 le
524 461 162 48 quartier
646 461 81 48 de
687 461 162 48 juillet,
809 461 108 48 août
877 461 81 48 et
917 461 190 48 septembre,
1066 461 81 48 au
1107 461 108 48 lieu
1161 461 54 48 de

165 501 80 46 Me
205 501 146 46 Mathieu
311 501 172 46 Morillot,
443 501 119 46 aussi
523 501 146 46 chantre
629 501 80 46 de
669 501 133 46 ladite
748 501 146 46 chapelle.

170 522 147 60 27318.
273 522 147 60 AUBERT
376 522 191 60 (l’abbé),
522 522 205 60 fabuliste.
684 522 73 60 —
713 522 88 60 L.
757 522 88 60 a.
801 522 103 60 s.;
860 522 132 60 1785,
948 522 73 60 3
977 522 88 60 p.
1006 522 103 60 in

169 577 220 53 Intéressante.
350 577 65 53 3
363 577 39 53 »

170 619 139 52 27319.
267 619 153 52 AUBRYET
378 619 181 52 (Xavier).
517 619 69 52 —
545 619 83 52 L.
587 619 83 52 a.
628 619 97 52 s.,
684 619 97 52 1/2
740 619 83 52 p.
781 619 125 52 in-8.
865 619 69 52 1
878 619 56 52 50

174 655 137 51 21320.
270 655 137 51 AUGIER
367 655 165 51 (Emile).
490 655 69 51 —
518 655 82 51 L.
559 655 82 51 a.
600 655 96 51 s.,
655 655 96 51 1/2
710 655 82 51 p.
752 655 124 51 in-8.
834 655 69 51 2
848 655 41 51 »

174 692 134 52 21321.
267 692 160 52 BECCARIA
387 692 174 52 (Cesare),
521 692 160 52 l’auteur
641 692 80 52 du
681 692 174 52 Traité
815 692 94 52 des
869 692 134 52 délits
962 692 80 52 et
1002 692 94 52 des
1042 692 174 52 peines

214 731 74 52 —
244 731 191 52 Apostille
391 731 88 52 de
435 731 74 52 8
464 731 118 52 mots
538 731 118 52 aut.
611 731 132 52 sig.;
700 731 132 52 1772,
788 731 74 52 1
817 731 88 52 p.
861 731 162 52 in-fol.
979 731 74 52 3
994 731 44 52 »

169 768 169 57 27322.
288 768 220 57 BÉRANGER.
457 768 85 57 —
491 768 102 57 L.
542 768 102 57 a.
592 768 102 57 s.
643 768 102 57 (à
694 768 119 57 Mme
762 768 373 57 Cauchois-Lemaire);
1084 768 102 57 25
1117 768 102 57 sep-

167 816 146 56 tembre
270 816 161 56 (1839),
387 816 73 56 4
416 816 88 56 p.
460 816 103 56 pl.
519 816 132 56 in-8.
607 816 88 56 10
636 816 44 56 »

199 840 203 60 Intéressant
362 840 122 60 récit
443 840 81 60 du
484 840 136 60 voyage
579 840 81 60 du
620 840 95 60 duc
674 840 176 60 d’Orléans
809 840 81 60 en
850 840 176 60 Touraine.
986 840 149 60 Curieux
1080 840 136 60 détails.

173 891 159 53 21323.
284 891 206 53 BÉRANGER.
443 891 95 53 L.
490 891 143 53 aut.,
586 891 127 53 sig.
665 891 111 53 B.,
728 891 79 53 à
760 891 95 53 la
808 891 143 53 même,
903 891 79 53 2
934 891 95 53 p.
982 891 159 53 in-18.
1077 891 143 53 Curieux

174 941 105 50 billet.
251 941 48 50 2
260 941 29 50 »

177 979 126 47 27324.
266 979 164 47 BÉRANGER.
392 979 76 47 L.
429 979 76 47 a.
467 979 88 47 s.,
517 979 63 47 1
543 979 76 47 p.
580 979 113 47 in-8.
656 979 63 47 3
669 979 50 47 50

173 1023 134 41 27325.
266 1023 161 41 BERCHOUX
387 1023 147 41 (Jos.),
494 1023 161 41 l’auteur
615 1023 80 41 de
655 1023 121 41 la
736 1023 268 41 Gastronomie
964 1023 67 41 —
991 1023 80 41 L.
1031 1023 80 41 a.
1071 1023 80 41 s.
1098 1023 40 41 à

173 1062 88 50 M.
217 1062 177 50 Boucher;
350 1062 191 50 Marcigny,
497 1062 88 50 22
542 1062 118 50 déc.
615 1062 133 50 1821,
704 1062 74 50 2
733 1062 88 50 p.
777 1062 133 50 in-4.
866 1062 236 50 Rare
1057 1062 74 50 8
1072 1062 44 50 »

460 1102 78 49 27326.
515 1102 86 49 BERTHET
577 1102 86 49 (Elie).
640 1102 39 49 —
655 1102 47 49 L.
678 1102 47 49 a.
702 1102 55 49 s.,
733 1102 39 49 1
749 1102 47 49 p.
772 1102 70 49 in-8.
819 1102 39 49 2
827 1102 23 49 »

176 1130 143 58 21327.
276 1130 158 58 BOURBON
390 1130 100 58 (le
448 1130 86 58 P.
491 1130 172 58 Archange
620 1130 115 58 de),
691 1130 215 58 prédicateur
863 1130 86 58 et
906 1130 215 58 bel-esprit,
1063 1130 72 58 ami

168 1174 105 53 de
220 1174 140 53 Mlle
307 1174 105 53 de
359 1174 209 53 Scudéry.
516 1174 87 53 —
551 1174 105 53 L.
604 1174 105 53 a.
656 1174 105 53 s.
708 1174 87 53 à
743 1174 140 53 Mlle
830 1174 105 53 de
883 1174 209 53 Scudéry;
1040 1174 105 53 12
1074 1174 140 53 juill.

171 1220 118 57 1681,
249 1220 65 57 8
276 1220 79 57 p.
315 1220 118 57 in-4.
394 1220 79 57 25
420 1220 39 57 »

205 1262 171 42 Charmante
337 1262 145 42 épître,
442 1262 79 42 où
482 1262 79 42 il
521 1262 158 42 s’excuse
640 1262 145 42 d’avoir
745 1262 79 42 pu
785 1262 132 42 douter
877 1262 79 42 un
917 1262 145 42 instant
1022 1262 79 42 de
1062 1262 79 42 la
1101 1262 119 42 vertu
1167 1262 53 42 et

172 1298 80 41 de
212 1298 80 41 la
251 1298 159 41 vocation
371 1298 80 41 du
411 1298 146 41 capucin
517 1298 106 41 Marc
583 1298 159 41 Daviano.
703 1298 80 41 Il
743 1298 93 41 est
796 1298 120 41 vrai,
876 1298 120 41 comme
955 1298 106 41 elle
1022 1298 80 41 le
1062 1298 106 41 dit,
1128 1298 93 41 que
1168 1298 53 41 le

174 1324 132 50 peuple
266 1324 79 50 ne
306 1324 132 50 décide
398 1324 106 50 rien
465 1324 66 50 à
491 1324 132 50 Paris;
584 1324 79 50 il
623 1324 93 50 est
676 1324 106 50 même
742 1324 119 50 juste
821 1324 119 50 qu’il
901 1324 79 50 ne
940 1324 79 50 le
980 1324 119 50 fasse
1059 1324 119 50 nulle
1125 1324 93 50 part.

168 1362 138 38 «Mais,
265 1362 235 38 mademoiselle,
459 1362 83 38 ce
500 1362 138 38 public
597 1362 69 38 a
624 1362 97 38 son
680 1362 166 38 tribunal
804 1362 124 38 aussy
887 1362 111 38 bien
956 1362 97 38 que
1012 1362 97 38 les
1067 1362 111 38 gens
1122 1362 97 38 d’es-

172 1382 150 58 prit...
281 1382 82 58 Un
322 1382 136 58 peuple
418 1382 95 58 qui
472 1382 123 58 court
554 1382 82 58 et
595 1382 95 58 qui
649 1382 123 58 crie,
731 1382 109 58 quoy
799 1382 123 58 qu’il
881 1382 82 58 ne
921 1382 123 58 sache
1003 1382 82 58 où
1044 1382 82 58 il
1085 1382 95 58 vat
1139 1382 82 58 ni
1167 1382 54 58 ce

167 1419 123 50 qu’il
249 1419 109 50 dit,
318 1419 68 50 a
345 1419 109 50 fait
413 1419 82 50 ou
454 1419 68 50 a
481 1419 164 50 destruit
604 1419 96 50 des
659 1419 137 50 choses
755 1419 96 50 que
809 1419 96 50 les
864 1419 123 50 cours
946 1419 96 50 les
1000 1419 109 50 plus
1055 1419 164 50 esclairées

166 1457 122 35 n’ont
248 1457 95 35 pas
302 1457 81 35 su
343 1457 163 35 desfaire
464 1457 81 35 ni
505 1457 176 35 soutenir.
641 1457 81 35 Je
681 1457 81 35 ne
722 1457 108 35 sçay
790 1457 95 35 si,
844 1457 149 35 surtout
952 1457 81 35 en
993 1457 149 35 matière
1101 1457 81 35 de
1128 1457 95 35 sain-

176 1481 119 47 teté,
255 1481 79 47 on
295 1481 106 47 s’en
361 1481 146 47 fieroit
467 1481 106 47 fort
533 1481 66 47 à
559 1481 79 47 la
599 1481 119 47 cour,
679 1481 106 47 qui,
745 1481 132 47 malgré
837 1481 119 47 touts
917 1481 93 47 les
970 1481 119 47 soins
1049 1481 79 47 et
1075 1481 146 47 peut

180 1513 112 45 touts
254 1513 87 45 les
304 1513 174 45 artifices,
441 1513 100 45 aura
503 1513 112 45 peine
578 1513 62 45 à
603 1513 75 45 se
640 1513 124 45 mettre
727 1513 75 45 en
765 1513 174 45 réputation
901 1513 75 45 de
939 1513 75 45 la
976 1513 100 45 bien
1026 1513 199 45 connoistre...»

896 1545 52 61 27328.
932 1545 52 61 BUFFON
968 1545 52 61 (J.-L.
1004 1545 62 61 LECLERC,
1051 1545 46 61 comte
1082 1545 41 61 de).
1107 1545 26 61 —
1118 1545 31 61 L.
1133 1545 31 61 a.
1149 1545 31 61 s.
1164 1545 26 61 à
1169 1545 52 61 l’archi-

177 1586 164 68 tecte
286 1586 219 68 Doussin;
450 1586 237 68 Montbard,
633 1586 109 68 27
687 1586 182 68 juill.
815 1586 164 68 1751,
924 1586 91 68 2
961 1586 109 68 p.
1015 1586 164 68 in-4.
1125 1586 109 68 50
1161 1586 55 68 »

209 1623 156 56 Relative
326 1623 65 56 à
352 1623 91 56 une
404 1623 156 56 critique
521 1623 104 56 fort
586 1623 104 56 vive
651 1623 91 56 des
703 1623 156 56 premiers
819 1623 143 56 volumes
923 1623 78 56 de
962 1623 91 56 son
1001 1623 221 56 Histoire

174 1665 259 47 naturelle
396 1665 111 47 Cette
470 1665 160 47 critique,
593 1665 111 47 qu’il
667 1665 148 47 attribue
779 1665 62 47 à
803 1665 74 47 un
840 1665 111 47 moine
914 1665 74 47 de
951 1665 185 47 l’Oratoire,
1100 1665 99 47 aidé
1149 1665 74 47 d’un

177 1696 139 53 pédant
275 1696 84 53 de
317 1696 209 53 l’Académie,
484 1696 84 53 il
526 1696 98 53 est
581 1696 112 53 dans
651 1696 209 53 l’intention
819 1696 84 53 de
860 1696 98 53 n’y
916 1696 126 53 point
1000 1696 181 53 répondre,
1125 1696 98 53 parce

175 1726 141 56 qu’elle
278 1726 77 56 ne
316 1726 90 56 l’a
367 1726 115 56 point
444 1726 153 56 affecté,
559 1726 77 56 et
597 1726 90 56 que
648 1726 179 56 d’ailleurs
789 1726 77 56 il
828 1726 64 56 a
853 1726 153 56 beaucoup
968 1726 102 56 plus
1019 1726 205 56 d’indifférence

172 1777 128 36 qu’on
257 1777 85 36 ne
299 1777 156 36 suppose
413 1777 113 36 pour
484 1777 85 36 le
526 1777 142 36 succes
625 1777 85 36 de
668 1777 99 36 ses
710 1777 156 36 opinions.

40 1790 116 45 O

182 1801 77 60 27329.
236 1801 84 60 CHASLES
297 1801 123 60 (Philarète).
397 1801 38 60 —
413 1801 46 60 L.
436 1801 46 60 a.
459 1801 54 60 s.,
489 1801 38 60 1
505 1801 46 60 p.
528 1801 69 60 in-8.
574 1801 38 60 1
581 1801 31 60 50

544 1829 116 53 27330.
625 1829 208 53 CHATEAUBRIAND.
799 1829 58 53 —
822 1829 69 53 L.
856 1829 69 53 a.
891 1829 69 53 s.
926 1829 58 53 à
949 1829 81 53 Mme
995 1829 69 53 de
1030 1829 139 53 Cottens;
1122 1829 104 53 Genève,

180 1877 82 64 12
221 1877 110 64 oct.
290 1877 123 64 1831,
372 1877 68 64 2
399 1877 82 64 p.
440 1877 123 64 in-4.
523 1877 82 64 10
550 1877 41 64 »

205 1916 175 52 Curieuse.
339 1916 81 52 Il
379 1916 107 52 part
446 1916 107 52 pour
513 1916 134 52 Paris.
607 1916 94 52 «La
661 1916 134 52 fatale
755 1916 94 52 loi
809 1916 94 52 (de
862 1916 215 52 bannissement
1037 1916 94 52 des
1077 1916 148 52 Bourbons)

183 1959 84 40 va
225 1959 112 40 être
295 1959 182 40 discutée.
435 1959 84 40 Je
476 1959 112 40 n’ai
546 1959 126 40 point
630 1959 84 40 un
672 1959 140 40 moment
770 1959 70 40 à
798 1959 154 40 perdre.
910 1959 182 40 Croyez-en
1049 1959 98 40 mon
1091 1959 140 40 pressen-

169 1984 148 47 timent.
276 1984 81 47 Je
317 1984 202 47 reviendrai.
478 1984 81 47 Il
519 1984 94 47 n’y
573 1984 67 47 a
600 1984 121 47 point
680 1984 148 47 d’adieu
788 1984 108 47 dans
855 1984 121 47 cette
923 1984 94 47 vie.»
