1087 2213
514 -2 49 76 —
534 -2 49 76 2
544 -2 29 76 —

99 48 121 71 8028.
180 48 149 71 BOULLEE
288 48 95 71 (E.
342 48 149 71 Louis),
450 48 149 71 célèbre
558 48 189 71 architecte
706 48 81 71 du
747 48 108 71 roi,
814 48 135 71 membre
909 48 81 71 de
936 48 122 71 l’Acad.

102 106 114 42 L.
178 106 76 42 a.
216 106 126 42 s.
304 106 290 42 Fleury-sous-Meudon,
557 106 76 42 an
595 106 88 42 VI,
645 106 63 42 3
671 106 76 42 p.
708 106 88 42 pl.
759 106 114 42 in-4.
835 106 114 42 Belle
910 106 126 42 lettre
986 106 76 42 dans

108 143 156 45 laquelle
225 143 78 45 il
264 143 143 45 démande
369 143 65 45 à
395 143 117 45 faire
473 143 78 45 un
512 143 117 45 cours
590 143 248 45 d’architecture.
799 143 65 45 2
812 143 52 45 50

100 181 114 38 8029.
176 181 139 38 BOURRIT
278 181 254 38 (Marc-Théodore),
493 181 152 38 voyageur
608 181 76 38 et
646 181 203 38 naturaliste.
810 181 114 38 L.
886 181 76 38 a.
925 181 127 38 s.
1001 181 63 38 Ge-

101 213 106 54 nève,
172 213 106 54 1777,
242 213 59 54 1
266 213 71 54 p.
301 213 82 54 pl.
348 213 106 54 in-4.
419 213 59 54 2
431 213 35 54 »

98 256 111 48 8030.
172 256 136 48 CABANIS
271 256 87 48 (P.
320 256 136 48 J.-G.),
419 256 149 48 médecin,
531 256 186 48 philosophe.
679 256 111 48 L.
754 256 74 48 a.
791 256 124 48 s.
877 256 149 48 Auteuil,
989 256 74 48 an
1013 256 50 48 X,

105 292 52 42 1
125 292 63 42 p.
157 292 73 42 pl.
198 292 94 42 in-8.
261 292 52 42 2
271 292 42 42 75

99 330 131 41 8031.
187 330 203 41 CAFFARELLI
346 330 87 41 DU
390 330 131 41 FALGA
477 330 247 41 (Maximilien),
680 330 160 41 célèbre
796 330 160 41 général
912 330 87 41 du
941 330 116 41 génie,

103 368 93 50 tué
156 368 67 50 à
183 368 293 50 Saint-Jean-d’Acre.
435 368 120 50 L.
515 368 80 50 a.
555 368 133 50 s.
648 368 80 50 au
688 368 146 50 général
795 368 146 50 Kléber.
888 368 173 50 Luxembourg,

95 403 65 43 5
121 403 170 43 germinal,
252 403 65 43 4
278 403 78 43 p.
317 403 118 43 in-4.
395 403 183 43 Très-belle
539 403 131 43 lettre
631 403 118 43 toute
709 403 183 43 militaire.
853 403 65 43 5
866 403 39 43 »

105 432 122 61 8032.
187 432 149 61 ANCLAUX
295 432 163 61 (J.-B.),
417 432 149 61 général
526 432 81 61 en
567 432 109 61 chef
634 432 81 61 de
675 432 149 61 l’armée
784 432 95 61 des
838 432 122 61 côtes
919 432 81 61 de
946 432 109 61 Brest.

98 474 126 40 L.
182 474 84 40 a.
224 474 140 40 s.
322 474 98 40 aux
378 474 266 40 administrateurs
602 474 84 40 du
644 474 210 40 département
812 474 84 40 de
854 474 84 40 la
882 474 182 40 Loire-

105 507 150 40 rieure,
215 507 82 40 de
256 507 123 40 Nort,
338 507 82 40 le
379 507 68 40 6
406 507 150 40 juillet
516 507 123 40 1793,
598 507 68 40 4
625 507 82 40 p.
666 507 96 40 pl.
721 507 150 40 in-fol.
830 507 109 40 Sup.
899 507 150 40 lettre.
1008 507 68 40 5
1022 507 41 40 »

134 534 245 53 Justification
335 534 86 53 de
378 534 86 53 la
421 534 173 53 conduite
551 534 130 53 qu’il
637 534 72 53 a
666 534 130 53 tenue
752 534 115 53 pour
824 534 187 53 préserver
954 534 115 53 Nantes

105 579 87 39 et
149 579 117 39 tout
222 579 87 39 le
266 579 219 39 département
441 579 87 39 de
484 579 87 39 la
528 579 306 39 Loire-Inférieure,
790 579 102 39 des
848 579 204 39 tentatives
994 579 73 39 des

99 613 170 48 ennemis;
227 613 170 48 plaintes
354 613 99 48 sur
411 613 85 48 le
454 613 99 48 peu
510 613 85 48 de
553 613 128 48 bonne
638 613 156 48 volonté
752 613 128 48 qu’il
837 613 71 48 a
865 613 156 48 trouvée
979 613 85 48 de
1007 613 57 48 la

104 643 116 51 part
177 643 102 51 des
235 643 291 51 administrateurs,
482 643 116 51 dans
555 643 305 51 l’accomplissement
817 643 87 51 de
860 643 131 51 cette
933 643 131 51 pénible

98 680 147 49 tâche.
201 680 235 49 Dispositions
392 680 206 49 militaires
554 680 132 49 qu’il
642 680 132 49 vient
730 680 191 49 d’adopter
877 680 88 49 et
906 680 162 49 protesta-

105 722 132 40 tions
193 722 88 40 de
238 722 206 40 dévouement
399 722 73 40 à
429 722 88 40 la
458 722 191 40 république.

99 743 111 57 8033.
173 743 124 57 CANUEL
259 743 148 57 (Simon),
371 743 136 57 général
470 743 74 57 de
507 743 161 57 division.
630 743 111 57 L.
704 743 74 57 a.
742 743 124 57 s
828 743 74 57 au
865 743 148 57 maréchal
964 743 99 57 Brune.

106 788 181 44 Mézières,
245 788 84 44 an
287 788 111 44 XIV,
357 788 70 44 1
385 788 84 44 p.
426 788 97 44 1/2
482 788 153 44 in-fol.
594 788 84 44 Il
635 788 153 44 aunonce
747 788 125 44 qu’il
830 788 97 44 est
886 788 153 44 chargé,
983 788 84 44 dans

100 820 90 48 le
145 820 105 48 cas
205 820 120 48 d’un
281 820 241 48 débarquement
476 820 105 48 des
536 820 166 48 Anglais
657 820 105 48 sur
717 820 105 48 les
777 820 135 48 côtes
867 820 90 48 de
897 820 166 48 Boulogne,

101 862 86 46 de
144 862 158 46 diriger
258 862 100 46 sur
316 862 187 46 Montreuil
459 862 143 46 toutes
560 862 100 46 les
617 862 143 46 forces
718 862 129 46 qu’il
804 862 72 46 a
832 862 86 46 de
861 862 201 46 disponibles.

958 895 112 45 2
980 895 90 45 50

95 938 117 44 8034.
173 938 130 44 CARREL
264 938 168 44 (Armand),
393 938 143 44 célèbre
497 938 194 44 publiciste.
652 938 117 44 L.
730 938 78 44 a.
769 938 130 44 s.
860 938 65 44 à
886 938 78 44 M.
924 938 78 44 J.
950 938 117 44 Séguin.

105 974 47 44 1
123 974 56 44 p.
152 974 85 44 in-8.
208 974 47 44 3
217 974 38 44 50

101 1010 124 41 8035.
184 1010 152 41 CARRIER
295 1010 166 41 (J.-B.),
419 1010 138 41 député
516 1010 69 41 à
544 1010 83 41 la
585 1010 207 41 Convention,
751 1010 83 41 dé
792 1010 138 41 capité
889 1010 83 41 en
931 1010 111 41 l’an
986 1010 83 41 III.

102 1038 223 46 Réquisition
280 1038 163 46 signée,
399 1038 163 46 Nantes,
518 1038 89 46 29
562 1038 178 46 brumaire
696 1038 89 46 an
740 1038 104 46 II,
800 1038 104 46 3/4
859 1038 89 46 de
904 1038 89 46 p.
933 1038 134 46 in

113 1075 138 45 Cachet,
214 1075 101 45 tête
277 1075 113 45 impr.
352 1075 75 45 et
390 1075 163 45 vignette.
516 1075 63 45 6
528 1075 38 45 »

100 1107 128 53 8036.
185 1107 199 53 CARTELLIER
342 1107 185 53 (Pierre),
484 1107 157 53 célèbre
598 1107 199 53 sculpteur,
755 1107 142 53 membre
854 1107 85 53 de
883 1107 185 53 l’Institut.

108 1146 162 45 Attestation
238 1146 97 45 a.
303 1146 108 45 s.
378 1146 108 45 Paris,
454 1146 97 45 1811,
519 1146 76 45 3/4
562 1146 65 45 de
595 1146 65 45 p.
627 1146 97 45 in-4.
703 1146 54 45 2
714 1146 32 45 »

110 1180 127 52 8037.
194 1180 225 52 CAULAINCOURT
377 1180 141 52 (A.-L.
475 1180 112 52 de),
546 1180 98 52 duc
602 1180 84 52 de
644 1180 169 52 Vicence,
771 1180 127 52 grand
855 1180 155 52 écuyer,
954 1180 112 52 minis-

116 1214 90 47 re,
167 1214 103 47 etc.
232 1214 115 47 L.
309 1214 77 47 a.
347 1214 128 47 s.
437 1214 64 47 à
462 1214 77 47 M.
501 1214 77 47 de
539 1214 141 47 Lameth,
642 1214 103 47 Aix,
706 1214 77 47 an
744 1214 103 47 XII,
809 1214 64 47 1
834 1214 77 47 p.
873 1214 90 47 pl.
924 1214 115 47 in-8.
1001 1214 64 47 2
1014 1214 51 47 50

111 1257 116 44 8038.
189 1257 207 44 CAULAINCOURT
357 1257 181 44 (Auguste),
499 1257 155 44 général,
615 1257 91 44 tué
667 1257 65 44 à
693 1257 78 44 la
732 1257 155 44 Moskowa.
848 1257 116 44 L.
926 1257 78 44 a.
952 1257 116 44 s.

106 1290 78 45 au
145 1290 170 45 ministre,
276 1290 131 45 Paris,
367 1290 78 45 an
406 1290 91 45 XI,
459 1290 65 45 1
485 1290 78 45 p.
524 1290 91 45 pl.
576 1290 118 45 in-4.
655 1290 65 45 2
668 1290 39 45 »

109 1317 124 52 8039.
192 1317 152 52 CHALIER
303 1317 180 52 (Joseph),
441 1317 152 52 célèbre
552 1317 263 52 révolutionnaire
773 1317 83 52 de
814 1317 124 52 Lyon,
897 1317 166 52 décapité
1008 1317 69 52 en-

118 1367 94 37 1793.
180 1367 83 37 L.
232 1367 94 37 s
294 1367 94 37 Lyon,
357 1367 94 37 1791,
419 1367 52 37 1
440 1367 62 37 p.
471 1367 114 37 in-fol.
554 1367 52 37 2
564 1367 42 37 50

114 1383 109 57 8040.
186 1383 145 57 CHAMFORT
295 1383 181 57 (S.-R.-N.),
440 1383 109 57 poëte
512 1383 72 57 et
548 1383 193 57 littérateur,
705 1383 72 57 de
741 1383 133 57 l’Acad.
838 1383 121 57 franç.
910 1383 157 57 Man

114 1423 204 48 aut
278 1423 190 48 Indication
427 1423 82 48 de
468 1423 204 48 changements
631 1423 68 48 à
658 1423 122 48 faire
740 1423 68 48 à
767 1423 95 48 une
821 1423 122 48 pièce
903 1423 82 48 de
930 1423 136 48 théâtre.

117 1467 47 40 8
135 1467 56 40 p.
163 1467 84 40 in-4.
220 1467 47 40 4
229 1467 28 40 »

112 1467 110 71 8041.
185 1467 134 71 CHARLES
283 1467 73 71 X,
319 1467 85 71 roi
368 1467 73 71 de
404 1467 134 71 France.
502 1467 110 71 Pièce
575 1467 122 71 signée
661 1467 73 71 et
697 1467 195 71 contresignée
843 1467 220 71 Polignae

109 1520 134 56 Paris,
202 1520 80 56 15
243 1520 94 56 mai
296 1520 121 56 1830,
376 1520 67 56 1
403 1520 80 56 p.
443 1520 94 56 1/2
497 1520 147 56 in-fol.
604 1520 188 56 Nomination
752 1520 80 56 du
792 1520 121 56 comte
872 1520 121 56 de
939 1520 134 56 Sèze

115 1572 72 39 à
143 1572 86 39 la
186 1572 129 39 place
272 1572 86 39 de
315 1572 129 39 grand
401 1572 186 39 trésorier
544 1572 100 39 des
602 1572 143 39 ordres
702 1572 86 39 du
745 1572 115 39 roi.
816 1572 129 39 Belle
902 1572 143 39 pièce.
1002 1572 72 39 5
1017 1572 57 39 50

111 1592 126 60 8042.
195 1592 182 60 CHARRETTE
335 1592 98 60 (Le
392 1592 126 60 baron
476 1592 112 60 de),
546 1592 112 60 pair
616 1592 84 60 de
658 1592 154 60 France,
770 1592 126 60 neveu
855 1592 84 60 du
897 1592 154 60 célèbre
995 1592 70 60 gé-

111 1629 133 53 néral.
204 1629 120 53 L.
284 1629 80 53 a.
324 1629 133 53 s.
417 1629 67 53 à
443 1629 80 53 M.
483 1629 80 53 de
523 1629 173 53 Carrière.
656 1629 173 53 Lausanne,
789 1629 120 53 1839,
869 1629 67 53 3
896 1629 80 53 p.
936 1629 93 53 pl.
976 1629 93 53 in

113 1663 131 54 Belle
201 1663 145 54 lettre
302 1663 174 54 relative
433 1663 73 54 à
462 1663 87 54 la
505 1663 174 54 détresse
636 1663 116 54 dans
708 1663 174 54 laquelle
839 1663 87 54 se
882 1663 174 54 trouvent
998 1663 73 54 les

112 1710 144 45 Vendéens
220 1710 168 45 proscrits.
352 1710 60 45 2
364 1710 48 45 50

103 1733 133 56 8043.
192 1733 193 56 CHAUMETTE
340 1733 208 56 (Gaspard),
504 1733 193 56 procureur
652 1733 89 56 de
696 1733 89 56 la
741 1733 163 56 commune
859 1733 89 56 de
904 1733 148 56 Paris,
993 1733 74 56 dé-

115 1769 127 52 capité
204 1769 102 52 avec
268 1769 140 52 Hébert.
370 1769 115 52 L.
446 1769 127 52 s.
535 1769 127 52 Paris,
624 1769 115 52 1793,
701 1769 64 52 1
726 1769 76 52 p.
764 1769 89 52 1/4
815 1769 115 52 in-4,
892 1769 102 52 tête
955 1769 102 52 imp.
1019 1769 64 52 2
1032 1769 38 52 »

116 1809 106 51 8044.
187 1809 141 51 CLOTILDE
292 1809 129 51 (Mlle),
386 1809 129 51 célèbre
480 1809 141 51 danseuse
585 1809 70 51 de
620 1809 141 51 l’Opéra.
726 1809 106 51 L.
796 1809 70 51 a.
832 1809 117 51 s.
914 1809 117 51 Paris,
984 1809 82 51 1818.

114 1841 74 52 1
144 1841 89 52 p.
188 1841 104 52 pl.
247 1841 133 52 in-4.
336 1841 163 52 Demande
454 1841 133 52 d’une
543 1841 266 52 représentation
765 1841 74 52 à
795 1841 178 52 bénéfice
928 1841 133 52 avant
1002 1841 59 52 sa

116 1873 147 54 retraite,
229 1873 102 54 fixée
297 1873 68 54 au
331 1873 79 54 1er
376 1873 113 54 avril.
455 1873 57 54 3
467 1873 45 54 50

110 1888 121 68 8045.
190 1888 134 68 COMBES
284 1888 81 68 ET
324 1888 174 68 TAMISIER,
459 1888 161 68 célèbres
579 1888 188 68 voyageurs,
727 1888 174 68 fragments
861 1888 81 68 de
888 1888 94 68 leurs

119 1936 159 53 voyages,
238 1936 132 53 écrits
330 1936 79 53 et
370 1936 132 53 signés
463 1936 93 53 par
516 1936 132 53 chacun
608 1936 132 53 d’eux.
701 1936 66 53 1
727 1936 79 53 p.
767 1936 119 53 in-4.
846 1936 66 53 2
859 1936 40 53 »

117 1957 110 66 8046.
190 1957 110 66 CONDÉ
263 1957 122 66 (Louis
349 1957 73 66 de
385 1957 146 66 Bourbon,
495 1957 122 66 prince
581 1957 98 66 de),
642 1957 85 66 dit
691 1957 110 66 le
764 1957 171 66 Grand
898 1957 110 66 Pièce
959 1957 110 66 signée,

120 2005 110 52 1672.
193 2005 86 52 1/2
242 2005 73 52 p.
279 2005 110 52 in-4.
352 2005 122 52 Cachet
438 2005 98 52 bien
499 2005 159 52 conserve.
621 2005 61 52 2
633 2005 49 52 50

112 2023 132 69 8047.
200 2023 206 69 CONVENTION
362 2023 191 69 NATIONALE
509 2023 176 69 (membres
641 2023 88 69 de
685 2023 118 69 la).
759 2023 206 69 Certificat
920 2023 88 69 en
950 2023 118 69 faveur

123 2066 105 64 d’un
189 2066 118 64 nommé
268 2066 145 64 Lefort.
373 2066 118 64 Signé
452 2066 197 64 François
610 2066 145 64 Chabot,
715 2066 171 64 Camboulas
846 2066 118 64 fils,
912 2066 158 64 Benta

117 2100 153 65 bole,
232 2100 76 65 M.
270 2100 191 65 Lepeletier,
422 2100 153 65 Albitte,
537 2100 127 65 Merlin
626 2100 76 65 de
664 2100 102 65 Th.,
728 2100 140 65 Tallien
829 2100 76 65 et
868 2100 114 65 Louis
931 2100 140 65 Mari

101 2148 110 57 bon
178 2148 177 57 Montaut
322 2148 55 57 1
344 2148 66 57 p.
377 2148 99 57 in-4.
443 2148 99 57 Belle
509 2148 110 57 pièce.
587 2148 55 57 5
598 2148 44 57 50
