1292 2023
534 22 98 47 —
574 22 98 47 3
593 22 59 47 —

171 47 227 95 l’enseignement
361 47 76 95 de
398 47 76 95 la
436 47 151 95 médecine
550 47 139 95 interne
651 47 63 95 à
676 47 114 95 cette
752 47 151 95 faculté,
865 47 76 95 je
903 47 101 95 dois
966 47 177 95 m’attendre
1105 47 63 95 à
1117 47 76 95 être

173 110 147 60 repoussé
283 110 86 60 par
332 110 86 60 ses
381 110 159 60 collègues
504 110 74 60 ».
541 110 74 60 Il
578 110 123 60 expose
663 110 86 60 ses
712 110 123 60 titres
798 110 74 60 et
835 110 159 60 sollicite
958 110 74 60 un
995 110 172 60 entretien.
1117 110 37 60 —

174 138 131 67 Cuvier
266 138 65 67 a
292 138 157 67 indiqué,
410 138 105 67 dans
475 138 92 67 une
527 138 105 67 note
593 138 196 67 autographe,
750 138 118 67 qu’il
828 138 170 67 recevrait
959 138 183 67 volontiers
1090 138 105 67 Brous

159 199 85 47 sais.

152 180 161 101 29349.
264 180 161 101 CARREL
377 180 209 101 (Armand),
538 180 177 101 célèbre
666 180 241 101 publiciste,
859 180 113 101 tué
924 180 96 101 en
972 180 129 101 duel
1052 180 96 101 en
1084 180 113 101 1836.

177 256 105 66 L.
229 256 105 66 a.
281 256 105 66 s.
334 256 105 66 (à
386 256 384 66 Cauchois-Lemaire);
718 256 175 66 Paris,
840 256 105 66 15
892 256 157 66 sept.
997 256 157 66 1830,
1102 256 87 66 3
1119 256 70 66 p.

187 314 69 65 pl.
226 314 88 65 in-4.
285 314 59 65 25
305 314 39 65 »»

211 305 113 91 Lettre
290 305 79 91 des
335 305 91 91 plus
392 305 147 91 curieuses
505 305 136 91 relative
607 305 57 91 à
630 305 79 91 une
675 305 170 91 insinuation
812 305 68 91 du
846 305 295 91 Constitutionnel
1095 305 102 91 tendant

177 363 62 66 à
201 363 111 66 faire
275 363 123 66 croire
362 363 86 66 que
411 363 111 66 le
485 363 197 66 National
646 363 86 66 est
695 363 111 66 vendu
769 363 74 66 au
806 363 210 66 gouvernement.
967 363 234 66 Très

166 424 130 45 détails.

152 427 154 92 29350.
260 427 231 92 CHAMPIONNET
445 427 201 92 (J.-Et.),
599 427 185 92 illustre
738 427 170 92 général
861 427 247 92 républicain,
1062 427 108 92 qui
1108 427 93 92 con-

655 473 76 70 quit
703 473 105 70 Naples,
780 473 57 70 né
808 473 48 70 à
827 473 115 70 Valence.
913 473 48 70 —
933 473 57 70 L.
961 473 57 70 a.
990 473 57 70 s.
1018 473 48 70 à
1038 473 105 70 KLÉBER;
1104 473 96 70 Hocheim,

184 515 91 70 6
220 515 272 70 vendémiaire
438 515 109 70 an
493 515 127 70 IV,
565 515 91 70 2
602 515 109 70 p.
656 515 127 70 1/2
729 515 163 70 in-4,
838 515 163 70 vign.
947 515 109 70 et
1001 515 145 70 tête
1074 515 127 70 impr.

187 579 206 57 Déchirure
345 579 111 57 par
409 579 95 57 la
456 579 174 57 rupture
583 579 95 57 du
630 579 174 57 cachet.
757 579 95 57 12
789 579 63 57 »»

218 603 203 65 Intéressante
383 603 127 65 lettre
472 603 127 65 pleine
561 603 76 65 de
599 603 140 65 détails
701 603 89 65 sur
752 603 89 65 les
802 603 178 65 mouvements
942 603 76 65 de
967 603 140 65 l’ennemi.

163 655 82 59 29351.
220 655 90 59 CHARLES
286 655 57 59 II,
319 655 57 59 roi
351 655 139 59 d’Angleterre.
466 655 41 59 —
483 655 49 59 L.
507 655 49 59 s.
532 655 49 59 en
557 655 74 59 tête,
598 655 98 59 contresig.

186 682 113 92 par
250 682 274 92 Pepys;
476 682 194 92 Windsor,
621 682 97 92 17
670 682 129 92 août
750 682 145 92 1674,
847 682 113 92 1/2
912 682 97 92 p.
960 682 194 92 in-fol..
1105 682 97 92 15
1137 682 65 92 »»

10 730 188 87 29352.
142 730 226 87 CHOUPPES
312 730 226 87 (Aimard,
481 730 207 87 marquis
632 730 151 87 de),
726 730 414 87 lieutenant-général
1065 730 132 87 d’ar.

196 781 226 66 tillerie,
369 781 122 66 qui
439 781 174 66 servit
561 781 139 66 sous
648 781 156 66 Condé
752 781 191 66 pendant
891 781 104 66 la
943 781 191 66 Fronde,
1065 781 139 66 auteur

195 812 99 92 de
244 812 329 92 Mémoires
523 812 82 92 —
556 812 99 92 P.
606 812 115 92 s.;
671 812 99 92 13
721 812 132 92 juin
803 812 148 92 1662,
902 812 82 92 4
934 812 99 92 p.
984 812 197 92 in-fol..
1132 812 82 92 5
1148 812 66 92 »»

12 865 162 80 29353.
125 865 194 80 CLUSERET
271 865 146 80 (G.),
368 865 178 80 général
497 865 97 80 de
546 865 97 80 la
595 865 178 80 Commune
724 865 97 80 de
773 865 146 80 1871.
870 865 81 80 —
902 865 97 80 L.
951 865 97 80 a.
983 865 81 80 s.;

200 925 185 68 Suresne,
338 925 93 68 16
385 925 139 68 janv.
477 925 170 68 (1868),
600 925 77 68 1
631 925 93 68 p.
678 925 139 68 in-8.
770 925 139 68 Jolie
863 925 170 68 lettre.
986 925 77 68 7
1001 925 62 68 50

15 961 184 83 29354.
144 961 184 83 CONTAT
272 961 239 83 (Emilie),
457 961 203 83 célèbre
604 961 203 83 actrice
751 961 111 83 de
807 961 111 83 la
844 961 368 83 Comédie

256 1023 68 73 —
283 1023 81 73 P.
323 1023 95 73 s.;
377 1023 81 73 an
418 1023 81 73 V,
458 1023 68 73 1
485 1023 81 73 p.
526 1023 122 73 in-4.
607 1023 68 73 1
620 1023 54 73 50

18 1059 156 78 29355.
127 1059 140 78 COURT
221 1059 218 78 (Jos.-D.),
392 1059 171 78 peintre
516 1059 233 78 d’histoire,
703 1059 140 78 élève
796 1059 93 78 de
843 1059 140 78 Gros.
937 1059 78 78 —
968 1059 93 78 L.
999 1059 62 78 a.

204 1120 98 70 s.
253 1120 81 70 à
285 1120 179 70 Bocage;
416 1120 163 70 Rouen,
530 1120 147 70 1857,
627 1120 81 70 1
660 1120 98 70 p.
709 1120 147 70 in-8.
807 1120 81 70 2
823 1120 65 70 50

21 1144 174 94 29356.
142 1144 174 94 CUREAU
264 1144 104 94 DE
317 1144 104 94 LA
369 1144 192 94 CHAMBRE
508 1144 261 94 (François),
717 1144 192 94 premier
856 1144 192 94 médecin
996 1144 104 94 de
1030 1144 70 94 la

633 1197 79 64 reine
686 1197 158 64 Marie-Thérèse.
818 1197 44 64 —
835 1197 53 64 P.
862 1197 62 64 s.,
897 1197 62 64 sur
932 1197 88 64 vélin;
994 1197 53 64 18
1020 1197 62 64 mai
1046 1197 62 64 1677,

208 1253 69 66 1
236 1253 83 66 p.
277 1253 111 66 in-8
347 1253 153 66 oblong.
458 1253 69 66 3
472 1253 55 66 »»

170 1289 158 76 29357.
281 1289 174 76 DECAMPS
407 1289 316 76 (Alex.-Gabriel),
676 1289 95 76 le
723 1289 174 76 célèbre
850 1289 174 76 peintre
976 1289 95 76 de
1024 1289 158 76 genre.
1119 1289 47 76 —

213 1341 87 63 L.
256 1341 87 63 a.
299 1341 87 63 s.
343 1341 72 63 à
371 1341 159 63 Bocage,
487 1341 72 63 1
516 1341 87 63 p.
559 1341 130 63 in-8.
646 1341 72 63 6
660 1341 58 63 »»

235 1365 123 72 Envoi
318 1365 82 72 de
359 1365 110 72 deux
427 1365 178 72 tableaux,
565 1365 96 72 une
619 1365 137 72 petite
715 1365 165 72 laveuse,
839 1365 96 72 qui
894 1365 110 72 vaut
962 1365 96 72 400
1017 1365 151 72 francs,
1127 1365 82 72 et
1154 1365 69 72 une

198 1404 130 66 chasse
289 1404 65 66 à
315 1404 130 66 courre
407 1404 104 66 dans
472 1404 78 66 la
511 1404 117 66 foret
589 1404 78 66 de
628 1404 235 66 Fontainebleau,
824 1404 104 66 dont
889 1404 78 66 il
928 1404 143 66 demande
1033 1404 91 66 600
1072 1404 117 66 francs.

177 1439 149 86 29358.
282 1439 209 86 DÉSAUGIERS
446 1439 284 86 (M.-Ant.-Mad.),
685 1439 90 86 le
730 1439 164 86 célèbre
849 1439 239 86 chansonnier.
1043 1439 75 86 —
1058 1439 60 86 L.

215 1487 107 76 a.
269 1487 107 76 s.
322 1487 89 76 à
357 1487 107 76 M.
411 1487 107 76 Le
464 1487 160 76 Doux;
571 1487 107 76 28
624 1487 195 76 janvier
766 1487 160 76 1822,
873 1487 89 76 2
908 1487 107 76 p.
961 1487 124 76 1/2
1033 1487 160 76 in-4.
1139 1487 89 76 5
1157 1487 71 76 »»

235 1528 121 66 Toute
315 1528 162 66 relative
437 1528 94 66 aux
490 1528 202 66 difficultés
652 1528 94 66 que
706 1528 148 66 soulève
814 1528 81 66 la
854 1528 242 66 représentation
1056 1528 121 66 d’une
1137 1528 81 66 de
1164 1528 67 66 ses

203 1587 111 48 pièces.

170 1609 176 75 29359.
293 1609 228 75 DILLENIUS
469 1609 211 75 (J.-J.),
627 1609 105 75 un
679 1609 123 75 des
750 1609 140 75 plus
837 1609 211 75 célèbres
995 1609 246 75 botanistes
1171 1609 70 75 du

211 1646 169 70 XVIIIe
329 1646 186 70 siècle.
465 1646 85 70 —
499 1646 101 70 L.
549 1646 101 70 a.
600 1646 101 70 s.
651 1646 85 70 à
685 1646 101 70 M.
735 1646 186 70 Nourse:
871 1646 186 70 Oxford,
1006 1646 85 70 9
1040 1646 135 70 août
1108 1646 118 70 1742,

218 1691 89 87 1
254 1691 107 87 p.
307 1691 125 87 1/4
378 1691 196 87 in-fol.
521 1691 142 87 Très
610 1691 160 87 belle
717 1691 196 87 lettre.
859 1691 320 87 Raccommodages.
1126 1691 107 87 10
1162 1691 71 87 »»

174 1735 121 88 29360.
259 1735 109 88 DORAT
332 1735 182 88 (Cl.-Jos.),
477 1735 121 88 poëte,
562 1735 121 88 auteur
647 1735 85 88 des
695 1735 230 88 Baisers
890 1735 61 88 —
914 1735 121 88 Billet
987 1735 36 88 à

223 1795 136 69 ordre
313 1795 121 69 aut.
389 1795 136 69 sig.,
480 1795 106 69 1/2
540 1795 91 69 p.
585 1795 121 69 in-8
661 1795 166 69 oblong.
782 1795 75 69 4
797 1795 60 69 »»

39 1835 190 95 29361.
172 1835 190 95 FAVRAS
305 1835 209 95 (Thomas
457 1835 171 95 MAHI,
571 1835 209 95 marquis
724 1835 152 95 de),
819 1835 171 95 agent
933 1835 190 95 secret
1066 1835 114 95 du
1104 1835 133 95 comte

223 1879 82 65 de
264 1879 177 65 Provence;
401 1879 82 65 né
441 1879 68 65 à
469 1879 136 65 Blois,
564 1879 123 65 pendu
646 1879 82 65 en
687 1879 123 65 1790.
769 1879 68 65 —
796 1879 82 65 L.
837 1879 82 65 a.
878 1879 95 65 s.;
918 1879 55 65 La

224 1921 141 71 Haye,
318 1921 141 71 1785,
413 1921 110 71 3/4
475 1921 94 71 de
522 1921 94 71 p.
569 1921 141 71 in-4.
664 1921 141 71 Belle
758 1921 157 71 pièce.
868 1921 78 71 6
883 1921 63 71 »»
