1589 2825
616 18 182 105 —
688 18 255 105 282
798 18 109 105 —

42 111 165 95 3511.
151 111 311 95 Lettre
408 111 183 95 sur
536 111 201 95 l'usage
682 111 128 95 des
755 111 201 95 parfums
902 111 110 95 et
956 111 110 95 de
1011 111 110 95 la
1066 111 201 95 poudre,
1213 111 110 95 et
1267 111 128 95 sur
1322 111 165 95 les

92 170 386 81 loteries
420 170 155 81 avec
517 170 116 81 la
575 170 232 81 réponse.
749 170 116 81 15
807 170 116 81 et
865 170 116 81 22
923 170 155 81 juin
1019 170 174 81 1704.
1135 170 251 81 Manuscrit
1328 170 116 81 de
1386 170 97 81 6
1406 170 77 81 p.

66 226 399 75 petit
332 226 399 75 in-4.
598 226 399 75 Jolie
865 226 577 75 écriture.
1308 226 222 75 5
1353 226 133 75 »

137 272 131 71 La
203 272 262 71 question
399 272 153 71 des
486 272 262 71 loteries
682 272 153 71 est
769 272 240 71 traitée
944 272 371 71 canoniquement
1249 272 131 71 et
1293 272 196 71 morale-

94 329 172 62 ment
201 329 172 62 dans
309 329 129 62 la
373 329 258 62 réponse,
567 329 129 62 au
631 329 194 62 sujet
760 329 129 62 de
825 329 194 62 celle
954 329 151 62 que
1040 329 172 62 l’on
1147 329 129 62 va
1212 329 194 62 faire
1341 329 129 62 en
1384 329 108 62 fa-

90 377 167 63 veur
195 377 126 63 de
257 377 272 63 l’hôpital
467 377 230 63 général
613 377 251 63 d’Orléans.

43 409 179 66 3512.
162 409 358 66 Lorient
460 409 338 66 (observations
738 409 119 66 du
798 409 159 66 port
897 409 159 66 de),
996 409 139 66 sur
1076 409 318 66 l’inventaire
1334 409 119 66 du
1374 409 119 66 port

93 462 131 60 de
159 462 306 60 Rochefort,
399 462 241 60 proposé
574 462 153 60 par
662 462 131 60 le
727 462 262 60 ministre
924 462 175 60 pour
1034 462 175 60 être
1143 462 197 60 suivi
1274 462 175 60 dans
1362 462 131 60 tous

92 517 144 69 les
175 517 206 69 ports.
319 517 268 69 Manuscrit
525 517 124 69 de
587 517 124 69 11
649 517 144 69 gr.
731 517 124 69 p.
793 517 124 69 et
854 517 185 69 quart
978 517 227 69 in-fol.
1143 517 165 69 sig.
1246 517 268 69 Rosières.
1431 517 62 69 A

73 556 543 73 Lorient.,
491 556 251 73 le
616 556 251 73 22
741 556 459 73 janvier
1075 556 376 73 1793.
1326 556 209 73 5
1368 556 125 73 »

45 616 192 65 3513.
173 616 405 65 Lorraine
514 616 256 65 (Charles
705 616 149 65 IV,
791 616 149 65 duc
876 616 171 65 de).
982 616 128 65 L.
1046 616 171 65 avec
1153 616 128 65 la
1196 616 298 65 souscription

94 659 194 65 d’une
224 659 173 65 lig.
332 659 173 65 aut.
439 659 194 65 sig.,
569 659 108 65 à
612 659 129 65 M.
677 659 129 65 le
741 659 216 65 prince
892 659 129 65 de
957 659 194 65 Salm.
1086 659 237 65 Epinal,
1259 659 129 65 26
1302 659 194 65 octobre

71 704 414 61 1630.
347 704 230 61 1
439 704 276 61 p.
577 704 506 61 in-fol.
946 704 506 61 Cachet.
1314 704 230 61 6
1360 704 138 61 »

51 749 169 68 3514.
164 749 226 68 Louis
333 749 244 68 XIV,
521 749 132 68 roi
596 749 113 68 de
653 749 207 68 France.
803 749 169 68 Ordre
916 749 169 68 signé
1029 749 113 68 et
1085 749 282 68 contresigné
1292 749 207 68 Le

103 803 359 69 Tellier
406 803 95 69 à
443 803 113 69 la
500 803 246 69 compagnie
689 803 113 69 du
746 803 170 69 sieur
859 803 113 69 de
916 803 302 69 Saint-Simon,
1162 803 208 69 d’aller
1313 803 113 69 de
1351 803 151 69 Senlis

97 852 231 60 coucher
265 852 105 60 à
307 852 231 60 Louvre,
474 852 126 60 et
537 852 210 60 partir
684 852 126 60 le
747 852 273 60 lendemain
957 852 105 60 à
999 852 126 60 la
1062 852 210 60 pointe
1208 852 126 60 du
1271 852 189 60 jour,
1376 852 126 60 pour

99 900 181 67 aller
219 900 100 67 à
259 900 120 67 la
320 900 261 67 Villette,
520 900 120 67 et
580 900 100 67 y
620 900 241 67 attendre
801 900 140 67 les
881 900 221 67 députés
1042 900 140 67 des
1122 900 140 67 six
1202 900 181 67 corps
1322 900 140 67 des
1383 900 120 67 mar-

96 946 210 66 chands
243 946 126 66 de
306 946 126 66 sa
369 946 189 66 bonne
495 946 189 66 ville
621 946 126 66 de
684 946 210 66 Paris,
830 946 168 66 pour
935 946 168 66 leur
1040 946 210 66 servir
1187 946 273 66 d’escorte
1376 946 126 66 jus-

101 997 175 61 ques
210 997 131 61 en
276 997 197 61 cette
407 997 219 61 ville.
560 997 306 61 Compiègne,
801 997 131 61 17
867 997 197 61 sept.
998 997 197 61 1652.
1129 997 109 61 1
1173 997 153 61 gr.
1260 997 131 61 p.
1304 997 197 61 in

-4 1042 1382 62 Cachet.
1001 1042 628 62 6
1127 1042 377 62 »

50 1092 225 66 3515.
200 1092 301 66 Louis
426 1092 150 66 XV
501 1092 301 66 mourant,
726 1092 150 66 ou
802 1092 150 66 la
877 1092 225 66 piété
1027 1092 401 66 filiale,
1328 1092 175 66 poëme

101 1150 238 56 adressé
274 1150 130 56 et
339 1150 194 56 dédié
469 1150 108 56 à
512 1150 281 56 Mesdames,
728 1150 216 56 filles
879 1150 130 56 du
944 1150 173 56 roi,
1052 1150 151 56 par
1138 1150 259 56 Legrand,
1311 1150 194 56 docteur

102 1202 234 49 médecin
272 1202 127 49 de
335 1202 127 49 la
399 1202 234 49 faculté
569 1202 127 49 de
633 1202 340 49 Montpellier.
909 1202 191 49 1774.
1037 1202 106 49 9
1079 1202 127 49 p.
1143 1202 170 49 aut.
1249 1202 191 49 sig.,
1355 1202 149 49 in

100 1238 115 64 —
146 1238 138 64 L.
215 1238 184 64 aut.
330 1238 207 64 sig.,
468 1238 138 64 du
537 1238 207 64 même,
675 1238 276 64 adressée
881 1238 115 64 à
927 1238 230 64 Madame
1088 1238 230 64 Louise
1249 1238 138 64 de
1295 1238 207 64 France,

99 1286 134 61 au
166 1286 201 61 snjet
299 1286 134 61 de
366 1286 134 61 ce
433 1286 223 61 poëme.
589 1286 223 61 Paris,
746 1286 134 61 12
813 1286 178 61 août
924 1286 201 61 1774.
1058 1286 112 61 4
1102 1286 134 61 p.
1169 1286 156 61 pl.
1259 1286 201 61 in-4.
1392 1286 112 61 7
1415 1286 89 61 50

56 1329 184 64 3516.
178 1329 348 64 Luynes
464 1329 143 64 (le
546 1329 143 64 duc
628 1329 164 64 de),
730 1329 204 64 député
873 1329 409 64 d’Indre-et-Loire
1221 1329 102 64 à
1241 1329 266 64 l’Assemblée

102 1382 336 62 constituante
375 1382 126 62 de
438 1382 189 62 1789.
564 1382 168 62 Note
669 1382 168 62 aut.
774 1382 189 62 sig.,
900 1382 126 62 en
963 1382 210 62 faveur
1110 1382 126 62 de
1173 1382 273 62 plusieurs
1362 1382 147 62 offi-

70 1441 532 52 ciers.
442 1441 692 52 Demi-page
974 1441 479 52 in-4.
1293 1441 266 52 2
1346 1441 160 52 »

56 1473 179 63 3517.
176 1473 338 63 Maffei
454 1473 279 63 (Laurent).
673 1473 119 63 L.
733 1473 159 63 aut.
832 1473 159 63 sig.
932 1473 139 63 (en
1011 1473 259 63 italien),
1210 1473 100 63 à
1250 1473 219 63 Anselme
1390 1473 119 63 Cot

98 1530 282 62 tadoni,
304 1530 128 62 à
355 1530 282 62 Venise.
560 1530 154 62 22
637 1530 282 62 janvier
842 1530 231 62 1752.
996 1530 128 62 2
1047 1530 154 62 p.
1124 1530 180 62 pl.
1227 1530 231 62 in-4.
1381 1530 128 62 2
1406 1530 103 62 50

58 1585 166 68 3518.
168 1585 331 68 Maistre
444 1585 129 68 (le
518 1585 166 68 comte
628 1585 184 68 Joseph
757 1585 147 68 de),
849 1585 184 68 auteur
977 1585 129 68 des
1051 1585 258 68 Soirées
1253 1585 110 68 de
1290 1585 221 68 Saint

105 1626 437 62 Pétersbourg
485 1626 152 62 etc.
580 1626 114 62 N.
637 1626 171 62 1753.
751 1626 114 62 M.
808 1626 171 62 1821.
922 1626 114 62 L.
979 1626 152 62 aut.
1074 1626 171 62 sig.,
1188 1626 95 62 à
1226 1626 114 62 M.
1283 1626 114 62 le
1340 1626 171 62 comte
1435 1626 76 62 de

101 1679 227 62 Laval.
260 1679 204 62 Mardi
396 1679 227 62 matin.
555 1679 114 62 1
601 1679 136 62 p.
669 1679 204 62 in-8.
805 1679 250 62 Cachet.
987 1679 295 62 (Quelques
1214 1679 272 62 taches.)
1418 1679 114 62 6
1441 1679 68 62 »

60 1728 176 64 3519.
178 1728 255 64 Maître
374 1728 98 64 à
413 1728 274 64 danser
629 1728 196 64 des
766 1728 216 64 enfants
923 1728 118 64 de
982 1728 255 64 Monsieur,
1178 1728 176 64 frère
1276 1728 235 64 unique

106 1791 171 56 de
220 1791 285 56 France
448 1791 190 56 Quitt.
581 1791 152 56 sig.
676 1791 152 56 (sur
771 1791 228 56 parch.),
942 1791 114 56 du
999 1791 171 56 sieur
1113 1791 152 56 Jean
1208 1791 190 56 Faure,
1322 1791 190 56 pension-

101 1830 215 61 naire
245 1830 143 61 du
316 1830 191 61 roi,
436 1830 143 61 et
508 1830 239 61 maître
675 1830 120 61 à
723 1830 263 61 danser,
914 1830 191 61 etc.
1034 1830 143 61 18
1105 1830 215 61 sept.
1249 1830 215 61 1684.
1392 1830 120 61 2
1416 1830 96 61 50

57 1886 185 59 3520.
181 1886 267 59 Maître
386 1886 103 59 à
427 1886 267 59 danser
632 1886 185 59 de
755 1886 308 59 Monseigneur
1002 1886 123 59 le
1063 1886 226 59 Dauphin
1228 1886 123 59 et
1289 1886 123 59 de
1330 1886 185 59 Ma

104 1925 219 64 dame
263 1925 139 64 son
343 1925 298 64 épouse
581 1925 199 64 Quitt.
720 1925 159 64 sig.
820 1925 159 64 (sur
919 1925 238 64 parch.),
1098 1925 119 64 de
1157 1925 179 64 noble
1277 1925 179 64 homme
1376 1925 139 64 Guil-

104 1972 219 65 laume
250 1972 268 65 Raynal,
444 1972 243 65 maître
615 1972 122 65 à
663 1972 268 65 danser,
858 1972 195 65 etc.
980 1972 146 65 31
1053 1972 268 65 juillet
1247 1972 219 65 1686.
1393 1972 122 65 2
1418 1972 97 65 50

57 2040 196 50 3521.
188 2040 435 50 Mansffeld
557 2040 283 50 (Philippe
775 2040 130 50 V,
840 2040 196 50 comte
970 2040 174 50 de),
1079 2040 261 50 maréchal
1275 2040 130 50 de
1340 2040 174 50 camp
1427 2040 87 50 de

106 2074 298 90 l’empereur
340 2074 277 90 Ferdinand
553 2074 149 90 II,
638 2074 191 90 connu
765 2074 170 90 dans
872 2074 128 90 la
936 2074 213 90 guerre
1084 2074 128 90 de
1148 2074 128 90 30
1212 2074 170 90 ans.
1319 2074 128 90 N.
1361 2074 149 90 1589.

105 2125 130 64 M.
170 2125 195 64 1657.
300 2125 130 64 L.
365 2125 173 64 sig.
474 2125 152 64 (en
560 2125 303 64 allemand),
799 2125 195 64 à....
929 2125 238 64 Janvier
1102 2125 195 64 1648.
1232 2125 108 64 2
1276 2125 152 64 gr.
1362 2125 130 64 p.
1406 2125 108 64 pl.

15 2174 1271 59 in-fol.
940 2174 578 59 4
1056 2174 462 59 50

60 2200 188 89 3522.
185 2200 417 89 Marchangy
540 2200 146 89 (le
623 2200 271 89 chevalier
832 2200 167 89 de),
936 2200 292 89 magistrat,
1165 2200 334 89 littérateur,
1416 2200 104 89 au

112 2278 152 57 teur
207 2278 114 57 de
264 2278 171 57 la
378 2278 171 57 Gaule
491 2278 247 57 poétique,
681 2278 209 57 Tristan
833 2278 114 57 le
890 2278 323 57 Voyageur
1156 2278 152 57 etc.
1250 2278 114 57 L.
1307 2278 152 57 aut.
1383 2278 133 57 sig.,

106 2319 116 60 à
152 2319 139 60 M.
222 2319 185 60 Amar
338 2319 139 60 du
407 2319 255 60 Rivier.
593 2319 232 60 Paris,
755 2319 139 60 14
825 2319 255 60 juillet
1010 2319 209 60 1817.
1149 2319 116 60 1
1195 2319 139 60 p.
1265 2319 209 60 in-4.
1404 2319 116 60 2
1427 2319 93 60 50

60 2365 191 75 3523.
187 2365 424 75 Mariette,
547 2365 233 75 célèbre
716 2365 233 75 amateur
886 2365 296 75 d’estampes
1119 2365 127 75 et
1182 2365 254 75 graveur.
1373 2365 127 75 Sa
1415 2365 106 75 si

108 2423 238 64 gnature
282 2423 130 64 et
347 2423 195 64 celle
477 2423 130 64 de
542 2423 130 64 G.
607 2423 238 64 Martin,
780 2423 260 64 Coignard
975 2423 130 64 et
1040 2423 152 64 les
1127 2423 217 64 frères
1279 2423 238 64 Guérin,
1430 2423 87 64 au

108 2477 159 62 bas
199 2477 205 62 d’une
336 2477 296 62 quittance
563 2477 319 62 (imprimée)
814 2477 182 62 pour
927 2477 159 62 les
1018 2477 182 62 deux
1132 2477 273 62 premiers
1314 2477 205 62 volumes

112 2523 132 72 du
178 2523 242 72 recueil
354 2523 154 72 des
442 2523 308 72 historiens
684 2523 154 72 des
772 2523 220 72 Gaules
927 2523 132 72 et
993 2523 132 72 de
1059 2523 132 72 la
1125 2523 242 72 France.
1301 2523 220 72 Paris,
1433 2523 88 72 18

36 2563 743 69 juin
500 2563 836 69 1739.
1058 2563 464 69 2
1151 2563 371 69 50

67 2607 177 77 3524.
185 2607 354 77 Matter,
480 2607 295 77 helléniste.
716 2607 118 77 1°
775 2607 118 77 L.
833 2607 157 77 aut.
932 2607 157 77 sig.
1030 2607 196 77 Paris,
1167 2607 118 77 15
1226 2607 236 77 décembre
1383 2607 138 77 1837.

108 2664 120 62 2
156 2664 144 62 p.
228 2664 216 62 in-8.
372 2664 120 62 —
420 2664 240 62 Quitt.
588 2664 192 62 aut.
708 2664 192 62 sig.
828 2664 360 62 Strasbourg,
1115 2664 216 62 1823,
1259 2664 216 62 in-8.
1403 2664 120 62 1
1427 2664 96 62 50

66 2719 190 87 3525.
192 2719 380 87 Maupin,
509 2719 316 87 architecte.
762 2719 232 87 Rapport
931 2719 148 87 sur
1015 2719 211 87 l’état
1163 2719 127 87 de
1226 2719 127 87 la
1289 2719 232 87 bâtisse
1437 2719 84 87 de
