1598 2980
640 49 218 83 EN
712 49 255 83 VENTE

310 115 160 99 A
374 115 191 99 LA
470 115 415 99 LIBRAIRIE
789 115 191 99 DE
884 115 191 99 J.
948 115 351 99 TECHENER,

558 177 146 57 RUE
642 177 125 57 DE
704 177 334 57 L’ARBRE-SEC,
955 177 104 57 52.

438 284 701 93 CORRESPONDANCE

694 359 203 66 ENTRE

29 453 1466 114 DOIETAUOHETRAUA

743 538 100 66 ET

469 612 588 103 BROSSHALE,

510 707 211 57 Avocat
657 707 126 57 au
721 707 274 57 Parlement
931 707 126 57 de
974 707 148 57 Lyon.

387 747 256 67 PUBLIÉE
573 747 163 67 SUR
666 747 163 67 LES
759 747 326 67 MANUSCRITS
992 747 256 67 ORIGINAUX

499 795 188 98 PAR
607 795 296 98 AUGUSTE
795 795 296 98 LAVERDET,

275 866 555 71 INTRODUCTION
742 866 204 71 PAR
859 866 175 71 M.
946 866 263 71 JULES
1092 866 234 71 JANIN.

384 936 238 63 Première
575 936 175 63 édition
702 936 207 63 complète,
861 936 95 63 en
908 936 159 63 partie
1004 936 222 63 inédite

94 990 105 69 Un
147 990 176 69 volume
270 990 141 69 in-8
358 990 105 69 de
411 990 176 69 XXXII—
534 990 123 69 608
604 990 176 69 pages,
727 990 141 69 avec
815 990 123 69 six
886 990 264 69 fac-simile,
1097 990 105 69 et
1149 990 105 69 la
1202 990 246 69 généalogie
1396 990 105 69 de
1431 990 70 69 la

539 1044 194 67 famille
681 1044 106 67 de
734 1044 194 67 Boileau
857 1044 212 67 Despréaux.

713 1098 110 50 MERRRED)
796 1098 46 50 C
814 1098 46 50 G
832 1098 55 50 C)
860 1098 55 50 GE
878 1098 28 50 I

316 1135 340 84 SOMMAIRE
570 1135 170 84 DU
655 1135 311 84 CONTENU
882 1135 170 84 DE
967 1135 170 84 CE
1023 1135 255 84 VOLUME:

385 1203 270 57 (COMPLÉMENT
601 1203 126 57 DES
673 1203 198 57 OEUVRES
818 1203 108 57 DE
872 1203 198 57 BOILEAU
998 1203 234 57 DESPRÉAUX.)

76 1245 249 74 PREMIÈRE
263 1245 207 74 PARTIE
408 1245 249 74 (Premier
594 1245 207 74 volume
739 1245 124 74 du
801 1245 311 74 manuscrit).
1050 1245 104 74 —
1091 1245 373 74 Correspondance
1381 1245 145 74 entre

121 1293 214 64 Boileau
276 1293 252 64 Despréaux
470 1293 117 64 et
528 1293 252 64 Brossette
723 1293 272 64 (contenant
936 1293 369 64 soixante-quinze
1247 1293 214 64 lettres
1383 1293 136 64 auto-

120 1341 211 57 graphes
273 1341 211 57 signées
427 1341 115 57 de
484 1341 211 57 Boileau
638 1341 288 57 Despréaux).
868 1341 96 57 —
906 1341 173 57 Arrêt
1021 1341 115 57 de
1079 1341 230 57 noblesse
1251 1341 115 57 de
1309 1341 115 57 la
1347 1341 173 57 famille

553 1393 96 51 .
591 1393 96 51 —
630 1393 231 51 Sentence
803 1393 135 51 des
880 1393 231 51 requêtes
1054 1393 116 51 du
1111 1393 193 51 Palais
1246 1393 135 51 sur
1323 1393 116 51 le
1362 1393 154 51 procès

119 1388 126 52 de
182 1388 232 52 Boileau
329 1388 253 52 Despréaux.

127 1433 110 53 du
182 1433 201 53 Lutrin.
328 1433 92 53 —
365 1433 201 53 Lettres
511 1433 110 53 et
566 1433 183 53 pièces
694 1433 110 53 de
749 1433 201 53 divers.
896 1433 92 53 —
932 1433 238 53 Testament
1115 1433 110 53 de
1170 1433 201 53 Boileau
1298 1433 220 53 Despréaux.

80 1465 225 77 DEUXIÈME
249 1465 206 77 PARTIE,
399 1465 113 77 ou
456 1465 394 77 Supplément
793 1465 244 77 (deuxième
981 1465 188 77 volume
1112 1465 113 77 du
1169 1465 263 77 manuscrit)
1356 1465 169 77 compre-

125 1513 148 54 nant
218 1513 130 54 les
292 1513 204 54 papiers
440 1513 111 54 de
496 1513 204 54 Boileau
644 1513 241 54 Despréaux
829 1513 204 54 laissés
977 1513 93 54 à
1014 1513 111 54 sa
1070 1513 167 54 mort,
1181 1513 111 54 et
1236 1513 185 54 donnés
1366 1513 93 54 à
1384 1513 130 54 Bros-

120 1561 184 56 sette
242 1561 143 56 par
324 1561 204 56 l’abbé
467 1561 245 56 Boileau,
651 1561 143 56 son
733 1561 204 56 frère.
876 1561 102 56 —
917 1561 143 56 Les
999 1561 184 56 Héros
1121 1561 123 56 du
1183 1561 204 56 Roman,
1306 1561 204 56 dialogue

-4 1608 210 42 —

178 1606 167 44 Deux
283 1606 272 44 Épitaphes
492 1606 126 44 de
555 1606 230 44 Racine.
722 1606 105 44 —
764 1606 230 44 Réponse
931 1606 105 44 à
973 1606 126 44 un
1036 1606 230 44 mémoire
1203 1606 126 44 de
1266 1606 209 44 Claude
1391 1606 126 44 Per-

116 1651 188 51 rault.
248 1651 94 51 —
285 1651 225 51 Lettres:
454 1651 113 51 au
510 1651 169 51 comte
623 1651 113 51 de
679 1651 225 51 Vivonne;
848 1651 94 51 à
886 1651 244 51 Maucroix;
1074 1651 94 51 à
1111 1651 188 51 Racine
1242 1651 150 51 (dix
1318 1651 206 51 lettres);

114 1686 103 55 à
156 1686 207 55 Madame
300 1686 228 55 Manchon
466 1686 124 55 sa
528 1686 186 55 sœur;
652 1686 103 55 à
694 1686 207 55 Madame
838 1686 124 55 la
900 1686 248 55 marquise
1087 1686 124 55 de
1149 1686 269 55 Villette;
1356 1686 103 55 à
1397 1686 124 55 M.
1438 1686 83 55 de

121 1722 125 60 La
184 1722 271 60 Chapelle,
393 1722 146 60 son
476 1722 188 60 néveu
601 1722 167 60 (dix
706 1722 271 60 lettres);
915 1722 104 60 à
956 1722 125 60 M.
1019 1722 125 60 le
1082 1722 188 60 comte
1207 1722 125 60 de
1269 1722 271 60 Maurepas;
1457 1722 63 60 à

121 1772 119 50 M.
181 1772 119 50 de
240 1772 358 50 Pontchartrain;
539 1772 99 50 à
579 1772 239 50 M-T’abbé
758 1772 219 50 Bignon;
917 1772 99 50 à
957 1772 119 50 M.
1017 1772 119 50 le
1076 1772 179 50 comte
1196 1772 119 50 de
1255 1772 179 50 Revel
1375 1772 139 50 sur
1434 1772 80 50 le

114 1814 210 59 combat
261 1814 126 59 de
324 1814 252 59 Crémone;
514 1814 105 59 à
556 1814 126 59 M.
619 1814 126 59 Le
682 1814 252 59 Verrier;
871 1814 105 59 à
913 1814 315 59 Destouches;
1165 1814 126 59 au
1229 1814 168 59 père
1313 1814 210 59 Thoulier

119 1857 187 46 (trois
250 1857 243 46 lettres),
437 1857 168 46 etc.,
549 1857 205 46 etc...;
698 1857 224 46 Maucroix
866 1857 93 46 à
904 1857 243 46 Despréaux
1090 1857 168 46 (cinq
1203 1857 243 46 lettres);
1371 1857 149 46 Racine

114 1892 97 53 à
152 1892 273 53 Despréaux;
367 1892 117 53 le
425 1892 156 53 père
523 1892 234 53 Bouhours
698 1892 97 53 à
737 1892 273 53 Despréaux,
952 1892 175 53 etc.,
1069 1892 156 53 etc.
1166 1892 97 53 —
1205 1892 195 53 Pièces
1342 1892 117 53 de
1381 1892 136 53 vers:

118 1936 305 57 Épigrammes;
362 1936 224 57 Chanson
525 1936 102 57 à
565 1936 204 57 boire;
708 1936 224 57 Enigme;
871 1936 224 57 Parodie
1034 1936 285 57 burlesque;
1257 1936 244 57 Réponses
1420 1936 102 57 aux

113 1981 237 56 jésuites
291 1981 118 56 de
350 1981 237 56 Trévoux;
528 1981 276 56 Quatrains;
745 1981 178 56 etc.,
863 1981 158 56 etc.
962 1981 237 56 Fragment
1140 1981 158 56 d’un
1239 1981 237 56 prologue
1397 1981 118 56 d’o-

120 2032 267 51 péra....;
326 2032 226 51 Préface
490 2032 164 51 pour
593 2032 123 51 la
655 2032 206 51 Satire
799 2032 164 51 XII;
901 2032 185 51 Notes
1025 2032 164 51 pour
1128 2032 370 51 l’intelligence
1415 2032 103 51 des

121 2070 187 57 œuvres
252 2070 225 57 diverses
421 2070 112 57 de
477 2070 262 57 Despréaux,
684 2070 131 57 sur
759 2070 112 57 la
815 2070 206 57 préface
965 2070 112 57 de
1021 2070 244 57 l’édition
1209 2070 150 57 in-4
1302 2070 112 57 de
1340 2070 131 57 1701.

77 2105 245 60 TROISIÈME
266 2105 208 60 PARTIE,
417 2105 113 60 ou
473 2105 396 60 Appendice
813 2105 94 60 —
851 2105 226 60 Mémoires
1020 2105 113 60 de
1077 2105 264 60 Brossette,
1285 2105 132 60 sur
1341 2105 170 60 Boileau

108 2151 278 49 Despréaux,
327 2151 219 49 d’après
486 2151 139 49 les
565 2151 258 49 fragments
764 2151 258 49 originaux
963 2151 258 49 conservés
1161 2151 99 49 à
1201 2151 119 49 la
1241 2151 278 49 Bibliothèque

96 2198 246 56 Impériale.

319 2194 104 63 —
361 2194 229 63 Lettres
527 2194 125 63 de
589 2194 125 63 M.
652 2194 125 63 A.
714 2194 270 63 Péricaud,
922 2194 125 63 et
984 2194 353 63 dissertation,
1276 2194 125 63 au
1338 2194 187 63 sujet
1442 2194 83 63 de

121 2241 275 57 Brossette.
338 2241 98 57 —
377 2241 177 57 Table
495 2241 275 57 analytique
711 2241 138 57 des
790 2241 177 57 noms,
908 2241 138 57 des
987 2241 197 57 lieux,
1125 2241 177 57 etc.,
1243 2241 177 57 cités
1361 2241 157 57 dans
1439 2241 79 57 la

119 2278 349 66 correspondance
409 2278 174 66 entre
526 2278 213 66 Boileau
681 2278 252 66 Despréaux
875 2278 116 66 et
913 2278 233 66 Brossette.

1337 2311 121 77 10
1377 2311 101 77 fr.

234 2329 168 70 Prix,
347 2329 187 70 papier
478 2329 168 70 carré
571 2329 150 70 vélin.

1233 2315 44 72 0

1182 2355 120 28 6

835 2347 155 60 6
897 2347 155 60 »
989 2347 155 60 »
1051 2347 155 60 6
1082 2347 93 60 »

139 2380 213 43 —

1342 2376 113 53 15
1380 2376 94 53 fr.

346 2350 196 83 papier
484 2350 176 83 grand
601 2350 196 83 raisin
738 2350 196 83 vélin.
875 2350 98 83 .
914 2350 98 83 .
954 2350 98 83 .
993 2350 98 83 .
1032 2350 98 83 .
1071 2350 98 83 .
1110 2350 98 83 .
1149 2350 98 83 .
1189 2350 98 83 .
1208 2350 59 83 .

146 2413 201 58 —

1342 2420 115 68 15
1380 2420 96 68 fr.

337 2414 202 60 papier
478 2414 182 60 grand
600 2414 202 60 raisin
741 2414 223 60 vergé..
903 2414 101 60 .
944 2414 101 60 .
984 2414 101 60 .
1025 2414 101 60 .
1065 2414 101 60 .
1106 2414 101 60 .
1146 2414 101 60 .
1187 2414 101 60 .
1227 2414 101 60 .
1247 2414 61 60 .

235 2457 120 61 Il
295 2457 100 61 a
335 2457 140 61 été
415 2457 160 61 tiré
515 2457 279 61 vingt-cinq
734 2457 299 61 exemplaires
974 2457 140 61 sur
1053 2457 200 61 papier
1173 2457 140 61 grand

114 2513 184 56 raisin
242 2513 165 56 fort,
353 2513 184 56 vergé,
481 2513 257 56 numérotés,
683 2513 147 56 avec
775 2513 165 56 titre
885 2513 202 56 imprimé
1032 2513 147 56 noir
1124 2513 110 56 et
1161 2513 147 56 rouge,

1341 2534 120 78 30
1381 2534 100 78 fr.

104 2562 176 51 et
192 2562 294 51 collés
398 2562 265 51 après
574 2562 588 51 l’impression....
1191 2562 147 51 .
1221 2562 88 51 .

1227 2596 282 55 Saint-

75 2588 242 60 L’épitaphe
265 2588 104 60 de
317 2588 173 60 Racine
438 2588 121 60 par
507 2588 190 60 Boileau
645 2588 242 60 Despréaux,
835 2588 225 60 conservée
1008 2588 138 60 dans
1077 2588 173 60 l’Église

112 2638 205 65 du-Mont,
266 2638 103 65 et
317 2638 240 65 reproduite
506 2638 137 65 dans
591 2638 103 65 ce
643 2638 188 65 volume,
780 2638 86 65 a
814 2638 120 65 été
882 2638 154 65 tirée
985 2638 86 65 à
1019 2638 154 65 part,
1122 2638 137 65 pour
1208 2638 120 65 les
1276 2638 154 65 trois
1362 2638 154 65 papiers

106 2678 157 68 grand
210 2678 192 68 raisin,
332 2678 209 68 seulement.

272 2750 174 85 Paris.
394 2750 87 85 —
428 2750 261 85 Typographie
638 2750 105 85 de
690 2750 192 85 Gaittet
829 2750 105 85 et
882 2750 139 85 Cie,
969 2750 122 85 rue
1021 2750 244 85 Gît

1197 2755 124 92 7.
