1562 2893
475 52 537 167 CATALOGUE

48 230 234 87 DE
165 230 429 87 LETTRES
477 230 624 87 AUTOGRAPHES,
946 230 507 87 MANUSCRITS,

547 782 207 63 Vente
702 782 86 63 à
719 782 276 63 l’amiable,

325 830 182 61 soit
446 830 141 61 par
527 830 303 61 l’insertion
769 830 161 61 dans
870 830 121 61 le
910 830 303 61 bulletin,

149 877 220 70 soit
309 877 140 70 aux
389 877 240 70 enchères
568 877 280 70 publiques,
788 877 120 70 de
848 877 300 70 Collections
1087 877 120 70 ou
1127 877 260 70 parties

326 930 174 66 de
442 930 290 66 Collections
674 930 116 66 de
732 930 213 66 Lettres
867 930 348 66 autographes,

480 975 312 68 Documents
715 975 351 68 historiques,

523 1019 336 68 Manuscrits,
800 1019 178 68 etc.,
899 1019 119 68 etc.

91 1043 280 96 Achats.
311 1043 100 96 —
351 1043 260 96 Échanges.
551 1043 100 96 —
591 1043 300 96 Expertises.
831 1043 100 96 —
871 1043 260 96 Rédaction
1071 1043 120 96 de
1111 1043 340 96 Catalogues.

48 1381 166 67 1222.
158 1381 313 67 Albert
416 1381 221 67 (J.-B.),
581 1381 184 67 député
710 1381 110 67 du
766 1381 368 67 Haut-Rhin
1079 1381 92 67 à
1115 1381 110 67 la
1171 1381 258 67 Convention
1355 1381 147 67 natio-

93 1424 192 60 nale.
221 1424 128 60 L.
285 1424 171 60 aut.
392 1424 171 60 sig.
499 1424 214 60 Paris,
649 1424 128 60 12
713 1424 257 60 frimaire
905 1424 128 60 an
969 1424 171 60 VII.
1076 1424 107 60 1
1119 1424 128 60 p.
1183 1424 150 60 pl.
1269 1424 192 60 in-4.
1397 1424 107 60 2
1418 1424 86 60 50

46 1472 185 60 1223.
170 1472 328 60 Arago
436 1472 287 60 (Jacques),
662 1472 267 60 voyageur.
867 1472 123 60 L.
929 1472 164 60 aut.
1031 1472 164 60 sig.
1134 1472 103 60 1
1175 1472 123 60 p.
1236 1472 185 60 in-8.
1359 1472 103 60 —
1400 1472 103 60 1
1421 1472 82 60 50

46 1519 182 72 1224.
167 1519 385 72 Arbogast
491 1519 587 72 (Louis-François-Antoine),
1018 1519 223 72 recteur
1180 1519 122 72 de
1220 1519 284 72 l’Université

94 1572 119 60 de
154 1572 297 60 Strasbourg,
392 1572 198 60 député
530 1572 119 60 du
590 1572 377 60 Bas-Rhin
907 1572 99 60 à
947 1572 119 60 la
1006 1572 297 60 Convention.
1244 1572 119 60 L.
1304 1572 159 60 aut.
1383 1572 119 60 sig.

83 1619 316 52 Paris,
305 1619 190 52 15
399 1619 221 52 mai
526 1619 253 52 l’an
684 1619 221 52 IV.
810 1619 411 52 Demi-page
1126 1619 348 52 in-fol.
1379 1619 158 52 3
1410 1619 95 52 »

48 1662 193 66 1225.
176 1662 364 66 Armand
476 1662 193 66 (Mlle
605 1662 386 66 Marie-Amable),
926 1662 279 66 chanteuse
1141 1662 129 66 de
1205 1662 236 66 l’Opéra
1376 1662 129 66 et
1419 1662 86 66 du

98 1707 206 66 théâtre
248 1707 225 66 Feydeau;
417 1707 150 66 elle
510 1707 187 66 chanta
641 1707 169 66 la
754 1707 375 66 Marseillaise
1072 1707 112 66 en
1128 1707 169 66 1793.
1241 1707 112 66 L.
1297 1707 150 66 aut.
1372 1707 131 66 sig.,

96 1763 110 60 à
140 1763 132 60 M.
206 1763 199 60 Pons.
339 1763 221 60 Paris,
493 1763 177 60 sans
603 1763 199 60 date.
736 1763 110 60 1
780 1763 132 60 p.
846 1763 154 60 pl.
934 1763 177 60 in-8
1045 1763 132 60 en
1111 1763 265 60 travers.
1287 1763 221 60 Intéres-

-20 1814 1386 59 sante.
951 1814 693 59 5
1089 1814 416 59 »

59 1841 155 84 1226
155 1841 329 84 Arnal
426 1841 193 84 acteur
561 1841 116 84 du
619 1841 290 84 Vaudeville.
852 1841 116 84 L.
910 1841 155 84 aut.
1006 1841 155 84 sig.
1103 1841 309 84 Montpellier,
1354 1841 116 84 23
1393 1841 116 84 août

81 1907 367 66 1842.
326 1907 204 66 1
407 1907 245 66 p.
530 1907 285 66 pl.
693 1907 245 66 et
815 1907 367 66 quart
1060 1907 367 66 in-8.
1304 1907 204 66 2
1345 1907 163 66 50

55 1941 187 93 1227.
180 1941 373 93 Audrein
491 1941 353 93 (Yves-Marie),
781 1941 207 93 évêque
926 1941 394 93 constitutionnel
1258 1941 124 93 de
1300 1941 207 93 Quimper,

104 2012 200 52 député
244 2012 120 52 du
304 2012 380 52 Morbihan
624 2012 100 52 à
664 2012 120 52 la
724 2012 300 52 Convention,
965 2012 260 52 assassiné
1165 2012 120 52 en
1225 2012 160 52 1800
1325 2012 160 52 pour
1405 2012 100 52 son

100 2050 179 50 vote
211 2050 179 50 dans
323 2050 134 50 le
390 2050 223 50 procès
546 2050 134 50 de
613 2050 201 50 Louis
747 2050 179 50 XVI.
859 2050 134 50 L.
926 2050 179 50 aut.
1038 2050 201 50 sig.,
1172 2050 156 50 aux
1261 2050 246 50 membres
1418 2050 89 50 de

100 2096 352 69 l’Assemblée
381 2096 399 69 constituante.
710 2096 141 69 12
780 2096 188 69 juin
898 2096 211 69 1792.
1039 2096 117 69 1
1085 2096 141 69 p.
1156 2096 164 69 pl.
1250 2096 211 69 in-4.
1391 2096 117 69 7
1414 2096 94 69 50

149 2135 191 73 Envoi
276 2135 191 73 d’une
404 2135 191 73 somme
531 2135 127 73 de
595 2135 170 73 cent
701 2135 191 73 vingt
828 2135 212 73 livres
977 2135 127 73 en
1041 2135 276 73 assignats
1253 2135 234 73 offerte
1402 2135 106 73 par

102 2176 145 72 une
185 2176 227 72 société
350 2176 145 72 des
433 2176 165 72 amis
536 2176 124 72 de
598 2176 124 72 la
660 2176 331 72 Constitution
929 2176 165 72 pour
1033 2176 227 72 déposer
1198 2176 145 72 sur
1281 2176 227 72 l’autel
1425 2176 83 72 de

100 2236 126 62 la
163 2236 232 62 patrie,
331 2236 126 62 et
395 2236 126 62 de
458 2236 189 62 trois
584 2236 274 62 assignats
794 2236 126 62 de
858 2236 168 62 cinq
963 2236 210 62 livres
1110 2236 147 62 que
1194 2236 147 62 les
1279 2236 232 62 enfants
1426 2236 84 62 de

101 2290 198 56 chœur
233 2290 132 56 de
299 2290 264 56 l’église
497 2290 308 56 cathédrale
739 2290 132 56 et
805 2290 330 56 paroissiale
1070 2290 132 56 de
1136 2290 220 56 Vannes
1268 2290 242 56 supplient

101 2332 340 83 l’Assemblée
373 2332 295 83 nationale
600 2332 136 83 de
668 2332 181 83 leur
781 2332 295 83 permettre
1008 2332 136 83 de
1076 2332 295 83 concourir
1303 2332 204 83 aussi
1416 2332 91 83 de

103 2384 186 51 leurs
228 2384 207 51 petits
372 2384 207 51 moyens
517 2384 145 51 aux
600 2384 186 51 frais
724 2384 124 51 de
786 2384 124 51 la
849 2384 207 51 guerre
993 2384 124 51 de
1056 2384 124 51 la
1097 2384 207 51 liberté.

55 2401 187 111 1228.
180 2401 394 111 Augereau
512 2401 145 111 (le
594 2401 290 111 maréchal),
823 2401 145 111 duc
906 2401 124 111 de
968 2401 332 111 Castiglione.
1237 2401 270 111 Apostille
1424 2401 83 111 de

103 2480 154 57 six
191 2480 220 57 lignes
345 2480 154 57 aut
433 2480 198 57 sig.,
565 2480 198 57 comme
697 2480 352 57 représentant
982 2480 132 57 du
1048 2480 242 57 peuple,
1224 2480 220 57 signée
1356 2480 154 57 aussi

110 2522 114 68 par
175 2522 114 68 les
240 2522 276 68 représentants
467 2522 211 68 Porte,
630 2522 260 68 Destrem
841 2522 130 68 Jos.
922 2522 276 68 Martin
1150 2522 97 68 et
1198 2522 81 68 F
1215 2522 292 68 Lamarque

105 2575 122 44 en
166 2575 183 44 marge
288 2575 183 44 d’une
410 2575 265 44 pétition.
613 2575 204 44 Paris,
756 2575 102 44 3
797 2575 265 44 thermidor
1000 2575 122 44 an
1061 2575 163 44 VII.
1163 2575 102 44 1
1204 2575 122 44 p.
1265 2575 224 44 in-fol.
1428 2575 102 44 3
1448 2575 61 44 »

63 2615 163 60 1229.
171 2615 307 60 Auguis
424 2615 289 60 (Fr.-J.-B.),
659 2615 181 60 député
786 2615 127 60 des
858 2615 398 60 Deux-Sèvres
1202 2615 90 60 à
1238 2615 108 60 la
1274 2615 235 60 Convention.

100 2668 159 69 L.
180 2668 212 69 aut.
313 2668 212 69 sig.
446 2668 266 69 Melle;
632 2668 398 69 48-brumaire
950 2668 159 69 an
1030 2668 159 69 X.
1110 2668 133 69 1
1163 2668 159 69 p.
1242 2668 239 69 in-4.
1402 2668 133 69 2
1428 2668 80 69 »

58 2711 176 70 1230.
176 2711 353 70 Bachelû
470 2711 157 70 (lei
568 2711 255 70 général),
764 2711 118 70 1°
823 2711 118 70 L.
882 2711 157 70 aut.
980 2711 176 70 sig.,
1097 2711 98 70 à
1137 2711 157 70 M...
1235 2711 196 70 Paris,
1372 2711 118 70 21
1411 2711 98 70 fé-

103 2763 192 63 vrier
231 2763 192 63 1838.
358 2763 128 63 /2
422 2763 128 63 p.
486 2763 128 63 et
550 2763 192 63 demié
678 2763 192 63 in-8.
806 2763 107 63 —
848 2763 128 63 2°
912 2763 192 63 Copie
1040 2763 298 63 manuscrite
1275 2763 128 63 de
1339 2763 128 63 sa
1381 2763 128 63 pro

428 322 306 97 DOCUMENTS
676 322 306 97 HISTORIQUES,
906 322 191 97 ETC.

254 465 410 114 DE
528 465 273 114 A.
619 465 638 114 LAEHDET,

346 580 181 82 A
460 580 227 82 Paris,
618 580 159 82 rue
709 580 385 82 Saint-Lazare,
1004 580 181 82 24

466 1217 218 93 N°
611 1217 145 93 8.
684 1217 121 93 —
732 1217 194 93 MARS
829 1217 242 93 1857
