1577 2842
619 11 191 83 —
695 11 229 83 99
772 11 115 83 —

26 90 165 88 1249.
136 90 349 88 Bergoing
430 90 276 88 (François),
650 90 184 88 député
779 90 110 88 de
834 90 110 88 la
889 90 331 88 Gironde
1165 90 92 88 à
1201 90 110 88 la
1238 90 239 88 Convention.

69 164 148 57 L.
143 164 198 57 aut.
267 164 198 57 sig.
391 164 247 57 Paris,
564 164 124 57 9
613 164 272 57 floréal
811 164 148 57 an
885 164 173 57 VI.
984 164 322 57 Demi-page
1232 164 223 57 in-4.
1380 164 124 57 2
1405 164 74 57 »

28 202 161 68 1250.
136 202 323 68 Berlier
404 202 287 68 (Théophile),
638 202 179 68 député
763 202 108 68 de
817 202 108 68 la
871 202 359 68 Côte-d’Or
1175 202 90 68 à
1211 202 108 68 la
1247 202 233 68 Convention.

69 257 139 55 L.
138 257 185 55 aut.
254 257 185 55 sig.
370 257 231 55 Paris,
532 257 139 55 26
601 257 231 55 nivôse
763 257 139 55 an
832 257 162 55 VI.
925 257 116 55 1
971 257 139 55 p.
1040 257 208 55 in-4.
1179 257 254 55 Cachet.
1364 257 116 55 2
1387 257 93 55 50

22 297 185 64 1251.
146 297 288 64 Bernard
372 297 144 64 des
454 297 329 64 Sablons,
722 297 206 64 député
866 297 123 64 de
928 297 514 64 Seine-et-Marne
1380 297 103 64 à
1401 297 82 64 la

73 357 325 71 Convention.
334 357 130 71 L.
399 357 174 71 aut.
507 357 174 71 sig.
616 357 217 71 Paris,
767 357 130 71 11
832 357 260 71 frimaire
1028 357 130 71 an
1093 357 152 71 IV,
1179 357 108 71 1
1223 357 130 71 p.
1288 357 130 71 et
1331 357 152 71 demie

-46 401 1251 61 in-4.
788 401 695 61 2
927 401 556 61 50

26 423 190 78 1252.
153 423 465 78 Berthollet,
554 423 211 78 savant
702 423 275 78 chimiste,
913 423 275 78 sénateur.
1124 423 127 78 L.
1187 423 169 78 aut.
1293 423 190 78 sig.,
1399 423 84 78 au

68 497 311 54 citoyen
294 497 424 54 Guillaumot.
633 497 283 54 Paris,
831 497 141 54 1
888 497 170 54 p.
973 497 255 54 in-4.
1143 497 311 54 Cachet.
1369 497 141 54 2
1397 497 85 54 »

26 531 185 75 1253.
150 531 493 75 Beurnonville,
581 531 247 75 maréchal
766 531 123 75 de
828 531 226 75 France.
992 531 123 75 Né
1054 531 103 75 à
1074 531 411 75 Champignole

74 597 342 62 (Côte-d’Or).
351 597 128 62 L.
415 597 171 62 aut.
522 597 192 62 sig.,
650 597 107 62 à
693 597 128 62 M.
757 597 235 62 Servan,
928 597 256 62 ministre
1120 597 128 62 de
1184 597 128 62 la
1248 597 235 62 guerre.
1398 597 85 62 Au

74 639 179 55 camp
186 639 134 55 de
253 639 269 55 Marquet,
454 639 179 55 près
566 639 224 55 Lille,
723 639 134 55 le
791 639 134 55 15
858 639 179 55 juin
970 639 202 55 1792.
1104 639 112 55 4
1149 639 157 55 gr.
1239 639 134 55 p.
1306 639 157 55 pl.
1373 639 112 55 in-

-79 690 1390 57 fol.
790 690 869 57 8
964 690 521 57 »

125 730 230 65 Rapport
293 730 314 65 intéressant
544 730 147 65 sur
628 730 377 65 l’organisation
942 730 126 65 de
1004 730 126 65 sa
1067 730 251 65 brigade.
1256 730 126 65 Il
1319 730 147 65 lui
1381 730 105 65 de-

72 784 205 71 mande
209 784 183 71 pour
323 784 365 71 aide-de-camp
620 784 137 71 M.
688 784 319 71 Macdonald,
939 784 319 71 lieutenant
1190 784 137 71 au
1259 784 160 71 87e
1327 784 160 71 régi-

73 833 193 52 ment,
201 833 278 52 ci-devant
394 833 235 52 Dillon...

30 876 166 75 1254.
140 876 313 75 Bézard
398 876 387 75 (François-Simon),
730 876 184 75 député
859 876 111 75 de
914 876 313 75 l'Oise
1172 876 92 75 à
1209 876 111 75 la
1246 876 240 75 Convention.

74 928 135 61 L.
141 928 179 61 aut.
253 928 179 61 sig.
365 928 135 61 15
432 928 247 61 floréal
612 928 135 61 an
679 928 157 61 IX.
769 928 112 61 1
813 928 135 61 p.
881 928 247 61 in-fol.
1060 928 179 61 Tête
1172 928 291 61 imprimée,
1374 928 112 61 vi-

-19 987 1274 47 gnette.
908 987 579 47 2
1024 987 463 47 50

31 1023 168 60 1255.
143 1023 299 60 Bissy
386 1023 112 60 le
442 1023 168 60 jeune
554 1023 429 60 (Jacques-François),
927 1023 187 60 député
1058 1023 112 60 de
1114 1023 112 60 la
1170 1023 336 60 Mayenne
1431 1023 56 60 à

79 1074 121 52 la
139 1074 302 52 Convention.
381 1074 121 52 L.
441 1074 161 52 aut.
542 1074 161 52 sig.
642 1074 201 52 Paris,
783 1074 121 52 13
843 1074 201 52 nivôse
984 1074 121 52 an
1044 1074 121 52 V.
1105 1074 101 52 1
1145 1074 121 52 p.
1205 1074 141 52 pl.
1286 1074 181 52 in-4.
1407 1074 101 52 3
1427 1074 60 52 »

31 1100 172 86 1256.
146 1100 364 86 Blanqui,
452 1100 192 86 député
586 1100 134 86 des
663 1100 498 86 Alpes-Maritimes
1104 1100 96 86 à
1142 1100 115 86 la
1200 1100 287 86 Convention.
1410 1100 77 86 L.

74 1176 199 57 sig.,
206 1176 199 57 comme
339 1176 353 57 représentant
626 1176 132 57 du
692 1176 243 57 peuple,
868 1176 154 57 aux
956 1176 375 57 représentants
1265 1176 132 57 du
1309 1176 177 57 peuple

76 1220 168 56 près
181 1220 126 56 de
244 1220 231 56 l’armée
412 1220 147 56 des
497 1220 505 56 Pyrénées-Orientales.
938 1220 210 56 Nîmes,
1085 1220 105 56 6
1127 1220 252 56 prairial
1317 1220 126 56 an
1359 1220 126 56 III.

68 1274 151 57 2
128 1274 212 57 gr.
249 1274 181 57 p.
340 1274 332 57 in-fol.
581 1274 242 57 Tête
733 1274 393 57 imprimée,
1035 1274 393 57 vignette.
1337 1274 151 57 3
1367 1274 121 57 50

31 1308 168 72 1257.
143 1308 335 72 Blutel,
422 1308 186 72 député
553 1308 112 72 de
609 1308 112 72 la
665 1308 503 72 Seine-Inférieure
1112 1308 93 72 à
1149 1308 112 72 la
1205 1308 279 72 Convention.
1410 1308 74 72 L.

78 1368 161 63 aut.
179 1368 181 63 sig.,
299 1368 161 63 sig.
400 1368 181 63 aussi
521 1368 141 63 par
602 1368 262 63 Mariette,
803 1368 181 63 Duval
924 1368 121 63 et
984 1368 262 63 Bailleul.
1186 1368 201 63 Paris,
1327 1368 121 63 30
1367 1368 121 63 bru-

51 1411 418 55 maire
329 1411 278 55 an
468 1411 278 55 V.
607 1411 232 55 1
700 1411 278 55 p.
839 1411 325 55 pl.
1025 1411 418 55 in-4.
1303 1411 232 55 3
1350 1411 139 55 »

31 1454 170 67 1258.
145 1454 246 67 Bo
334 1454 378 67 (Jean-Baptiste),
655 1454 189 67 député
787 1454 113 67 de
844 1454 378 67 l'Aveyron
1166 1454 95 67 à
1203 1454 113 67 la
1241 1454 246 67 Convention.

75 1505 199 70 Pièce
207 1505 177 70 aut.
318 1505 177 70 sig.
428 1505 243 70 Nantes,
604 1505 132 70 23
671 1505 265 70 messidor
869 1505 132 70 an
935 1505 154 70 II.
1024 1505 287 70 Demi-page
1244 1505 199 70 in-4.
1355 1505 132 70 Tête

28 1555 695 51 impr.,
514 1555 903 51 vignette.
1208 1555 347 51 2
1278 1555 208 51 »

33 1593 163 64 1259.
142 1593 290 64 Bohan
378 1593 218 64 (Alain),
541 1593 182 64 député
668 1593 109 64 du
723 1593 363 64 Finistère
1031 1593 91 64 à
1068 1593 109 64 la
1122 1593 272 64 Convention.
1340 1593 109 64 L.
1376 1593 109 64 aut.

72 1648 206 61 sig.
201 1648 257 61 Paris,
381 1648 154 61 19
458 1648 308 61 pluviôse
689 1648 154 61 an
766 1648 180 61 IV.
869 1648 129 61 1
921 1648 154 61 p.
998 1648 154 61 et
1075 1648 231 61 quart
1229 1648 231 61 in-4.
1383 1648 129 61 3
1409 1648 77 61 »

33 1706 170 65 1260.
146 1706 339 65 Boisset
429 1706 245 65 (Joseph),
618 1706 189 65 député
750 1706 113 65 de
806 1706 113 65 la
863 1706 302 65 Drôme
1108 1706 94 65 à
1146 1706 113 65 la
1202 1706 283 65 Convention.
1410 1706 75 65 L.

68 1746 223 71 aut.
207 1746 223 71 sig.
347 1746 278 71 Paris,
541 1746 139 71 8
597 1746 334 71 pluviôse
848 1746 167 71 an
931 1746 195 71 VI.
1043 1746 139 71 1
1098 1746 167 71 p.
1182 1746 251 71 in-4.
1349 1746 139 71 2
1377 1746 111 71 25

33 1790 164 67 1261.
142 1790 309 67 Bollet
397 1790 400 67 (Philippe-Albert),
742 1790 182 67 député
870 1790 109 67 du
924 1790 437 67 Pas-de-Calais
1306 1790 91 67 à
1342 1790 109 67 la
1379 1790 109 67 Con

75 1845 256 80 vention.
267 1845 277 80 Assassiné
480 1845 128 80 en
544 1845 192 80 1796.
672 1845 128 80 L.
736 1845 171 80 aut.
843 1845 171 80 sig.
950 1845 213 80 Paris,
1099 1845 107 80 9
1142 1845 256 80 germinal
1334 1845 128 80 an
1376 1845 107 80 XI.

4 1899 463 52 1
190 1899 556 52 p.
467 1899 833 52 in-4.
1023 1899 463 52 2
1116 1899 370 52 50

34 1933 179 67 1262.
153 1933 337 67 Bonald
431 1933 139 67 (le
510 1933 218 67 vicomte
669 1933 159 67 de),
769 1933 218 67 célèbre
927 1933 238 67 écrivain
1106 1933 278 67 politique,
1324 1933 159 67 pair
1404 1933 79 67 de

76 1992 238 60 France,
249 1992 216 60 membre
401 1992 130 60 de
466 1992 325 60 l’Institut.
726 1992 130 60 L.
791 1992 173 60 aut.
899 1992 195 60 sig.,
1029 1992 130 60 au
1093 1992 195 60 baron
1223 1992 130 60 de
1267 1992 216 60 Trémont.

64 2039 380 62 Millau,
341 2039 207 62 19
445 2039 277 62 juin
618 2039 311 62 1813.
825 2039 173 62 3
894 2039 207 62 p.
998 2039 242 62 pl.
1136 2039 311 62 in-4.
1344 2039 173 62 6
1378 2039 104 62 »

124 2080 185 65 Longs
248 2080 226 65 détails
412 2080 144 65 sur
494 2080 144 65 des
577 2080 349 65 constructions
864 2080 123 65 et
926 2080 349 65 améliorations
1214 2080 103 65 à
1255 2080 185 65 faire
1358 2080 123 65 dans

79 2133 124 57 la
141 2133 227 57 ville..
306 2133 309 57 L’armistice
553 2133 165 57 nous
657 2133 227 57 donnera
821 2133 165 57 sans
924 2133 186 57 doute
1048 2133 124 57 la
1110 2133 186 57 paix,
1234 2133 124 57 il
1295 2133 124 57 la
1337 2133 144 57 croit

77 2183 362 57 très-avancée.
375 2183 319 57 Sera-t-elle
630 2183 298 57 absolument
864 2183 277 57 générale?
1077 2183 191 57 C’est
1204 2183 128 57 ce
1268 2183 191 57 qu’il
1375 2183 106 57 est

77 2229 297 61 impossible
310 2229 318 61 d’affirmer.
565 2229 127 61 Il
629 2229 212 61 paraît
777 2229 149 61 que
862 2229 297 61 l’Autriche
1096 2229 106 61 a
1138 2229 255 61 beaucoup
1308 2229 170 61 influé

78 2281 142 51 sur
159 2281 122 51 la
220 2281 264 51 cessation
423 2281 142 51 des
504 2281 304 51 hostilités.
747 2281 142 51 Les
829 2281 264 51 victoires
1032 2281 122 51 et
1092 2281 142 51 les
1174 2281 203 51 revers
1316 2281 142 51 ont
1377 2281 101 51 af-

76 2329 206 47 faibli
221 2329 248 47 beaucoup
407 2329 144 47 les
489 2329 165 47 deux
592 2329 268 47 armées...
799 2329 124 47 Il
861 2329 206 47 aurait
1005 2329 206 47 désiré
1150 2329 206 47 savoir
1294 2329 144 47 son
1356 2329 124 47 opi-

75 2383 173 59 nion
184 2383 151 59 sur
270 2383 130 59 le
335 2383 260 59 discours
530 2383 130 59 de
595 2383 130 59 M.
659 2383 130 59 de
703 2383 389 59 Châteaubriand...

28 2410 200 70 1263.
161 2410 468 70 Bonaparte.
562 2410 134 70 L.
629 2410 178 70 sig.
740 2410 200 70 comme
874 2410 245 70 cénéral
1052 2410 134 70 en
1119 2410 178 70 chef
1230 2410 134 70 de
1275 2410 200 70 l’armée

74 2477 298 53 d’Egypte.
303 2477 275 53 Salahié,
510 2477 138 53 25
579 2477 298 53 thermidor
808 2477 138 53 an
877 2477 161 53 VI.
968 2477 298 53 Demi-page
1198 2477 252 53 in-fol.
1381 2477 115 53 5
1404 2477 69 53 »

28 2508 174 75 1264.
144 2508 386 75 Bonnesœur
472 2508 502 75 (Simon-Jacques-Henri),
917 2508 193 75 député
1052 2508 116 75 de
1110 2508 116 75 la
1168 2508 329 75 Manche
1419 2508 58 75 à

77 2579 118 61 la
136 2579 295 61 Convention.
372 2579 118 61 L.
431 2579 157 61 aut.
529 2579 157 61 sig.
628 2579 197 61 Paris,
765 2579 118 61 14
824 2579 197 61 nivôse
962 2579 118 61 an
1021 2579 138 61 II.
1100 2579 98 61 1
1139 2579 118 61 p.
1198 2579 138 61 pl.
1276 2579 177 61 in-4.
1394 2579 98 61 3
1414 2579 59 61 »

28 2625 167 60 1265.
140 2625 315 60 Bonnet
400 2625 445 60 (Joseph-Balthazard),
789 2625 204 60 avocat,
938 2625 186 60 député
1068 2625 111 60 de
1123 2625 315 60 l'Aude
1383 2625 93 60 à
1402 2625 74 60 la

72 2676 345 64 Convention.
348 2676 138 64 L.
417 2676 207 64 sig.,
554 2676 138 64 au
623 2676 253 64 conseil
807 2676 138 64 du
876 2676 345 64 département
1151 2676 161 64 des
1220 2676 253 64 Pyrénées
