1572 2876
605 27 185 108 —
679 27 259 108 104
790 27 111 108 —

73 129 385 82 Côte-d’Or
400 129 96 82 à
439 129 116 82 la
496 129 289 82 Convention.
727 129 116 82 L.
785 129 154 82 aut.
881 129 154 82 sig.
978 129 193 82 Paris,
1112 129 96 82 8
1151 129 250 82 thermidor
1343 129 116 82 an
1382 129 96 82 IV,

42 185 257 64 3
144 185 308 64 p.
298 185 360 64 pl.
504 185 308 64 et
658 185 462 64 demie
966 185 462 64 in-4.
1275 185 257 64 3
1326 185 154 64 »

27 241 177 67 1345.
145 241 373 67 Forfait,
460 241 236 67 ministre
637 241 118 67 de
696 241 118 67 la
755 241 216 67 marine.
912 241 118 67 L.
971 241 157 67 aut.
1069 241 157 67 sig.
1167 241 197 67 Paris,
1305 241 118 67 25
1344 241 138 67 fruc-

71 289 215 65 tidor
214 289 143 65 an
286 289 215 65 VIII.
429 289 119 65 2
477 289 143 65 p.
548 289 167 65 pl.
643 289 215 65 in-4.
787 289 191 65 Tête
906 289 310 65 imprimée,
1144 289 310 65 vignette.
1383 289 119 65 3
1406 289 72 65 »

24 349 208 62 1346.
163 349 347 62 Fourcroy
440 349 139 62 de
510 349 393 62 Ramecourt
834 349 393 62 (Charles-Réné
1158 349 185 62 de),
1251 349 231 62 maréchal

76 396 126 57 de
139 396 168 57 camp
244 396 126 57 du
307 396 210 57 génie,
454 396 210 57 auteur
601 396 126 57 de
664 396 273 57 plusieurs
873 396 252 57 ouvrages
1062 396 378 57 scientifiques,
1356 396 126 57 etc.

76 439 123 61 N.
137 439 184 61 1715.
259 439 123 61 M.
321 439 184 61 1791.
443 439 123 61 1°
505 439 123 61 L.
566 439 163 61 aut.
668 439 184 61 sig.,
791 439 102 61 à
831 439 123 61 M.
893 439 123 61 de
954 439 184 61 Buys.
1076 439 225 61 Bastia,
1240 439 123 61 le
1301 439 123 61 27
1342 439 143 61 avril

77 497 176 53 1774.
195 497 98 53 3
234 497 117 53 p.
292 497 176 53 in-4.
410 497 117 53 Au
468 497 176 53 sujet
585 497 117 53 de
644 497 234 53 l’emploi
820 497 117 53 du
878 497 273 53 mortier
1093 497 273 53 Loriot
1308 497 156 53 dans
1386 497 98 53 les

76 545 378 52 constructions.
391 545 105 52 —
433 545 126 52 2°
496 545 189 52 Copie
622 545 273 52 certifiée
833 545 126 52 et
896 545 210 52 signée
1043 545 147 52 par
1127 545 147 52 lui
1211 545 126 52 de
1274 545 126 52 la
1316 545 168 52 lettre

75 579 220 66 écrite
229 579 110 66 à
273 579 132 66 M.
339 579 132 66 le
405 579 198 66 comte
538 579 132 66 de
604 579 264 66 Marbeuf,
802 579 308 66 commandant
1044 579 132 66 en
1110 579 220 66 Corse,
1265 579 154 66 par
1353 579 132 66 M.
1397 579 88 66 le

76 637 242 55 masquis
252 637 132 55 de
318 637 330 55 Monteynard,
582 637 132 55 le
648 637 132 55 12
714 637 154 55 mai
803 637 198 55 1773.
935 637 110 55 3
979 637 154 55 gr.
1067 637 132 55 p.
1133 637 154 55 pl.
1221 637 242 55 in-fol.
1397 637 110 55 5
1419 637 66 55 »

33 674 174 72 1347.
149 674 349 72 Fourmy,
439 674 194 72 député
575 674 116 72 de
633 674 329 72 l'Orne
904 674 97 72 à
943 674 116 72 la
1001 674 290 72 Convention.
1233 674 116 72 L.
1291 674 155 72 aut.
1369 674 116 72 sig.

64 734 365 60 Paris,
319 734 219 60 30
428 734 365 60 nivôse
684 734 219 60 an
793 734 255 60 II.
939 734 182 60 1
1012 734 219 60 p.
1121 734 328 60 in-4.
1340 734 182 60 2
1377 734 109 60 »

32 764 177 96 1348.
150 764 354 96 Fournel
445 764 197 96 député
583 764 118 96 de
642 764 492 96 Lot-et-Garonne
1075 764 98 96 à
1114 764 118 96 la
1173 764 295 96 Convention.
1390 764 98 96 Mé

84 827 189 72 moire
210 827 168 72 (sur
315 827 126 72 sa
378 827 147 72 vie
461 827 315 72 politique).
713 827 168 72 Aut.
818 827 168 72 sig.
923 827 210 72 Paris,
1070 827 105 72 5
1112 827 273 72 thermidor
1321 827 126 72 an
1363 827 126 72 VIIe

2 892 495 50 2
200 892 594 50 p.
497 892 892 50 in-4.
1092 892 495 50 3
1191 892 297 50 »

37 913 172 74 1349.
151 913 363 74 Français
457 913 114 74 de
514 913 191 74 Nantes
647 913 134 74 (le
724 913 210 74 comte),
876 913 267 74 conseiller
1086 913 210 74 d’Etat,
1239 913 153 74 etc.
1334 913 114 74 L.
1373 913 114 74 aut.

71 976 247 62 sig.
225 976 309 62 Paris,
442 976 185 62 15
534 976 340 62 floréal
781 976 185 62 an
874 976 216 62 XI.
997 976 154 62 2
1059 976 185 62 p.
1151 976 278 62 in-4.
1337 976 154 62 1
1368 976 123 62 75

35 1009 182 78 1350.
156 1009 364 78 Fréron,
460 1009 162 78 fils
561 1009 121 78 du
621 1009 222 78 célèbre
783 1009 303 78 antagoniste
1026 1009 121 78 de
1086 1009 263 78 Voltaire,
1289 1009 202 78 député
1410 1009 81 78 de

84 1087 288 70 Paris
318 1087 90 70 à
354 1087 108 70 la
408 1087 270 70 Convention.
624 1087 162 70 Pièce
732 1087 144 70 aut.
823 1087 144 70 sig.
913 1087 180 70 Paris,
1039 1087 90 70 4
1075 1087 234 70 fructidor
1255 1087 108 70 an
1309 1087 126 70 IV.
1381 1087 90 70 1
1399 1087 90 70 gr.

53 1132 297 62 p.
202 1132 347 62 pl.
400 1132 297 62 et
549 1132 446 62 demie
847 1132 545 62 in-fol.
1243 1132 248 62 3
1293 1132 198 62 50

37 1169 184 76 1351.
159 1169 389 76 Frochot,
487 1169 205 76 préfet
630 1169 123 76 de
691 1169 123 76 la
753 1169 205 76 Seine.
896 1169 123 76 L.
957 1169 164 76 aut.
1059 1169 164 76 sig.
1162 1169 164 76 Sans
1264 1169 184 76 date.
1387 1169 102 76 1
1407 1169 82 76 p.

-34 1223 1248 61 in-4.
799 1223 694 61 1
937 1223 555 61 50

44 1267 163 75 1352.
153 1267 290 75 Gamon
388 1267 217 75 (F.-J.),
551 1267 181 75 député
677 1267 109 75 de
732 1267 362 75 l'Ardèche
1039 1267 145 75 à’la
1130 1267 272 75 Convention.
1347 1267 109 75 L.
1383 1267 109 75 aut.

50 1321 461 61 sig.
339 1321 749 61 Démi-page
915 1321 519 61 in-4.
1261 1321 288 61 2
1318 1321 173 61 »

38 1362 182 71 1353.
159 1362 324 71 Garat
422 1362 405 71 (Dominique-Jean,
766 1362 223 71 comte),
928 1362 324 71 constituant,
1191 1362 243 71 ministre
1374 1362 121 71 de
1414 1362 81 71 la

82 1413 235 74 justice,
259 1413 255 74 sénateur,
455 1413 157 74 etc,
553 1413 176 74 etc.,
670 1413 196 74 membre
807 1413 118 74 de
866 1413 294 74 l’Institut.
1101 1413 118 74 L.
1160 1413 157 74 aut.
1258 1413 157 74 sig.
1336 1413 157 74 Paris,

69 1464 225 65 29
182 1464 263 65 mai
332 1464 338 65 1807.
557 1464 188 65 1
633 1464 225 65 p.
745 1464 225 65 et
858 1464 338 65 demie
1083 1464 338 65 in-4.
1308 1464 188 65 2
1346 1464 150 65 50

42 1504 172 78 1354.
157 1504 268 78 Garnier
367 1504 115 78 de
425 1504 287 78 Xaintes
655 1504 172 78 (J.),
769 1504 211 78 avocat,
923 1504 191 78 député
1057 1504 115 78 de
1114 1504 115 78 la
1152 1504 345 78 Charente

91 1579 383 47 Inférieure
419 1579 91 47 à
456 1579 110 47 la
511 1579 274 47 Convention.
730 1579 110 47 L.
784 1579 146 47 aut.
876 1579 164 47 sig.,
985 1579 91 47 à
1022 1579 219 47 l’agence
1186 1579 128 47 des
1241 1579 256 47 subsistances

89 1613 303 67 générales.
328 1613 433 67 Château-Thierry,
696 1613 130 67 25
761 1613 260 67 germinal
956 1613 130 67 an
1021 1613 173 67 III.
1129 1613 108 67 3
1172 1613 152 67 gr.
1259 1613 130 67 p.
1302 1613 195 67 in

64 1677 395 44 Tête
310 1677 641 44 imprimée,
803 1677 641 44 vignette.
1297 1677 247 44 9
1346 1677 148 44 »

136 1698 195 74 Belle
266 1698 238 74 lettre.
439 1698 130 74 Il
504 1698 238 74 demande
677 1698 151 74 des
763 1698 238 74 secours
936 1698 173 74 pour
1044 1698 238 74 apaiser
1217 1698 151 74 les
1282 1698 216 74 troubles

91 1758 245 61 suscités
274 1758 163 61 dans
377 1758 123 61 le
438 1758 245 61 district
622 1758 143 61 par
703 1758 143 61 ses
785 1758 225 61 mesures
948 1758 266 61 relatives
1153 1758 143 61 aux
1214 1758 286 61 approvision-

91 1804 238 58 nements
264 1804 151 58 des
351 1804 238 58 grains.
524 1804 130 58 Il
589 1804 195 58 vient
719 1804 303 58 d’ordonner
956 1804 130 58 un
1021 1804 195 58 essai
1151 1804 130 58 de
1216 1804 238 58 mélange
1367 1804 130 58 d’un

91 1855 260 62 huitième
286 1855 260 62 d’avoine
481 1855 173 62 dans
589 1855 130 62 la
654 1855 216 62 farine
806 1855 325 62 journalière
1065 1855 130 62 de
1130 1855 368 62 consommation;
1411 1855 87 62 si

94 1901 189 64 cette
220 1901 294 64 expérience
451 1901 252 64 réussit,
639 1901 189 64 comme
765 1901 126 64 il
828 1901 273 64 l’espère,
1038 1901 126 64 ce
1101 1901 168 64 sera
1205 1901 147 64 une
1268 1901 231 64 ressource

96 1949 168 70 pour
201 1949 147 70 les
285 1949 272 70 habitants
494 1949 126 70 du
557 1949 168 70 pays
661 1949 168 70 qui,
766 1949 147 70 par
850 1949 188 70 cette
976 1949 251 70 mixtion,
1164 1949 335 70 prolongeront
1415 1949 84 70 la

80 1998 328 84 durée
298 1998 219 84 de
407 1998 328 84 leurs
626 1998 838 84 approvisionnements.

145 2030 182 72 Rozai
266 2030 142 72 mis
347 2030 122 72 en
408 2030 264 72 activité,
611 2030 122 72 il
672 2030 122 72 se
733 2030 203 72 fixera
875 2030 101 72 à
915 2030 203 72 Meaux,
1057 2030 142 72 «et
1138 2030 223 72 courant
1300 2030 122 72 de
1361 2030 162 72 l’un
1442 2030 61 72 à

95 2100 248 58 «l’autre
281 2100 269 58 district,
488 2100 124 58 il
550 2100 207 58 faudra
695 2100 145 58 que
777 2100 124 58 de
840 2100 145 58 ces
922 2100 186 58 trois
1046 2100 248 58 endroits
1232 2100 124 58 je
1274 2100 227 58 parvienne

95 2139 126 57 «à
158 2139 252 57 extraire
347 2139 168 57 tout
452 2139 126 57 ce
515 2139 210 57 qu'ils
662 2139 252 57 pourront
850 2139 210 57 offrir
997 2139 126 57 de
1060 2139 315 57 ressources,
1312 2139 189 57 mais,
1417 2139 84 57 il

94 2187 195 76 «faut
224 2187 130 76 le
289 2187 195 76 dire,
419 2187 173 76 sans
528 2187 152 76 une
614 2187 238 76 fermeté
788 2187 325 76 inflexible,
1048 2187 130 76 on
1113 2187 130 76 ne
1178 2187 217 76 pourra
1330 2187 195 76 venir
1438 2187 65 76 à

96 2233 187 62 «bout
221 2233 124 62 de
283 2233 124 62 la
345 2233 249 62 cupidité
532 2233 145 62 des
615 2233 352 62 cultivateurs.
905 2233 145 62 Ils
988 2233 124 62 ne
1050 2233 352 62 s’amollissent
1340 2233 145 62 que
1402 2233 104 62 de-

95 2282 195 56 «vant
225 2282 173 56 l’or
334 2282 130 56 et
399 2282 282 56 l’argent,
615 2282 173 56 tout
724 2282 195 56 autre
854 2282 282 56 sentiment
1071 2282 152 56 est
1157 2282 130 56 du
1222 2282 217 56 marbre
1352 2282 152 56 pour.

93 2331 197 69 «eux,
225 2331 154 69 des
312 2331 219 69 lucres
466 2331 285 69 sordides,
685 2331 197 69 voilà
817 2331 175 69 leur
905 2331 219 69 morale.»

52 2373 172 76 1355.
166 2373 363 76 Garnier,
472 2373 191 76 député
606 2373 115 76 de
663 2373 325 76 l'Aube
930 2373 95 76 à
968 2373 115 76 la
1026 2373 286 76 Convention.
1255 2373 115 76 L.
1312 2373 153 76 aut.
1388 2373 115 76 sig.

96 2432 213 64 Paris,
245 2432 234 64 dernier
415 2432 170 64 jour
522 2432 128 64 de
585 2432 128 64 la
649 2432 256 64 dernière
841 2432 213 64 décade
990 2432 128 64 du
1054 2432 149 64 4er
1139 2432 170 64 mois
1245 2432 128 64 de
1309 2432 170 64 l’an
1395 2432 106 64 II,

22 2476 494 58 2
220 2476 593 58 p.
516 2476 889 58 in-4.
1109 2476 494 58 3
1208 2476 296 58 »

53 2526 151 65 1356
147 2526 339 65 Garnot,
430 2526 188 65 député
562 2526 113 65 de
618 2526 471 65 Saint-Domingue
1033 2526 94 65 à
1071 2526 113 65 la
1127 2526 283 65 Convention.
1353 2526 113 65 L.
1391 2526 113 65 aut.

99 2582 186 70 sig.,
224 2582 124 70 au
286 2582 207 70 consul
431 2582 290 70 Bonaparte.
658 2582 207 70 Paris,
803 2582 104 70 6
845 2582 248 70 frimaire
1031 2582 124 70 an
1093 2582 186 70 VIII.
1217 2582 104 70 1
1259 2582 124 70 p.
1321 2582 124 70 et
1362 2582 145 70 demie

-6 2623 1385 56 in-fol.
1001 2623 630 56 3
1127 2623 378 56 »

54 2654 176 84 1357.
172 2654 333 84 Garré,
446 2654 274 84 chirurgien
662 2654 118 84 en
720 2654 157 84 chef
818 2654 137 84 des
897 2654 196 84 armées
1034 2654 118 84 du
1093 2654 157 84 roi.
1191 2654 274 84 Certificat
1386 2654 118 84 aut.

95 2719 217 83 sig.
231 2719 272 83 Paris,
421 2719 163 83 30
502 2719 353 83 septembre
774 2719 245 83 1793.
937 2719 353 83 Demi-page
1209 2719 245 83 in-4.
1372 2719 136 83 1
1399 2719 109 83 50
