1631 2913
623 20 184 93 —
697 20 258 93 107
807 20 111 93 —

52 113 179 80 1399.
172 113 318 80 Mante
430 113 219 80 (Mlle),
589 113 219 80 actrice
749 113 119 80 de
808 113 119 80 la
868 113 438 80 Comédie-Française.
1246 113 119 80 L.
1306 113 159 80 aut.
1386 113 119 80 sig.

78 173 407 61 Paris,
363 173 204 61 5
445 173 326 61 mars
648 173 366 61 1835.
892 173 204 61 1
974 173 244 61 p.
1096 173 366 61 in-8.
1340 173 204 61 2
1381 173 122 61 »

49 226 184 57 1400.
171 226 389 57 Marolles
499 226 143 57 (le
581 226 184 57 comte
704 226 164 57 de),
806 226 205 57 ancien
950 226 164 57 page
1052 226 123 57 du
1114 226 164 57 roi.
1216 226 123 57 L.
1278 226 164 57 aut.
1360 226 143 57 sig.,

95 263 141 62 au
165 263 258 62 vicomte
353 263 258 62 Mathieu
540 263 141 62 de
611 263 375 62 Montmorency.
916 263 235 62 Paris,
1080 263 117 62 6
1127 263 188 62 déc.
1244 263 211 62 1819.
1385 263 117 62 1
1408 263 94 62 p.

-23 322 1251 61 in-4.
811 322 695 61 1
950 322 556 61 50

48 376 181 63 1401.
169 376 403 63 Michelet,
511 376 322 63 littérateur,
772 376 282 63 historien,
994 376 201 63 membre
1135 376 121 63 de
1195 376 302 63 l’Institut.
1416 376 81 63 L.

95 408 168 57 aut.
200 408 168 57 sig.
306 408 126 57 (à
369 408 126 57 la
432 408 126 57 3e
495 408 295 57 personne),
727 408 105 57 à
769 408 126 57 M.
832 408 274 57 Letronne.
1043 408 190 57 1847.
1169 408 105 57 1
1211 408 126 57 p.
1274 408 190 57 in-8.
1401 408 105 57 1
1422 408 84 57 50

51 452 184 79 1402.
173 452 409 79 Michelot,
521 452 205 79 acteur
664 452 123 79 du
726 452 430 79 Théâtre-Français.
1094 452 123 79 L.
1155 452 164 79 aut.
1258 452 164 79 sig.
1339 452 164 79 Paris,

65 505 288 55 16
209 505 384 55 août
449 505 432 55 1837,
737 505 240 55 1
833 505 288 55 p.
977 505 432 55 in-4.
1265 505 240 55 1
1313 505 192 55 50

50 533 184 96 1403.
172 533 367 96 Mignet,
478 533 286 96 historien.
703 533 122 96 L.
764 533 163 96 aut.
866 533 163 96 sig.
968 533 204 96 Paris,
1111 533 122 96 29
1172 533 163 96 juin
1274 533 184 96 1843.
1397 533 102 96 1
1417 533 82 96 p.

8 594 750 70 pl.
436 594 964 70 in-4.
1079 594 535 70 2
1186 594 321 70 »

43 630 206 86 1404.
180 630 274 86 Musée
386 630 137 86 de
455 630 343 86 Cambrai
729 630 160 86 (L.
820 630 183 86 aut.
935 630 183 86 sig.
1049 630 137 86 du
1117 630 251 86 citoyen
1277 630 229 86 Charles

91 693 221 62 Aubert
246 693 288 62 Willaume,
467 693 332 62 commissaire
733 693 177 62 pour
843 693 133 62 la
910 693 310 62 confection
1153 693 155 62 des
1219 693 288 62 inventaires

87 747 206 67 du).
216 747 310 67 Cambrai,
448 747 155 67 13
526 747 413 67 vendémiaire,
861 747 155 67 an
938 747 181 67 IV.
1042 747 129 67 1
1093 747 155 67 p.
1171 747 284 67 in-fol.
1377 747 129 67 2
1403 747 103 67 50

47 798 173 57 1405.
162 798 365 57 Noailles
469 798 134 57 (le
546 798 173 57 comte
662 798 192 57 Alexis
796 798 154 57 de),
892 798 211 57 député.
1046 798 115 57 L.
1104 798 154 57 aut.
1200 798 173 57 sig.,
1315 798 96 57 à
1353 798 115 57 M.
1392 798 115 57 Sau-

92 831 192 66 vage,
220 831 299 66 professeur
455 831 107 66 à
497 831 278 66 Toulouse.
711 831 256 66 Noailles
903 831 299 66 (Corrèze),
1138 831 128 66 26
1202 831 235 66 juillet
1352 831 149 66 4834.

38 883 387 66 2
192 883 465 66 g.
425 883 465 66 p.
657 883 697 66 in-4.
1122 883 387 66 2
1199 883 310 66 50

46 925 185 69 1406.
170 925 330 69 Nublé
438 925 247 69 (Louis),
623 925 227 69 célèbre
788 925 206 69 avocat
932 925 124 69 au
994 925 268 69 Parlement
1200 925 124 69 de
1262 925 206 69 Paris.
1406 925 124 69 Né
1447 925 62 69 à

96 984 343 64 Amboise
382 984 400 64 (Indre-et-Loire).
724 984 114 64 L.
781 984 152 64 aut.
877 984 171 64 sig.,
991 984 95 64 à
1029 984 209 64 Ménage.
1181 984 248 64 Grenoble,
1372 984 95 64 7
1391 984 114 64 juin

88 1034 266 54 1645.
266 1034 148 54 3
325 1034 207 54 gr.
443 1034 177 54 p.
532 1034 207 54 pl.
650 1034 266 54 in-4.
827 1034 325 54 Cachets
1064 1034 177 54 et
1152 1034 296 54 soies.
1359 1034 177 54 12
1418 1034 89 54 »

143 1082 204 58 Lettre
285 1082 285 58 littéraire
509 1082 163 58 d’un
611 1082 285 58 très-grand
836 1082 245 58 intérêt.
1019 1082 122 58 Il
1080 1082 102 58 y
1121 1082 143 58 est
1202 1082 245 58 question
1365 1082 143 58 d’Ar-

92 1135 240 57 nauld,
260 1135 144 57 de
332 1135 264 57 Bignon,
524 1135 144 57 de
596 1135 240 57 Cujas,
764 1135 144 57 de
835 1135 288 57 Rigault,
1051 1135 144 57 de
1123 1135 288 57 Grotius,
1339 1135 144 57 de
1387 1135 120 57 Du-

96 1174 164 67 puy,
198 1174 205 67 etc...
341 1174 123 67 Il
403 1174 102 67 a
444 1174 266 67 autrefois
649 1174 143 67 ouï
731 1174 164 67 dire
833 1174 102 67 à
874 1174 266 67 quelqu’un
1079 1174 184 67 qu’il
1202 1174 184 67 avait
1325 1174 205 67 appris
1448 1174 61 67 à

96 1218 132 63 M.
162 1218 221 63 Bignon
317 1218 155 63 que
405 1218 132 63 M.
471 1218 132 63 de
538 1218 199 63 Cujas
670 1218 110 63 a
714 1218 177 63 fait
825 1218 265 63 quelques
1023 1218 221 63 leçons
1178 1218 110 63 à
1222 1218 221 63 Paris.
1377 1218 132 63 Il
1421 1218 88 63 ne

100 1276 119 51 se
160 1276 238 51 souvient
338 1276 139 51 pas
418 1276 99 51 à
457 1276 139 51 qui
537 1276 198 51 c’est,
676 1276 179 51 etc.,
775 1276 119 51 etc.

45 1305 229 68 1407.
197 1305 407 68 Numéraire
528 1305 153 68 de
604 1305 153 68 la
680 1305 254 68 France
858 1305 280 68 passant
1062 1305 127 68 à
1087 1305 407 68 l’étranger

95 1364 236 64 Lettre
260 1364 236 64 signée
425 1364 165 64 des
520 1364 259 64 Membres
708 1364 141 64 du
779 1364 236 64 Comité
944 1364 141 64 de
1015 1364 424 64 correspondance
1369 1364 141 64 de
1416 1364 94 64 la

96 1414 246 59 Société
275 1414 291 59 populaire
498 1414 291 59 régénérée
722 1414 134 59 de
789 1414 134 59 la
856 1414 246 59 Commune
1035 1414 134 59 de
1102 1414 224 59 Chagny
1237 1414 268 59 (Saône-

97 1462 254 56 Loire),
282 1462 162 56 aux
374 1462 301 56 président
605 1462 139 56 et
675 1462 254 56 membres
860 1462 139 56 de
929 1462 139 56 la
998 1462 324 56 Convention
1230 1462 277 56 nationale,

99 1508 171 62 pour
205 1508 171 62 leur
312 1508 256 62 dénoncer
504 1508 128 62 le
568 1508 235 62 passage
739 1508 107 62 à
781 1508 235 62 travers
952 1508 171 62 leur
1059 1508 192 62 ville
1187 1508 128 62 de
1230 1508 277 62 guimbardes,

97 1566 277 59 voitures
305 1566 301 59 publiques
536 1566 277 59 chargées
744 1566 139 59 de
813 1566 324 59 numéraire,
1068 1566 208 59 etc.,
1206 1566 185 59 etc.
1299 1566 208 59 Chagny,

89 1596 174 61 22
176 1596 378 61 thermidor
467 1596 174 61 an
554 1596 203 61 II.
670 1596 145 61 1
728 1596 174 61 p.
815 1596 203 61 pl.
931 1596 261 61 in-4.
1105 1596 349 61 Cachets.
1367 1596 145 61 3
1396 1596 116 61 50

58 1642 151 72 1407
152 1642 282 72 bis
378 1642 320 72 Onslow
641 1642 263 72 (Georges),
848 1642 301 72 compositeur,
1093 1642 188 72 membre
1225 1642 113 72 de
1262 1642 245 72 l’Institut.

104 1696 124 66 L.
166 1696 165 66 aut.
270 1696 186 66 sig.,
394 1696 124 66 au
456 1696 186 66 baron
579 1696 124 66 de
641 1696 248 66 Trémont.
827 1696 289 66 Bellerive,
1055 1696 124 66 26
1117 1696 227 66 juillet
1282 1696 186 66 1842.
1406 1696 103 66 3
1426 1696 83 66 p.

41 1746 572 73 pl.
368 1746 735 73 in-4.
858 1746 490 73 5.
1103 1746 408 73 7
1184 1746 327 73 50

149 1794 127 63 Il
212 1794 148 63 lui
297 1794 233 63 exprime
467 1794 127 63 sa
531 1794 233 63 douleur
700 1794 170 63 dans
806 1794 148 63 les
891 1794 212 63 termes
1039 1794 148 63 les
1124 1794 170 63 plus
1230 1794 276 63 touchants
1421 1794 85 63 au

102 1840 208 65 sujet
240 1840 138 65 de
310 1840 138 65 la
379 1840 185 65 mort
494 1840 138 65 de
563 1840 138 65 sa
632 1840 254 65 mère...
817 1840 208 65 «Nous
955 1840 231 65 sommes
1117 1840 185 65 tous
1232 1840 231 65 réunis
1394 1840 115 65 à
1417 1840 92 65 la

102 1902 313 51 «campagne,
348 1902 134 51 et
415 1902 112 51 y
460 1902 224 51 étions
617 1902 224 51 depuis
773 1902 179 51 bien
885 1902 157 51 peu
975 1902 134 51 de
1042 1902 201 51 temps
1176 1902 246 51 lorsque
1355 1902 179 51 nous
1445 1902 67 51 y

103 1927 178 61 «est
214 1927 267 61 parvenue
415 1927 312 61 l’affrense
660 1927 267 61 nouvelle
861 1927 134 61 de
927 1927 134 61 la
994 1927 178 61 mort
1106 1927 134 61 du
1173 1927 156 61 duc
1240 1927 267 61 d’Orléans.

102 1988 291 62 «L’Europe
325 1988 134 62 en
393 1988 246 62 devroit
572 1988 224 62 porter
728 1988 134 62 le
796 1988 224 62 deuil,
952 1988 157 62 car
1042 1988 269 62 l’Europe
1243 1988 157 62 est
1311 1988 201 62 menacée

106 2034 162 60 «par
207 2034 183 60 cette
329 2034 325 60 catastrophe.
593 2034 162 60 J’ai
694 2034 122 60 vu
755 2034 183 60 toute
877 2034 122 60 la
938 2034 304 60 révolution,
1181 2034 122 60 et
1242 2034 122 60 ce
1303 2034 162 60 dont
1384 2034 122 60 j’ai

106 2079 179 60 «été
217 2079 223 60 témoin
374 2079 201 60 n’est
507 2079 290 60 peut-être
731 2079 156 60 que
820 2079 134 60 le
887 2079 268 60 prologue
1088 2079 134 60 du
1155 2079 201 60 drame
1289 2079 246 60 réservé
1445 2079 67 60 à

105 2124 147 65 «la
189 2124 293 65 génération
419 2124 293 65 future!...
649 2124 147 65 Ah!
733 2124 147 65 mon
817 2124 168 65 ami,
922 2124 188 65 qu’il
1047 2124 147 65 est
1131 2124 272 65 difficile
1340 2124 126 65 de
1382 2124 126 65 gou-

102 2178 111 65 «
146 2178 223 65 verner
302 2178 156 65 les
369 2178 312 65 Français...»

55 2211 204 89 1408.
191 2211 453 89 Outremont
577 2211 272 89 (Anselme
781 2211 181 89 d’),
894 2211 227 89 avocat
1053 2211 136 89 au
1121 2211 317 89 Parlement,
1347 2211 159 89 nommé

102 2273 154 64 par
190 2273 198 64 Louis
322 2273 220 64 XVIII,
477 2273 220 64 membre
631 2273 132 64 du
697 2273 243 64 Conseil
874 2273 132 64 de
940 2273 132 64 la
1006 2273 243 64 Régence
1182 2273 243 64 pendant
1337 2273 176 64 l’émi-

103 2322 272 55 gration.
308 2322 136 55 L.
376 2322 182 55 aut.
489 2322 182 55 sig.
602 2322 136 55 Au
671 2322 250 55 château
852 2322 136 55 de
920 2322 295 55 Minières,
1147 2322 182 55 près
1238 2322 272 55 Montargis,

91 2368 225 61 11
203 2368 300 61 oct.
390 2368 337 61 1781.
615 2368 187 61 2
690 2368 225 61 p.
802 2368 337 61 in-4.
1027 2368 412 61 Cachet.
1327 2368 187 61 2
1364 2368 150 61 50

63 2408 184 69 1409.
185 2408 348 69 Pétion
472 2408 184 69 maire
594 2408 123 69 de
656 2408 205 69 Paris.
799 2408 123 69 L.
860 2408 184 69 sig.,
983 2408 143 69 aux
1065 2408 389 69 administrateurs
1392 2408 123 69 de
1433 2408 82 69 la

104 2462 235 64 maison
268 2462 141 64 de
338 2462 328 64 secours...
596 2462 235 64 Paris,
760 2462 141 64 19
831 2462 188 64 mars
948 2462 211 64 1792,
1089 2462 117 64 1
1136 2462 141 64 p.
1206 2462 258 64 in-fol.
1394 2462 117 64 2
1417 2462 94 64 50

57 2510 197 62 1410.
188 2510 263 62 Petit
385 2510 394 62 Degatines,
714 2510 219 62 avocat
867 2510 131 62 au
933 2510 285 62 Parlement
1152 2510 131 62 de
1217 2510 219 62 Paris:
1371 2510 131 62 1°
1414 2510 88 62 L.

102 2559 185 62 aut.
217 2559 208 62 sig.,
356 2559 115 62 à
402 2559 138 62 M.
471 2559 185 62 Hue,
586 2559 254 62 premier
771 2559 208 62 valet
909 2559 138 62 de
978 2559 254 62 chambre
1163 2559 138 62 du
1232 2559 185 62 roi.
1324 2559 185 62 Paris,

102 2609 112 48 6
146 2609 246 48 octobre
325 2609 201 48 1815.
459 2609 112 48 2
504 2609 134 48 p.
571 2609 156 48 pl.
661 2609 201 48 in-4;
795 2609 134 48 2°
862 2609 201 48 Envoi
996 2609 134 48 du
1063 2609 246 48 Mémoire
1242 2609 156 48 qui
1331 2609 201 48 suit:
1443 2609 67 48 —

110 2656 275 58 Quelques
329 2656 165 58 idées
439 2656 110 58 de
494 2656 165 58 salut
604 2656 183 58 public
732 2656 110 58 et
787 2656 110 58 de
842 2656 384 58 bienfaisance
1171 2656 92 58 5
1208 2656 128 58 gr.
1281 2656 110 58 p.
1336 2656 128 58 pl.
1391 2656 110 58 aut.

49 2696 616 91 sig.
434 2696 846 91 in-fol.
1126 2696 462 91 10
1280 2696 231 91 »
