1531 2936
623 46 178 99 —
659 46 178 99 108

50 129 163 110 1411.
159 129 308 110 Pillet
412 129 236 110 (Fabien),
593 129 290 110 littérateur,
829 129 109 110 né
883 129 91 110 à
919 129 272 110 Lyon
1137 129 217 110 (Rhône).
1300 129 181 110 Placet
1409 129 72 110 au

96 218 128 58 Roi
169 218 128 58 (en
242 218 183 58 vers),
370 218 146 58 aut.
461 218 146 58 sig.
552 218 237 58 Fabien
735 218 274 58 Pillet
954 218 146 58 l’un
1045 218 128 58 des
1118 218 237 58 écrivains
1282 218 201 58 proscrits

83 256 221 60 au
194 256 221 60 18
304 256 515 60 fructidor,
709 256 184 60 2
783 256 258 60 gr.
930 256 221 60 p.
1040 256 405 60 in-fol.
1335 256 184 60 5
1372 256 110 60 »

50 311 163 74 1412.
159 311 290 74 Piron
394 311 236 74 (Alexis),
575 311 181 74 poëte,
702 311 181 74 auteur
829 311 272 74 dramatique.
1046 311 254 74 Stances
1227 311 254 74 lyriques

95 369 166 49 en
205 369 295 49 remerciement
445 369 166 49 d’une
556 369 240 49 écritoire
741 369 111 49 de
796 369 166 49 Japon
907 369 166 49 garny
1018 369 240 49 d’or
1202 369 166 49 1734.
1313 369 92 49 4
1350 369 111 49 p.
1387 369 92 49 ple

97 416 173 53 aut.
206 416 195 53 in-4.
336 416 152 53 (Sa
422 416 281 53 signature
639 416 238 53 termine
812 416 130 53 la
877 416 130 53 4e
942 416 260 53 strophe,
1137 416 130 53 au
1202 416 217 53 milieu
1353 416 130 53 de
1396 416 87 53 la

17 457 587 58 2e
311 457 978 58 page).
995 457 587 58 20
1191 457 293 58 »

51 498 172 71 1413.
166 498 344 71 Planche
452 498 268 71 (Gustave),
663 498 306 71 littérateur.
911 498 115 71 L.
969 498 115 71 a.
1026 498 115 71 s.
1083 498 249 71 demi-page
1275 498 172 71 in-8.
1389 498 96 71 1
1409 498 76 71 50

46 546 205 81 1414.
183 546 320 81 Pocquet
434 546 137 81 de
503 546 434 81 Livonnière,
868 546 228 81 savant
1028 546 388 81 jurisconsulte
1324 546 160 81 d’Ans

97 606 198 78 gers.
229 606 132 78 L.
295 606 176 78 aut.
405 606 198 78 sig.,
537 606 110 78 à
581 606 132 78 M.
647 606 132 78 de
713 606 352 78 Lorchères...
999 606 242 78 Angers,
1175 606 132 78 25
1241 606 176 78 août
1329 606 154 78 1706,

44 652 379 92 4
196 652 455 92 p.
424 652 531 92 pl.
727 652 683 92 in-4.
1182 652 379 92 5
1258 652 228 92 »

146 713 341 53 Consultation
423 713 256 53 curieuse
615 713 128 53 au
679 713 192 53 sujet
807 713 171 53 d’un
913 713 213 53 procès
1063 713 107 53 à
1105 713 192 53 juger
1233 713 171 53 avec
1340 713 128 53 le
1382 713 107 53 duc

100 754 128 65 de
164 754 278 65 Villeroy,
378 754 257 65 seigneur
570 754 342 65 propriétaire
848 754 128 65 de
912 754 257 65 Mazères,
1104 754 171 65 pour
1211 754 150 65 des
1297 754 192 65 actes
1404 754 86 65 de

96 808 154 80 foi
184 808 132 80 et
250 808 264 80 hommage,
426 808 132 80 etc.

53 837 177 95 1415.
171 837 472 95 Polytechnique
585 837 197 95 (École
722 837 236 95 royale).
900 837 177 95 Notes
1018 837 236 95 relevées
1195 837 138 95 des
1254 837 236 95 Registres.

101 928 282 47 d’ordres,
319 928 152 47 des
405 928 261 47 rapports
601 928 326 47 journaliers
862 928 130 47 et
927 928 130 47 de
992 928 130 47 la
1057 928 391 47 Correspondance
1362 928 130 47 avec

98 958 144 61 le
170 958 313 61 Ministre,
411 958 168 61 des
507 958 289 61 Généraux
723 958 168 61 qui
820 958 168 61 ont
916 958 433 61 successivement
1252 958 241 61 commandé

101 1009 232 69 l’École
269 1009 211 69 depuis
417 1009 190 69 1830,
543 1009 168 69 pour
649 1009 274 69 constater
859 1009 147 69 les
943 1009 295 69 principaux
1175 1009 295 69 événements
1386 1009 105 69 que

103 1058 147 56 s’y
187 1058 168 56 sont
292 1058 210 56 passés
439 1058 252 56 jusqu’en
629 1058 189 56 1844,
755 1058 147 56 par
839 1058 126 56 le
902 1058 484 56 Lieutenant-Général,
1323 1058 168 56 pair
1407 1058 84 56 de

104 1098 232 66 France,
272 1098 295 66 inspecteur
504 1098 253 66 général,
694 1098 211 66 Moline
841 1098 126 66 de
904 1098 295 66 Saint-Yon.
1136 1098 211 66 Paris,
1283 1098 105 66 9
1304 1098 190 66 juillet

104 1149 184 66 1847.
226 1149 123 66 60
288 1149 143 66 gr.
370 1149 184 66 pages
492 1149 225 66 in-fol.
656 1149 184 66 Copie
779 1149 184 66 d’une
902 1149 246 66 écriture
1086 1149 286 66 très-belle
1311 1149 123 66 et
1352 1149 143 66 trèse

99 1197 273 63 nette,
290 1197 355 63 provenant
563 1197 191 63 des
672 1197 355 63 papiersdu
946 1197 301 63 général
1164 1197 273 63 Gazan.
1355 1197 164 63 10
1410 1197 82 63 »

52 1251 200 63 1416.
185 1251 288 63 Poncet
407 1251 133 63 de
473 1251 333 63 Lagrave
740 1251 355 63 (Guillaume),
1028 1251 288 63 procureur
1250 1251 244 63 général
1405 1251 89 63 de

106 1301 274 66 l’Amirauté,
325 1301 292 66 littérateur,
562 1301 256 66 historien.
763 1301 110 66 Né
818 1301 91 66 à
855 1301 402 66 Carcassonne
1202 1301 201 66 (Aude).
1348 1301 110 66 L.
1384 1301 110 66 aute

103 1363 206 55 sig.,
240 1363 114 55 à
286 1363 137 55 M.
354 1363 206 55 Nyon,
491 1363 297 55 libraire.
720 1363 251 55 Château
902 1363 137 55 de
971 1363 320 55 Vincennes,
1222 1363 137 55 13
1268 1363 228 55 novembre

61 1397 588 70 1789.
452 1397 326 70 2
583 1397 392 70 p.
779 1397 588 70 in-4.
1171 1397 326 70 3
1236 1397 261 70 50

60 1448 180 72 1417.
180 1448 399 72 Poujolat,
519 1448 280 72 historien.
739 1448 120 72 L.
799 1448 160 72 aut.
899 1448 180 72 sig.,
1019 1448 100 72 à
1059 1448 120 72 M.
1119 1448 120 72 le
1178 1448 260 72 président
1378 1448 120 72 de
1418 1448 80 72 la

102 1499 274 67 Société
301 1499 349 67 orientale.
575 1499 274 67 Hyères,
775 1499 149 67 13
849 1499 199 67 mars
974 1499 224 67 1845.
1123 1499 125 67 2
1173 1499 149 67 p.
1248 1499 224 67 in-8.
1397 1499 125 67 2
1422 1499 75 67 »

62 1539 170 78 1418.
175 1539 321 78 Quinet
440 1539 246 78 (Edgard),
629 1539 302 78 littérateur.
875 1539 113 78 L.
931 1539 113 78 a.
988 1539 113 78 s.
1045 1539 189 78 Paris,
1177 1539 94 78 7
1215 1539 151 78 juin
1309 1539 170 78 1848.
1422 1539 94 78 2
1441 1539 57 78 »

63 1598 170 77 1419.
176 1598 340 77 Raffet,
460 1598 208 77 célèbre
611 1598 283 77 dessinateur
837 1598 113 77 et
894 1598 227 77 peintre.
1064 1598 113 77 L.
1120 1598 151 77 aut.
1215 1598 170 77 sig.,
1328 1598 94 77 à
1366 1598 113 77 M.
1422 1598 113 77 de

89 1662 484 67 Musigny.
451 1662 242 67 11
572 1662 403 67 avril.
854 1662 201 67 1
935 1662 242 67 p.
1056 1662 363 67 in-8.
1298 1662 201 67 2
1338 1662 161 67 50

60 1707 193 87 1420.
188 1707 322 87 Rapp
446 1707 150 87 (le
532 1707 193 87 comte
661 1707 215 87 Jean),
811 1707 236 87 général
983 1707 129 87 de
1048 1707 129 87 la
1112 1707 301 87 République
1349 1707 129 87 et
1392 1707 107 87 de)

110 1755 244 67 l’Empire.
298 1755 113 67 Né
354 1755 94 67 à
392 1755 319 67 Colmar
654 1755 300 67 (Haut-Rhin).
898 1755 113 67 L.
954 1755 150 67 aut.
1048 1755 169 67 sig.,
1160 1755 94 67 à
1198 1755 113 67 M.
1235 1755 263 67 Clérembaults

97 1803 445 81 Dantzick,
439 1803 171 81 2
508 1803 240 81 mai
645 1803 308 81 1811.
850 1803 171 81 1
919 1803 206 81 p.
1022 1803 240 81 pl.
1159 1803 308 81 in-4.
1364 1803 171 81 5
1398 1803 103 81 »

65 1864 182 72 1421.
186 1864 445 72 Robespierre
570 1864 465 72 (Maximilien-Isidore
975 1864 162 72 de),
1076 1864 223 72 avocat,
1218 1864 283 72 littérateur,

107 1928 392 53 conventionnel.
434 1928 153 53 Mis
521 1928 109 53 à
565 1928 174 53 mort
674 1928 131 53 en
739 1928 196 53 1794.
870 1928 262 53 Fragment
1066 1928 174 53 aut.
1175 1928 174 53 d’un
1284 1928 196 53 poëme
1393 1928 109 53 (en

114 1960 198 76 vers),
253 1960 139 76 sur
332 1960 119 76 le
392 1960 238 76 mouchoir
570 1960 119 76 du
630 1960 317 76 prédicateur,
888 1960 179 76 chant
1007 1960 139 76 4e.
1086 1960 99 76 8
1126 1960 119 76 p.
1186 1960 139 76 pl.
1265 1960 179 76 in-4.
1384 1960 119 76 60
1424 1960 79 76 ».

234 2068 168 64 «Qui:
347 2068 150 64 tout
440 2068 299 64 prédicateur,
683 2068 94 64 à
721 2068 206 64 l’usage
852 2068 168 64 docile,

236 2101 293 71 «N’oseroit,
471 2101 156 71 sans
569 2101 254 71 mouchoir,
764 2101 234 71 annoncer
920 2101 254 71 l’Evangile.

235 2161 170 57 «Soit
348 2161 170 57 qu’il
462 2161 226 57 veuille,
631 2161 113 57 de
688 2161 151 57 Dieu
782 2161 245 57 rappelant
971 2161 113 57 la
1009 2161 132 57 bonté

235 2209 207 52 «Étaler
386 2209 113 52 de
442 2209 113 52 sa
499 2209 132 52 loi
574 2209 113 52 la
631 2209 188 52 sainte
744 2209 188 52 majesté;

237 2212 164 85 «Soit
346 2212 164 85 qu’il
456 2212 219 85 veuille,
620 2212 237 85 annonçant
802 2212 128 85 des
875 2212 201 85 vérités
1003 2212 219 85 terribles,

233 2284 177 72 «Nous
351 2284 216 72 peindre
509 2284 138 72 des
587 2284 236 72 méchants
764 2284 138 72 les
843 2284 236 72 tortures
1000 2284 236 72 horribles,

238 2327 205 48 «Ouvrir
387 2327 112 48 du
443 2327 149 48 noir
537 2327 168 48 enfer
648 2327 130 48 les
723 2327 224 48 gouffres
872 2327 205 48 éternels,

234 2365 137 51 «Il
313 2365 157 51 faut
411 2365 176 51 qu’un
528 2365 235 51 mouchoir
705 2365 176 51 blanc
822 2365 215 51 déployé
979 2365 137 51 sur
1057 2365 118 51 la
1096 2365 157 51 chaire

239 2407 202 59 «Brille,
391 2407 152 59 avant
492 2407 118 59 que
559 2407 202 59 l’apôtre
711 2407 118 59 ait
778 2407 135 59 dit:
863 2407 152 59 Au
964 2407 118 59 nom
1031 2407 101 59 du
1065 2407 185 59 Père

279 2452 139 50 «Le
358 2452 198 50 simple
497 2452 238 50 habitué,
675 2452 119 50 le
735 2452 218 50 docteur
873 2452 258 50 triomphant,

240 2489 128 49 «Le
313 2489 312 49 grand-vicaire
570 2489 202 49 altier,
717 2489 110 49 le
772 2489 147 49 curé
845 2489 202 49 vigilant,

237 2520 134 65 «Le
313 2520 230 65 chanoine
486 2520 115 65 si
543 2520 153 65 fier
639 2520 230 65 d’étaler
811 2520 134 65 sur
888 2520 115 65 sa
926 2520 172 65 manche,

237 2580 348 52 «L’éblouissant
526 2580 174 52 éclat
642 2580 116 52 de
700 2580 135 52 son
778 2580 213 52 hermine
913 2580 193 52 blanche;

241 2624 147 47 «Les
333 2624 147 47 fils
424 2624 110 47 de
480 2624 239 47 Dominique
663 2624 110 47 et
719 2624 129 47 les
792 2624 147 47 fils
884 2624 110 47 de
921 2624 202 47 François,

240 2667 134 49 «Et
317 2667 153 49 ceux
412 2667 134 49 qui
489 2667 115 49 de
547 2667 211 49 Bernard
700 2667 326 49 reconnoissent
968 2667 134 49 les
1026 2667 134 49 lois;

240 2697 133 67 «Le
316 2697 229 67 capucin,
488 2697 190 67 fameux
621 2697 133 67 par
697 2697 210 67 l’odeur
849 2697 171 67 qu’il
945 2697 152 67 exale,

242 2745 132 74 «Le
318 2745 226 74 récollet
487 2745 170 74 serré
600 2745 132 74 par
676 2745 113 74 la
732 2745 170 74 corde
826 2745 170 74 fatale;
