1548 2887
672 48 155 73 110

46 148 193 61 1442.
174 148 343 61 Talon
453 148 257 61 (Denis),
646 148 236 61 premier
818 148 215 61 avocat
968 148 236 61 général
1140 148 129 61 au
1204 148 279 61 parlement
1397 148 86 61 de

89 197 225 46 Paris.
246 197 225 46 Quitt.
403 197 180 46 sig.
516 197 180 46 (sur
628 197 247 46 parch.)
808 197 202 46 1680.
943 197 247 46 In-fol.
1123 197 135 46 en
1191 197 270 46 travers.
1393 197 112 46 2
1416 197 67 46 »

46 220 190 76 1443.
173 220 381 76 Tessier
490 220 465 76 (Henri-Alexandre),
892 220 254 76 agronome
1082 220 254 76 célèbre,
1273 220 211 76 membre
1399 220 85 76 de

91 285 277 67 l’Institut
309 285 119 67 L.
368 285 158 67 aut.
467 285 178 67 sig.,
586 285 99 67 à
626 285 119 67 M.
685 285 178 67 Morel
804 285 119 67 de
863 285 198 67 Vindé.
1002 285 257 67 Bazoches,
1200 285 119 67 27
1259 285 158 67 juin
1338 285 139 67 1828,

65 338 215 56 2
151 338 258 56 p.
280 338 301 56 pl.
452 338 386 56 in-8.
709 338 730 56 Intéressante.
1310 338 215 56 3
1353 338 129 56 »

40 373 168 74 1444.
152 373 354 74 Thabaud,
451 373 186 74 député
581 373 112 74 de
637 373 336 74 l'Indre
917 373 93 74 à
954 373 112 74 la
1010 373 280 74 Convention.
1234 373 112 74 L.
1290 373 149 74 aut.
1364 373 112 74 sig.

88 428 128 59 17
152 428 256 59 prairial
344 428 128 59 an
408 428 150 59 IV.
493 428 107 59 1
536 428 128 59 p.
600 428 192 59 in-4.
728 428 299 59 (Fortement
963 428 214 59 tachée
1113 428 342 59 d’humidité¬)
1391 428 107 59 2
1412 428 64 59 »

42 476 196 80 1445.
173 476 392 80 Thénard
499 476 152 80 (le
586 476 239 80 baron),
761 476 218 80 savant
913 476 283 80 chimiste.
1131 476 131 80 L.
1196 476 174 80 aut.
1305 476 174 80 sig.
1392 476 87 80 44

57 523 384 60 mai
276 523 493 60 1834.
605 523 274 60 1
715 523 329 60 p.
879 523 493 60 in-8.
1208 523 274 60 1
1263 523 219 60 50

42 571 183 62 1446.
163 571 406 62 Théroulde
508 571 203 62 (Dom),
650 571 304 62 bénédictin.
894 571 122 62 L.
955 571 162 62 aut.
1056 571 183 62 sig.,
1178 571 101 62 à
1218 571 122 62 M.
1259 571 223 62 Marchand,

86 626 283 72 intendant
304 626 131 72 du
369 626 152 72 duc
456 626 131 72 de
522 626 283 72 Bouillon.
740 626 218 72 Abbaye
892 626 131 72 de
957 626 196 72 Lyre,
1088 626 131 72 30
1153 626 261 72 décembre
1328 626 152 72 1789,

49 672 298 60 1
169 672 358 60 p.
348 672 537 60 in-4.
706 672 657 60 Cachet.
1184 672 298 60 2
1243 672 239 60 50

44 705 170 93 1447.
158 705 397 93 Thibandeau
498 705 341 93 (Ant.-Élaire),
782 705 189 93 député
914 705 114 93 de
971 705 114 93 la
1028 705 322 93 Vienne
1293 705 95 93 à
1331 705 114 93 la
1368 705 114 93 Cons

89 766 249 70 vention.
276 766 125 70 L.
338 766 166 70 aut.
442 766 166 70 sig.
546 766 208 70 Paris,
692 766 125 70 18
754 766 249 70 pluviôse
941 766 125 70 an
1003 766 125 70 X.
1066 766 125 70 1,
1128 766 125 70 p.
1190 766 187 70 in-4.
1294 766 187 70 (Fortes

66 810 378 67 ment
302 810 472 67 tachée
632 810 755 67 d’humidité.)
1246 810 236 67 1
1293 810 189 67 50

43 844 180 79 1448.
163 844 380 79 Thibault
483 844 140 79 (A.
563 844 160 79 M.),
663 844 160 79 curé
763 844 120 79 de
822 844 260 79 Sousyres,
1022 844 200 79 évêque
1142 844 340 79 constitutionnel

94 907 117 64 du
152 907 351 64 Cantal
445 907 117 64 et
503 907 195 64 député
640 907 117 64 de
698 907 117 64 ce
757 907 293 64 département
991 907 98 64 à
1030 907 117 64 la
1088 907 293 64 Convention.
1322 907 117 64 L.
1361 907 117 64 aut.

74 957 304 54 sig.
264 957 380 54 Paris,
530 957 228 54 an
644 957 342 54 VIII.
871 957 190 54 1
947 957 228 54 p.
1061 957 342 54 in-8.
1289 957 190 54 2
1327 957 152 54 90

41 1000 185 68 1449.
165 1000 371 68 Thouret
474 1000 495 68 (Jacques-Guillaume),
907 1000 206 68 avocat
1051 1000 124 68 au
1113 1000 268 68 parlement
1319 1000 124 68 de
1360 1000 124 68 Nors

87 1056 248 57 mandie,
268 1056 180 57 l’un
380 1056 158 57 des
470 1056 315 57 présidents
718 1056 135 57 de
785 1056 338 57 l’Assemblée
1055 1056 383 57 constituante.
1370 1056 135 57 Né
1415 1056 68 57 à

90 1102 458 56 Pont-l’Evêque
491 1102 286 56 (Calvados),
720 1102 134 56 mis
796 1102 95 56 à
834 1102 153 56 mort
930 1102 115 56 en
987 1102 172 56 1793.
1101 1102 172 56 Pièce
1216 1102 210 56 signée,
1349 1102 134 56 in

88 1149 127 61 en
151 1149 254 61 travers.
342 1149 148 61 Bon
426 1149 169 61 pour
532 1149 169 61 deux
638 1149 212 61 places
786 1149 106 61 à
828 1149 127 61 la
892 1149 190 61 barre
1019 1149 127 61 de
1082 1149 317 61 l’Assemblée
1315 1149 169 61 natio-

78 1195 287 52 nale,
269 1195 159 52 à
333 1195 191 52 la
428 1195 318 52 séance
651 1195 191 52 du
747 1195 191 52 12
842 1195 414 52 septembre
1161 1195 287 52 1791.
1352 1195 159 52 6
1383 1195 96 52 »

40 1238 193 67 1450.
169 1238 645 67 Thuriot-la-Riozière
749 1238 516 67 (Jacques-Alexandre),
1201 1238 215 67 député
1351 1238 129 67 de
1394 1238 86 67 la

91 1288 299 67 Marne
335 1288 94 67 à
372 1288 112 67 la
428 1288 281 67 Convention.
653 1288 112 67 L.
709 1288 150 67 aut.
802 1288 150 67 sig.
896 1288 187 67 Paris,
1027 1288 112 67 17
1083 1288 225 67 brumaire
1251 1288 112 67 an
1308 1288 131 67 IV.
1382 1288 94 67 1
1401 1288 75 67 p.

83 1352 167 48 et
167 1352 251 48 demie
334 1352 251 48 in-4.
501 1352 390 48 (Fortement
808 1352 279 48 tachée
1003 1352 446 48 d’humidité.)
1365 1352 139 48 3
1393 1352 84 48 »

44 1374 163 88 1451.
152 1374 325 88 Topsent
423 1374 126 88 (J.
496 1374 145 88 N.),
586 1374 181 88 député
712 1374 108 88 de
767 1374 307 88 l'Eure
1019 1374 90 88 à
1056 1374 108 88 la
1110 1374 271 88 Convention.
1326 1374 108 88 L.
1363 1374 108 88 auts

87 1441 177 59 sig.
197 1441 221 59 Paris,
352 1441 132 59 11
418 1441 199 59 sept.
550 1441 199 59 1793.
683 1441 309 59 (Fortement
925 1441 221 59 tachée
1080 1441 353 59 d’humidité.)
1367 1441 110 59 4
1389 1441 88 59 50

42 1475 181 84 1452.
162 1475 341 84 Toscan
443 1475 261 84 (George),
644 1475 361 84 bibliothécaire
944 1475 120 84 du
1005 1475 201 84 Muséum
1145 1475 281 84 d’histoire
1346 1475 140 84 natis

93 1540 193 55 relle,
228 1540 193 55 auteur
363 1540 116 55 de
421 1540 328 55 l'Histoire
691 1540 116 55 du
749 1540 154 55 lion
846 1540 116 55 du
904 1540 193 55 Muséum
1039 1540 232 55 national
1213 1540 116 55 et
1271 1540 116 55 de
1309 1540 174 55 son

92 1577 281 64 chien
324 1577 99 64 Né
374 1577 83 64 à
407 1577 314 64 Grenoble
671 1577 199 64 (Isère).
820 1577 99 64 L.
870 1577 132 64 aut.
953 1577 149 64 sig.,
1052 1577 83 64 à
1085 1577 99 64 M.
1135 1577 165 64 Amaury
1250 1577 165 64 Duval.
1350 1577 132 64 Paris,

75 1624 216 78 13
183 1624 432 78 prairial
507 1624 216 78 an
615 1624 288 78 XII.
796 1624 180 78 3
868 1624 216 78 p.
976 1624 252 78 pl.
1120 1624 324 78 in-4.
1336 1624 180 78 6
1372 1624 108 78 »

137 1676 210 63 Lettre
284 1676 337 63 intéressante
558 1676 126 63 en
621 1676 210 63 faveur
768 1676 168 63 d’un
873 1676 231 63 artiste
1041 1676 273 63 distingué
1252 1676 126 63 et
1315 1676 147 63 qui
1378 1676 105 63 est

86 1706 174 81 dans
195 1706 131 81 la
261 1706 174 81 plus
370 1706 262 81 profonde
566 1706 283 81 misère...
784 1706 218 81 «C’est
936 1706 218 81 Peppo,
1089 1706 218 81 ancien
1241 1706 174 81 chef
1328 1706 153 81 d’ore

92 1773 226 64 «chestre
261 1773 113 64 du
318 1773 207 64 théâtre
468 1773 113 64 de
525 1773 113 64 la
581 1773 207 64 trouppe
732 1773 263 64 italienne,
939 1773 150 64 dite
1033 1773 113 64 de
1089 1773 376 64 Monsieur
1390 1773 94 64 or-

90 1814 261 63 «chestre
286 1814 130 63 si
351 1814 239 63 renommé
525 1814 130 63 et
590 1814 174 63 dont
699 1814 130 63 il
764 1814 152 63 fut
851 1814 130 63 le
916 1814 282 63 créateur;
1133 1814 217 63 Peppo,
1285 1814 196 63 élève
1394 1814 87 63 de

91 1857 266 63 «Tartini,
295 1857 143 63 est
377 1857 123 63 le
439 1857 164 63 seul
541 1857 246 63 musicien
725 1857 143 63 qui
807 1857 246 63 professe
992 1857 328 63 actuellement
1258 1857 102 63 à
1299 1857 184 63 Paris
1401 1857 82 63 la

88 1911 265 68 «méthode
287 1911 133 68 et
353 1911 155 68 les
442 1911 287 68 principes
663 1911 133 68 de
729 1911 133 68 ce
796 1911 199 68 grand
928 1911 221 68 maître
1083 1911 199 68 Peppo
1216 1911 177 68 dont
1326 1911 133 68 le
1370 1911 111 68 nom

92 1955 150 64 «fut
186 1955 150 64 cité
280 1955 150 64 avec
374 1955 169 64 éloge
486 1955 113 64 et
542 1955 356 64 attendrissement
842 1955 150 64 dans
936 1955 169 64 la
1049 1955 263 64 décade
1255 1955 131 64 par
1330 1955 131 64 son
1386 1955 94 64 ami

85 2003 313 65 «d’Eymar,
326 2003 121 65 à
374 2003 193 65 côté
495 2003 145 65 de
567 2003 193 65 ceux
688 2003 145 65 de
760 2003 241 65 madame
929 2003 289 65 Mongeron
1146 2003 145 65 et
1218 2003 145 65 de
1266 2003 217 65 Viotti.

89 2055 212 53 «C’est
237 2055 233 53 l’homme
406 2055 190 53 enfin
533 2055 148 53 que
618 2055 148 53 les
702 2055 190 53 vrais
829 2055 254 53 amateurs
1020 2055 127 53 de
1083 2055 233 53 musique
1231 2055 254 53 placéront.

88 2107 274 64 «toujours
299 2107 127 64 au
362 2107 169 64 rang
468 2107 148 64 des
552 2107 274 64 meilleurs
763 2107 274 64 musiciens
974 2107 127 64 de
1038 2107 148 64 son
1122 2107 274 64 siècle...
1333 2107 169 64 etc.
1418 2107 63 64 »

39 2148 186 60 1453.
163 2148 392 60 Touchard
493 2148 227 60 (madame
658 2148 247 60 Louise),
844 2148 206 60 poëte.
988 2148 124 60 L.
1050 2148 165 60 aut.
1153 2148 186 60 sig.,
1277 2148 103 60 à
1318 2148 124 60 M.
1359 2148 124 60 Paul

81 2192 393 62 Delasalle.
390 2192 168 62 Le
474 2192 253 62 Mans,
642 2192 168 62 20
726 2192 224 62 août
867 2192 253 62 1837.
1035 2192 140 62 1
1091 2192 168 62 p.
1175 2192 253 62 in-4.
1344 2192 140 62 1
1372 2192 112 62 50

37 2235 180 79 1454.
157 2235 380 79 Toulouse
477 2235 520 79 (Marie-Victoire-Sophie
936 2235 120 79 de
996 2235 260 79 Noailles,
1196 2235 240 79 comtesse
1356 2235 120 79 de).

88 2289 125 58 L.
151 2289 125 58 a.
213 2289 145 58 s.,
296 2289 104 58 à
338 2289 374 58 SonEminence...
649 2289 332 58 Rambouillet,
919 2289 104 58 4
961 2289 187 58 juil.
1085 2289 104 58 2
1127 2289 125 58 p.
1189 2289 145 58 pl.
1272 2289 187 58 in-4.
1397 2289 104 58 6
1418 2289 62 58 »

134 2339 168 63 Elle
239 2339 210 63 espère
386 2339 147 63 que
470 2339 126 63 la
534 2339 168 63 mort
639 2339 126 63 du
702 2339 147 63 roi
786 2339 337 63 d’Angleterre
1059 2339 126 63 ne
1122 2339 315 63 l’empêchera
1354 2339 126 63 pas-

85 2385 284 74 longtemps
303 2385 131 74 de
369 2385 196 74 venir
500 2385 109 74 à
544 2385 349 74 Rambouillet.
827 2385 284 74 «Souvenés
1045 2385 196 74 vous,
1176 2385 284 74 monsieur,
1373 2385 109 74 que

86 2435 172 60 «vos
193 2435 172 60 deux
300 2435 258 60 derniers
494 2435 236 60 voiages
666 2435 150 60 nen
752 2435 193 60 valle
880 2435 150 60 pas
966 2435 150 60 un,
1052 2435 129 60 et
1117 2435 150 60 que
1203 2435 129 60 je
1267 2435 172 60 suis
1353 2435 129 60 tou-

86 2483 239 55 «jours
254 2483 263 55 charmée
445 2483 215 55 quand
588 2483 191 55 vous
708 2483 120 55 y
732 2483 263 55 venés...»

41 2524 183 72 1455.
163 2524 386 72 Tournely
487 2524 142 72 (le
569 2524 162 72 père
670 2524 244 72 Honoré),
853 2524 244 72 jésuite,
1035 2524 223 72 docteur
1198 2524 122 72 et
1238 2524 244 72 professeur

88 2579 135 57 de
155 2579 292 57 Sorbonne,
379 2579 269 57 chanoine
581 2579 135 57 de
648 2579 135 57 la
716 2579 426 57 Sainte-Chapelle
1074 2579 135 57 de
1142 2579 224 57 Paris.
1299 2579 135 57 L.
1343 2579 135 57 aut.

89 2633 187 76 sig.,
214 2633 104 76 à
255 2633 145 76 Mgr
338 2633 249 76 l’évêque
525 2633 124 76 de
587 2633 269 76 Soissons.
794 2633 207 76 Paris,
939 2633 104 76 5
981 2633 166 76 juin
1084 2633 187 76 1721.
1209 2633 104 76 3
1250 2633 145 76 gr.
1333 2633 124 76 p.
1374 2633 104 76 ple

-43 2667 1220 85 i-4.
719 2667 762 85 7
871 2667 610 85 50

139 2700 200 91 Lettre
279 2700 261 91 curieuse,
480 2700 120 91 au
540 2700 180 91 sujet
660 2700 140 91 des
740 2700 241 91 troubles
921 2700 261 91 religieux
1121 2700 120 91 du
1181 2700 200 91 temps.
1322 2700 140 91 Ils
1382 2700 100 91 ont
