1572 2900
72 129 161 79 reçu
173 129 161 79 hier
273 129 181 79 trois
394 129 222 79 lettres
556 129 121 79 de
616 129 383 79 cachet...«Après
939 129 121 79 la
999 129 222 79 lecture
1160 129 121 79 de
1221 129 141 79 ces
1281 129 202 79 lettres,

74 206 147 51 «le
158 206 211 51 syndic
306 206 147 51 fit
390 206 126 51 un
453 206 190 51 grand
579 206 253 51 discours
769 206 147 51 des
853 206 168 51 plus
958 206 253 51 violents
1148 206 126 51 et
1211 206 147 51 des
1295 206 168 51 plus
1380 206 105 51 sé-

77 255 211 49 «ditieux
235 255 334 49 expectabamus
516 255 246 49 pacem
709 255 193 49 dit-il,
850 255 105 49 et
903 255 193 49 ecce
1043 255 298 49 turbatio
1289 255 105 49 On
1342 255 123 49 lui
1394 255 88 49 de-

72 283 220 71 «manda
226 283 176 71 d’où
337 283 220 71 venait
491 283 132 71 ce
557 283 243 71 trouble
733 283 287 71 prétendu?
954 283 132 71 Ce
1020 283 198 71 n’est
1152 283 198 71 point
1285 283 154 71 des
1351 283 132 71 doc-

72 331 246 66 «teurs,
251 331 268 66 personne
452 331 157 66 n’a
541 331 224 66 encore
698 331 224 66 opiné.
855 331 201 66 C’est
989 331 179 66 donc
1101 331 157 66 des
1190 331 224 66 ordres
1324 331 157 66 mesme

74 383 143 65 «du
155 383 163 65 Roy,
257 383 245 65 auxquels
441 383 122 65 on
502 383 163 65 fait
604 383 245 65 l’iniure
788 383 122 65 de
849 383 163 65 dire
951 383 204 65 qu’ils
1094 383 225 65 portent
1257 383 122 65 le
1298 383 184 65 trouble

74 438 143 54 «et
155 438 123 54 le
217 438 266 54 désordre.
422 438 123 54 Il
483 438 205 54 aiouta
626 438 184 54 qu’il
749 438 225 54 falloit
913 438 184 54 tenir
1036 438 184 54 ferme
1159 438 164 54 pour
1261 438 123 54 la
1302 438 164 54 vérité

70 473 294 59 «Protester
301 473 147 59 que
385 473 168 59 l’on
490 473 189 59 obéit
616 473 126 59 au
679 473 147 59 Roy
763 473 189 59 in
889 473 147 59 his
973 473 147 59 quæ
1057 473 147 59 non
1141 473 168 59 sunt
1225 473 252 59 contra

72 531 503 55 «conscientiam
514 531 181 55 Autre
635 531 241 55 insulte,
816 531 181 55 comme
937 531 121 55 si
997 531 121 55 S.
1058 531 121 55 M.
1118 531 262 55 ordonnoit
1299 531 181 55 quelque

71 583 214 62 «chose
220 583 149 62 qui
306 583 149 62 fut
391 583 214 62 contre
540 583 128 62 le
604 583 214 62 devoir
754 583 128 62 de
818 583 128 62 la
882 583 320 62 conscience.
1138 583 128 62 Il
1202 583 235 62 apporta
1352 583 128 62 pour

71 621 252 57 «exemple
260 621 126 57 de
323 621 231 57 fermeté
491 621 189 57 celuy
617 621 126 57 du
680 621 189 57 grand
807 621 252 57 Éléasar.
996 621 168 57 Rien
1101 621 126 57 de
1164 621 168 57 plus
1248 621 231 57 atroce...

71 680 168 47 «...
176 680 147 47 Les
260 680 189 47 voilà
386 680 168 47 donc
491 680 252 47 déclarés
680 680 231 47 martyrs
849 680 126 47 de
912 680 126 47 la
975 680 168 47 foy,
1080 680 126 47 et
1143 680 126 47 le
1206 680 147 47 Roy
1269 680 210 47 proclamé

71 725 234 57 «tyran.
241 725 128 57 En
305 725 234 57 vérité,
476 725 341 57 Monseigneur,
753 725 128 57 si
816 725 170 57 cela
923 725 192 57 passe
1051 725 320 57 impunément,
1307 725 128 57 il
1349 725 128 57 faut

70 761 147 63 «se
154 761 231 63 retirer
322 761 126 63 et
385 761 294 63 abandonner
615 761 147 63 ces
699 761 231 63 furieux
867 761 105 63 à
909 761 168 63 leur
1014 761 231 63 mauvais
1181 761 231 63 sort...
1328 761 147 63 etc.»

21 813 205 55 1456.
158 813 478 55 Treilhard
568 813 228 55 avocat
727 813 137 55 au
795 813 296 55 parlement
1023 813 137 55 de
1091 813 228 55 Paris,
1250 813 228 55 député
1387 813 91 55 de

70 863 451 73 Seine-et-Oise
465 863 94 73 à
503 863 113 73 la
559 863 282 73 Convention.
784 863 244 73 Thermidor
972 863 113 73 an
1029 863 150 73 III.
1123 863 94 73 2
1160 863 113 73 p.
1217 863 169 73 in-4.
1311 863 169 73 (Forte-

41 906 397 58 ment
289 906 446 58 taché
587 906 794 58 d’humidité.)
1232 906 248 58 2
1282 906 198 58 50

28 953 165 55 1457.
138 953 349 55 Tréneuil
432 953 239 55 (Joseph),
616 953 184 55 poëte,
744 953 294 55 littérateur,
983 953 184 55 auteur
1112 953 129 55 de:
1185 953 184 55 les
1295 953 184 55 Tom

75 997 203 79 beaux
227 997 101 79 de
278 997 338 79 Saint-Denis
566 997 169 79 poëme,
684 997 135 79 etc.
769 997 101 79 Né
819 997 85 79 à
853 997 288 79 Cahors
1090 997 169 79 (Lot).
1208 997 101 79 L.
1259 997 135 79 aut.
1344 997 152 79 sig.,
1428 997 51 79 à

69 1055 176 55 M...
179 1055 132 55 Au
245 1055 242 55 château
421 1055 132 55 de
487 1055 330 55 Villelonet,
751 1055 154 55 par
838 1055 220 55 Blois,
992 1055 132 55 16
1058 1055 242 55 octobre
1234 1055 198 55 1806.
1366 1055 110 55 4
1388 1055 88 55 p.

-16 1096 747 71 pl.
411 1096 960 71 in-8.
1051 1096 533 71 5
1158 1096 320 71 »

119 1135 203 70 Lettre
261 1135 325 70 intéressante
525 1135 122 70 au
586 1135 183 70 sujet
708 1135 122 70 de
769 1135 122 70 la
830 1135 305 70 publication
1074 1135 122 70 de
1135 1135 122 70 la
1196 1135 122 70 3e
1257 1135 224 70 édition
1399 1135 81 70 de

71 1205 139 56 son
150 1205 178 56 poëme
269 1205 139 56 sur
349 1205 198 56 les
487 1205 238 56 Tombeaux
666 1205 119 56 de
725 1205 396 56 Saint-Denis
1062 1205 139 56 que
1141 1205 159 56 plus
1240 1205 119 56 de
1280 1205 198 56 soixante

66 1244 342 63 changements
340 1244 137 63 ou
408 1244 296 63 additions
636 1244 251 63 rendent
819 1244 433 63 très-supérieure
1184 1244 160 63 aux
1252 1244 228 63 éditions

67 1291 369 70 précédentes..
371 1291 217 70 Compte
523 1291 195 70 rendu
653 1291 152 70 qui
740 1291 130 70 en
805 1291 109 70 a
849 1291 152 70 été
935 1291 174 70 fait
1044 1291 174 70 dans
1152 1291 152 70 les
1218 1291 260 70 principaux

68 1340 258 65 journaux
261 1340 129 65 de
325 1340 215 65 Paris,
454 1340 129 65 etc.

23 1376 169 74 1458
128 1376 379 74 Tressan
444 1376 148 74 (le
529 1376 190 74 comte
655 1376 169 74 de),
761 1376 337 74 littérateur,
1034 1376 211 74 membre
1182 1376 126 74 de
1224 1376 253 74 l’Académie

71 1435 260 56 française.
275 1435 241 56 Abrégé
461 1435 130 56 des
535 1435 241 56 principes
721 1435 130 56 qui
795 1435 204 56 peuvent
943 1435 185 56 servir
1073 1435 111 56 de
1129 1435 148 56 base
1221 1435 93 56 à
1258 1435 111 56 la
1296 1435 185 56 con

73 1474 300 75 noissance
317 1474 131 75 des
392 1474 206 75 fluides
542 1474 112 75 du
598 1474 169 75 corps
711 1474 281 75 humain
935 1474 244 75 Manuscrit
1123 1474 150 75 aut.
1217 1474 112 75 14
1273 1474 131 75 gr.
1348 1474 112 75 p.
1385 1474 94 75 pl.

-50 1523 1252 57 in-4.
785 1523 696 57 7
924 1523 556 57 50

22 1564 190 79 1459.
148 1564 421 79 Troplong,
506 1564 232 79 célèbre
675 1564 379 79 jurisconsulte,
991 1564 274 79 président
1201 1564 126 79 du
1264 1564 211 79 Sénat.
1391 1564 84 79 L.

74 1621 167 84 aut.
178 1621 188 84 sig.,
303 1621 104 84 à
345 1621 125 84 M.
408 1621 125 84 le
470 1621 292 84 chancelier
700 1621 125 84 de
762 1621 229 84 France.
929 1621 208 84 Paris,
1075 1621 125 84 19
1137 1621 167 84 août
1242 1621 188 84 1846.
1367 1621 104 84 1
1388 1621 83 84 p.

-47 1671 1249 54 in-4.
786 1671 694 54 2
925 1671 555 54 50

27 1727 179 54 1460.
146 1727 556 54 Turreau-Linières,
643 1727 199 54 député
782 1727 119 54 de
841 1727 358 54 l'Yonne
1139 1727 99 54 à
1179 1727 119 54 la
1219 1727 258 54 Convention.

72 1766 377 66 Recommandation
386 1766 168 66 aut.
491 1766 189 66 sig.,
617 1766 105 66 à
659 1766 126 66 la
722 1766 189 66 suite
847 1766 189 66 d’une
973 1766 231 66 lettre.
1141 1766 189 66 Trois
1266 1766 210 66 quarts
1392 1766 84 66 de

61 1805 245 80 page
215 1805 276 80 in-4.
399 1805 429 80 (Fortement
736 1805 307 80 tachée
951 1805 491 80 d’humidité.)
1349 1805 153 80 2
1380 1805 92 80 »

29 1858 166 67 1461.
139 1858 314 67 Vallée
398 1858 369 67 (Jacq.-Nicolas),
711 1858 185 67 député
841 1858 111 67 de
896 1858 314 67 l'Eure
1154 1858 92 67 à
1191 1858 111 67 la
1228 1858 240 67 Convention.

70 1907 132 71 L.
136 1907 176 71 aut.
246 1907 198 71 sig.,
377 1907 132 71 au
443 1907 220 71 consul
597 1907 307 71 Bonaparte.
838 1907 110 71 1
882 1907 132 71 p.
948 1907 198 71 in-4.
1080 1907 307 71 (Fortement
1299 1907 176 71 tachée

19 1958 1311 58 d’humidité.)..
1112 1958 364 58 1
1185 1958 291 58 50

25 2006 183 56 1462.
147 2006 346 56 Valois
432 2006 407 56 (darie-Elisabeth
778 2006 163 56 de).
880 2006 204 56 Quitt.
1023 2006 163 56 sig.
1125 2006 163 56 (sur
1206 2006 265 56 parchemin).

56 2052 182 52 3
128 2052 328 52 sept.
347 2052 328 52 1613.
566 2052 401 52 In-fol.
857 2052 219 52 en
967 2052 437 52 travers.
1295 2052 182 52 2
1331 2052 146 52 50

22 2097 192 62 1463.
150 2097 449 62 Vermandois
514 2097 962 62 (Henriette

70 2144 124 52 de
132 2144 371 52 Bourbon-Condé,
442 2144 165 52 dite
545 2144 330 52 mademoiselle
813 2144 165 52 de),
916 2144 227 52 abbesse
1081 2144 124 52 de
1122 2144 351 52 Beaumont

73 2191 368 58 les-Tours
389 2191 105 58 L.
441 2191 105 58 a.
494 2191 123 58 s.,
564 2191 88 58 à
599 2191 123 58 son
669 2191 175 58 frère.
792 2191 105 58 18
844 2191 158 58 sept.
949 2191 88 58 3
984 2191 105 58 p.
1037 2191 158 58 in-4.
1142 2191 158 58 Jolie
1247 2191 193 58 lettre.
1387 2191 88 58 7
1405 2191 70 58 50

115 2240 175 63 Elle
225 2240 132 63 le
290 2240 241 63 supplie
466 2240 132 63 de
532 2240 197 63 faire
663 2240 197 63 payer
795 2240 132 63 la
860 2240 241 63 pension
1036 2240 110 63 à
1079 2240 219 63 madame
1233 2240 132 63 de
1277 2240 197 63 Fustem-

68 2286 192 68 berg,
196 2286 128 68 la
259 2286 213 68 pauvre
409 2286 192 68 femme
536 2286 128 68 ne
600 2286 170 68 peut
707 2286 192 68 vivre
835 2286 170 68 sans
941 2286 234 68 cela...
1112 2286 149 68 «Je
1197 2286 170 68 vous
1304 2286 170 68 prie
1389 2286 85 68 de

67 2340 157 63 «ne
156 2340 134 63 la
223 2340 157 63 pas
313 2340 224 63 mettre
470 2340 134 63 au
537 2340 179 63 rang
649 2340 157 63 des
739 2340 179 63 gens
851 2340 246 63 marqués
1030 2340 112 63 à
1075 2340 134 63 la
1142 2340 202 63 croix
1276 2340 179 63 dont
1366 2340 112 63 ma-

67 2386 208 66 «dame
205 2386 138 66 de
275 2386 185 66 Prye
390 2386 185 66 vous
505 2386 115 66 a
528 2386 254 66 parlé...»

23 2432 165 71 1464.
133 2432 349 71 Vernier,
427 2432 184 71 député
555 2432 110 71 du
610 2432 275 71 Jura
830 2432 92 71 à
867 2432 110 71 la
922 2432 275 71 Convention,
1143 2432 239 71 sénateur.
1326 2432 110 71 L.
1363 2432 110 71 aut.

61 2481 222 60 sig.
200 2481 277 60 Paris,
394 2481 166 60 30
477 2481 332 60 pluviôse
726 2481 166 60 an
809 2481 194 60 XI.
920 2481 139 60 1
975 2481 166 60 p,
1059 2481 194 60 pl.
1169 2481 249 60 in-4.
1336 2481 139 60 2
1363 2481 111 60 50

22 2521 189 68 1465.
148 2521 315 68 Vial
400 2521 273 68 (Victor),
610 2521 210 68 poëte,
758 2521 336 68 chansonnier,
1031 2521 210 68 membre
1178 2521 126 68 de
1241 2521 126 68 la
1283 2521 189 68 société

67 2579 293 59 Epicurienne
302 2579 254 59 d’Angers.
497 2579 234 59 Boire
673 2579 117 59 et
731 2579 215 59 manger,
887 2579 215 59 chanson
1044 2579 117 59 de
1102 2579 195 59 table.
1239 2579 156 59 Air:
1317 2579 156 59 de

72 2619 150 62 la
172 2619 167 62 lanque
289 2619 100 62 de
339 2619 250 62 Cythère.—Ma
539 2619 233 62 profession
722 2619 100 62 de
772 2619 183 62 fo
905 2619 167 62 (faite
1022 2619 83 62 à
1055 2619 100 62 15
1105 2619 150 62 ans),
1189 2619 283 62 chanson

66 2674 166 63 Aut.
170 2674 104 63 1
211 2674 124 63 p.
274 2674 145 63 pl.
357 2674 187 63 in-4.
481 2674 249 63 Derrière
667 2674 124 63 se
730 2674 207 63 trouve
875 2674 145 63 une
958 2674 207 63 lettre
1103 2674 228 63 d’envoi
1269 2674 145 63 des
1331 2674 145 63 chan-

55 2722 304 93 sons.
258 2722 270 93 Aut.
427 2722 270 93 sig.
596 2722 372 93 Angers,
866 2722 203 93 10
967 2722 270 93 mars
1136 2722 304 93 1810.
1339 2722 169 93 3
1373 2722 101 93 »
