1563 2809
652 36 202 103 —
732 36 202 103 7
773 36 121 103 —

57 124 168 98 121.
162 124 357 98 Menou,
456 124 231 98 général
624 124 126 98 en
687 124 168 98 chef
792 124 126 98 de
855 124 231 98 l’armée
1023 124 273 98 d’Egypte.
1233 124 126 98 L.
1296 124 168 98 aut.
1380 124 126 98 sig.

98 203 270 65 Abdala
306 203 290 65 Menou
534 203 104 65 à
575 203 124 65 la
638 203 290 65 commission
866 203 124 65 de
928 203 394 65 l’embarquement.
1239 203 270 65 Alexandrie,

100 242 132 58 21
166 242 243 58 ventôse
342 242 132 58 an
409 242 132 58 X.
475 242 110 58 1
519 242 154 58 gr.
607 242 132 58 p.
673 242 154 58 pl.
761 242 243 58 in-fol.
938 242 176 58 Tête
1048 242 198 58 impr.
1180 242 287 58 vignette.
1401 242 110 58 6
1423 242 88 58 50

53 292 166 53 122.
157 292 416 53 Momtbadon
511 292 146 53 (le
594 292 187 53 comte
719 292 166 53 de),
823 292 166 53 chef
927 292 125 53 de
989 292 333 53 l’état-major
1259 292 125 53 de
1322 292 125 53 la
1363 292 146 53 place

103 339 128 61 de
167 339 192 61 Paris
294 339 128 61 en
358 339 192 61 1815;
486 339 128 61 ce
550 339 149 61 fut
635 339 149 61 lui
721 339 149 61 qui
806 339 149 61 fit
891 339 277 61 descendre
1104 339 128 61 la
1168 339 213 61 statue
1317 339 128 61 de
1360 339 149 61 Napo-

97 387 180 55 léon
209 387 135 55 de
276 387 135 55 la
344 387 247 55 colonne
523 387 135 55 de
590 387 135 55 la
658 387 202 55 place
793 387 269 55 Vendôme.
995 387 135 55 L.
1062 387 180 55 aut.
1174 387 202 55 sig.,
1309 387 112 55 à
1354 387 157 55 Mme
1421 387 90 55 la

97 437 152 63 bue
184 437 130 63 de
249 437 369 63 Marguerittes.
553 437 217 63 Paris,
705 437 130 63 22
770 437 174 63 août
879 437 195 63 1815.
1009 437 109 63 3
1052 437 152 63 gr.
1139 437 130 63 p.
1204 437 152 63 pl.
1291 437 195 63 in-4.
1421 437 109 63 9
1443 437 65 63 »

148 477 213 57 Lettre
297 477 255 57 curieuse
488 477 128 57 au
552 477 192 57 sujet
680 477 149 57 des
765 477 192 57 fonds
893 477 298 57 distribués
1127 477 234 57 pendant
1276 477 234 57 l’occupa-

93 528 177 57 tion
204 528 376 57 étrangère....
514 528 288 57 «Pourquoi
735 528 244 57 refuser
912 528 133 57 25
979 528 155 57 000
1067 528 155 57 fr.
1156 528 177 57 tous
1266 528 155 57 les
1333 528 177 57 quinze

101 581 107 59 «
143 581 213 59 jours,
293 581 128 59 je
357 581 128 59 me
421 581 235 59 croirés
591 581 171 59 plus
698 581 192 59 probe
826 581 128 59 et
890 581 171 59 plus
997 581 256 59 national
1189 581 128 59 en
1232 581 277 59 distribuant

97 627 173 52 «cet
206 627 217 52 argent
357 627 108 52 à
401 627 152 52 mon
487 627 173 52 état
596 627 217 52 major,
747 627 130 52 en
813 627 130 52 le
878 627 217 52 fesant
1029 627 217 52 servir
1181 627 152 52 aux
1268 627 238 52 charges
1419 627 87 52 de

98 672 152 56 «ma
185 672 412 56 représentation,
532 672 195 56 qu’en
662 672 130 56 le
727 672 260 56 laissant
922 672 260 56 empocher
1118 672 108 56 à
1161 672 152 56 des
1248 672 239 56 grédins
1400 672 108 56 qui

101 722 332 63 «pilleraient
371 722 124 63 la
433 722 228 63 Prusse,
599 722 104 63 à
640 722 228 63 l’heure
806 722 187 63 qu’il
931 722 166 63 est,
1034 722 124 63 si
1096 722 124 63 le
1159 722 187 63 corps
1283 722 124 63 du
1324 722 187 63 général

100 769 213 53 «Bulow
249 769 235 53 n’avait
420 769 128 53 pu
484 769 277 53 déboucher
697 769 149 53 sur
782 769 128 53 le
847 769 192 53 flanc
975 769 192 53 droit
1103 769 128 53 de
1145 769 363 53 Buonaparte....»

52 815 164 57 123.
155 815 472 57 Moutmnorency
566 815 144 57 (le
648 815 287 57 connétable
874 815 164 57 Anne
976 815 164 57 de),
1079 815 144 57 tué
1161 815 103 57 à
1202 815 123 57 la
1264 815 246 57 bataille
1428 815 82 57 de

96 862 325 68 Saint-Denis
356 862 130 68 en
421 862 195 68 1567.
551 862 130 68 L.
616 862 173 68 avec
725 862 173 68 neuf
833 862 217 68 lignes
985 862 130 68 et
1050 862 130 68 la
1115 862 347 68 souscription
1375 862 130 68 aut.

99 913 192 54 sig.,
227 913 128 54 au
290 913 149 54 duc
376 913 128 54 de
440 913 213 54 Guise.
589 913 256 54 Orléans,
781 913 128 54 30
844 913 234 54 janvier
1015 913 192 54 1582,
1143 913 107 54 1
1185 913 128 54 p.
1249 913 149 54 pl.
1313 913 192 54 in

88 963 296 46 Portr.
295 963 266 46 gravé
473 963 325 46 in-fol.
709 963 177 46 et
798 963 296 46 portr.
1005 963 266 46 lith.
1182 963 266 46 in-8.
1359 963 177 46 40
1418 963 89 46 »

144 1001 128 78 Au
208 1001 192 78 sujet
335 1001 128 78 de
399 1001 277 78 l’échange
612 1001 128 78 de
676 1001 149 78 MM.
761 1001 128 78 de
825 1001 213 78 Selve,
974 1001 128 78 de
1038 1001 192 78 Mouhy
1165 1001 128 78 et
1208 1001 298 78 Saint

95 1057 326 60 prisonniers
356 1057 130 60 de
421 1057 239 60 guerre.
595 1057 109 60 —
638 1057 130 60 Sa
704 1057 261 60 blessure
899 1057 130 60 se
942 1057 196 60 guérit.

53 1089 147 75 124.
145 1089 277 75 Napoléon
366 1089 203 75 Ier
513 1089 313 75 (l’empereur).
772 1089 111 75 L.
827 1089 147 75 sig.
919 1089 277 75 Nap
1140 1089 203 75 (dictée
1288 1089 92 75 à
1325 1089 111 75 M.
1380 1089 111 75 de
1417 1089 92 75 Me

97 1153 228 69 neval),
263 1153 124 69 au
325 1153 249 69 ministre
512 1153 145 69 des
595 1153 270 69 finances.
802 1153 332 69 Saint-Cloud,
1072 1153 124 69 20
1134 1153 187 69 avril
1258 1153 187 69 1812,
1383 1153 104 69 1
1403 1153 104 69 gr.

64 1201 321 71 p-
224 1201 374 71 pl.
438 1201 321 71 et
598 1201 481 71 quart
919 1201 481 71 in-4.
1240 1201 321 71 10
1347 1201 160 71 »

145 1242 132 62 Au
211 1242 198 62 sujet
343 1242 132 62 de
409 1242 352 62 l’achèvement
695 1242 132 62 du
761 1242 242 62 Louvre,
936 1242 132 62 du
1002 1242 176 62 prix
1112 1242 154 62 des
1200 1242 242 62 maisons
1376 1242 110 62 à
1398 1242 110 62 dé-

99 1289 198 66 molir,
238 1289 257 66 terrains,
415 1289 119 66 etc.

52 1336 155 68 125.
149 1336 329 68 Nodier
420 1336 271 68 (Charles),
633 1336 310 68 littérateur,
885 1336 194 68 membre
1021 1336 116 68 de
1079 1336 271 68 l’Académie
1272 1336 233 68 française.

99 1393 113 63 Né
156 1393 94 63 à
193 1393 375 63 Besançon
512 1393 113 63 L.
568 1393 150 63 aut.
662 1393 169 63 sig.,
774 1393 94 63 à
812 1393 113 63 M.
868 1393 300 63 Aimé-Martin.
1112 1393 188 63 Paris,
1243 1393 113 63 23
1300 1393 150 63 nov.
1375 1393 131 63 1824.

98 1437 107 64 1
140 1437 128 64 p.
204 1437 192 64 in-4.
332 1437 192 64 Lett.
460 1437 256 64 curieuse
652 1437 128 64 au
716 1437 192 64 sujet
845 1437 128 64 de
909 1437 277 64 Bernardin
1122 1437 128 64 de
1186 1437 299 64 St-Pierre.
1421 1437 107 64 5
1442 1437 64 64 »

50 1491 166 65 126.
154 1491 270 65 Gsages
362 1491 229 65 indiens
528 1491 104 65 à
570 1491 270 65 Paris
778 1491 208 65 (les).
923 1491 125 65 L.
985 1491 166 65 sig.
1089 1491 125 65 de
1152 1491 125 65 M.
1214 1491 125 65 J.
1256 1491 249 65 Rossignac,

95 1538 260 53 adressée
291 1538 109 53 à
334 1538 130 53 M.
399 1538 130 53 le
464 1538 152 53 duc
551 1538 152 53 ...
638 1538 195 53 datée
768 1538 130 53 de
833 1538 130 53 la
898 1538 456 53 Nouvelle-Orléans,
1289 1538 130 53 le
1354 1538 130 53 28
1397 1538 109 53 mai

96 1584 192 55 1827,
224 1584 128 55 au
288 1584 192 55 sujet
416 1584 150 55 des
502 1584 214 55 quatre
651 1584 214 55 osages
801 1584 235 55 indiens
972 1584 128 55 et
1036 1584 192 55 leurs
1164 1584 171 55 deux
1271 1584 214 55 femmes
1399 1584 107 55 qui

92 1630 269 62 viennent
293 1630 291 62 d’arriver
517 1630 134 62 et
584 1630 157 62 qui
674 1630 314 62 témoignent
921 1630 336 62 l’intention
1189 1630 134 62 de
1257 1630 246 62 voyager
1413 1630 90 62 en

95 1673 231 58 France.
263 1673 231 58 Détails
431 1673 336 58 intéressants
704 1673 147 58 sur
788 1673 168 58 leur
894 1673 252 58 origine,
1083 1673 168 58 leur
1188 1673 273 58 célébrité
1377 1673 126 58 dans

78 1726 292 49 leur
261 1726 329 49 pays,
481 1726 292 49 etc.
663 1726 183 49 2
736 1726 256 49 gr.
883 1726 219 49 p.
992 1726 256 49 pl.
1138 1726 329 49 in-4.
1358 1726 183 49 5
1394 1726 110 49 »

50 1766 164 66 127.
152 1766 348 66 Panard
438 1766 471 66 (Charles-François),
848 1766 225 66 célèbre
1012 1766 328 66 chansonnier,
1278 1766 123 66 né
1339 1766 164 66 près
1421 1766 82 66 de

101 1823 334 46 Chartres
385 1823 201 46 Chansons
536 1823 100 46 et
586 1823 167 46 fables
703 1823 167 46 autog.
820 1823 201 46 Comme
970 1823 100 46 il
1020 1823 134 46 vous
1104 1823 251 46 plaira
1304 1823 84 46 —
1321 1823 184 46 Chan

96 1865 188 52 son
228 1865 244 52 bachique.
415 1865 94 52 —
453 1865 169 52 Léçon
565 1865 131 52 aux
641 1865 188 52 jeunes
772 1865 206 52 filles.
922 1865 94 52 —
960 1865 113 52 Ce
1016 1865 169 52 n’est
1129 1865 131 52 que
1204 1865 150 52 trop
1298 1865 113 52 la
1335 1865 169 52 vé

94 1916 605 67 rité.—Critique.—Conseils
641 1916 137 67 aux
719 1916 195 67 jeunes
856 1916 176 67 gens.
973 1916 98 67 —
1012 1916 234 67 Conseils
1188 1916 137 67 aux
1246 1916 254 67 amants

82 1970 158 55 —
146 1970 284 55 La
335 1970 537 55 sagesse..
777 1970 158 55 4
841 1970 221 55 gr.
967 1970 158 55 p
1030 1970 221 55 pl.
1157 1970 284 55 in-4.
1346 1970 158 55 7
1378 1970 126 55 50

51 2007 138 53 128.
137 2007 294 53 Pascal
379 2007 225 53 (Blaise),
552 2007 173 53 auteur
673 2007 121 53 des
742 2007 242 53 Lettres
932 2007 363 53 provincialès
1244 2007 104 53 Sa
1296 2007 121 53 vie
1365 2007 121 53 par
1417 2007 86 53 ma

93 2060 168 86 dame
198 2060 253 86 Perrier,
388 2060 126 86 sa
451 2060 189 86 sœur.
577 2060 274 86 Manuscrit
787 2060 126 86 du
851 2060 210 86 temps.
998 2060 126 86 12
1061 2060 147 86 gr.
1145 2060 126 86 p.
1208 2060 147 86 pl.
1293 2060 189 86 in-4.
1398 2060 105 86 Jo-

71 2110 294 66 lie
239 2110 505 66 écriture
618 2110 336 66 fine
828 2110 252 66 et
954 2110 463 66 serrée.
1291 2110 252 66 15
1375 2110 126 66 »

142 2150 122 60 Il
203 2150 101 60 y
243 2150 101 60 a
284 2150 142 60 des
365 2150 304 60 différences
608 2150 182 60 entre
729 2150 122 60 ce
790 2150 263 60 manuscrit
993 2150 122 60 et
1053 2150 284 60 l’imprimé.
1276 2150 162 60 Nous
1357 2150 142 60 avons

92 2201 214 56 ajouté
242 2201 150 56 une
327 2201 172 56 page
435 2201 172 56 aut.
542 2201 129 56 de
606 2201 129 56 M.
670 2201 236 56 Parison
842 2201 236 56 donnant
1014 2201 150 56 ces
1078 2201 300 56 différences.

47 2247 151 61 129.
142 2247 397 61 Penthièvre
481 2247 132 61 (le
557 2247 132 61 duc
632 2247 151 61 de),
727 2247 302 61 grand-amiral
972 2247 113 61 de
1029 2247 208 61 France.
1180 2247 113 61 Né
1237 2247 94 61 à
1256 2247 245 61 Ram

94 2299 383 53 bouillet
420 2299 115 53 L.
477 2299 153 53 aut.
573 2299 173 53 sig.,
688 2299 96 53 à
726 2299 115 53 M.
784 2299 115 53 de
841 2299 115 53 La
899 2299 249 53 Millière.
1091 2299 211 53 Sceaux,
1244 2299 96 53 2
1282 2299 153 53 nov.
1359 2299 134 53 1784.

41 2345 364 56 1
187 2345 437 56 p.
406 2345 510 56 pl.
697 2345 656 56 in-4.
1135 2345 364 56 4
1207 2345 292 56 50

47 2393 172 62 130.
155 2393 539 62 Plessy-Arnould
630 2393 216 62 (Mme),
781 2393 237 62 actrice
953 2393 129 62 de
1018 2393 129 62 la
1082 2393 237 62 Comédie
1233 2393 259 62 française.

93 2445 119 46 L.
153 2445 158 46 aut.
251 2445 178 46 sig.,
370 2445 99 46 à
409 2445 198 46 Mme...
548 2445 119 46 24
607 2445 178 46 janv.
725 2445 178 46 1837.
844 2445 99 46 1
884 2445 119 46 p.
943 2445 138 46 pl.
1022 2445 178 46 in-8.
1140 2445 178 46 Jolie
1259 2445 217 46 lettre.
1417 2445 99 46 3
1437 2445 59 46 »

46 2493 161 62 131.
147 2493 343 62 Postel
429 2493 323 62 (Guillaume),
691 2493 282 62 professeur
913 2493 182 62 royal
1034 2493 121 62 de
1095 2493 343 62 mathématiques
1377 2493 121 62 et
1417 2493 81 62 de

95 2538 227 58 langues.
266 2538 114 58 Né
322 2538 95 58 à
360 2538 171 58 La
474 2538 284 58 Dolorie
701 2538 303 58 (Normandie).
948 2538 114 58 L.
1004 2538 152 58 aut.
1099 2538 171 58 sig.,
1213 2538 95 58 à
1251 2538 133 58 Mgr
1326 2538 114 58 le
1364 2538 133 58 grand

93 2588 216 60 prieur
245 2588 130 60 de
309 2588 238 60 France.
482 2588 130 60 De
547 2588 216 60 Paris,
698 2588 108 60 à
742 2588 605 60 Saint-Martin-des-Champs,
1282 2588 108 60 6
1304 2588 194 60 février

95 2644 175 55 1568.
211 2644 97 55 2
250 2644 214 55 grandes
406 2644 175 55 pages
523 2644 175 55 grand
640 2644 234 55 in-fol.,
815 2644 214 55 superbe
971 2644 253 55 écriture.
1166 2644 234 55 (Voir
1322 2644 175 55 sur

96 2688 244 78 cette
278 2688 183 78 belle
400 2688 122 78 êt
461 2688 162 78 rare
563 2688 203 78 lettre
705 2688 122 78 le
766 2688 264 78 Catalogue
969 2688 244 78 Parison,
1152 2688 162 78 n°
1253 2688 183 78 550.)
1375 2688 142 78 180
1436 2688 61 78 »
