1167 2192
493 -4 138 54 —
549 -4 138 54 4
576 -4 83 54 —

127 53 103 55 duc
186 53 88 55 de
230 53 192 55 Chaulnes;
378 53 177 55 Chaulnes
511 53 133 55 (près
599 53 177 55 Amiens),
732 53 88 55 24
776 53 103 55 mai
835 53 162 55 (1692),
953 53 74 55 3
982 53 88 55 p.
1012 53 103 55 in

132 107 190 38 cachet.
270 107 173 38 Légère
391 107 225 38 déchirure
564 107 121 38 par
634 107 104 38 la
685 107 190 38 rupture
824 107 104 38 du
876 107 208 38 cachet.—
1031 107 104 38 40
1066 107 52 38 »

164 130 192 49 Charmante
312 130 162 49 épître,
430 130 133 49 prose
518 130 89 49 et
563 130 133 49 vers,
651 130 103 49 par
710 130 177 49 laquelle
843 130 89 49 il
887 130 148 49 engage
976 130 148 49 vivement

135 168 94 45 le
182 168 125 45 ducà
260 168 172 45 acheter
385 168 94 45 le
432 168 172 45 château
557 168 94 45 de
603 168 265 45 Ménilmontant,
822 168 94 45 et
868 168 187 45 commence
1009 168 109 45 par
1056 168 62 45 un

134 201 154 48 triolet
246 201 112 48 suri
316 201 84 48 ce
358 201 140 48 sujet.
456 201 84 48 Il
498 201 126 48 parle
582 201 154 48 ensuite
693 201 84 48 de
735 201 84 48 la
777 201 168 48 duchesse
903 201 84 48 de
945 201 182 48 Chaulnes,
1071 201 56 48 du

145 235 154 43 château
257 235 84 43 de
299 235 182 43 Tilloloy,
438 235 84 43 en
480 235 182 43 Picardie,
620 235 84 43 et
662 235 84 43 de
704 235 98 43 Mme
759 235 84 43 de
787 235 168 43 Coulanges.

143 261 129 57 21705
229 261 187 57 COULANGES
373 261 288 57 (Marie-Angélique
617 261 129 57 DUGUÉ
704 261 173 57 BAGNOLS;
833 261 173 57 marquise
963 261 115 57 de),
1020 261 101 57 femme

138 306 88 41 du
182 306 206 41 précédent,
344 306 162 41 cousine
461 306 88 41 de
505 306 103 41 Mme
564 306 88 41 de
608 306 162 41 Sévigné
726 306 88 41 et
770 306 103 41 son
828 306 132 41 émule
916 306 117 41 dans
990 306 88 41 le
1019 306 103 41 style

143 345 216 35 épistolaire.
318 345 121 35 L.
398 345 135 35 a.
493 345 67 35 à
520 345 81 35 M.
560 345 81 35 de
601 345 189 35 Lamoignon;
749 345 175 35 Brevannes
884 345 121 35 (près
951 345 175 35 Villeneuve-

135 378 251 39 Saint-Georges),
346 378 159 39 vendredi
466 378 79 39 au
505 378 119 39 soir,
585 378 66 39 2
611 378 79 39 p.
651 378 93 39 3/4
704 378 119 39 in-4,
783 378 225 39 cachet-camée.
955 378 172 39 Rare

31 406 1307 47 55
467 406 653 47 »

167 438 183 46 Charmante
308 438 155 46 épître,
421 438 85 46 où
463 438 113 46 elle
534 438 85 46 le
576 438 113 46 prie
647 438 85 46 de
689 438 99 46 lui
745 438 141 46 donner
844 438 85 46 de
886 438 113 46 lses
943 438 169 46 nouvelles.

133 482 137 35 «Quel
224 482 167 35 endroit
345 482 91 35 du
391 482 137 35 monde
482 482 258 35 habités-vous,
694 482 197 35 Monsieur?
846 482 106 35 Moy
907 482 106 35 quy
952 482 167 35 m’acomode

139 514 84 36 sy
181 514 112 36 bien
251 514 181 36 d’ignorer
390 514 112 36 tout
460 514 84 36 ce
502 514 98 36 quy
558 514 98 36 s’y
614 514 126 36 passe
697 514 84 36 je
739 514 98 36 sen
795 514 112 36 bien
865 514 126 36 qu’il
949 514 112 36 faut
1018 514 98 36 que
1060 514 70 36 je-

139 546 115 42 soys
210 546 186 42 instruite
354 546 100 42 sur
411 546 86 42 ce
454 546 100 42 qui
512 546 115 42 vous
583 546 186 42 regarde.»
727 546 115 42 Elle
798 546 100 42 lui
856 546 158 42 promet,
971 546 86 42 en
999 546 115 42 termi-

144 581 128 40 nant,
229 581 85 40 de
272 581 99 40 lui
328 581 128 40 faire
413 581 99 40 une
470 581 156 40 visite:
584 581 156 40 «Ainsy,
697 581 184 40 Monsieur,
839 581 142 40 j’iray
939 581 71 40 à
967 581 128 40 Paris
1038 581 85 40 uni-

142 616 168 44 quement
264 616 122 44 pour
341 616 122 44 vous
417 616 107 44 ett
478 616 92 44 me
524 616 199 44 tienderay
677 616 199 44 très-bien
830 616 230 44 récompencée
1014 616 92 44 de
1044 616 77 44 mon

152 647 139 45 oiage
244 647 92 45 sy
290 647 123 45 vous
367 647 92 45 me
414 647 139 45 donés
506 647 185 45 quelques
629 647 170 45 moments.»

145 684 117 44 21706
223 684 117 44 COUPÉ
302 684 144 44 (l’abbé
406 684 78 44 J.
445 684 78 44 M.
484 684 104 44 L.),
550 684 196 44 littérateur
706 684 78 44 du
745 684 209 44 dix-huitième
915 684 144 44 siècle,
1007 684 117 44 censeur

149 719 122 45 royal,
234 719 122 45 auteur
319 719 73 45 du
356 719 232 45 Dictionnaire
551 719 85 45 des
600 719 183 45 mœurs,
746 719 73 45 né
783 719 61 45 à
807 719 146 45 Péronne.
917 719 110 45 L.
990 719 73 45 a.
1014 719 110 45 s.

141 752 145 32 Paris,
243 752 73 32 2
272 752 131 32 janv.
359 752 131 32 1786,
447 752 73 32 1
476 752 87 32 p.
519 752 131 32 in-4.
606 752 131 32 Belle
694 752 160 32 lettre.
810 752 73 32 3
824 752 44 32 »

154 783 90 51 21707
214 783 110 51 COURBET
294 783 140 51 (Gustave),
404 783 60 51 le
434 783 110 51 célèbre
514 783 110 51 peintre
594 783 130 51 réaliste.
694 783 90 51 L.
754 783 60 51 a.
784 783 110 51 s.
864 783 50 51 1
884 783 60 51 p.
904 783 70 51 in

1019 824 127 45 3
1044 824 76 45 »

146 856 106 43 21708
217 856 106 43 COYER
287 856 129 43 (l’abbé
381 856 71 43 G.
417 856 106 43 Fr.),
487 856 129 43 célèbre
581 856 176 43 littérateur
722 856 71 43 du
758 856 188 43 dix-huitième
910 856 129 43 siècle.
993 856 129 43 L.

149 894 114 41 a.
225 894 127 41 s.
314 894 63 41 à
340 894 89 41 Mgr
390 894 89 41 (le
441 894 89 41 duc
492 894 76 41 de
530 894 165 41 Bouillon,
657 894 89 41 son
707 894 140 41 élève);
809 894 114 41 Rome,
885 894 63 41 9
910 894 114 41 avril
986 894 114 41 1764,
1063 894 63 41 2
1075 894 51 41 p.

145 927 64 43 in-4.
188 927 43 43 10
202 927 21 43 »

171 960 139 52 Épître
268 960 111 52 fort
337 960 180 52 curieuse,
476 960 166 52 relative
601 960 83 52 au
642 960 152 52 château
753 960 83 52 de
794 960 152 52 Navarre
905 960 83 52 et
947 960 69 52 à
974 960 83 52 la
1002 960 111 52 famine

142 1000 82 43 de
183 1000 123 43 Rome,
265 1000 96 43 sur
320 1000 164 43 laquelle
443 1000 82 43 il
484 1000 123 43 donne
566 1000 246 43 d’intéressants
758 1000 123 43 détails

147 1038 128 47 21709
232 1038 213 47 CZARTORYSKA
402 1038 99 47 (la
459 1038 185 47 princesse
601 1038 284 47 Élisa-Isabelle),
843 1038 114 47 mère
914 1038 85 47 du
957 1038 142 47 prince
1042 1038 85 47 Adam

147 1071 214 39 zartoryski,
318 1071 128 39 femme
403 1071 157 39 célèbre
517 1071 100 39 par
574 1071 100 39 son
631 1071 214 39 patriotisme
802 1071 85 39 et
844 1071 100 39 son
901 1071 128 39 amour
987 1071 114 39 pour
1044 1071 71 39 les

150 1108 116 38 arts.
228 1108 116 38 L.
305 1108 77 38 a.
344 1108 142 38 s.
447 1108 77 38 en
486 1108 155 38 français
602 1108 77 38 (à
640 1108 168 38 Pougens);
770 1108 142 38 Pulawy,
873 1108 77 38 30
912 1108 103 38 mars
976 1108 116 38 1822,
1053 1108 65 38 4
1066 1108 52 38 p.

147 1136 57 51 pl.
179 1136 73 51 in-8.
228 1136 48 51 30
244 1136 24 51 »

176 1168 249 45 Très-curieuse
381 1168 161 45 épître,
498 1168 88 45 où
542 1168 117 45 elle
616 1168 88 45 le
660 1168 176 45 remercie
791 1168 88 45 en
835 1168 146 45 termes
938 1168 190 45 charmants
1069 1168 59 45 du

141 1202 101 56 don
198 1202 130 56 qu’il
285 1202 101 56 lui
343 1202 72 56 a
372 1202 116 56 fait
444 1202 116 56 d’un
517 1202 87 56 de
560 1202 101 56 ses
618 1202 188 56 ouvrages.
762 1202 116 56 «Que
835 1202 159 56 puis-je
950 1202 87 56 de
994 1202 101 56 mon
1037 1202 87 56 côté

142 1246 108 48 vous
209 1246 148 48 offrir?
317 1246 81 48 Ma
357 1246 135 48 patrie
452 1246 81 48 ne
492 1246 148 48 possède
600 1246 108 48 rien
668 1246 94 48 que
722 1246 81 48 la
762 1246 135 48 France
857 1246 121 48 n’aye
938 1246 81 48 au
965 1246 148 48 centuple.

139 1273 88 53 Je
183 1273 176 53 voudrois
316 1273 191 53 cependant
462 1273 103 53 que
521 1273 117 53 vous
594 1273 162 53 eussiez
712 1273 88 53 un
756 1273 176 53 souvenir
888 1273 132 53 d’une
976 1273 117 53 amie
1035 1273 88 53 sar-

142 1310 147 52 matte.
245 1310 236 52 Marqués-moi,
437 1310 88 52 je
481 1310 118 52 vous
555 1310 133 52 prie,
643 1310 88 52 si
687 1310 103 52 une
746 1310 133 52 belle
834 1310 177 52 fourrure
967 1310 88 52 ou
1011 1310 88 52 du
1041 1310 88 52 très

146 1343 126 35 vieux
230 1343 98 35 vin
286 1343 84 35 de
327 1343 126 35 Tokay
411 1343 167 35 pourrait
537 1343 112 35 vous
607 1343 112 35 être
676 1343 223 35 agréable...»
858 1343 112 35 Elle
928 1343 98 35 lui
983 1343 126 35 parle
1053 1343 70 35 en-

140 1374 125 41 suite
224 1374 97 41 des
279 1374 167 41 malheurs
405 1374 84 41 de
446 1374 84 41 la
488 1374 167 41 Pologne,
614 1374 97 41 des
669 1374 153 41 trésors
781 1374 97 41 des
836 1374 195 41 quinzième,
976 1374 139 41 seizième

149 1412 83 47 et
191 1412 223 47 dix-septième
372 1412 153 47 siècles
483 1412 153 47 qu’elle
594 1412 70 47 a
622 1412 153 47 amassés
733 1412 111 47 pour
803 1412 167 47 embellir
928 1412 153 47 Pulawy,
1040 1412 83 47 et
1067 1412 56 47 de

147 1444 82 38 la
188 1444 220 38 bibliothèque
367 1444 151 38 fournie
477 1444 96 38 par
531 1444 96 38 son
586 1444 110 38 mari
655 1444 82 38 et
696 1444 178 38 continuée
833 1444 96 38 par
888 1444 96 38 son
929 1444 110 38 fils..

143 1476 123 57 21710
225 1476 123 57 DAVID
307 1476 164 57 D’ANGERS
430 1476 164 57 (PlrJ.),
552 1476 164 57 illustre
675 1476 191 57 sculpteur,
825 1476 136 57 membré
920 1476 82 57 de
948 1476 177 57 l’Institut.

151 1508 145 55 Dessin
252 1508 188 55 original,
396 1508 231 55 représentant
584 1508 101 55 une
642 1508 173 55 académie
772 1508 173 55 d’homme,
902 1508 145 55 signé,
1003 1508 101 55 gr.
1047 1508 72 55 in-

131 1548 143 35 fol.,
226 1548 127 35 avec
306 1548 95 35 un
353 1548 174 35 croquis
480 1548 95 35 au
527 1548 127 35 dos.
607 1548 95 35 25
638 1548 48 35 »

64 1579 85 47 Les
112 1579 133 47 dessins
209 1579 73 47 de
245 1579 109 47 David
318 1579 145 47 d’Angers
427 1579 97 47 sont
487 1579 97 47 fort
547 1579 109 47 rares
620 1579 73 47 et
656 1579 145 47 celui-là
765 1579 85 47 est
801 1579 85 47 très

107 1606 225 46 beau

145 1648 119 53 21711
224 1648 132 53 DELVAU
317 1648 172 53 (Alfred),
449 1648 212 53 littérateur,
622 1648 172 53 historien
754 1648 79 53 et
794 1648 212 53 journaliste,
966 1648 106 53 mort
1019 1648 106 53 récem-

148 1684 112 44 ment.
222 1684 198 44 Flâneries
383 1684 99 44 d’un
445 1684 161 44 essayiste
569 1684 62 44 à
594 1684 136 44 travers
693 1684 87 44 les
742 1684 173 44 Musées
879 1684 136 44 article
978 1684 99 44 aut.
1027 1684 87 44 sig.,

142 1710 49 47 4
162 1710 59 47 p.
191 1710 89 47 in-8.
251 1710 49 47 2
261 1710 39 47 25

141 1748 121 65 21712
221 1748 175 65 DONIZETTI
355 1748 121 65 (G.),
436 1748 148 65 célèbre
543 1748 201 65 compositeur
705 1748 81 65 de
745 1748 148 65 musique
852 1748 161 65 italien.
973 1748 148 65 Morceau
1067 1748 54 65 de

143 1784 145 68 musique
248 1784 158 68 autogr.,
367 1784 105 68 avec
433 1784 92 68 les
486 1784 158 68 paroles,
604 1784 66 68 1
630 1784 79 68 p.
670 1784 145 68 in-fol.
775 1784 145 68 oblong.
881 1784 211 68 Rare
1052 1784 79 68 50

164 1824 125 55 C’est
247 1824 83 55 le
289 1824 152 55 célèbre
399 1824 166 55 morceau:
524 1824 111 55 O
593 1824 97 55 mon
649 1824 166 55 Fernand,
773 1824 111 55 tous
842 1824 97 55 les
898 1824 125 55 biens
981 1824 83 55 de
1008 1824 111 55 la

150 1848 164 55 terre
283 1848 82 55 tiré
334 1848 62 55 de
365 1848 72 55 son
406 1848 92 55 opéra
468 1848 62 55 de
499 1848 62 55 la
519 1848 185 55 Favorité

147 1889 101 68 21713
214 1889 134 68 DUCORNET
315 1889 101 68 (C.),
382 1889 134 68 peintre,
483 1889 67 68 né
516 1889 90 68 sans
572 1889 101 68 bras.
640 1889 101 68 L.
707 1889 67 68 a.
741 1889 112 68 s.
819 1889 56 68 à
841 1889 67 68 M,
875 1889 146 68 Delestre,
987 1889 56 68 1
998 1889 45 68 p.

152 1923 65 42 in-8.
195 1923 36 42 2
202 1923 29 42 25

145 1962 108 72 21714
217 1962 120 72 DULONG
301 1962 84 72 (P.
348 1962 132 72 Louis),
444 1962 144 72 illustre
552 1962 144 72 chimiste
659 1962 72 72 et
695 1962 167 72 physicien,
827 1962 120 72 membre
910 1962 72 72 de
934 1962 96 72 l’Ins-

155 2000 73 45 titut.
206 2000 66 45 L.
250 2000 44 45 a.
272 2000 80 45 s.
330 2000 44 45 26
352 2000 66 45 févr.
396 2000 66 45 1838,
440 2000 37 45 1
455 2000 44 45 p.
477 2000 66 45 in-8.
520 2000 37 45 3
528 2000 29 45 25

180 2028 74 63 Il
217 2028 135 63 annonce
315 2028 86 63 que
364 2028 74 63 le
401 2028 123 63 prince
487 2028 74 63 de
524 2028 172 63 Talleyrand
660 2028 98 63 lira
721 2028 98 63 dans
783 2028 74 63 la
820 2028 160 63 prochaine
931 2028 98 63 séance

142 2071 84 63 de
184 2071 196 63 l’Académie
338 2071 98 63 des
394 2071 168 63 sciences
520 2071 154 63 morales
632 2071 98 63 une
688 2071 140 63 notice
786 2071 98 63 sur
842 2071 98 63 feu
898 2071 84 63 le
926 2071 98 63 comte

126 2099 182 54 Reinhard.
