1160 2207
44 28 657 114 LIBRAIRIE
536 28 575 114 ANCIENNE

356 132 180 71 ET
416 132 390 71 AUTOGRAPHES

531 202 258 51 DE

270 267 447 79 JACQUES
590 267 447 79 CHARAVAY

88 333 259 87 Rué
269 333 181 87 des
372 333 543 87 Grands-Augustins,
812 333 207 87 26

37 410 189 80 LIVRES
169 410 227 80 ANCIÈNS,
339 410 189 80 ACHATS
471 410 113 80 DE
528 410 321 80 BIBLIOTHÈQUES
792 410 113 80 ET
849 410 113 80 DE
887 410 245 80 COLLECTIONS

76 471 352 61 D’AUTOGRAPHES;
370 471 274 61 ÉCHANGES;I
585 471 313 61 COMMISSIONS;
840 471 196 61 VENTES
976 471 137 61 AUX
1035 471 98 61 EN-

75 509 166 54 CHÈRES
192 509 216 54 PUBLIQUES
358 509 100 54 DE
408 509 183 54 LETTRES
541 509 249 54 AUTOGRAPHES
741 509 216 54 MOYENNANT
890 509 233 54 vingt

90 545 154 67 pour
202 545 181 67 cent
341 545 84 67 ET
383 545 84 67 DE
425 545 154 67 LIVRES,
537 545 181 67 quinze
676 545 112 67 pour
746 545 154 67 centsur
858 545 84 67 la
900 545 168 67 totalité
1011 545 112 67 de

80 589 146 57 la
177 589 211 57 vente
340 589 81 57 A
372 589 98 57 LA
421 589 163 57 CHARGE
535 589 114 57 DES
600 589 211 57 VENDEURS,
762 589 130 57 TOUT
827 589 163 57 COMPRIS.

223 711 145 72 N°
320 711 129 72 151.
400 711 81 72 —
433 711 258 72 JUIN-JUILLET
626 711 178 72 1867.

395 854 335 67 AUTOGRAPHES

458 909 84 30 97

134 904 107 77 21672
206 904 95 77 ADAM
265 904 167 77 (Adolphe),
396 904 131 77 célèbre
491 904 179 77 compositeur
634 904 71 77 de
670 904 143 77 musique,
777 904 119 77 membre
860 904 71 77 de
884 904 95 77 l’Ins-

138 957 103 52 titut.
210 957 93 52 L.
271 957 62 52 a.
302 957 113 52 s.
385 957 51 52 2
405 957 62 52 p.
436 957 103 52 in-12.
508 957 93 52 Jolie
570 957 113 52 lettre.
652 957 51 52 2
662 957 31 52 »

137 984 85 74 21673
193 984 104 74 BABBAGE
269 984 133 74 (Charles),
373 984 104 74 célèbre
449 984 161 74 mathématicien
582 984 114 74 anglais.
667 984 85 74 L.
724 984 57 74 a.
752 984 95 74 s.
818 984 47 74 à
837 984 57 74 M.
856 984 57 74 Qué-

138 1030 122 58 telet;
223 1030 73 58 22
259 1030 97 58 oct.
320 1030 109 58 1835,
393 1030 61 58 1
417 1030 73 58 p.
454 1030 85 58 pl.
502 1030 109 58 in-8.
575 1030 109 58 Jolie
648 1030 122 58 pièce.
733 1030 61 58 3
745 1030 49 58 25

135 1054 109 67 21674
208 1054 169 67 BANDETTINI
341 1054 157 67 (Teresa),
462 1054 97 67 dite
522 1054 242 67 Amarill,
728 1054 133 67 célèbre
825 1054 109 67 poëte
897 1054 73 67 et
921 1054 194 67 improvisatrice

134 1098 166 53 italienne,
265 1098 155 53 couronnée
384 1098 71 53 au
419 1098 155 53 Capitole.
538 1098 107 53 L.
610 1098 119 53 a
693 1098 95 53 sig.
752 1098 238 53 Amarill,
954 1098 59 53 à
978 1098 71 53 M.
1002 1098 107 53 Jaçobi;

147 1130 109 65 801,
215 1130 68 65 1
243 1130 82 65 p.
283 1130 122 65 in-4.
365 1130 136 65 Légère
460 1130 177 65 déchirure
596 1130 95 65 par
651 1130 82 65 la
691 1130 150 65 rupture
800 1130 82 65 du
841 1130 150 65 cachet.
950 1130 82 65 On
991 1130 68 65 à
1004 1130 109 65 ajouté

141 1159 64 57 un
173 1159 128 57 portrait
270 1159 53 57 à
291 1159 64 57 la
323 1159 118 57 lettre.
409 1159 53 57 3
419 1159 43 57 50

134 1202 108 67 21675
206 1202 181 67 BEAUHARNAIS
351 1202 157 67 (Eugène),
471 1202 145 67 vice-roi
580 1202 157 67 d’Italie.
700 1202 108 67 L.
773 1202 72 67 a.
809 1202 121 67 s.
893 1202 60 67 à
917 1202 72 67 la
953 1202 145 67 duchesse
1050 1202 60 67 (de

133 1242 162 56 Raguse);
254 1242 176 56 Ismaning,
389 1242 81 56 24
430 1242 108 56 juin
497 1242 122 56 1823,
578 1242 68 56 2
605 1242 81 56 p.
646 1242 95 56 1/2
700 1242 122 56 in-4.
781 1242 81 56 18
808 1242 41 56 »

125 1279 151 60 «(Jolie
235 1279 137 60 lettre
331 1279 82 60 où
372 1279 82 60 il
414 1279 124 60 trace
496 1279 96 60 son
551 1279 206 60 itinéraire.
716 1279 82 60 Il
757 1279 82 60 ya
798 1279 151 60 d’abord
908 1279 82 60 en
949 1279 137 60 Bohème
1032 1279 82 60 pour

134 1318 81 55 se
175 1318 162 55 rétablir
297 1318 81 55 et
337 1318 149 55 passera
445 1318 81 55 le
486 1318 122 55 reste
567 1318 81 55 de
608 1318 95 55 son
662 1318 122 55 temps
743 1318 108 55 dans
811 1318 95 55 son
865 1318 189 55 tranquille
1000 1318 108 55 séjour

131 1344 222 63 d’Eichstett,
311 1344 139 63 «sauf,
408 1344 152 63 dit-il,
519 1344 97 63 une
575 1344 139 63 petite
672 1344 139 63 course
769 1344 125 63 d’une
852 1344 180 63 quinzaine
990 1344 83 63 de
1018 1344 97 63 jours

127 1379 101 61 que
184 1379 86 61 je
227 1379 130 61 ferai
314 1379 115 61 avec
386 1379 86 61 ma
429 1379 130 61 femme
515 1379 101 61 sur
573 1379 86 61 le
616 1379 101 61 lac
674 1379 86 61 de
717 1379 187 61 Constance
861 1379 115 61 pour
933 1379 72 61 y
962 1379 130 61 faire
1034 1379 72 61 une

123 1415 123 42 cure
200 1415 92 42 de
246 1415 154 42 raisin
354 1415 123 42 dont
431 1415 92 42 on
477 1415 92 42 me
523 1415 154 42 promet
631 1415 216 42 merveilles
800 1415 123 42 pour
877 1415 92 42 ma
923 1415 200 42 santé...»
1062 1415 46 42 —

139 1440 85 56 Le
181 1440 141 56 prince
280 1440 141 56 Eugène
379 1440 141 56 mourut
478 1440 85 56 le
520 1440 85 56 22
563 1440 155 56 février
676 1440 85 56 de
718 1440 155 56 l’annee
817 1440 184 56 suivante.).

129 1480 116 62 21676
206 1480 77 62 LE
245 1480 116 62 MÊME.
322 1480 116 62 L.
399 1480 77 62 a.
438 1480 129 62 s.
528 1480 77 62 a.
567 1480 90 62 la;
618 1480 116 62 même;
695 1480 142 62 Munich,
798 1480 129 62 5’août
888 1480 116 62 1823,
965 1480 64 62 3
991 1480 77 62 p.
1017 1480 90 62 in

1004 1528 123 44 18
1045 1528 62 44 »

164 1547 91 65 il
209 1547 106 65 est
270 1547 182 65 enchanté
406 1547 106 65 des
466 1547 121 65 eaux
542 1547 91 65 de
588 1547 212 65 Marienbad.
754 1547 106 65 «Il
815 1547 91 65 ne
860 1547 91 65 me
905 1547 151 65 manque
996 1547 106 65 plus,

126 1587 153 55 dit-il,
237 1587 97 55 que
293 1587 83 55 de
334 1587 83 55 la
376 1587 125 55 force
459 1587 83 55 à,
501 1587 111 55 mes,
570 1587 139 55 nerfs,
668 1587 83 55 et
709 1587 83 55 je
751 1587 222 55 n’obtiendrai
931 1587 111 55 cela
1001 1587 97 55 que
1042 1587 56 55 du

121 1620 153 57 temps.»
233 1620 84 57 Il
274 1620 84 57 se
316 1620 139 57 rendra
414 1620 153 57 ensuite
525 1620 70 57 a
553 1620 181 57 Eichstett
693 1620 112 57 pour
762 1620 98 57 s’y
818 1620 153 57 établir
930 1620 84 57 en
958 1620 139 57 famille.

128 1656 85 59 et
170 1656 128 59 parle
255 1656 142 59 encore
355 1656 85 59 de
397 1656 99 59 son
454 1656 142 59 voyage
553 1656 99 59 sur
610 1656 85 59 le
652 1656 99 59 lac
709 1656 85 59 de
752 1656 184 59 Constance
893 1656 113 59 dont
964 1656 85 59 il
993 1656 113 59 espère

128 1680 183 47 beaucoup
265 1680 122 47 pour
341 1680 91 47 sa
371 1680 122 47 santé.

131 1724 123 53 21677
213 1724 205 53 BEAUHARNAIS
377 1724 205 53 (Hortense),
541 1724 123 53 reine
624 1724 82 53 de
665 1724 178 53 Hollande,
801 1724 109 53 mère
870 1724 82 53 de
911 1724 164 53 Napoléon
1020 1724 82 53 III.

127 1754 104 63 L.
196 1754 127 63 a.
288 1754 92 63 sig.
345 1754 173 63 Hortense
483 1754 127 63 B.
575 1754 58 63 a
598 1754 81 63 Mme
644 1754 161 63 Chauvelin,
771 1754 81 63 3/4
817 1754 69 63 de
851 1754 69 63 p.
886 1754 104 63 in-8.
955 1754 104 63 Jolie
1012 1754 92 63 pièce.

1010 1799 24 48 25
1018 1799 44 48 5»

151 1813 177 64 Charmante
288 1813 136 64 lettre
383 1813 136 64 écrite
478 1813 123 64 alors
560 1813 150 64 qu’elle
669 1813 123 64 était
750 1813 136 64 encore
846 1813 123 64 jeune
927 1813 136 64 fille.
1009 1813 41 64 —

123 1856 159 63 «Maman,
238 1856 101 63 lui
296 1856 173 63 dit-elle
425 1856 101 63 est
483 1856 159 63 revenue
598 1856 87 63 de
642 1856 87 63 la
685 1856 202 63 Mal-Maison
843 1856 115 63 avec
916 1856 101 63 une
959 1856 144 63 migraine

120 1892 192 47 très-forte
271 1892 82 47 et
313 1892 110 47 vous
381 1892 124 47 prie,
464 1892 151 47 Madame,
574 1892 82 47 de
615 1892 96 47 lui
670 1892 124 47 faire
752 1892 82 47 le
794 1892 151 47 plaisir
904 1892 82 47 de
945 1892 110 47 vous
1000 1892 96 47 char-

121 1924 105 46 ger
181 1924 149 46 encore
285 1924 90 46 de
330 1924 105 46 moi
390 1924 119 46 pour
464 1924 90 46 me
509 1924 134 46 mener
599 1924 90 46 au
629 1924 134 46 bal...»

129 1958 120 48 21678
209 1958 201 48 BEAUVILLIER
369 1958 134 48 (Paul,
463 1958 94 48 duc
517 1958 107 48 de),
584 1958 80 48 le
624 1958 147 48 célèbre
731 1958 187 48 précepteur
878 1958 80 48 du
918 1958 94 48 duc
972 1958 80 48 de
998 1958 94 48 Bour-

118 2003 138 51 gogne,
215 2003 97 51 ami
270 2003 83 51 de
311 2003 166 51 Fénelon.
436 2003 124 51 L.
518 2003 83 51 a.
560 2003 138 51 s.
656 2003 83 51 (à
698 2003 166 51 l’évêque
822 2003 166 51 d’Alêt);
932 2003 166 51 Montargis,

118 2024 71 46 16
154 2024 95 46 oct.
213 2024 130 46 (1699),
307 2024 59 46 3
331 2024 71 46 p.
367 2024 83 46 pl.
414 2024 106 46 in-4.
485 2024 71 46 10
509 2024 35 46 »

151 2064 188 62 Très-belle
298 2064 134 62 lettre
392 2064 81 62 où
433 2064 81 62 il
473 2064 121 62 parle
553 2064 81 62 de
594 2064 94 62 ses
647 2064 148 62 fillès,
755 2064 215 62 bénédictines
929 2064 67 62 à
943 2064 161 62 Montargis,

118 2079 81 75 et
158 2079 81 75 de
198 2079 94 75 son
252 2079 121 75 fils,
333 2079 94 75 qui
387 2079 94 75 lui
441 2079 121 75 donné
522 2079 81 75 de
562 2079 121 75 vives
629 2079 189 75 inquiétudes.
