1203 2172
558 -3 72 63 —
586 -3 72 63 2
601 -3 43 63 —

647 47 60 65 21679
687 47 87 65 BECQUEREL
754 47 60 65 (Ant.
794 47 73 65 César),
847 47 73 65 célèbre
901 47 93 65 physicien,
974 47 67 65 membre
1021 47 40 65 de
1034 47 87 65 l’Institut.

140 105 78 43 L.
192 105 52 43 a.
218 105 95 43 s.
287 105 43 43 1
304 105 52 43 p.
330 105 78 43 in-8.
382 105 43 43 1
391 105 35 43 75

644 119 62 71 21680
685 119 90 71 BECQUEREL
754 119 90 71 (Edmond),
823 119 90 71 physicien
892 119 97 71 distingué,
968 119 69 71 membre
1016 119 41 71 de
1030 119 83 71 l’Institut

148 174 81 43 fils
198 174 61 43 du
229 174 141 43 précédent.
340 174 91 43 L.
400 174 61 43 a.
431 174 111 43 s.
511 174 50 43 1
532 174 61 43 p,
562 174 91 43 in-8.
623 174 50 43 1
633 174 40 43 50

146 219 107 40 21681
218 219 131 40 BELLINI
313 219 167 40 (Vincent),
444 219 131 40 célèbre
540 219 179 40 compositeur
683 219 72 40 de
719 219 131 40 musique
814 219 143 40 italien.
921 219 107 40 L.
993 219 72 40 a.
1017 219 107 40 s.

145 252 67 50 en
178 252 146 50 français,
291 252 56 50 à
313 252 79 50 Mme
358 252 101 50 Léon,
426 252 56 50 1
448 252 67 50 p.
482 252 101 50 in-8.
550 252 180 50 Rare
696 252 67 50 12
718 252 34 50 »

182 288 196 43 Très-jolie
336 288 154 43 lettre.
448 288 112 43 «Mes
518 288 154 43 amitiés
630 288 70 43 à
658 288 84 43 ce
700 288 140 43 mauvés
798 288 140 43 soujet
896 288 84 43 de
938 288 168 43 Baignete
1050 288 70 43 qui

149 315 129 45 rentre
239 315 77 45 si
278 315 103 45 tard
342 315 77 45 le
381 315 116 45 soir.
458 315 103 45 Vous
523 315 77 45 me
561 315 116 45 direz
639 315 103 45 s’il
703 315 64 45 a
729 315 103 45 fait
793 315 90 45 des
845 315 180 45 conquettes
986 315 77 45 au
1012 315 103 45 Grand.

130 356 164 42 Opéra...»

139 378 136 54 21682
230 378 182 54 BERTRAND
366 378 91 54 DE
411 378 197 54 MOLEVILLE
563 378 136 54 (Ant.
654 378 121 54 Fr.,
729 378 167 54 marquis
850 378 121 54 de),
926 378 197 54 intendant
1062 378 61 54 de

150 414 168 49 Bretagne,
280 414 155 49 ministre
396 414 78 49 de
435 414 117 49 Louis
513 414 104 49 XVI,
577 414 181 49 historien.
720 414 117 49 L.
797 414 78 49 a.
836 414 129 49 s.
927 414 78 49 au
966 414 117 49 comte
1043 414 78 49 de
1069 414 52 49 La

142 448 186 49 Châtre;
278 448 288 49 Fellham-Hill,
515 448 102 49 25
565 448 169 49 juill.
684 448 152 49 1812,
785 448 85 49 1
819 448 102 49 p.
870 448 152 49 in-4.
972 448 169 49 —TET12
1073 448 51 49 »

450 486 102 49 Lettre
521 486 82 49 d’un
572 486 92 49 grand
633 486 112 49 intérêt
715 486 71 49 sur
756 486 163 49 l’assassinat
888 486 61 49 du
919 486 92 49 comte
970 486 153 49 d’Entraigues.

467 528 113 41 Bertrand
552 528 57 41 de
580 528 123 41 Moleville
674 528 104 41 prétend
750 528 94 41 savoir
816 528 66 41 que
854 528 57 41 ce
882 528 104 41 dernier
958 528 123 41 possédait
1052 528 66 41 des
1081 528 47 41 pa-

470 555 88 56 piers
529 555 176 56 compromettants
675 555 78 56 pour
724 555 88 56 Louis
783 555 88 56 XVIII
842 555 59 56 et
871 555 59 56 il
900 555 98 56 engage
969 555 117 56 vivement
1057 555 59 56 le
1076 555 49 56 roi

150 590 66 46 a
176 590 119 46 faire
255 590 132 46 mettre
348 590 92 46 les
401 590 145 46 scellés
506 590 92 46 sur
559 590 92 46 les
612 590 145 46 papiers
718 590 79 46 du
757 590 92 46 feu
810 590 132 46 comte.
903 590 145 46 Détails
995 590 132 46 curieux.

471 629 80 47 21683
524 629 107 47 BIBBIENA
604 629 124 47 (Ferdinand
702 629 80 47 GALLI
756 629 71 47 de),
800 629 98 47 célèbre
871 629 98 47 peintre
942 629 53 47 et
969 629 89 47 habile
1022 629 107 47 architecte

152 663 142 52 italien
256 663 78 52 du
294 663 207 52 dix-huitième
463 663 142 52 siècle.
566 663 117 52 L.
644 663 78 52 a.
683 663 142 52 s.
786 663 142 52 Bologne
890 663 117 52 1730,
968 663 65 52 2
994 663 78 52 p.
1032 663 104 52 in-4
1084 663 39 52 à

149 703 181 45 mi-marge.
288 703 70 45 4
302 703 42 45 »

475 725 73 59 21684
524 725 122 59 BOMPARD,(J.
622 725 49 59 B.
646 725 73 59 Fr.).
695 725 90 59 célèbre
761 725 147 59 contre-amiral,
883 725 49 59 né
908 725 41 59 à
924 725 98 59 Lorient.
997 725 73 59 L.
1046 725 49 59 a.
1063 725 65 59 s.

156 772 80 46 (an
201 772 103 46 XII),
270 772 57 46 1
293 772 69 46 p.
327 772 103 46 in-4.
396 772 103 46 Belle
465 772 126 46 lettre.
556 772 57 46 3
568 772 34 46 »

154 805 120 52 21685
234 805 187 52 BONAPARTE,
381 805 147 52 premier
488 805 147 52 consul.
595 805 134 52 Brevet
688 805 120 52 sig.,
768 805 94 52 sur
822 805 134 52 vélin;
915 805 80 52 an
955 805 94 52 XI,
995 805 134 52 in

156 844 90 46 vig.
212 844 67 46 et
245 844 123 46 cachet.
335 844 101 46 Belle
402 844 112 46 piècé.
481 844 56 46 3
492 844 45 46 50

570 883 61 39 21686
611 883 74 39 BONHEUR
665 883 74 39 (Rosa),
719 883 40 39 la
739 883 74 39 célèbre
793 883 74 39 peintre
847 883 94 39 d’animaux.
921 883 61 39 L.
961 883 40 39 a.
981 883 67 39 s.
1029 883 34 39 à
1042 883 40 39 M.
1062 883 54 39 ...;
1089 883 34 39 Ry.

156 917 49 50 19
180 917 74 50 févr.
230 917 74 50 1861,
279 917 41 50 1
296 917 49 50 p.
320 917 58 50 pl.
353 917 74 50 in-8.
403 917 132 50 Rare
510 917 49 50 15
526 917 25 50 »

187 936 105 57 Très-jolie
269 936 82 57 lettre,
329 936 45 57 où
351 936 60 57 elle
389 936 45 57 le
411 936 90 57 rémercie
479 936 45 57 de
501 936 45 57 la
524 936 67 57 belle
569 936 120 57 lithographie
659 936 52 57 qu’il

153 987 97 50 lui
208 987 69 50 a
222 987 138 50 envoyée.

161 1011 66 63 21687
205 1011 81 63 BONHEUR
263 1011 103 63 (Auguste),
344 1011 81 63 peintre
403 1011 103 63 distingué,
484 1011 66 63 frère
528 1011 44 63 de
550 1011 59 63 Rosa
587 1011 88 63 Bonheur.
645 1011 81 63 L.

154 1060 92 47 a.
215 1060 113 47 s.
297 1060 92 47 1864,
358 1060 51 47 1
379 1060 61 47 p.
410 1060 72 47 1/2
450 1060 102 47 in-12.
522 1060 51 47 2
532 1060 31 47 »

159 1083 74 59 21688
208 1083 90 59 BOULTON
273 1083 114 59 (Mathieu),
363 1083 90 59 célèbre
428 1083 114 59 mécanicien
518 1083 98 59 anglais,
592 1083 57 59 ami
625 1083 49 59 et
649 1083 90 59 associé
706 1083 33 59 de

155 1130 77 49 Watt,
207 1130 68 49 dont
249 1130 51 49 il
275 1130 103 49 partagea
352 1130 60 49 les
386 1130 111 49 immortels
472 1130 103 49 travaux.
549 1130 77 49 L.
600 1130 86 49 a.
660 1130 68 49 sig.
694 1130 154 49 Watt

155 1165 107 39 ton
241 1165 36 39 à
255 1165 50 39 MM.
284 1165 72 39 Baikes
334 1165 43 39 et
355 1165 57 39 Cie;
391 1165 107 39 Birmingham,
477 1165 43 39 25
498 1165 72 39 juill.
549 1165 64 39 1793,
591 1165 50 39 3/4
620 1165 43 39 de
642 1165 43 39 p.
656 1165 50 39 in

155 1200 77 47 Belle
206 1200 85 47 pièce.
265 1200 136 47 Rare
376 1200 51 47 15
393 1200 26 47 »

158 1225 67 54 21689
202 1225 82 54 BOUNIEU
262 1225 149 54 (Michel-Hônoré),
389 1225 82 54 peintre
449 1225 45 54 et
471 1225 82 54 graveur
531 1225 97 54 distingué
605 1225 45 54 du
620 1225 75 54 dix-

159 1273 78 40 tième
211 1273 95 40 siècle,
280 1273 52 40 né
306 1273 43 40 à
323 1273 121 40 Marseille.
418 1273 78 40 L.
470 1273 52 40 a.
496 1273 86 40 s.
556 1273 43 40 à
573 1273 52 40 M.
599 1273 103 40 Osselin;
677 1273 52 40 27
702 1273 78 40 sept.
754 1273 78 40 1784,
806 1273 43 40 1
815 1273 34 40 p.

138 1297 221 44 in-4.
286 1297 343 44 Très-belle
555 1297 245 44 pièce.
727 1297 123 44 3
751 1297 98 44 50

157 1335 87 46 21690
215 1335 97 46 BRIGHT
283 1335 107 46 (John),
361 1335 107 46 célèbre
438 1335 87 46 homme
496 1335 126 46 politique
593 1335 116 46 anglais,
681 1335 58 46 un
710 1335 68 46 des
748 1335 107 46 apôtres
816 1335 39 46 du

155 1370 84 59 libre
210 1370 111 59 échange.
294 1370 84 59 L.
350 1370 56 59 a.
377 1370 93 59 s.
442 1370 46 59 à
461 1370 56 59 M.
489 1370 148 59 Scholefield;
609 1370 56 59 22
637 1370 84 59 févr.
693 1370 84 59 1865,
749 1370 46 59 3
767 1370 56 59 p.
786 1370 74 59 in

153 1403 99 46 Jolie
219 1403 66 46 et
252 1403 176 46 intéressante
395 1403 121 46 lettre.
483 1403 55 46 7
494 1403 44 46 50

153 1423 125 74 21691
236 1423 180 74 BOURBOTTE
375 1423 180 74 (Pierre),
514 1423 236 74 conventionnel
708 1423 208 74 montagnard,
875 1423 180 74 compromis
1014 1423 111 74 dans
1069 1423 56 74 le

149 1470 188 54 mouvement
293 1470 87 54 du
337 1470 101 54 1er
394 1470 174 54 prairial
525 1470 87 54 an
568 1470 116 54 III,
640 1470 87 54 et
684 1470 101 54 qui
742 1470 87 54 se
785 1470 188 54 poignarda
930 1470 87 54 en
973 1470 174 54 marchant
1089 1470 43 54 à

148 1513 191 43 l’échafaud.
301 1513 114 43 L.
377 1513 76 43 a.
415 1513 127 43 s.
504 1513 64 43 à
530 1513 153 43 Carrier;
644 1513 127 43 Angers
733 1513 76 43 an
771 1513 89 43 II,
822 1513 64 43 1
847 1513 76 43 p.
886 1513 153 43 in-fol.,
1000 1513 102 43 tête
1051 1513 76 43 impr

1045 1537 83 43 7
1061 1537 66 43 50

181 1567 82 57 Il
222 1567 96 57 lui
277 1567 150 57 annonce
386 1567 96 57 que
441 1567 96 57 les
496 1567 150 57 200,000
605 1567 137 57 livres
701 1567 96 57 que
756 1567 137 57 Prieur
851 1567 96 57 (de
906 1567 82 57 la
947 1567 191 57 Côte-d’Or)
1084 1567 41 57 e

156 1606 130 56 Hentz
242 1606 159 56 avaient
357 1606 187 56 demandées
502 1606 87 56 au
545 1606 144 56 Comité
646 1606 87 56 de
689 1606 130 56 salut
776 1606 144 56 public
876 1606 115 56 pour
949 1606 115 56 leur
1006 1606 130 56 mission

156 1640 99 59 ont
213 1640 99 59 été
269 1640 156 59 versées
383 1640 113 59 dans
454 1640 85 59 la
496 1640 142 59 caisse
595 1640 85 59 du
638 1640 142 59 payeur
737 1640 156 59 général
850 1640 85 59 de
893 1640 156 59 l’armée
1006 1640 85 59 et
1035 1640 99 59 qu’il

159 1688 112 46 peut
229 1688 84 46 en
257 1688 153 46 disposer.

160 1699 113 72 21692
236 1699 138 72 BURNOUF
336 1699 163 72 (Eugène),
462 1699 75 72 un
500 1699 88 72 des
550 1699 214 72 orientalistes
726 1699 88 72 les
776 1699 100 72 plus
839 1699 151 72 célèbres
952 1699 75 72 de
977 1699 50 72 ce

156 1746 126 54 siècle,
247 1746 115 54 membre
327 1746 69 54 de
362 1746 172 54 l’Institut.
499 1746 103 54 L.
568 1746 69 54 a.
603 1746 126 54 s.
694 1746 115 54 Paris,
774 1746 69 54 24
809 1746 92 54 nov.
866 1746 103 54 1850,
935 1746 57 54 1
958 1746 69 54 p.
981 1746 57 54 pl.

166 1790 96 44 in-4.
230 1790 149 44 Très-belle
347 1790 117 44 lettre.
433 1790 53 44 2
443 1790 43 44 50

165 1807 73 73 21693
214 1807 81 73 CAMPAN
271 1807 57 73 (J.
303 1807 49 73 L.
328 1807 106 73 Henriette
409 1807 90 73 GENET),
474 1807 98 73 lectrice
548 1807 49 73 de
572 1807 171 73 Marie-Antoinette,
711 1807 65 73 auteur

167 1857 42 49 de
188 1857 133 49 Mémoires
300 1857 49 49 sur
329 1857 63 49 cette
371 1857 98 49 princesse.
448 1857 63 49 L.
490 1857 42 49 a.
511 1857 70 49 s.
560 1857 42 49 au
581 1857 56 49 cit.
616 1857 84 49 Aristide
680 1857 91 49 Valcourt,
743 1857 35 49 aux

159 1888 179 57 Tuileries;
300 1888 128 57 Paris,
390 1888 77 57 13
428 1888 102 57 mars
492 1888 115 57 1793,
569 1888 64 57 1
595 1888 77 57 p.
633 1888 115 57 in-4.
710 1888 64 57 8
723 1888 38 57 »

200 1921 71 57 Elle
245 1921 62 57 lui
280 1921 89 57 envoie
343 1921 53 57 un
369 1921 80 57 homme
423 1921 53 57 de
449 1921 116 57 confiance
538 1921 71 57 pour
583 1921 98 57 retirer
654 1921 53 57 le
681 1921 80 57 reste
725 1921 45 57 des

174 1960 90 59 effets
237 1960 99 59 qu’elle
309 1960 45 59 a
327 1960 90 59 encore
390 1960 63 59 aux
426 1960 126 59 Tuileries,
526 1960 81 59 ainsi
580 1960 63 59 que
616 1960 63 59 les
652 1960 99 59 papiers
724 1960 99 59 qu'elle
787 1960 63 59 avait

160 1997 100 51 cru
217 1997 214 51 nécessaires
388 1997 85 51 de
430 1997 171 51 remettre
558 1997 85 51 au
587 1997 128 51 Comité.

168 2045 53 50 21694
204 2045 77 50 CAVAIGNAC
263 2045 89 50 (Godefroy),
334 2045 65 50 célèbre
381 2045 71 50 écrivain
435 2045 118 50 révolutionnaire.
535 2045 36 50 1º
553 2045 53 50 L.
583 2045 53 50 a.

792 2059 28 59 sig.
810 2059 74 59 Godefroid
874 2059 18 59 1
881 2059 21 59 p.
892 2059 35 59 in-12.
916 2059 32 59 Jolie
938 2059 39 59 lettre.
966 2059 18 59 —
973 2059 21 59 2º
984 2059 32 59 L.
1005 2059 35 59 a.
1030 2059 18 59 à
1037 2059 43 59 Drolling
1065 2059 18 59 (le

154 2097 169 65 peintre);
284 2097 156 65 Londres,
402 2097 78 65 23
441 2097 117 65 févr.
519 2097 143 65 (1836),
623 2097 65 65 2
649 2097 78 65 p.
688 2097 117 65 in-8.
767 2097 169 65 Curieusé.
897 2097 65 65 7
910 2097 39 65 »
