1190 2213
555 23 84 45 —
589 23 101 45 10
623 23 51 45 —

140 68 122 65 21778
222 68 190 65 PARMENTIER
371 68 122 65 (Ant.
452 68 136 65 Aug.),
547 68 136 65 savant
642 68 176 65 agronome,
777 68 217 65 introducteur
954 68 81 65 de
981 68 54 65 la

147 126 106 48 omme
213 126 79 48 de
252 126 119 48 terre
332 126 79 48 en
371 126 132 48 France
464 126 132 48 membre
556 126 79 48 de
596 126 198 48 l’Institut.
754 126 119 48 L.
833 126 79 48 a.
873 126 132 48 s.
966 126 79 48 au
1005 126 106 48 cit.
1058 126 66 48 Re-

138 148 102 55 nou;
202 148 128 55 Paris,
291 148 64 55 4
317 148 128 55 nivôse
406 148 77 55 an
445 148 89 55 VI,
496 148 64 55 3
521 148 77 55 p.
560 148 89 55 1/2
611 148 115 55 in-8.
687 148 64 55 3
700 148 51 55 50

166 186 234 54 Intéressante
356 186 161 54 lettre,
473 186 88 54 où
517 186 88 54 il
561 186 102 54 lui
619 186 161 54 indique
736 186 102 54 les
794 186 190 54 meilleurs
940 186 175 54 ouvrages
1057 186 73 54 sur

136 225 176 51 l’histoiré
274 225 176 51 naturelle,
412 225 75 51 et
450 225 113 51 parle
525 225 75 51 de
563 225 163 51 Daubenton
688 225 113 51 qu’il
763 225 138 51 appelle
864 225 75 51 le
901 225 163 51 Nestor
1014 225 113 51 des

143 270 138 43 sciences

451 283 71 60 21779
499 283 95 60 PELLETAN
570 283 103 60 (Eugène),
649 283 79 60 député
705 283 48 60 et
729 283 111 60 publiciste
816 283 95 60 libéral.
887 283 71 60 L.
935 283 48 60 a.
959 283 87 60 s.
1022 283 56 60 1/2
1054 283 48 60 p.
1070 283 56 60 in

1044 331 34 38 1
1051 331 27 38 25

538 355 52 63 21780
573 355 41 63 PIE
596 355 46 63 VII,
625 355 52 63 pape,
660 355 75 63 dépossédé
718 355 41 63 par
741 355 70 63 Napoléon
794 355 35 63 en
811 355 52 63 1809.
846 355 52 63 L.
881 355 58 63 s.
921 355 35 63 au
933 355 29 63 roi

144 405 113 46 Louis
220 405 126 46 XVIII;
308 405 113 46 Rome,
384 405 63 46 9
409 405 126 46 juill.
497 405 113 46 1814,
572 405 63 46 1
598 405 76 46 p.
635 405 138 46 in-fol.
736 405 76 46 25
761 405 38 46 »

169 443 133 49 Pièce
258 443 222 49 historique.
435 443 74 49 —
465 443 103 49 Pie
524 443 103 49 VII
583 443 163 49 exprime
701 443 74 49 à
731 443 133 49 Louis
819 443 133 49 XVIII
908 443 133 49 toute
997 443 89 49 la
1026 443 89 49 joie

145 472 120 58 qu’il
225 472 67 58 a
252 472 160 58 éprouvée
372 472 80 58 de
412 472 80 58 sa
452 472 214 58 restauration
626 472 94 58 sur
679 472 80 58 le
719 472 134 58 trône.
813 472 80 58 Il
853 472 134 58 charge
946 472 80 58 le
986 472 134 58 prince
1067 472 53 58 de

144 505 123 57 Léon,
226 505 95 57 qui
281 505 163 57 retourne
403 505 68 57 à
430 505 136 57 Paris,
526 505 82 57 de
567 505 95 57 lui
621 505 136 57 porter
716 505 95 57 ses
771 505 232 57 félicitations
962 505 68 57 à
989 505 82 57 ce
1016 505 109 57 sujet.

153 539 161 57 «Puisse
270 539 131 57 Votre
358 539 161 57 Majesté
475 539 117 57 être
548 539 190 57 persuadée
694 539 102 57 que
752 539 117 57 rien
825 539 88 57 de
869 539 117 57 plus
942 539 117 57 cher
1015 539 88 57 ne
1044 539 88 57 pou-

145 576 108 50 vait
213 576 108 50 nous
281 576 149 50 arriver
389 576 81 50 et
430 576 95 50 que
484 576 122 50 notre
565 576 203 50 consolation
727 576 95 50 est
781 576 122 50 telle
862 576 149 50 qu’elle
971 576 135 50 puisse
1052 576 81 50 voùs

143 609 125 50 faire
226 609 152 50 oublier
337 609 97 50 les
392 609 138 50 peines
489 609 97 50 que
544 609 111 50 vous
614 609 111 50 avez
683 609 249 50 souffertes...»

152 642 105 48 21781
222 642 116 48 PIERRE
304 642 81 48 (J.
350 642 70 48 B.
385 642 93 48 M.),
443 642 128 48 célèbre
536 642 128 48 graveur
630 642 70 48 et
664 642 128 48 premier
758 642 128 48 peintre
851 642 70 48 du
886 642 93 48 roi.
944 642 105 48 L.
1014 642 70 48 a.
1037 642 93 48 s.

148 679 60 56 à
172 679 72 56 M.
208 679 95 56 ...;
267 679 72 56 au
303 679 131 56 Louvre,
398 679 72 56 11
434 679 119 56 juill.
518 679 107 56 1772,
589 679 60 56 3
613 679 72 56 p.
649 679 83 56 1/4
696 679 107 56 in-8.
768 679 119 56 Peu
851 679 179 56 commun
994 679 60 56 6
1006 679 36 56 »

141 728 71 37 —
169 728 241 37 Très-curieuse
367 728 156 37 épître,
481 728 170 37 adressée
608 728 71 37 à
636 728 85 37 un
679 728 156 37 peintre
792 728 127 37 qu’il
877 728 127 37 avait
962 728 142 37 chargé
1047 728 85 37 d’un

145 752 151 51 travail
255 752 82 51 et
296 752 96 51 qui
351 752 69 51 a
379 752 96 51 des
434 752 206 51 prétentions
585 752 220 51 inadmissibles.

146 771 109 72 21782
218 771 133 72 PRÉAULT
315 771 169 72 (Auguste),
448 771 121 72 habile
532 771 169 72 statuaire.
665 771 109 72 L.
738 771 72 72 a.
774 771 133 72 s.
870 771 109 72 1863,
943 771 60 72 1
967 771 72 72 p.
1003 771 109 72 in-8.
1076 771 60 72 1
1088 771 48 72 75

149 820 120 61 21783
229 820 133 61 RAUMER
322 820 133 61 (Fréd.
415 820 80 61 L.
455 820 80 61 G.
495 820 107 61 de),
561 820 80 61 un
601 820 93 61 des
655 820 173 61 meilleurs
788 820 186 61 historiens
934 820 80 61 de
961 820 173 61 l’Allémagne

147 859 74 57 au
184 859 198 57 dix-neuvième
345 859 136 57 siècle,
444 859 136 57 associé
543 859 74 57 de
581 859 186 57 l’Institut.
729 859 112 57 L.
804 859 74 57 a.
841 859 136 57 s.
940 859 62 57 4
965 859 74 57 p.
1002 859 87 57 pl.
1039 859 87 57 in

157 899 172 58 Très-belle
292 899 110 58 pièce
365 899 123 58 écrite
451 899 74 58 en
488 899 159 58 plusieurs
610 899 147 58 langues.
721 899 61 58 4
733 899 49 58 50

160 928 92 56 21784
221 928 112 56 ROBERTS
302 928 122 56 (David),
394 928 61 56 le
425 928 112 56 célèbre
506 928 112 56 peintre
588 928 132 56 écossais.
689 928 92 56 L.
750 928 61 56 a.
781 928 102 56 s.
852 928 51 56 à
873 928 61 56 M.
893 928 112 56 Bicknell;

155 963 72 61 15
191 963 96 61 juin
251 963 108 61 1856,
323 963 60 61 2
347 963 72 61 p.
383 963 84 61 1/2
431 963 72 61 p.
467 963 120 61 in-18.
551 963 108 61 Jolie
623 963 132 61 lettre.
719 963 120 61 Peu
803 963 180 61 commun
947 963 60 61 8
959 963 36 61 »

152 1016 130 41 21785
238 1016 231 41 ROCHECHOUART
426 1016 434 41 (Marie-Madeleine-Gabrielle
817 1016 101 41 de)
875 1016 159 41 abbesse
990 1016 87 41 de
1019 1016 116 41 Fonte-

157 1033 153 58 vrault
264 1033 122 58 sœur
340 1033 92 58 de
386 1033 107 58 Mme
447 1033 92 58 de
492 1033 198 58 Montespan
645 1033 107 58 une
706 1033 107 58 des
767 1033 153 58 femmes
874 1033 107 58 les
935 1033 122 58 plus
996 1033 137 58 distin-

155 1068 113 46 cuées
231 1068 75 46 de
268 1068 88 46 son
319 1068 125 46 temps.
406 1068 113 46 L.
482 1068 75 46 a.
519 1068 125 46 s.
607 1068 75 46 au
645 1068 100 46 père
707 1068 125 46 Rapin;
795 1068 201 46 Fontevrault,
958 1068 63 46 9
983 1068 113 46 févr.
1046 1068 88 46 1687,

181 1115 41 54 4
197 1115 50 54 p.
222 1115 58 54 1/2
255 1115 74 54 in-4.
305 1115 132 54 Rare
404 1115 41 54 50»

181 1139 157 58 Superbe
295 1139 85 58 et
337 1139 171 58 élégante
466 1139 142 58 lettre
565 1139 100 58 sur
622 1139 85 58 la
665 1139 114 58 mort
736 1139 85 58 du
779 1139 128 58 grand
864 1139 142 58 Condé.
964 1139 100 58 «Si
1021 1139 114 58 nous
1078 1139 57 58 ne

154 1183 150 52 pensons
263 1183 68 52 a
290 1183 122 52 cette
372 1183 163 52 éternité
494 1183 109 52 dont
562 1183 109 52 vous
630 1183 109 52 avés
698 1183 82 52 si
739 1183 109 52 bien
807 1183 136 52 escrit
902 1183 82 52 et
943 1183 109 52 dont
1011 1183 109 52 vous
1065 1183 68 52 pa-

157 1207 150 54 roissés
267 1207 164 54 toujours
389 1207 150 54 occupé,
499 1207 82 54 ce
539 1207 123 54 n'est
621 1207 96 54 pas
676 1207 123 54 faute
758 1207 150 54 d’estre
867 1207 150 54 souvent
976 1207 150 54 avertis
1072 1207 68 54 par

153 1241 83 63 de
195 1241 153 63 tristes
306 1241 209 63 expériences
473 1241 83 63 du
515 1241 125 63 néant
598 1241 83 63 de
640 1241 139 63 toutes
737 1241 97 63 les
793 1241 139 63 choses
891 1241 83 63 de
932 1241 83 63 la
974 1241 139 63 terre.
1058 1241 83 63 Rien

160 1275 90 54 ne
205 1275 90 54 le
250 1275 151 54 prouve
356 1275 136 54 mieux
446 1275 106 54 que
507 1275 166 54 d’avoir
627 1275 90 54 vu
673 1275 226 54 disparoitre
854 1275 90 54 un
899 1275 136 54 homme
989 1275 136 54 comme
1065 1275 75 54 feu

158 1307 83 56 M.
200 1307 83 56 le
241 1307 152 56 Prince.
352 1307 83 56 Sa
393 1307 180 56 naissance
532 1307 83 56 et
573 1307 97 56 son
629 1307 138 56 mérite
726 1307 97 56 lui
781 1307 180 56 faisoient
920 1307 152 56 occuper
1030 1307 111 56 tant
1086 1307 55 56 de

164 1333 119 62 lace
239 1333 119 62 dans
313 1333 89 62 le
358 1333 134 62 monde
447 1333 134 62 qu’on
536 1333 223 62 s’imaginoit
715 1333 253 62 naturellement
923 1333 134 62 qu’il
1012 1333 74 62 y
1027 1333 119 62 tenoit

163 1384 107 47 plus
230 1384 107 47 fort
297 1384 94 47 que
351 1384 94 47 les
391 1384 161 47 autres...»

161 1404 109 65 21786
234 1404 158 65 ROSASPINA
355 1404 122 65 (Fr.),
440 1404 73 65 le
477 1404 134 65 célèbre
574 1404 134 65 graveur
671 1404 146 65 italien.
781 1404 109 65 L.
853 1404 73 65 a.
890 1404 134 65 s.
987 1404 109 65 1828,
1060 1404 85 65 1/2
1096 1404 49 65 p.

174 1467 62 38 in-4.
215 1467 34 38 3
222 1467 21 38 »

158 1466 105 72 21787
228 1466 140 72 ROUSSEAU
333 1466 82 72 (J.
380 1466 93 72 B.),
438 1466 70 72 un
473 1466 70 72 de
508 1466 82 72 nos
555 1466 152 72 meilleurs
672 1466 117 72 poëtes
754 1466 152 72 lyriques.
870 1466 105 72 L.
940 1466 117 72 a.
1010 1466 47 72 (à

161 1526 90 50 Mme
213 1526 155 50 Fériol);
329 1526 116 50 Bade,
406 1526 77 50 10
445 1526 103 50 août
510 1526 116 50 1714,
587 1526 65 50 4
613 1526 77 50 p.
651 1526 90 50 pl.
703 1526 116 50 in-4.
780 1526 77 50 23
806 1526 39 50 »

198 1548 151 65 Superbe
308 1548 151 65 lettre,
418 1548 83 65 où
460 1548 83 65 il
501 1548 124 65 parle
584 1548 96 65 des
639 1548 289 65 plénipotentiaires
886 1548 96 65 qui
942 1548 151 65 étaient
1052 1548 69 65 à
1065 1548 83 65 Bade

166 1581 114 67 pour
237 1581 86 67 la
280 1581 200 67 conclusion
437 1581 86 67 de
480 1581 86 67 la
523 1581 114 67 paix
594 1581 114 67 avec
665 1581 171 67 l’Empire
794 1581 157 67 (signée
908 1581 86 67 le
951 1581 71 67 7
965 1581 186 67 septembre).

214 1619 124 58 «Nous
297 1619 124 58 avons
380 1619 111 58 ici,
449 1619 152 58 dit-il,
560 1619 97 58 une
615 1619 124 58 foule
698 1619 83 58 de
740 1619 152 58 princes
850 1619 83 58 et
892 1619 180 58 d’envoiez
1030 1619 97 58 qui
1072 1619 41 58 y

165 1654 119 60 sont
240 1654 134 60 comme
329 1654 104 60 les
388 1654 223 60 spectateurs
567 1654 119 60 d’un
642 1654 134 60 opéra
731 1654 89 60 de
776 1654 164 60 Danchet
895 1654 104 60 qui
954 1654 194 60 rassemble
1088 1654 60 60 la

161 1694 190 55 meilleure
307 1694 190 55 compagnie
453 1694 88 55 du
497 1694 131 55 monde
585 1694 88 55 et
629 1694 88 55 ne
673 1694 190 55 satisfait
804 1694 219 55 personne...».

165 1720 113 81 21788
241 1720 75 81 LE
279 1720 113 81 MÊME.
354 1720 113 81 L.
429 1720 126 81 a.
517 1720 75 81 (à
555 1720 75 81 la
593 1720 126 81 même);
681 1720 138 81 Vienne,
781 1720 75 81 11
819 1720 176 81 févr.1721,
957 1720 63 81 4
983 1720 75 81 p.
1020 1720 88 81 pl.
1058 1720 88 81 in

920 1758 281 45 18
1014 1758 140 45 »

201 1793 190 71 Très-jolie
351 1793 149 71 lettre.
459 1793 68 71 —
486 1793 95 71 «Je
541 1793 81 71 ne
581 1793 136 71 compte
676 1793 109 71 plus
744 1793 95 71 sur
798 1793 122 71 rien,
880 1793 81 71 et
920 1793 176 71 l’édition
1056 1793 81 71 de
1083 1793 68 71 mes

177 1831 183 59 ouvrages,
318 1831 99 59 qui
374 1831 99 59 est
431 1831 113 59 sous
501 1831 141 59 presse
600 1831 141 59 depuis
698 1831 113 59 plus
769 1831 85 59 de
811 1831 113 59 deux
881 1831 113 59 ans,
952 1831 85 59 se
994 1831 141 59 trouve
1079 1831 70 59 ac-

174 1869 151 53 crochée
284 1869 96 53 par
339 1869 82 53 le
380 1869 137 53 séjour
477 1869 96 53 que
532 1869 82 53 je
573 1869 110 53 suis
642 1869 137 53 obligé
738 1869 82 53 de
779 1869 124 53 faire
861 1869 110 53 dans
930 1869 82 53 ce
971 1869 165 53 pays-ci.
1081 1869 69 53 J’y

177 1899 120 62 suis
252 1899 120 62 fort
327 1899 120 62 bien
402 1899 90 62 et
446 1899 135 62 comme
536 1899 90 62 je
581 1899 150 62 m’aime
686 1899 150 62 encore
791 1899 135 62 mieux
881 1899 105 62 que
940 1899 90 62 je
985 1899 150 62 n’aime
1075 1899 75 62 mes

176 1938 177 54 ouvrages,
312 1938 82 54 je
353 1938 109 54 n’ai
421 1938 122 54 nulle
503 1938 190 54 impatience
652 1938 109 54 d’en
707 1938 163 54 partir...»

182 1955 109 86 21789
255 1955 73 86 LE
291 1955 109 86 MÊME.
363 1955 109 86 L.
436 1955 73 86 a.
472 1955 121 86 s.
557 1955 61 86 à
581 1955 73 86 M.
618 1955 182 86 d’Argental;
763 1955 133 86 Vienne,
860 1955 73 86 11
896 1955 109 86 féyr.
968 1955 109 86 1721,
1041 1955 61 86 3
1065 1955 73 86 p.
1089 1955 61 86 pl.

180 2024 103 58 in-4.
248 2024 114 58 Légère
328 2024 160 58 déchirure.
454 2024 69 58 32
477 2024 34 58 »

217 2032 202 87 Très-belle
376 2032 145 87 lettre
477 2032 159 87 remplie
592 2032 87 87 de
636 2032 246 87 protestations
838 2032 188 87 amicales.
983 2032 101 87 «Je
1040 2032 116 87 suis
1098 2032 58 87 un

183 2085 129 63 homme
269 2085 86 63 du
312 2085 129 63 vieux
398 2085 129 63 tems,
484 2085 158 63 dit-il,
599 2085 86 63 et
643 2085 101 63 les
700 2085 172 63 nouveaux
829 2085 172 63 systèmes
959 2085 129 63 n’ont
1045 2085 101 63 pas
1088 2085 72 63 as-

183 2123 96 58 sez
238 2123 109 58 bien
306 2123 137 58 réussi
402 2123 82 58 en
443 2123 137 58 France
539 2123 109 58 pour
608 2123 82 58 me
649 2123 164 58 dégoûter
772 2123 96 58 des
827 2123 164 58 anciens.
950 2123 123 58 Aussi
1032 2123 82 58 ne
1059 2123 96 58 fais
