1170 2219
490 19 135 55 —
544 19 135 55 3
571 19 81 55 —

171 85 84 46 Je
213 85 126 46 vois,
297 85 154 46 dit-il,
409 85 98 46 que
465 85 98 46 (ce
521 85 140 46 pauvre
619 85 140 46 diable
717 85 84 46 de
759 85 140 46 Pepin,
857 85 154 46 pensant
969 85 126 46 qu’on
1039 85 70 46 lui

131 122 85 42 en
173 122 183 42 tiendrait
314 122 141 42 compte
413 122 85 42 ou
455 122 85 42 du
498 122 127 42 moins
582 122 127 42 qu’on
667 122 197 42 laisserait
822 122 99 42 ses
878 122 169 42 derniers
991 122 127 42 moments

138 159 83 36 en
180 159 138 36 repos,
276 159 83 36 a,
317 159 83 36 de
358 159 138 36 guerre
455 159 138 36 lasse,
551 159 165 36 prétendu
675 159 96 36 que
730 159 83 36 je
771 159 138 36 savais
867 159 83 36 le
909 159 138 36 projet
1005 159 83 36 de
1032 159 83 36 tuer

128 189 273 48 Louis-Philippe.
358 189 86 48 Je
401 189 172 48 l’aurais
530 189 86 48 su
573 189 259 48 qu’apparemment
789 189 86 48 je
832 189 172 48 n’aurais
961 189 101 48 pas
1018 189 101 48 été
1062 189 57 48 le

124 232 170 42 révéler,
251 232 113 42 mais
322 232 85 42 le
364 232 113 42 fait
435 232 99 42 est
492 232 99 42 que
548 232 85 42 je
591 232 113 42 n’en
661 232 141 42 savais
760 232 113 42 rien
831 232 85 42 de
874 232 127 42 rien,
958 232 99 42 sur
1015 232 85 42 ma
1043 232 71 42 pa

71 262 416 45 role...»

129 287 124 46 21695
212 287 138 46 CAVOUR
308 287 179 46 (Camille,
446 287 124 46 comte
528 287 110 46 de),
597 287 193 46 l’illustre
748 287 124 46 homme
831 287 151 46 d’État,
941 287 179 46 fondateur
1065 287 55 46 de

132 330 138 38 l’unité
233 330 176 38 italienne.
372 330 113 38 L.
447 330 76 38 a.
485 330 138 38 s.
585 330 76 38 en
623 330 164 38 français,
749 330 63 38 à
774 330 76 38 M.
812 330 151 38 Gilbert;
925 330 126 38 Paris,
1013 330 76 38 22
1038 330 76 38 août

139 360 99 43 1837,
205 360 55 43 4
227 360 66 43 p.
260 360 77 43 pl.
303 360 99 43 in-8.
369 360 121 43 Superbe
457 360 110 43 pièce.
534 360 175 43 Rare
676 360 66 43 10
698 360 33 43 »

139 398 169 43 HAMPAGNE
265 398 98 43 (J.
322 398 127 43 Fr.),
406 398 141 43 érudit
504 398 84 43 et
547 398 211 43 traducteur,
715 398 183 43 directeur
856 398 84 43 du
898 398 155 43 collège
997 398 112 43 Louis-

130 431 190 41 le-Grand,
277 431 132 41 qu’il
365 431 190 41 contribua
511 431 73 41 à
541 431 161 41 relever
658 431 132 41 après
746 431 88 41 la
790 431 220 41 Révolution,
965 431 147 41 membre
1053 431 59 41 de

126 467 184 47 l’Institut.
273 467 111 47 L.
347 467 74 47 a.
384 467 123 47 s.
470 467 61 47 à
494 467 123 47 l’abbé
580 467 147 47 d’Anjou;
691 467 123 47 Paris,
777 467 74 47 31
814 467 123 47 juill.
900 467 111 47 1783,
974 467 61 47 1
998 467 74 47 p.
1023 467 86 47 in

1034 497 76 43 2
1049 497 61 43 25

132 533 115 42 21697
209 533 140 42 CHARLES
311 533 102 42 VII,
375 533 89 42 roi
426 533 77 42 de
464 533 140 42 France.
566 533 89 42 P.
617 533 140 42 s.
719 533 89 42 sur
770 533 128 42 vélin;
860 533 204 42 Taillebourg,
1026 533 64 42 6
1038 533 77 42 août

132 570 135 37 1451,
222 570 75 37 1
252 570 90 37 p.
297 570 120 37 in-4
372 570 165 37 oblong.
492 570 150 37 Légère
597 570 195 37 déchirure
748 570 180 37 enlevant
883 570 180 37 quelques
1003 570 105 37 mots.

774 602 354 43 27
892 602 177 43 »

163 632 230 51 Intéressante
349 632 144 51 pièce.
450 632 72 51 —
479 632 86 51 Il
522 632 158 51 ordonne
637 632 101 51 que
694 632 86 51 la
737 632 129 51 somme
824 632 86 51 de
867 632 144 51 30,000
967 632 115 51 fr.,
1025 632 86 51 res-

139 671 102 38 ant
198 671 102 38 des
256 671 87 38 40
299 671 102 38 000
357 671 131 38 qu’il
445 671 131 38 avait
532 671 160 38 alloués
648 671 73 38 à
677 671 87 38 Me
721 671 116 38 Jean
793 671 87 38 de
837 671 203 38 Xaincoins,
997 671 87 38 et
1026 671 87 38 dont

136 702 150 45 10,000
241 702 194 45 seulement
390 702 105 45 ont
450 702 105 45 été
510 702 179 45 dépensés
644 702 120 45 pour
719 702 90 45 le
764 702 120 45 fait
839 702 90 45 de
884 702 90 45 la
929 702 164 45 guerre;
1033 702 90 45 soit

136 739 159 39 baillée
251 739 72 39 à
280 739 87 39 Me
323 739 159 39 Antoine
439 739 173 39 Raguier,
569 739 101 39 qui
627 739 72 39 a
656 739 159 39 succédé
771 739 130 39 audit
858 739 188 39 Xainçoins
1002 739 116 39 dans
1060 739 58 39 la

131 770 140 48 charge
229 770 84 48 de
271 770 182 48 trésorier
412 770 98 48 des
454 770 140 48 guerres.

140 805 102 47 21698
207 805 124 47 CHARLES
298 805 79 47 II,
343 805 79 47 roi
388 805 192 47 d’Angleterre,
546 805 90 47 fils
603 805 68 47 et
637 805 158 47 successeur
761 805 68 47 de
795 805 124 47 Charles
885 805 90 47 Ier.
941 805 102 47 L.
1009 805 68 47 a.
1032 805 90 47 s.

127 845 69 36 à
155 845 152 36 William
265 845 152 36 Temple;
376 845 180 36 Whithall,
514 845 83 36 25
555 845 111 36 juin
625 845 124 36 1675,
707 845 97 36 3/4
763 845 83 36 de
804 845 83 36 p.
846 845 124 36 in-4.
928 845 124 36 Jolie
997 845 111 36 pièce.

735 872 470 49 40
891 872 235 49 »

145 913 106 40 21699
216 913 70 40 LE
251 913 106 40 MÊME.
321 913 106 40 L.
392 913 129 40 s.
486 913 70 40 en
521 913 153 40 français,
639 913 94 40 avec
697 913 70 40 la
732 913 164 40 souscript.
862 913 106 40 aut.,
932 913 59 40 à
956 913 164 40 l’électeur
1073 913 47 40 de

130 945 219 50 Brandebourg;
308 945 164 50 Londres,
432 945 82 50 23
473 945 110 50 juin
541 945 123 50 1665,
624 945 69 50 1
651 945 82 50 p.
692 945 164 50 in-fol.,
816 945 137 50 cachet
912 945 137 50 brisé.
1007 945 82 50 18
1035 945 41 50 »

159 983 220 42 Intéressante
338 983 151 42 lettre,
448 983 83 42 où
490 983 83 42 il
531 983 96 42 lui
586 983 151 42 demande
696 983 165 42 d’entrer
820 983 110 42 pour
889 983 83 42 sa
930 983 110 42 part
999 983 110 42 dans
1054 983 55 42 le

130 1015 138 38 traité
227 1015 124 38 qu’il
310 1015 124 38 vient
393 1015 83 38 de
434 1015 166 38 conclure
559 1015 124 38 avec,
642 1015 166 38 l’évêque
766 1015 83 38 de
808 1015 152 38 Munster
918 1015 124 38 «pour
988 1015 124 38 l’obli.

133 1053 109 40 ger,
202 1053 150 40 dit-il,
311 1053 68 40 à
338 1053 137 40 donner
434 1053 82 40 la
475 1053 109 40 main
543 1053 96 40 aux
598 1053 164 40 affaires
721 1053 96 40 que
775 1053 109 40 j’ay
844 1053 219 40 présentement
1021 1053 68 40 à
1035 1053 82 40 des-

141 1091 142 35 nesler
240 1091 113 35 avec
311 1091 99 35 les
367 1091 142 35 Estats
467 1091 99 35 des
523 1091 184 35 Provinces
651 1091 127 35 Unies.»

139 1126 118 39 21700
218 1126 158 39 CHOISEUL
336 1126 171 39 (Fr.-Et.,
467 1126 92 39 duc
520 1126 105 39 de),
586 1126 79 39 le
625 1126 145 39 célèbre
730 1126 158 39 ministre
848 1126 92 39 des
901 1126 158 39 affaires
1006 1126 105 39 étran-

139 1150 103 49 gères
207 1150 69 49 de
241 1150 103 49 Louis
310 1150 80 49 XV.
356 1150 103 49 L.
424 1150 126 49 a.
516 1150 91 49 sig.
573 1150 274 49 Tarelelelala
813 1150 57 49 à
835 1150 149 49 Voltaire;
950 1150 171 49 Versailles,
1075 1150 46 49 14

135 1195 111 37 avril
209 1195 111 37 1776,
283 1195 62 37 1
307 1195 74 37 p.
345 1195 111 37 in-4.
419 1195 111 37 Jolie
493 1195 74 37 et
530 1195 185 37 spirituelle
678 1195 136 37 épître.
777 1195 62 37 3
789 1195 37 37 »

137 1220 126 41 21701
221 1220 167 41 CHOISEUL
346 1220 279 41 (Louise-Honorine
584 1220 140 41 CROzAT
681 1220 84 41 DU
723 1220 154 41 CHATEL,
835 1220 167 41 duchesse
960 1220 112 41 de),
1016 1220 98 41 femme

128 1264 87 35 du
172 1264 204 35 précédent,
332 1264 146 35 connue
434 1264 102 35 par
492 1264 87 35 le
536 1264 204 35 dévouement
696 1264 116 35 avec
769 1264 146 35 lequel
871 1264 116 35 elle
943 1264 175 35 sacrifia
1060 1264 58 35 sa

131 1284 148 50 fortune
238 1284 107 50 pour
305 1284 148 50 honorer
412 1284 81 50 la
453 1284 148 50 mémoire
560 1284 81 50 de
600 1284 94 50 son
654 1284 121 50 mari.
734 1284 121 50 L.
815 1284 81 50 a.
855 1284 134 50 s.
949 1284 67 50 à
962 1284 148 50 Voltaire,

140 1320 140 44 ju’elle
242 1320 140 44 appelle
344 1320 115 44 M.
421 1320 230 44 Guillemet;
612 1320 115 44 Tugny
689 1320 153 44 (château
804 1320 77 44 de
842 1320 77 44 M.
880 1320 128 44 Crozat
970 1320 77 44 de
995 1320 115 44 Thiers,

138 1359 104 35 près
203 1359 156 35 Rethel),
320 1359 65 35 9
346 1359 117 35 févr.
424 1359 117 35 1769,
502 1359 65 35 3
528 1359 78 35 p.
567 1359 91 35 pl.
619 1359 117 35 in-4.
696 1359 65 35 —
722 1359 130 35 (Cette
813 1359 169 35 précieuse
943 1359 130 35 lettre
1021 1359 91 35 vient

136 1384 88 54 le
180 1384 88 54 la
224 1384 132 54 yente
312 1384 88 54 de
356 1384 88 54 M.
400 1384 88 54 de
443 1384 234 54 Lajarriette,
634 1384 88 54 où
677 1384 117 54 elle
750 1384 73 54 a
780 1384 102 54 été
838 1384 132 54 payée
926 1384 102 54 150
984 1384 146 54 fr.)80
1072 1384 44 54 »

163 1424 182 42 Charmante
303 1424 84 42 et
345 1424 210 42 spirituelle
512 1424 154 42 épître,
624 1424 126 42 qu’il
708 1424 168 42 faudrait
834 1424 196 42 reproduire
987 1424 112 42 tout
1043 1424 70 42 en-

137 1450 135 42 ière.
227 1450 75 42 —
257 1450 105 42 «On
317 1450 135 42 parle
407 1450 120 42 donc
482 1450 90 42 de
527 1450 120 42 moi,
602 1450 90 42 M.
648 1450 210 42 Guillemet,
813 1450 120 42 dans
888 1450 135 42 votre
963 1450 150 42 boutique

139 1479 170 53 raiment,
267 1479 114 53 j’en
338 1479 114 53 suis
409 1479 142 53 ravie;
508 1479 85 53 je
551 1479 114 53 suis
622 1479 114 53 bien
693 1479 114 53 aise
764 1479 99 53 que
821 1479 114 53 l’on
892 1479 114 53 vous
963 1479 85 53 en
1005 1479 114 53 dise
1062 1479 57 53 du

131 1526 129 36 bien,
217 1526 86 36 je
260 1526 115 36 suis
332 1526 115 36 bien
403 1526 129 36 aise,
489 1526 172 36 surtout,
619 1526 100 36 que
676 1526 115 36 vous
748 1526 86 36 me
791 1526 86 36 le
834 1526 187 36 redisiez;
977 1526 115 36 car,
1035 1526 86 36 bien

137 1557 102 45 fue
196 1557 87 45 je
239 1557 116 45 sois
312 1557 218 45 grand’mère,
486 1557 145 45 j’aime
588 1557 145 45 encore
690 1557 102 45 les
748 1557 189 45 douceurs;
893 1557 87 45 et
937 1557 174 45 pourquoi
1053 1557 58 45 ne

136 1592 112 40 m’en
206 1592 210 40 diriez-vous
374 1592 112 40 pas,
444 1592 84 40 M.
486 1592 196 40 Guillemet?
641 1592 112 40 Vous
711 1592 154 40 débitez
823 1592 112 40 bien
893 1592 140 40 celles
991 1592 98 40 que
1033 1592 84 40 l’on

145 1620 95 42 lit
200 1620 68 42 à
227 1620 136 42 Cattau
323 1620 191 42 (Catherine
472 1620 109 42 II),
541 1620 82 42 et
581 1620 82 42 je
622 1620 109 42 vaux
691 1620 109 42 bien
759 1620 150 42 Cattau,
868 1620 82 42 je
909 1620 136 42 pense;
1004 1620 95 42 moi
1045 1620 68 42 qui

136 1652 117 41 n’ai
210 1652 132 41 point
297 1652 176 41 étranglé
429 1652 102 41 mon
488 1652 132 41 mari,
575 1652 102 41 moi
634 1652 102 41 qui
693 1652 117 41 n’ai
766 1652 132 41 point
854 1652 176 41 déthroné
985 1652 102 41 mon
1029 1652 88 41 sou-

151 1697 138 33 erain,
248 1697 96 33 moi
303 1697 96 33 qui
358 1697 138 33 serois
454 1697 96 33 si.
509 1697 179 33 elloignée
647 1697 83 33 de
688 1697 138 33 voller
785 1697 83 33 le
826 1697 110 33 bien
895 1697 83 33 de
936 1697 96 33 mon
977 1697 138 33 fils...»

134 1724 84 43 Le
176 1724 126 43 reste
260 1724 84 43 de
302 1724 84 43 la
344 1724 140 43 lettre
441 1724 98 43 est
497 1724 168 43 consacré
623 1724 70 43 à
651 1724 98 43 Mme
707 1724 84 43 du
749 1724 168 43 Deffand,
874 1724 70 43 à
888 1724 224 43 Saint

141 1751 68 52 à
169 1751 82 52 la
210 1751 178 52 Bletterie
346 1751 82 52 au
387 1751 178 52 président
524 1751 150 52 Hénault
620 1751 82 52 etc.

146 1766 119 60 21702
225 1766 119 60 COMBE
304 1766 171 60 (Michel),
436 1766 184 60 l’héroïque
581 1766 145 60 colonel
686 1766 79 60 du
726 1766 92 60 47e
778 1766 79 60 de
818 1766 132 60 ligne,
910 1766 92 60 tué
963 1766 79 60 au
1002 1766 119 60 siège
1068 1766 53 60 de

137 1824 225 44 Constantine.
320 1824 84 44 10
362 1824 99 44 L.
418 1824 141 44 s.
517 1824 253 44 Mustapha-Pacha
728 1824 127 44 1832,
812 1824 70 44 1
841 1824 84 44 p.
883 1824 127 44 in-4.
967 1824 70 44 —
995 1824 84 44 2°
1023 1824 99 44 Pièce

142 1847 98 60 aut.;
207 1847 98 60 Lyon,
273 1847 65 60 18
305 1847 87 60 déc.
360 1847 98 60 1832,
425 1847 54 60 1
447 1847 65 60 p.
480 1847 76 60 1/4
523 1847 98 60 in-4.
588 1847 54 60 3
599 1847 120 60 5»

176 1868 138 65 finute
273 1868 83 65 de
314 1868 97 65 ses
370 1868 152 65 lettres
480 1868 83 65 au
522 1868 166 65 maréchal
646 1868 124 65 Soult
729 1868 83 65 et
771 1868 83 65 au
812 1868 97 65 duc
867 1868 180 65 d’Orléans
1006 1868 111 65 pour
1061 1868 69 65 les

134 1923 188 44 rêmercier
278 1923 87 44 de
321 1923 87 44 sa
365 1923 202 44 nomination
524 1923 87 44 au
567 1923 130 44 grade
654 1923 87 44 de
697 1923 159 44 côlonel
812 1923 87 44 du
856 1923 101 44 47e
914 1923 87 44 de
942 1923 116 44 ligne.

141 1953 128 49 21703
226 1953 170 49 CORMATIN
354 1953 85 49 (P
397 1953 71 49 M
425 1953 71 49 F
453 1953 199 49 DESOTEUX-)
610 1953 242 49 major-général
808 1953 85 49 de
851 1953 156 49 l’armée
951 1953 170 49 catholique

138 1992 77 41 et
177 1992 129 41 royale
267 1992 77 41 de
305 1992 167 41 Bretagne.
434 1992 116 41 L.
511 1992 77 41 a.
550 1992 129 41 s.
640 1992 64 41 à
666 1992 154 41 Pougens;
781 1992 90 41 (an
833 1992 129 41 XIII),
923 1992 64 41 2
949 1992 77 41 p.
987 1992 90 41 1/2
1026 1992 90 41 in

139 2029 169 43 Intéressante.
278 2029 50 43 4
288 2029 30 43 »

146 2043 127 68 21704
230 2043 183 68 COULANGES
371 2043 113 68 (Ph.
441 2043 127 68 Emm.,
526 2043 155 68 marquis
639 2043 113 68 de),
709 2043 127 68 poëte
793 2043 84 68 et
836 2043 225 68 chansonnier,
1018 2043 84 68 un
1047 2043 70 68 des

144 2099 104 50 plus
209 2099 117 50 beaux
288 2099 144 50 esprits
392 2099 78 50 de
431 2099 91 50 son
483 2099 131 50 temps,
575 2099 131 50 cousin
666 2099 78 50 de
705 2099 91 50 Mme
757 2099 78 50 de
797 2099 157 50 Sévigné.
914 2099 117 50 L.
992 2099 131 50 a.
1071 2099 52 50 au
