1129 2176
484 46 140 63 —
540 46 140 63 5
568 46 84 63 —

25 111 116 64 21715
103 111 116 64 DUMAS
180 111 104 64 fils
245 111 207 64 (Alexandre),
413 111 168 64 romancier
543 111 78 64 et
581 111 129 64 auteur
672 111 194 64 dramatique.
827 111 116 64 L.
905 111 78 64 a.
944 111 142 64 s.
1047 111 65 64 1
1060 111 52 64 p.

119 145 110 49 pl.
182 145 94 49 in
229 145 94 49 8.
276 145 141 49 Jolie
371 145 157 49 pièce.
480 145 79 49 3
496 145 63 49 50

160 182 251 67 Très-curieuse
367 182 148 67 épître
471 182 103 67 sur
530 182 89 67 sa
574 182 207 67 biographie
737 182 103 67 par
796 182 148 67 Eugène
899 182 89 67 de
929 182 177 67 Mirecourt.

124 212 123 55 «J’ai
207 212 178 55 regretté,
344 212 151 55 dit-il,
453 212 82 55 en
494 212 96 55 lui
549 212 96 55 (M.
604 212 82 55 de
645 212 192 55 Mirecourt)
796 212 137 55 voyant
892 212 110 55 tant
960 212 82 55 de
987 212 110 55 sympa-

124 252 118 67 thie
198 252 118 67 pour
272 252 118 67 moi,
345 252 103 67 que
404 252 103 67 ses
463 252 191 67 relations
610 252 221 67 antérieures
787 252 118 67 avec
861 252 103 67 mon
920 252 118 67 père
978 252 133 67 m’aient

121 287 105 51 mis
181 287 120 51 dans
256 287 285 51 l’impossibilité
497 287 90 51 de
542 287 120 51 l’en
617 287 240 51 remercier...
797 287 45 51 —

121 315 111 58 21716
195 315 160 58 DUMOURIEZ
318 315 99 58 (Ch.
380 315 111 58 Fr.),
454 315 148 58 illustre
565 315 136 58 général
664 315 74 58 en
701 315 111 58 chef,
775 315 123 58 auteur
861 315 74 58 de
886 315 222 58 Mémoires

126 355 106 58 Pièce
197 355 94 58 aut.
256 355 106 58 sig.;
326 355 106 58 1791,
397 355 82 58 1/2
444 355 71 58 p.
479 355 129 58 in-fol.
573 355 59 58 3
585 355 47 58 50

125 388 123 57 21717
207 388 164 57 DUPERREY
330 388 96 57 (L.
385 388 137 57 Jos.),
481 388 137 57 savant
576 388 137 57 marin,
672 388 123 57 connu
754 388 96 57 par
809 388 96 57 son
864 388 137 57 voyage
959 388 137 57 autour
1041 388 55 57 du

120 430 131 64 monde,
212 430 131 64 membre
303 430 79 64 de
343 430 196 64 l’Institut.
500 430 118 64 L.
578 430 79 64 a.
618 430 144 64 s.
722 430 65 64 1
748 430 79 64 p.
788 430 118 64 in-4.
866 430 223 64 Intéressante.
1050 430 65 64 2
1063 430 39 64 »

121 468 126 53 21718
205 468 126 53 DUPUY
289 468 167 53 (Louis),
414 468 237 53 mathématicien
610 468 84 53 et
651 468 195 53 philologue
805 468 195 53 distingué,
958 468 140 53 membre
1042 468 56 53 et

122 503 170 60 secrétaire
256 503 158 60 perpétuel
378 503 73 60 de
414 503 134 60 l’Acad.
511 503 85 60 des
560 503 158 60 inscript.
682 503 110 60 L.
755 503 73 60 a.
792 503 134 60 s.
889 503 97 60 (mai
950 503 122 60 1776),
1035 503 61 60 3
1047 503 49 60 p.

113 534 156 45 in-4.
216 534 276 45 Intéressante
441 534 173 45 épître
562 534 294 45 philologique.
804 534 86 45 3
821 534 52 45 »

115 565 124 60 21719
198 565 124 60 DUROC
280 565 179 60 (Michel),
418 565 96 60 duc
473 565 82 60 de
514 565 151 60 Frioul,
624 565 247 60 grand-maréchal
830 565 82 60 du
871 565 137 60 palais
967 565 82 60 de
995 565 96 60 Napo-

119 607 100 55 léon
182 607 88 55 Ier
232 607 100 55 mort
295 607 213 55 glorieusement
470 607 63 55 à
495 607 75 55 la
533 607 150 55 bataille
645 607 75 55 de
683 607 138 55 Wurtzen
783 607 75 55 en
821 607 113 55 1813.
896 607 113 55 L.
971 607 75 55 a.
996 607 100 55 s.

122 637 99 45 1807.
188 637 55 45 1
210 637 66 45 p.
243 637 122 45 in-fol.
332 637 55 45 3
343 637 33 45 »

117 668 127 63 21720
202 668 127 63 DUROY
287 668 99 63 (J.
343 668 113 63 M.),
414 668 142 63 député
513 668 85 63 de
556 668 142 63 l’Eure
655 668 71 63 à
683 668 85 63 la
726 668 198 63 Convention
882 668 184 63 compromis
1009 668 85 63 dans

121 708 63 55 le
152 708 136 55 mouvement
257 708 63 55 du
288 708 73 55 1er
330 708 126 55 prairial
424 708 63 55 et
455 708 136 55 décapité.
560 708 94 55 P.
623 708 63 55 a.
654 708 115 55 s.
738 708 84 55 sig.
790 708 94 55 aussi
853 708 73 55 par
884 708 136 55 Bon

117 752 189 55 net
268 752 113 55 comme
344 752 201 55 commissaires
507 752 101 55 dans
570 752 75 55 le
608 752 189 55 département
759 752 75 55 du
797 752 164 55 Calvados;
910 752 88 55 Caen,

114 772 70 50 10
149 772 105 50 avril
220 772 105 50 1793,
290 772 82 50 1/2
337 772 70 50 p.
372 772 105 50 in-4.
442 772 59 50 5
454 772 47 50 50

146 803 101 64 Ils
203 803 203 64 suspendent
363 803 87 64 de
406 803 101 64 ses
464 803 188 64 fonctions
609 803 87 64 le
652 803 130 64 maire
739 803 87 64 de
782 803 87 64 la
826 803 159 64 commune
927 803 159 64 d’Etries,

122 835 145 53 révenu
210 835 203 53 d’incivisme.

116 875 135 55 21721
206 875 195 55 ÉLISABETH
356 875 90 55 DE
402 875 150 55 FRANCE
507 875 150 55 (Mme),
612 875 120 55 sœur
687 875 90 55 de
732 875 135 55 Louis
822 875 120 55 XVI,
898 875 195 55 décapitée
1033 875 60 55 en

115 915 115 38 1794.
192 915 115 38 L.
268 915 127 38 a.
357 915 76 38 (à
396 915 89 38 Mme
447 915 76 38 de
485 915 204 38 Raigecourt);
651 915 64 38 4
676 915 102 38 oct.
740 915 115 38 1791,
816 915 64 38 2
842 915 76 38 p.
880 915 89 38 1/2
931 915 115 38 in-4.
1008 915 89 38 120
1046 915 38 38 »

141 946 138 58 Lettre
238 946 125 58 d’une
321 946 125 58 haute
404 946 194 58 importance
556 946 194 58 politique.
709 946 69 58 —
736 946 111 58 Elle
805 946 97 58 lui
861 946 111 58 fait
930 946 111 58 part
999 946 83 58 de
1027 946 69 58 ses

111 970 116 68 vœux
183 970 101 68 sur
241 970 159 68 l’union
357 970 72 68 à
386 970 159 68 ramener
502 970 116 68 dans
574 970 87 68 la
618 970 159 68 famille
734 970 159 68 royale.
850 970 130 68 «Plus
937 970 101 68 j’y
980 970 116 68 pense,

116 1022 174 46 dit-elle
246 1022 116 46 plus
318 1022 116 46 j’en
390 1022 116 46 sens
463 1022 87 46 la
506 1022 232 46 nécessité...
694 1022 130 46 Comme
781 1022 101 46 toi
839 1022 87 46 et
882 1022 130 46 comme
955 1022 130 46 d’autre

119 1052 74 45 e
149 1052 148 45 serois
253 1052 119 45 bien
327 1052 163 45 fâchée,
446 1052 89 45 je
490 1052 89 45 te
535 1052 178 45 l’avoue,
668 1052 89 45 de
713 1052 178 45 renoncer
847 1052 74 45 à
876 1052 119 45 voir
950 1052 89 45 le
980 1052 104 45 jeune

105 1088 131 46 homme
193 1088 117 46 dont
266 1088 88 46 il
310 1088 102 46 est
368 1088 175 46 question
500 1088 102 46 (le
558 1088 131 46 comte
646 1088 190 46 d’Artois)
792 1088 204 46 absolument
953 1088 146 46 soumis
1040 1088 44 46 à

111 1124 79 45 sa
150 1124 185 45 belle-mère
296 1124 93 45 (la
349 1124 145 45 reine),
454 1124 106 45 mais
521 1124 106 45 cela
587 1124 93 45 est
640 1124 225 45 impossible...
825 1124 79 45 On
864 1124 93 45 dit
917 1124 93 45 ici
970 1124 119 45 qu’il
1036 1124 53 45 va

109 1152 160 45 y’avoir
226 1152 87 45 un
269 1152 160 45 congrès
386 1152 73 45 à
415 1152 291 45 Aix-la-Chapelle.
662 1152 87 45 On
706 1152 145 45 débite
808 1152 116 45 même
880 1152 87 45 un
924 1152 160 45 extrait
1026 1152 58 45 de

112 1187 131 43 ettre
200 1187 87 43 au
243 1187 174 43 maréchal
374 1187 87 43 de
418 1187 160 43 Broglie
534 1187 102 43 qui
592 1187 102 43 dit
650 1187 232 43 positivement
839 1187 102 43 que
897 1187 203 43 l’Empereur
1042 1187 44 43 a

112 1223 80 43 la
152 1223 146 43 réponse
258 1223 93 43 des
311 1223 133 43 autres
404 1223 120 43 cours
484 1223 93 43 qui
537 1223 160 43 adhèrent
657 1223 67 43 à
684 1223 80 43 la
724 1223 200 43 déclaration
883 1223 80 43 de
910 1223 173 43 Pilnitz...»

113 1252 120 39 Èlle
188 1252 135 39 parle
278 1252 165 39 ensuite
397 1252 210 39 longuement
562 1252 90 39 du
607 1252 120 39 mari
682 1252 150 39 d’Ange
787 1252 105 39 (le
847 1252 165 39 marquis
966 1252 90 39 de
996 1252 90 39 Bom-

104 1285 162 43 belles),
225 1285 148 43 qu’elle
333 1285 162 43 voudrait
454 1285 108 43 voir
522 1285 81 43 en
562 1285 121 43 bonne
643 1285 216 43 intelligence
818 1285 108 43 avec
886 1285 81 43 le
926 1285 121 43 jeune
994 1285 94 43 homme

111 1317 100 40 (le
168 1317 128 40 comte
253 1317 200 40 d’Artois).
410 1317 143 40 «Quant
510 1317 71 40 à
539 1317 114 40 toi,
610 1317 100 40 mon
667 1317 128 40 cœur,
753 1317 143 40 achève
853 1317 86 40 ta
895 1317 200 40 nourriture
1038 1317 57 40 et

109 1348 117 44 puis
182 1348 117 44 nous
241 1348 189 44 verrons...»

109 1385 119 53 21722
188 1385 132 53 ÉPINAY
280 1385 145 53 (Louise
386 1385 92 53 Fl.
439 1385 185 53 Pétronille
584 1385 79 53 de
624 1385 79 53 LA
663 1385 106 53 LIVE
729 1385 106 53 d’),
795 1385 119 53 femme
875 1385 145 53 célèbre
980 1385 92 53 par
1020 1385 66 53 ses

104 1420 155 54 rapports
220 1420 103 54 avec
285 1420 77 54 J.
323 1420 77 54 J.
362 1420 168 54 Rousseau,
491 1420 103 54 pour
555 1420 90 54 qui
607 1420 103 54 elle
671 1420 90 54 fit
723 1420 116 54 bâtir
800 1420 284 54 l'Hermitage
1032 1420 52 54 de

111 1453 223 58 ontmorency.
290 1453 134 58 L.
379 1453 149 58 a.
483 1453 89 58 (à
528 1453 104 58 son
587 1453 149 58 mari),
691 1453 74 58 3
721 1453 89 58 p.
766 1453 104 58 3/4
825 1453 134 58 in-4.
915 1453 89 58 18
944 1453 45 58 »

140 1501 139 43 Lettre
238 1501 112 43 fort
307 1501 181 43 curieuse.
447 1501 70 43 —
475 1501 153 43 Quoique
586 1501 153 43 malade,
698 1501 112 43 elle
767 1501 98 43 lui
823 1501 125 43 écrit
907 1501 112 43 pour
976 1501 84 43 se
1004 1501 84 43 dis-

101 1533 142 41 culper
200 1533 142 41 envers
300 1533 99 41 lui
357 1533 85 41 et
399 1533 99 41 lui
456 1533 185 41 reprocher
598 1533 85 41 en
641 1533 114 41 même
712 1533 128 41 temps
797 1533 85 41 de
840 1533 185 41 continuer
982 1533 85 41 sa
1010 1533 71 41 vie

100 1562 82 41 de
141 1562 220 41 dissipation.
320 1562 110 41 Elle
389 1562 96 41 lui
444 1562 165 41 rappelle
567 1562 96 41 que
622 1562 96 41 son
677 1562 137 41 gendre
773 1562 82 41 et
814 1562 82 41 le
856 1562 179 41 beau-père
993 1562 82 41 de
1020 1562 69 41 son

99 1594 105 46 fils
164 1594 197 46 demandaient
322 1594 66 46 à
348 1594 118 46 toute
427 1594 118 46 force
505 1594 92 46 son
558 1594 223 46 interdiction.
741 1594 131 46 «C’est
833 1594 118 46 votre
912 1594 131 46 fille,
990 1594 92 46 c’est

106 1624 102 43 moi
165 1624 102 43 qui
223 1624 73 43 à
252 1624 131 43 force
340 1624 87 43 de
383 1624 175 43 prières,
515 1624 87 43 de
558 1624 204 43 promesses,
719 1624 131 43 avons
806 1624 175 43 obtenues
937 1624 146 43 qu’ils
1025 1624 58 43 se

112 1659 236 51 ontenteraient
306 1659 111 51 d’un
375 1659 166 51 conseil,
500 1659 83 51 en
542 1659 111 51 leur
611 1659 194 51 promettant
763 1659 111 51 bien
833 1659 97 51 que
888 1659 83 51 je
916 1659 166 51 veillerois

106 1689 84 44 de
148 1689 111 44 près
217 1689 70 44 à
245 1689 209 44 l’exécution
412 1689 97 44 des
468 1689 265 44 engagements...»
691 1689 111 44 Elle
761 1689 153 44 retrace
872 1689 153 44 ensuite
984 1689 84 44 ce
1011 1689 70 44 qui

103 1729 131 40 s’est
191 1729 131 40 passé
278 1729 146 40 depuis
380 1729 131 40 cette
467 1729 160 40 époque,
584 1729 87 40 la
628 1729 175 40 mauvaise
759 1729 175 40 conduite
890 1729 87 40 de
933 1729 102 40 son
977 1729 102 40 mari,

113 1756 94 41 qui
166 1756 94 41 les
220 1756 121 41 force
300 1756 107 41 tous
368 1756 67 41 à
394 1756 161 41 réclamer
515 1756 94 41 son
569 1756 228 41 interdiction.
757 1756 107 41 Elle
824 1756 161 41 l’engage
945 1756 107 41 donc
1012 1756 67 41 à
1025 1756 54 41 se

112 1785 165 46 oumettre
236 1785 83 46 de
278 1785 124 46 bonne
360 1785 124 46 grâce
443 1785 110 46 pour
512 1785 138 46 éviter
608 1785 165 46 l’éclat.
732 1785 69 46 —
760 1785 69 46 A
788 1785 83 46 la
829 1785 96 46 fin
884 1785 83 46 on
925 1785 138 46 trouve
1008 1785 69 46 ces

104 1825 108 35 mots
172 1825 122 35 d’une
253 1825 163 35 écriture
375 1825 176 35 tremblée:
511 1825 95 35 «Je
565 1825 108 35 n’en
633 1825 108 35 puis
701 1825 108 35 plus
768 1825 81 35 et
809 1825 81 35 je
850 1825 81 35 ne
890 1825 149 35 saurois
985 1825 95 35 ache-

111 1857 112 51 jer,
181 1857 112 51 mais
251 1857 84 51 je
293 1857 112 51 vous
363 1857 140 51 envoie
460 1857 168 51 toujours
572 1857 112 51 ceci.»

102 1883 115 62 21723
179 1883 140 62 ESTRÉES
280 1883 178 62 (Gabrielle
420 1883 102 62 d’),
484 1883 76 62 la
522 1883 140 62 célèbre
624 1883 165 62 maîtresse
751 1883 76 62 de
789 1883 115 62 Henri
866 1883 89 62 IV.
917 1883 102 62 Acte
967 1883 115 62 notarié

102 1934 118 39 signé
180 1934 92 39 par
233 1934 118 39 elle,
311 1934 105 39 sig.
377 1934 118 39 aussi
455 1934 92 39 par
507 1934 78 39 le
547 1934 183 39 connétable
691 1934 118 39 Henri
769 1934 78 39 de
795 1934 275 39 Montmorency

102 1960 69 42 le
137 1960 81 42 duc
183 1960 69 42 de
218 1960 230 42 Bouillon
413 1960 92 42 Jean
471 1960 196 42 Dubec
632 1960 161 42 archevêque
759 1960 69 42 de
793 1960 115 42 Reims,
874 1960 161 42 Hurault
989 1960 92 42 de

96 1999 238 46 Cheverny
297 1999 113 46 etc.;
372 1999 125 46 Paris,
460 1999 75 46 27
498 1999 100 46 mars
561 1999 113 46 1597,
636 1999 63 46 7
661 1999 75 46 p.
699 1999 138 46 in-fol.
799 1999 125 46 Légère
887 1999 163 46 déchirure
1000 1999 75 46 dans

96 2032 75 43 le
134 2032 101 43 fond
197 2032 75 43 de
235 2032 75 43 la
272 2032 113 43 marge
348 2032 201 43 n’atteignant
511 2032 88 43 pas
561 2032 75 43 le
599 2032 126 43 texte.
687 2032 75 43 40
712 2032 38 43 »

137 2068 157 56 ontrat
247 2068 94 56 de
294 2068 172 56 mariage
419 2068 94 56 de
466 2068 172 56 Charles
592 2068 94 56 de
638 2068 345 56 Clermont-Tonnerre,
920 2068 157 56 seigneur

91 2089 289 64 d’Ancy-le-Franc,
336 2089 87 64 et
379 2089 87 64 de
423 2089 188 64 Catherine
567 2089 231 64 d’Escoubleau
755 2089 87 64 de
784 2089 144 64 Sourdis.
