1106 2206
512 -2 83 77 —
545 -2 99 77 16
578 -2 50 77 —

108 66 128 60 20479
193 66 200 60 VILLENEUVE
350 66 100 60 (P.
407 66 100 60 Ch.
464 66 86 60 J.
507 66 86 60 B.
550 66 114 60 S.),
621 66 228 60 vice-amiral,
806 66 143 60 vaincu
906 66 100 60 par
963 66 143 60 Nelson
1048 66 43 60 à

115 100 119 63 Trafalgar,
208 100 68 63 mort
250 100 59 63 par
284 100 102 63 suicide,
360 100 42 63 à
377 100 93 63 Rennes,
445 100 76 63 après
496 100 51 63 ce
522 100 110 63 désastre.
606 100 76 63 L.
657 100 51 63 a.
683 100 85 63 s.
734 100 25 63 à

118 135 94 65 Najac;
183 135 103 65 Toulon,
258 135 47 65 2
277 135 103 65 vendém.
352 135 56 65 an
380 135 66 65 IV,
418 135 47 65 1
437 135 56 65 p.
465 135 94 65 in-4.,
530 135 75 65 vig.
577 135 56 65 et
606 135 75 65 tête
652 135 84 65 impr.
699 135 66 65 Belle

105 176 78 44 pièce.
160 176 39 44 4
168 176 31 44 50

112 188 121 77 20480
192 188 121 77 VITET
273 188 121 77 (L.),
354 188 162 77 médecin,
475 188 121 77 maire
556 188 81 77 de
597 188 121 77 Lyon,
678 188 135 77 député
772 188 81 77 de
812 188 243 77 Rhône-et-Loire
1015 188 67 77 à
1028 188 54 77 la

105 240 191 58 Convention.
258 240 115 58 L.
335 240 77 58 a.
373 240 128 58 s.
463 240 77 58 au
501 240 102 58 cit.
565 240 128 58 Salle,
654 240 204 58 représentant
820 240 77 58 du
858 240 140 58 peuple;
960 240 64 58 2
973 240 115 58 fructi-

111 261 85 63 dor
159 261 72 63 an
195 261 97 63 III,
256 261 60 63 1
280 261 72 63 p.
316 261 109 63 in-4.
389 261 109 63 Belle
461 261 133 63 lettre.
558 261 60 63 5
570 261 36 63 »

109 289 106 71 20481
180 289 106 71 VITET
250 289 106 71 (L.),
321 289 118 71 érudit
403 289 71 71 et
439 289 141 71 écrivain
545 289 165 71 distingué,
674 289 118 71 membre
756 289 71 71 de
792 289 129 71 l’Acad.
886 289 82 71 fr.
933 289 106 71 L.
992 289 94 71 a.

108 344 127 52 s.
208 344 82 52 1836,
262 344 45 52 3
280 344 54 52 p.
307 344 82 52 in-4.
362 344 45 52 2
371 344 27 52 »

110 362 129 60 20482
195 362 143 60 WAGNER
295 362 200 60 (Richard),
453 362 157 60 célèbre
567 362 214 60 compositeur
738 362 86 60 de
781 362 171 60 musique,
910 362 171 60 l’auteur
1024 362 57 60 du

111 418 201 49 Tannhæuser.
278 418 67 49 L.
312 418 67 49 a.
345 418 123 49 s.
434 418 67 49 en
468 418 145 49 français,
579 418 56 49 1
602 418 67 49 p.
635 418 100 49 in-8.
702 418 56 49 2
713 418 45 49 50

111 434 102 58 20483
178 434 113 58 WILHEM
258 434 79 58 (G.
303 434 68 58 L.
337 434 181 58 Bocquillon),
484 434 124 58 célèbre
574 434 169 58 compositeur
710 434 68 58 de
743 434 136 58 musique.
845 434 102 58 L.
902 434 90 58 a.

102 488 152 38 s.
222 488 109 38 Paris,
298 488 65 38 10
330 488 87 38 juin
385 488 98 38 1822,
450 488 54 38 1
471 488 65 38 p.
504 488 76 38 1/2
547 488 98 38 in-4.
613 488 54 38 3
623 488 33 38 »

137 507 118 75 Envoi
216 507 79 75 de
255 507 79 75 25
294 507 197 75 exemplaires
452 507 79 75 de
491 507 79 75 sa
530 507 184 75 Méthode
675 507 79 75 de
714 507 197 75 musique
871 507 105 75 pour
937 507 79 75 le
963 507 118 75 service

100 555 85 58 de
142 555 85 58 la
185 555 198 58 préfecture
340 555 85 58 du
382 555 212 58 département
552 555 85 58 de
594 555 85 58 la
622 555 113 58 Seine.

80 722 471 118 L’AMATEUR
433 722 559 118 D’AUTOGRAPHES

-2 832 150 72 Revue
99 832 234 72 historique
283 832 100 72 et
333 832 268 72 biographique
550 832 284 72 bi-mensuelle,
784 832 184 72 dirigée
918 832 117 72 par
985 832 100 72 M.
1018 832 67 72 J.

18 897 191 57 CHARAVAY
161 897 143 57 aîné,
257 897 159 57 publie
368 897 95 57 un
416 897 207 57 Manuel
575 897 95 57 de
623 897 207 57 l’Amateur
766 897 318 57 d’autographes,

39 943 101 66 le
90 943 134 66 plus
173 943 184 66 complet
307 943 117 66 qui
374 943 184 66 existe,
508 943 101 66 et
559 943 117 66 qui
626 943 117 66 est
693 943 101 66 un
743 943 151 66 guide
827 943 251 66 indispensable

35 1008 143 52 pour
124 1008 107 52 le
178 1008 339 52 collectionneur.
463 1008 89 52 —
499 1008 125 52 Ses
570 1008 214 52 derniers
730 1008 196 52 numéros
855 1008 232 52 contiennent

38 1050 88 62 de
82 1050 162 62 curieux
200 1050 176 62 articles
332 1050 103 62 sur
391 1050 308 62 l'authenticité
655 1050 103 62 des
714 1050 162 62 Lettres
831 1050 147 62 de
919 1050 162 62 MARIE-

38 1111 208 44 TOINETTE
194 1111 139 44 (nos
281 1111 139 44 102,
368 1111 122 44 103
437 1111 104 44 et
489 1111 156 44 104),
594 1111 122 44 qui
663 1111 191 44 jettent
802 1111 104 44 un
854 1111 139 44 jour
924 1111 156 44 nouveau

35 1141 112 79 sur
99 1141 144 79 cette
195 1141 257 79 intéressante
404 1141 240 79 discussion,
596 1141 112 79 des
660 1141 176 79 lettres
788 1141 192 79 inédites
933 1141 96 79 de
965 1141 112 79 Fran-

47 1204 132 53 çois
130 1204 132 53 Ier,
213 1204 198 53 Grotius,
362 1204 232 53 Lamennais,
544 1204 149 53 Henri
643 1204 132 53 III,
726 1204 182 53 Hébert,
858 1204 182 53 Lahire,
974 1204 99 53 Bou-

34 1260 211 46 rignon,
187 1260 211 46 Lamotte
340 1260 134 46 (la
417 1260 230 46 comtesse
589 1260 153 46 de),
685 1260 268 46 Bonaparte,
896 1260 191 46 Gérard
1010 1260 77 46 de

42 1289 169 74 Nerval,
165 1289 154 74 Parny,
272 1289 154 74 Godoï,
380 1289 215 74 Bourbotte,
548 1289 184 74 Béranger
687 1289 138 74 etc.,
779 1289 108 74 des
825 1289 261 74 Variétés

44 1357 199 58 contenant
197 1357 92 58 de
243 1357 199 58 piquantes
396 1357 215 58 anecdotes,
565 1357 107 58 des
626 1357 169 58 lettres
749 1357 92 58 de
795 1357 276 58 Rachel
1009 1357 77 58 des

35 1403 119 68 vers
110 1403 90 68 de
154 1403 239 68 Talma
349 1403 134 68 etc.,
438 1403 104 68 des
498 1403 164 68 notices
617 1403 254 68 nécrologiques
826 1403 104 68 sur
886 1403 104 68 MM.
946 1403 134 68 Bixio
1020 1403 60 68 et

-4 1461 85 56 «
30 1461 102 56 le
81 1461 187 56 marquis
217 1461 102 56 de
268 1461 153 56 Flers
353 1461 102 56 etc.

163 1529 264 55 Abonnement:
374 1529 105 55 un
427 1529 123 55 an,
497 1529 105 55 12
550 1529 141 55 fr.;
638 1529 123 55 six
708 1529 158 55 mois,
814 1529 88 55 6
831 1529 88 55 fr.

-1 1609 85 57 «
33 1609 102 57 Un
84 1609 323 57 numéro-spécimen
356 1609 119 57 est
424 1609 170 57 envoyé
543 1609 85 57 à
577 1609 153 57 toute
679 1609 204 57 personne
832 1609 119 57 qui
900 1609 102 57 en
951 1609 136 57 fait
1019 1609 68 57 la

-15 1653 194 70 demande.

-2 1786 392 65 L’authenticité
334 1786 131 65 des
409 1786 280 65 Autographes
633 1786 131 65 est
689 1786 280 65 garantie.

37 1850 84 64 Le
79 1850 183 64 Catalogue
220 1850 113 64 sera
290 1850 141 64 envoyé
389 1850 70 64 à
417 1850 141 64 toutes
516 1850 99 64 les
572 1850 183 64 personnes
713 1850 99 64 qui
769 1850 84 64 en
811 1850 141 64 feront
910 1850 84 64 la
938 1850 141 64 demande.

-1 1890 217 67 (Affranchir)

248 2142 216 44 Strasbourg,
420 2142 216 44 typographie
593 2142 86 44 de
636 2142 86 44 G.
665 2142 187 44 Silbermann.
