1149 2207
19 40 657 99 LIBRAIRIE
511 40 575 99 ANCIENNE

332 139 180 73 ET
392 139 391 73 AUTOGRAPHES

504 217 96 50 DE

227 285 366 77 JACQUES
489 285 366 77 CHARAVAY

95 355 242 78 Rue
264 355 169 78 des
361 355 508 78 Grands-Augustins,
772 355 218 78 26.

23 434 183 48 LIVRES
151 434 220 48 ANCIENS,
316 434 183 48 ACHATS
444 434 110 48 DE
499 434 311 48 BIBLIOTHÈQUES
755 434 110 48 ET
810 434 110 48 DE
847 434 256 48 COLLECTIONS/

64 471 354 53 D’AUTOGRAPHES,
360 471 256 53 ÉCHANGES,
557 471 315 53 COMMISSIONS;
813 471 197 53 VENTES
931 471 177 53 D’AUTO-

67 507 182 58 GRAPHES
200 507 83 58 A
233 507 83 58 L
266 507 182 58 AMIABLE
398 507 215 58 MOYENNANT
563 507 165 58 Dix
679 507 132 58 pour
761 507 215 58 cent
926 507 99 58 ET
976 507 116 58 AUX
1025 507 83 58 EN-

73 558 147 49 CHÈRES
176 558 206 49 PUBLIQUES,
338 558 177 49 Vingt
470 558 118 49 pour
544 558 118 49 cent
618 558 103 49 sur
676 558 88 49 la
721 558 177 49 totalité
853 558 88 49 de
897 558 88 49 la
926 558 177 49 vente

65 597 248 44 ALACHARGE
256 597 134 44 DES
332 597 248 44 VENDEURS,
523 597 153 44 TOUT
600 597 191 44 COMPRIS.

350 716 148 70 Nº
448 716 131 70 145.
530 716 82 70 —
563 716 148 70 AVRIL
645 716 180 70 1866.

381 825 418 67 AUTOGRAPHES

144 881 87 71 20227
202 881 87 71 ABOUT
260 881 125 71 (Edmond),
356 881 87 71 poëte
414 881 58 71 et
443 881 144 71 littérateur
559 881 135 71 distingué.
665 881 87 71 L.
722 881 58 71 a.
751 881 106 71 s.
828 881 48 71 1
848 881 58 71 p.
867 881 48 71 in-

140 935 43 39 12.
164 935 31 39 1
171 935 25 39 25

131 951 98 74 20228
197 951 87 74 ADAM
251 951 109 74 (Ad.),
328 951 120 74 célèbre
415 951 164 74 compositeur
546 951 65 74 de
579 951 131 74 musique,
677 951 109 74 membre
753 951 65 74 de
775 951 142 74 l'Institut.

132 1005 94 55 L.
194 1005 63 55 a.
226 1005 115 55 s.
309 1005 52 55 3
330 1005 63 55 p.
361 1005 73 55 1/2
403 1005 104 55 in-12.
476 1005 136 55 Curieuse.
581 1005 52 55 2
591 1005 42 55 50

133 1025 106 58 20229
204 1025 118 58 ALBONI
287 1025 177 58 (Marietta),
429 1025 130 58 célèbre
523 1025 166 58 cantatrice
654 1025 166 58 italienne.
784 1025 106 58 Pièce
855 1025 106 58 a.
926 1025 118 58 s.
1008 1025 71 58 de
1032 1025 71 58 deux

138 1075 145 46 ignes,
239 1075 87 46 en
282 1075 116 46 tête
355 1075 130 46 d’une
441 1075 145 46 lettre
543 1075 159 46 d’envoi
658 1075 87 46 de
702 1075 101 46 son
760 1075 116 46 mari
832 1075 87 46 le
875 1075 159 46 marquis
977 1075 130 46 Achille

123 1109 180 40 Pepoli,
253 1109 82 40 à
286 1109 98 40 M.
335 1109 131 40 John
416 1109 180 40 Hugher;
547 1109 147 40 Paris
645 1109 98 40 10
694 1109 131 40 mars
776 1109 131 40 1854
857 1109 82 40 1
890 1109 98 40 p.
939 1109 147 40 in-4.
1037 1109 82 40 3
1053 1109 49 40 »

139 1130 109 57 20230
212 1130 122 57 ALBRET
297 1130 134 57 (Jeanne
394 1130 97 57 d’),
455 1130 109 57 reine
528 1130 73 57 de
565 1130 146 57 Navarre,
674 1130 97 57 mère
735 1130 73 57 de
771 1130 109 57 Henri
844 1130 85 57 IV.
893 1130 109 57 L.
966 1130 73 57 a.
1003 1130 122 57 s.
1076 1130 36 57 à

135 1180 86 35 M.
178 1180 86 35 de
221 1180 216 35 Tignouville
393 1180 158 35 (maître
508 1180 158 35 d’hôtel
623 1180 86 35 du
666 1180 101 35 roi
724 1180 86 35 de
767 1180 187 35 Navarre),
911 1180 72 35 1
940 1180 86 35 p.
983 1180 115 35 in-4
1040 1180 72 35 ca-

135 1211 86 40 chet.
193 1211 134 40 Très-jolie
298 1211 95 40 pièce.
364 1211 153 40 Rare
488 1211 57 40 80
507 1211 29 40 »

157 1233 117 50 Elle
231 1233 88 50 le
274 1233 176 50 rappelle
406 1233 88 50 en
450 1233 132 50 toute
538 1233 117 50 hâte
611 1233 102 50 par
669 1233 132 50 suite
757 1233 117 50 d’un
830 1233 219 50 guet-à-pens
991 1233 117 50 auquel

132 1278 95 51 son
187 1278 108 51 fils
254 1278 135 51 (Henri
349 1278 95 51 IV)
403 1278 122 51 vient
484 1278 68 51 à
511 1278 203 51 grand’peine
674 1278 203 51 d’échapper.
836 1278 81 51 Il
877 1278 81 51 «a
918 1278 108 51 esté
972 1278 135 51 assailli

123 1317 123 37 d’un
200 1317 139 37 homme
292 1317 200 37 incogneu,
446 1317 139 37 vestu
538 1317 92 37 de
585 1317 139 37 jaque
677 1317 92 37 de
723 1317 169 37 maille,
846 1317 92 37 et
892 1317 108 37 n’a
954 1317 92 37 eu
1000 1317 108 37 que
1046 1317 62 37 le

136 1346 127 38 temps
221 1346 85 38 de
263 1346 142 38 gecter
362 1346 99 38 son
419 1346 156 38 manteau
532 1346 99 38 sur
589 1346 85 38 le
632 1346 127 38 bras,
717 1346 156 38 mectant
830 1346 85 38 la
872 1346 113 38 main
943 1346 71 38 à
957 1346 142 38 l’espée,

123 1373 89 43 et
168 1373 119 43 s’en
242 1373 104 43 est
301 1373 104 43 alé
360 1373 133 43 ledit
449 1373 133 43 homme
538 1373 193 43 enfonçant
687 1373 89 43 de
731 1373 148 43 fureur
835 1373 104 43 son
894 1373 163 43 chapeau
1013 1373 89 43 en
1043 1373 59 43 la

130 1409 129 53 teste
215 1409 86 53 et
258 1409 186 53 proférant
401 1409 186 53 menaxes.»
544 1409 129 53 Aussi
630 1409 186 53 désormais
772 1409 114 53 elle
844 1409 114 53 fera
915 1409 129 53 mieux
987 1409 114 53 accom-

130 1442 134 40 pagner
224 1442 94 40 son
277 1442 108 40 fils
345 1442 81 40 et
385 1442 148 40 supplie
493 1442 202 40 Tignouville
654 1442 81 40 de
694 1442 81 40 ne
734 1442 108 40 plus
802 1442 81 40 le
829 1442 134 40 quitter.

136 1476 110 40 20231
209 1476 122 40 AMPÈRE
295 1476 86 40 (J.
344 1476 98 40 J).,
405 1476 135 40 célèbre
503 1476 159 40 écrivain,
625 1476 122 40 membre
711 1476 73 40 de
747 1476 135 40 l’Acad.
845 1476 86 40 fr.
894 1476 110 40 L.
967 1476 73 40 a.
992 1476 110 40 s.

128 1510 57 43 3
150 1510 69 43 p.
185 1510 80 43 pl.
231 1510 103 43 in-8.
299 1510 57 43 2
311 1510 34 43 »

142 1540 119 47 20232
221 1540 171 47 ANGOULÊME
353 1540 92 47 (L.
405 1540 119 47 Ant.,
485 1540 92 47 duc
537 1540 105 47 d’);
603 1540 105 47 fils
669 1540 79 47 de
709 1540 145 47 Charles
814 1540 79 47 X,
854 1540 145 47 dauphin
959 1540 79 47 de
985 1540 119 47 France.

127 1584 121 39 L.
207 1584 80 39 a.
247 1584 134 39 s.
341 1584 80 39 au
381 1584 121 39 baron
462 1584 80 39 de
502 1584 201 39 Valonzenay,
663 1584 134 39 préfet
757 1584 188 39 provisoire
904 1584 80 39 du
931 1584 174 39 département

134 1616 80 35 de
174 1616 80 35 la
213 1616 159 35 Gironde;
333 1616 133 35 Paris,
425 1616 66 35 4
452 1616 106 35 juin
518 1616 119 35 1814,
598 1616 93 35 3/4
651 1616 80 35 de
690 1616 80 35 p.
730 1616 119 35 in-4.
810 1616 119 35 Belle
889 1616 80 35 et
916 1616 186 35 intéressante

143 1644 76 41 lettre.
198 1644 35 41 7
205 1644 21 41 »

137 1670 118 52 20233
216 1670 118 52 APAFI
295 1670 145 52 (Michel
400 1670 118 52 Ier),
479 1670 132 52 prince
571 1670 79 52 de
610 1670 224 52 Transylvanie,
794 1670 105 52 chef
860 1670 92 52 des
913 1670 132 52 armées
1005 1670 79 52 du
1031 1670 79 52 sul-

135 1719 93 35 tan
188 1719 160 35 Mohammed
307 1719 93 35 IV.
361 1719 120 35 L.
440 1719 146 35 s.
547 1719 120 35 1687,
627 1719 93 35 3/4
680 1719 80 35 de
720 1719 80 35 p.
759 1719 160 35 in-fol.,
879 1719 133 35 cachet
972 1719 106 35 bien
1025 1719 80 35 con-

133 1746 127 44 servé.
222 1746 166 44 Déchirure
350 1746 178 44 au-dessous
490 1746 76 44 de
528 1746 178 44 l’adresse.
668 1746 64 44 3
681 1746 38 44 »

132 1762 119 60 20234
211 1762 119 60 ARENA
291 1762 225 60 (Barthélemy),
477 1762 133 60 député
569 1762 66 60 à
596 1762 199 60 l’Assemblée
755 1762 199 60 législative
914 1762 80 60 et
954 1762 80 60 au
981 1762 119 60 Conseil

129 1819 99 33 des
185 1819 212 33 Cinq-Cents,
355 1819 141 33 accusé
453 1819 155 33 d’avoir
566 1819 127 33 voulu
651 1819 197 33 poignarder
806 1819 183 33 Bonaparte
947 1819 85 33 le
989 1819 85 33 18
1017 1819 85 33 bru.

126 1850 132 33 maire.
218 1850 119 33 L.
297 1850 79 33 a.
337 1850 132 33 s.
429 1850 79 33 (à
468 1850 184 33 Saliceti);
613 1850 132 33 Calvi,
706 1850 79 33 12
745 1850 158 33 brumaire
864 1850 79 33 an
903 1850 92 33 VI,
956 1850 66 33 3
982 1850 79 33 p.
1009 1850 92 33 in

1011 1881 99 42 4
1031 1881 79 42 50

162 1896 169 57 Curieuse
289 1896 141 57 épître
388 1896 99 57 sur
444 1896 99 57 ses
501 1896 155 57 démêlés
614 1896 113 57 avec
684 1896 212 57 Belleville.
854 1896 99 57 «Je
910 1896 113 57 suis
967 1896 141 57 entière-

133 1942 121 50 ment,
213 1942 147 50 dit-il,
320 1942 107 50 pour
387 1942 80 50 la
427 1942 187 50 révolution
574 1942 80 50 du
615 1942 80 50 18
655 1942 187 50 fructidor.
802 1942 80 50 Le
842 1942 187 50 Directoire
990 1942 94 50 est
1030 1942 80 50 bien

130 1980 172 39 composé:
259 1980 86 39 la
301 1980 200 39 République
459 1980 115 39 doit
530 1980 86 39 se
573 1980 200 39 consolider
731 1980 100 39 sur
788 1980 100 39 les
845 1980 129 39 bases
931 1980 86 39 de
974 1980 86 39 la
1003 1980 100 39 Cons-

139 2008 148 41 itution
246 2008 80 41 de
286 2008 107 41 l’an
353 2008 107 41 III,
420 2008 80 41 ou
461 2008 107 41 elle
528 2008 134 41 risque
621 2008 80 41 de
662 2008 121 41 faire
729 2008 201 41 naufrage!...»

136 2032 112 61 20235
210 2032 124 61 AUMALE
297 2032 124 61 (Henri
384 2032 174 61 d’ORLÉANS,
521 2032 87 61 duc
571 2032 100 61 d’),
633 2032 174 61 gouverneur
770 2032 75 61 de
807 2032 174 61 l’Algérie.
944 2032 112 61 L.
1006 2032 100 61 s.

139 2086 121 43 Alger,
223 2086 109 43 1847,
296 2086 60 43 1
320 2086 72 43 p.
356 2086 109 43 in-4.
429 2086 60 43 3
441 2086 36 43 »

28 2106 135 63 20236
118 2106 135 63 AZAIS
208 2106 105 63 (P.
268 2106 120 63 H.),
343 2106 210 63 philosophe
508 2106 90 63 et
553 2106 210 63 moraliste,
718 2106 135 63 connu
808 2106 105 63 par
868 2106 105 63 son
928 2106 165 63 système
1033 2106 75 63 des
