1114 2194
456 21 88 65 —
492 21 105 65 13
544 21 88 65 —

17 78 135 63 20434
107 78 120 63 PAER
182 78 180 63 (Ferd.),
316 78 165 63 célèbre
436 78 225 63 compositeur
616 78 90 63 de
661 78 180 63 musique,
796 78 150 63 membre
900 78 90 63 de
930 78 150 63 l’Insti-

114 122 101 54 tut.
178 122 114 54 L.
254 122 76 54 a.
292 122 127 54 s.
380 122 63 54 à
405 122 89 54 Mme
456 122 241 54 Damoreau-Cinti;
659 122 63 54 2
684 122 101 54 mars
747 122 114 54 1836,
823 122 63 54 2
849 122 76 54 p.
886 122 114 54 in-8.
950 122 139 54 Curieuse.

1004 166 50 38 2
1014 166 30 38 »

117 191 124 53 20435
200 191 166 53 PALISSOT
324 191 83 53 DE
366 191 166 53 MONTENOY
490 191 193 53 (Charles),
641 191 124 53 poëte
724 191 83 53 et
766 191 221 53 littérateur,
945 191 138 53 auteur
1028 191 55 53 de

120 230 100 43 la
187 230 145 43 Dunciade.
298 230 67 43 L.
331 230 67 43 a.
365 230 111 43 s.
442 230 56 43 à
465 230 67 43 M.
498 230 111 43 Dentu,
576 230 78 43 1/2
620 230 67 43 p.
654 230 100 43 in-4.
720 230 56 43 3
732 230 44 43 50

120 268 126 59 20436
204 268 126 59 PEPIN
288 268 210 59 (Théodore),
456 268 168 59 complice
582 268 84 59 de
625 268 154 59 Fieschi
737 268 112 59 dans
807 268 98 59 son
863 268 168 59 attentat
975 268 112 59 contre

116 313 219 59 Louis-Philippe,
301 313 69 59 et
336 313 139 59 décapité
440 313 92 59 avec
498 313 92 59 lui.
555 313 104 59 L.
625 313 69 59 a.
659 313 115 59 s.
740 313 58 59 à
763 313 69 59 M.
798 313 115 59 Dupin;
879 313 69 59 la
902 313 69 59 Con-

117 341 174 54 ciergerie,
254 341 75 54 30
291 341 100 54 nov.
353 341 112 54 1835,
428 341 62 54 1
453 341 75 54 p.
490 341 112 54 in-8.
565 341 62 54 2
577 341 50 54 50

149 367 119 67 Belle
228 367 146 67 lettre,
334 367 80 67 où
374 367 80 67 il
414 367 80 67 le
454 367 146 67 supplie
560 367 80 67 de
599 367 80 67 se
639 367 146 67 charger
745 367 80 67 de
785 367 80 67 sa
811 367 133 67 défense.

116 411 105 76 20437
186 411 128 76 PERCIER
280 411 163 76 (Charles),
408 411 128 76 célèbre
501 411 175 76 architecte,
642 411 117 76 membre
723 411 70 76 de
758 411 175 76 l’Institut.
898 411 105 76 L.
968 411 70 76 a.
992 411 93 76 s

111 460 64 45 à
137 460 77 45 M.
176 460 142 45 Vignon,
279 460 64 45 1
305 460 77 45 p.
343 460 129 45 in-12.
433 460 64 45 3
446 460 39 45 »

119 489 117 71 20438
197 489 157 71 PÉRIGNON
315 489 117 71 (Dom.
393 489 131 71 Cath.,
484 489 91 71 mis
537 489 104 71 de),
602 489 157 71 maréchal
719 489 78 71 de
759 489 144 71 France.
863 489 117 71 L.
941 489 78 71 a.
968 489 117 71 s.

114 540 288 55 quartier-général
358 540 86 55 de
401 540 273 55 Narlau-Saverda,
632 540 72 55 6
660 540 173 55 pluviôse
790 540 86 55 an
833 540 101 55 IV,
891 540 72 55 1
919 540 86 55 p.
948 540 144 55 in

123 574 93 47 vig.
181 574 70 47 et
216 574 93 47 tête
274 574 104 47 impr.
344 574 104 47 Belle
414 574 116 47 lettre
495 574 163 47 militaire.
623 574 58 47 4
634 574 35 47 »

122 609 106 49 20439
193 609 142 49 PHILIPPE
299 609 71 49 V,
335 609 83 49 roi
382 609 165 49 d’Espagne.
512 609 106 49 L.
582 609 71 49 a.
618 609 118 49 s.
701 609 59 49 à
724 609 83 49 son
771 609 165 49 beau-fils;
901 609 153 49 Aranjuez,
1019 609 59 49 2
1031 609 59 49 mai

119 648 121 42 1746,
199 648 67 42 3
226 648 80 42 p.
266 648 94 42 1/2
320 648 121 42 in-4.
400 648 121 42 Jolie
480 648 147 42 lettre.
587 648 67 42 A
614 648 80 42 la
654 648 121 42 suite
735 648 80 42 se
775 648 134 42 trouve
869 648 94 42 une
922 648 134 42 lettre
1003 648 80 42 aut.

108 679 92 50 de
154 679 92 50 sa
200 679 139 50 femme
292 679 92 50 de
339 679 92 50 16
385 679 169 50 grandes
508 679 169 50 lignes,
631 679 92 50 où
677 679 92 50 il
723 679 154 50 paraît
831 679 169 50 manquer
939 679 154 50 quelques

120 707 99 48 lignes
189 707 59 48 de
219 707 59 48 la
249 707 79 48 fin.
298 707 59 48 16
318 707 30 48 »

544 741 70 60 20440
591 741 93 60 PICHEGRU
661 741 109 60 (Charles),
746 741 85 60 célèbre
808 741 85 60 général
870 741 47 60 en
893 741 70 60 chef,
940 741 47 60 le
963 741 109 60 conquérant
1048 741 47 60 de
1064 741 31 60 la

117 786 172 45 Hollande.
249 786 119 45 L.
328 786 132 45 a
421 786 106 45 s..;
487 786 159 45 Mannheim
606 786 79 45 an
646 786 93 45 IV,
698 786 66 45 1
725 786 79 45 p.
765 786 119 45 in-4,
844 786 106 45 tête
910 786 119 45 impr.
989 786 79 45 et
1016 786 79 45 vig.

996 824 108 49 4
1018 824 65 49 »

112 855 115 50 20441
189 855 141 50 POUGENS
292 855 154 50 (Charles
407 855 103 50 de),
471 855 192 50 littérateur
625 855 77 50 et
663 855 128 50 érudit
753 855 154 50 célèbre,
868 855 128 50 membre
958 855 77 50 de
983 855 103 50 l’Ins-

123 896 128 39 titut.
213 896 115 39 L.
290 896 77 39 a.
328 896 128 39 s.
418 896 77 39 au
456 896 90 39 mis
507 896 77 39 de
546 896 141 39 Fortia;
648 896 115 39 Rome,
725 896 64 39 5
750 896 102 39 août
814 896 115 39 1778,
891 896 64 39 3
917 896 77 39 p.
955 896 90 39 pl.
993 896 90 39 in

128 928 121 50 Très-belle
224 928 95 50 lettre.
293 928 139 50 Rare
406 928 52 50 13
423 928 26 50 »

117 956 108 59 20442
189 956 145 59 RABELAIS
298 956 181 59 (François),
442 956 108 59 notre
515 956 145 59 illustre
623 956 145 59 écrivain
732 956 169 59 satirique.
864 956 108 59 L.
936 956 72 59 a.
973 956 121 59 s.
1045 956 48 59 au

123 1010 153 47 cardinal
238 1010 76 47 Du
276 1010 127 47 Bellay
365 1010 115 47 (dont
442 1010 76 47 il
480 1010 115 47 était
557 1010 204 47 secrétaire);
722 1010 166 47 Plaisance
850 1010 166 47 (Italie),
977 1010 76 47 13
1003 1010 89 47 avril

127 1039 99 52 1538,
193 1039 55 52 2
215 1039 66 52 p.
247 1039 120 52 in-fol.
335 1039 153 52 Superbe
456 1039 66 52 et
488 1039 142 52 très-rarc
598 1039 153 52 pièce
718 1039 77 52 450
751 1039 33 52 »

151 1086 118 35 Hier
225 1086 88 35 un
269 1086 220 35 gentilhomme
445 1086 88 35 du
489 1086 132 35 légat
578 1086 162 35 Jacobas
695 1086 206 35 (cardinal,
857 1086 220 35 ambassadeur
1019 1086 73 35 au-

118 1120 110 39 près
187 1120 83 39 de
229 1120 248 39 Charles-Quint,
436 1120 97 39 qui
491 1120 138 39 mourut
587 1120 83 39 en
629 1120 138 39 1540),
725 1120 124 39 parti
808 1120 83 39 de
849 1120 193 39 Barcelonne
1001 1120 83 39 le
1029 1120 55 39 5,

119 1152 99 38 est
175 1152 113 38 venu
246 1152 155 38 trouver
359 1152 85 38 le
401 1152 113 38 pape
471 1152 71 38 à
500 1152 212 38 Pontremoli,
669 1152 113 38 pour
739 1152 183 38 l’avertir
880 1152 99 38 que
923 1152 169 38 l’empereur

125 1183 260 38 Charles-Quint)
341 1183 130 38 avait
428 1183 159 38 demandé
543 1183 101 38 des
601 1183 159 38 galères
717 1183 72 38 à
745 1183 144 38 Gènes,
847 1183 116 38 pour
919 1183 87 38 se
962 1183 144 38 rendre
1049 1183 43 38 à

126 1211 116 45 ice,
199 1211 87 45 où
243 1211 145 45 devait
345 1211 87 45 le
388 1211 174 45 précéder
519 1211 247 45 l’ambassadeur
723 1211 87 45 du
766 1211 102 45 duc
824 1211 87 45 de
868 1211 160 45 Savoie,
970 1211 116 45 chargé

124 1243 88 45 le
168 1243 190 45 persuader
314 1243 73 45 à
343 1243 88 45 ce
387 1243 146 45 prince
489 1243 88 45 de
533 1243 146 45 donner
635 1243 88 45 au
679 1243 204 45 Saint-Père
839 1243 88 45 la
883 1243 204 45 forteresse
1029 1243 58 45 de

128 1277 108 38 ice.
196 1277 95 38 (Il
250 1277 135 38 s’agit
345 1277 95 38 ici
399 1277 81 38 de
439 1277 81 38 la
480 1277 122 38 trève
561 1277 81 38 de
601 1277 95 38 dix
656 1277 95 38 ans
710 1277 95 38 qui
764 1277 95 38 fut
818 1277 149 38 conclue
926 1277 81 38 la
966 1277 108 38 même
1020 1277 68 38 an-

115 1310 129 39 née.)
200 1310 129 39 André
286 1310 129 39 Doria
372 1310 143 39 devait
472 1310 143 39 passer
572 1310 86 39 en
615 1310 157 39 Afrique
729 1310 129 39 après
815 1310 186 39 l’arrivée
957 1310 86 39 de
986 1310 100 39 l’em-

122 1345 154 34 pereur.
234 1345 84 34 On
276 1345 126 34 pense
360 1345 98 34 que
416 1345 126 34 c’est
500 1345 112 34 pour
570 1345 196 34 surprendre
724 1345 98 34 nos
780 1345 154 34 galères
892 1345 70 34 à
920 1345 112 34 leur
976 1345 112 34 retour

125 1378 91 41 du
170 1378 167 41 Levant,
291 1378 91 41 en
337 1378 182 41 revanche
473 1378 91 41 de
519 1378 91 41 la
564 1378 151 41 chasse
670 1378 106 41 que
731 1378 151 41 celles
837 1378 91 41 de
882 1378 197 41 Marseille
1018 1378 76 41 lui

114 1405 153 44 avaient
226 1405 139 44 donnée
323 1405 84 44 en
365 1405 139 44 allant
463 1405 84 44 en
504 1405 167 44 Espagne.
630 1405 153 44 Jacobas
741 1405 139 44 devait
839 1405 139 44 partir
937 1405 84 44 un
978 1405 112 44 jour
1034 1405 56 44 ou

118 1443 114 40 deux
189 1443 128 40 après
274 1443 214 40 l’empereur,
445 1443 114 40 pour
516 1443 128 40 aller
602 1443 71 40 à
630 1443 157 40 Avignon
744 1443 157 40 prendre
858 1443 85 40 le
901 1443 128 40 légat
972 1443 114 40 Carpy,

117 1473 87 40 et
161 1473 131 40 venir
248 1473 174 40 ensemble
379 1473 145 40 auprès
480 1473 87 40 du
524 1473 116 40 pape
596 1473 102 40 qui
655 1473 102 40 les
713 1473 160 40 attend.
829 1473 102 40 Une
887 1473 131 40 autre
959 1473 131 40 lettre,

122 1506 86 40 du
165 1506 86 40 8,
207 1506 171 40 confirme
336 1506 86 40 la
379 1506 128 40 venue
464 1506 86 40 de
507 1506 200 40 l’empereur
664 1506 71 40 à
692 1506 128 40 Nice,
778 1506 86 40 et
821 1506 128 40 donne
907 1506 71 40 à
935 1506 143 40 penser
1021 1506 71 40 que

126 1539 72 35 e
154 1539 101 35 duc
212 1539 86 35 de
255 1539 144 35 Savoie
356 1539 201 35 remettrait
514 1539 86 35 la
557 1539 216 35 forteresse.
730 1539 244 35 «Monseigneur,
931 1539 129 35 après
1003 1539 86 35 vous

118 1565 139 43 avoir
210 1565 186 43 toujours
350 1565 217 43 recommandé
520 1565 93 43 ma
567 1565 170 43 povreté
690 1565 93 43 et
737 1565 124 43 moys
814 1565 294 43 très-humblement
1047 1565 46 43 à

122 1601 140 44 vostre
220 1601 126 44 bonne
304 1601 126 44 grâce
388 1601 84 44 je
430 1601 154 44 supplye
542 1601 84 44 le
584 1601 168 44 créateur
710 1601 112 44 vous
780 1601 140 44 donner
878 1601 84 44 en
920 1601 126 44 santé
990 1601 98 44 bonne

418 1629 69 40 vyve
462 1629 52 40 et
488 1629 104 40 longue.»
566 1629 43 40 —
583 1629 52 40 (A
609 1629 78 40 cette
661 1629 96 40 lettre,
731 1629 69 40 dont
774 1629 182 40 l'authenticité
931 1629 61 40 est
957 1629 130 40 incontes

123 1666 218 45 table
303 1666 90 45 est
354 1666 128 45 jointe
443 1666 90 45 une
495 1666 115 45 copie
572 1666 77 45 et
610 1666 90 45 une
661 1666 102 45 note
725 1666 77 45 de
764 1666 77 45 la
802 1666 102 45 main
866 1666 77 45 de
905 1666 64 45 M
930 1666 90 45 Al.
969 1666 115 45 Teulet,

121 1694 108 39 l’un
188 1694 81 39 de
228 1694 94 39 nos
282 1694 202 39 archivistes
444 1694 215 39 paléographes
619 1694 94 39 les
673 1694 108 39 plus
726 1694 189 39 autorisés.).

131 1731 122 61 20443
213 1731 163 61 RADETZKI
335 1731 95 61 (le
389 1731 95 61 cte
444 1731 163 61 Joseph),
566 1731 231 61 feld-maréchal
756 1731 204 61 autrichien,
919 1731 81 61 un
959 1731 95 61 des
1000 1731 95 61 meil-

127 1766 103 57 teurs
195 1766 160 57 tacticiens
321 1766 69 57 de
356 1766 80 57 son
401 1766 115 57 temps.
482 1766 103 57 Pièce
550 1766 160 57 s.
676 1766 103 57 1848,
745 1766 57 57 1
768 1766 69 57 p.
802 1766 103 57 in-4.
871 1766 57 57 3
883 1766 34 57 »

121 1815 129 48 20444
206 1815 172 48 RAPINAT,
335 1815 214 48 commissaire
507 1815 86 48 du
550 1815 200 48 Directoire
707 1815 86 48 en
750 1815 186 48 Helvétie,
893 1815 129 48 connu
979 1815 100 48 par
1022 1815 71 48 ses

130 1851 156 45 xactions
247 1851 104 45 dans
312 1851 78 45 ce
351 1851 117 45 pays,
429 1851 78 45 né
468 1851 65 45 à
494 1851 143 45 Colmar.
598 1851 117 45 L.
676 1851 78 45 a.
715 1851 130 45 s.
806 1851 65 45 à
832 1851 156 45 Scherer;
936 1851 156 45 Sigolsheim

126 1885 222 43 Haut-Rhin),
304 1885 74 43 4
333 1885 177 43 brumaire
466 1885 89 43 an
510 1885 103 43 VI,
570 1885 74 43 1
599 1885 89 43 p.
643 1885 133 43 in-4.
732 1885 236 43 Rare
924 1885 74 43 3
939 1885 59 43 50

130 1922 127 43 20445
215 1922 155 43 AUCOURT
327 1922 99 43 (M.
384 1922 85 43 A.
426 1922 212 43 SAUCEROTTE,
595 1922 141 43 dite),
694 1922 155 43 célèbre
807 1922 155 43 actrice
920 1922 85 43 du
948 1922 141 43 Théâtre-

119 1958 167 36 Français.
247 1958 115 36 L.
324 1958 77 36 a.
363 1958 128 36 s.
453 1958 77 36 au
491 1958 180 36 prince...;
632 1958 128 36 Milan,
722 1958 64 36 8
748 1958 103 36 nov.
812 1958 115 36 1798,
889 1958 64 36 3
914 1958 77 36 p.
953 1958 90 36 pl.
991 1958 103 36 in

124 1990 161 47 Très-lègère
253 1990 107 47 tache.
328 1990 64 47 15
350 1990 32 47 »

146 2021 218 56 Intéressante
323 2021 136 56 lettre
419 2021 82 56 où
460 2021 109 56 elle
528 2021 150 56 raconte
637 2021 177 56 l’accueil
773 2021 163 56 empressé
896 2021 150 56 qu’elle
1005 2021 68 56 a
1018 2021 82 56 reçu

117 2062 64 41 à
143 2062 128 41 Milan,
233 2062 77 41 où
271 2062 103 41 elle
335 2062 154 41 débutera
451 2062 90 41 par
502 2062 77 41 le
540 2062 103 41 rôle
605 2062 77 41 de
643 2062 231 41 Phèdre
835 2062 103 41 Elle
900 2062 77 41 le
938 2062 103 41 prie
1002 2062 77 41 de
1028 2062 64 41 ve-

116 2095 93 52 nir
169 2095 80 52 la
209 2095 187 52 retrouver,
356 2095 80 52 et
396 2095 120 52 parle
476 2095 80 52 du
516 2095 147 52 général
623 2095 147 52 Joubert
730 2095 93 52 qui
783 2095 80 52 la
823 2095 147 52 protége
930 2095 80 52 et
970 2095 93 52 qui
1010 2095 80 52 est,

100 2133 337 49 dit-on;
346 2133 184 49 un
438 2133 276 49 homme
622 2133 184 49 de
714 2133 337 49 talent.
