1167 2206
538 12 44 60 —
556 12 44 60 3
565 12 26 60 —

30 64 122 55 20253
111 64 81 55 LE
151 64 122 55 MÊME.
232 64 149 55 Article
340 64 149 55 autogr.
448 64 95 55 sur
502 64 311 55 Robespierre
772 64 81 55 au
813 64 122 55 sujet
894 64 81 55 de
934 64 81 55 la
961 64 135 55 brochure

122 114 97 40 que
177 114 124 40 vient
260 114 83 40 de
302 114 152 40 publier
413 114 138 40 Armand
509 114 152 40 Carrel,
620 114 69 40 6
648 114 83 40 p.
689 114 124 40 in-4,
772 114 111 40 avec
841 114 152 40 ratures
952 114 83 40 et
980 114 124 40 correc-

127 146 125 43 tions.
214 146 75 43 La
251 146 162 43 signature
376 146 62 43 a
401 146 87 43 été
451 146 150 43 effacée.
563 146 62 43 4
576 146 37 43 »

135 178 116 43 20254
213 178 116 43 BODIN
290 178 155 43 (Félix),
406 178 194 43 littérateur
561 178 78 43 et
600 178 181 43 historien,
742 178 220 43 collaborateur
923 178 78 43 de
962 178 78 43 M.
988 178 116 43 Thiers.

131 211 127 50 L.
215 211 84 50 a.
257 211 141 50 s.
356 211 84 50 au
398 211 127 50 baron
482 211 211 50 d’Eckstein;
651 211 84 50 17
693 211 112 50 mars
764 211 127 50 1835,
848 211 70 50 1
876 211 84 50 p.
918 211 141 50 in-4.H
1017 211 84 50 (2
1045 211 56 50 50

158 253 193 47 Très-belle
310 253 138 47 lettre
406 253 96 47 sur
461 253 96 47 une
516 253 206 47 publication
681 253 83 47 du
722 253 124 47 baron
805 253 83 47 et
846 253 96 47 sur
888 253 151 47 l’Orient.

130 286 127 52 20255
215 286 269 52 BOISSY-D’ANGLAS
441 286 99 52 (le
498 286 127 52 comte
583 286 99 52 Fr.
640 286 113 52 Ant.
711 286 113 52 de),
781 286 241 52 conventionnel
966 286 127 52 célèbre

135 313 128 60 membre
225 313 77 60 de
263 313 192 60 l’institut.
417 313 115 60 L.
494 313 77 60 a.
532 313 128 60 s.
622 313 77 60 au
660 313 102 60 cit.
724 313 294 60 Marion-Brillantais;
967 313 141 60 Bougival,

133 356 71 50 an
169 356 106 50 VIII,
240 356 59 50 2
263 356 71 50 p.
299 356 83 50 pl.
346 356 106 50 in-8.
417 356 106 50 Jolie
488 356 130 50 lettre.
583 356 59 50 2
595 356 35 50 »

327 379 87 71 20256
385 379 125 71 BONAPARTE
481 379 116 71 (Charles
568 379 77 71 de),
616 379 58 71 le
645 379 77 71 père
693 379 58 71 de
722 379 116 71 Napoléon
809 379 77 71 Ier.
857 379 87 71 L.
915 379 58 71 a.
944 379 96 71 s.
1011 379 48 71 à
1031 379 67 71 Mar
1059 379 39 71 de

318 429 115 50 Boucheporn,
410 429 54 50 3/4
441 429 46 50 de
464 429 46 50 p.
487 429 69 50 in-4.
533 429 161 50 Très-rare
671 429 46 50 90
686 429 23 50 »

166 456 160 52 Relative
286 456 67 52 à
312 456 147 52 l’étang
419 456 93 52 des
473 456 147 52 salines
579 456 187 52 d’Ajaccio,
726 456 107 52 dont
793 456 80 52 il
833 456 93 52 est
873 456 200 52 propriétaire.

329 498 88 61 20257
388 498 127 61 BONAPARTE
485 498 107 61 général
563 498 165 61 d’artillerie.
699 498 88 61 L.
758 498 97 61 s.
826 498 68 61 aux
865 498 165 61 représentants
1001 498 58 61 du
1020 498 88 61 peuple;

125 547 280 48 Port-la-Montagne
363 547 182 48 (Toulon),
503 547 84 48 23
545 547 140 48 nivôse
644 547 84 48 an
686 547 98 48 II,
742 547 70 48 2
770 547 84 48 p.
812 547 154 48 in-fol.
924 547 126 48 Belle
994 547 112 48 pièce.

998 576 122 40 10
1038 576 61 40 »

345 591 87 74 20258
403 591 136 74 BONAPARTE,
510 591 107 74 général
588 591 58 74 en
617 591 78 74 chef
665 591 58 74 de
694 591 107 74 l’armée
772 591 126 74 d’Italie.
869 591 87 74 L.
927 591 107 74 s.
1004 591 97 74 écrite
1063 591 48 74 par

132 641 224 49 Bourrienne
308 641 96 49 au
356 641 176 49 général
483 641 160 49 Dumas;
595 641 192 49 quartier
739 641 176 49 général
867 641 96 49 de
898 641 208 49 Passeriano,

138 672 87 44 16
181 672 188 44 fructidor
325 672 87 44 an
369 672 87 44 V,
412 672 101 44 3/4
470 672 87 44 de
513 672 87 44 p.
556 672 173 44 in-fol.,
686 672 188 44 fragments
831 672 87 44 de
874 672 159 44 cachet,
989 672 116 44 vig.
1047 672 58 44 et

131 713 84 52 tête
183 713 95 52 impr.
246 713 53 52 8
257 713 32 52 »

337 727 142 69 Curieuse.
446 727 66 69 Il
479 727 76 69 est
523 727 153 69 impossible
643 727 66 69 de
676 727 131 69 recevoir
774 727 76 69 des
818 727 131 69 Italiens
916 727 87 69 dans
971 727 76 69 les
1004 727 98 69 troupes

353 780 159 49 françaises,
481 780 74 49 car
523 780 85 49 cela
576 780 74 49 est
618 780 138 49 contraire
724 780 53 49 à
746 780 64 49 la
777 780 180 49 constitution;
926 780 85 49 mais
979 780 64 49 on
1011 780 85 49 peut
1053 780 53 49 en-

339 806 103 45 voyer
407 806 57 45 à
430 806 103 45 Milan
499 806 92 45 ceux
556 806 80 45 qui
602 806 137 45 seraient
705 806 126 45 propres
797 806 57 45 à
820 806 115 45 servir
900 806 92 45 dans
957 806 69 45 la
980 806 126 45 cavalerie

143 846 107 41 pour
209 846 107 41 être
276 846 187 41 incorporés
423 846 107 41 dans
490 846 94 41 les
544 846 120 41 corps
611 846 160 41 cisalpins.

352 870 88 59 20259
411 870 126 59 BONAPARTE
508 870 107 59 général
586 870 58 59 en
615 870 78 59 chef
663 870 58 59 de
693 870 107 59 l’arméé
770 870 126 59 d’Égypte.
868 870 88 59 L.
926 870 107 59 s.
1004 870 58 59 le
1023 870 78 59 Caire,

351 911 44 54 an
373 911 59 54 VII,
410 911 52 54 1/2
439 911 44 54 p.
461 911 89 54 in-fol.,
528 911 59 54 vig.
565 911 44 54 et
587 911 59 54 tête
624 911 66 54 impr.
668 911 37 54 5
675 911 30 54 50

336 933 88 77 20260
395 933 127 77 BONAPARTE
492 933 127 77 (Joseph),
589 933 68 77 roi
628 933 58 77 de
657 933 97 77 Naples
726 933 58 77 et
755 933 136 77 d’Espagne.
862 933 88 77 L.
920 933 58 77 a.
949 933 107 77 s.
1017 933 88 77 Morfon-

353 987 47 54 taine,
386 987 28 54 an
400 987 33 54 XI.
419 987 24 54 1
429 987 28 54 p.
443 987 42 54 in-4.
471 987 24 54 4
476 987 14 54 »

331 1025 101 52 20261
398 1025 146 52 BONAPARTE
511 1025 158 52 (Pauline),
635 1025 124 52 seconde
725 1025 90 52 sœur
781 1025 68 52 de
815 1025 135 52 Napoléon
916 1025 79 52 Ir,
961 1025 101 52 femme
1028 1025 68 52 du
1051 1025 56 52 gé-

136 1060 117 44 néral
214 1060 156 44 Leclerc,
331 1060 104 44 puis
396 1060 78 44 du
435 1060 130 44 prince
526 1060 143 44 Camille
630 1060 169 44 Borghèse.
760 1060 117 44 L.
838 1060 78 44 a.
877 1060 91 44 s.,
916 1060 182 44 Paulettw

114 1102 143 37 à
172 1102 172 37 M.
258 1102 372 37 Michelot;
544 1102 143 37 1
601 1102 172 37 p.
687 1102 258 37 in-8.
887 1102 143 37 8
916 1102 86 37 »

125 1131 111 44 20261
199 1131 173 44 bis
334 1131 160 44 BONAPARTE
458 1131 222 44 (Alexandrine),
642 1131 160 44 princesse
766 1131 74 44 de
803 1131 136 44 Canino,
901 1131 111 44 femme
975 1131 74 44 de
1000 1131 111 44 Lucien.

138 1167 115 46 L.
215 1167 77 46 a.
253 1167 128 46 s.
343 1167 64 46 à
369 1167 90 46 Ch.
420 1167 154 46 Paillet;
535 1167 179 46 Musignano,
676 1167 77 46 23
714 1167 115 46 févr.
791 1167 115 46 1841,
868 1167 64 46 3
893 1167 77 46 p.
932 1167 115 46 in-8,
996 1167 115 46 cachet.

1018 1194 86 42 5
1035 1194 69 42 50

168 1220 175 62 Relative
300 1220 73 62 à
329 1220 87 62 la
372 1220 204 62 succession
533 1220 87 62 de
576 1220 102 62 son
634 1220 117 62 mari
707 1220 87 62 et
751 1220 87 62 au
795 1220 189 62 télescope
940 1220 117 62 avec
999 1220 117 62 lequel

555 1269 89 41 Herschel
621 1269 37 41 a
636 1269 97 41 découvert
711 1269 134 41 Uranus
822 1269 74 41 lequel
874 1269 37 41 a
889 1269 97 41 appartenu
963 1269 37 41 à
978 1269 74 41 Lucien
1023 1269 89 41 Bonaparte.

142 1299 124 55 20262
225 1299 179 55 BOUCHOTTE
362 1299 96 55 (J.
417 1299 82 55 B.
458 1299 137 55 Noël),
554 1299 151 55 célèbre
664 1299 165 55 ministre
788 1299 82 55 de
829 1299 82 55 la
870 1299 151 55 guerre,
980 1299 82 55 en
1008 1299 96 55 1793.

143 1344 106 58 L.
214 1344 71 58 a.
249 1344 118 58 s.
331 1344 71 58 (à
367 1344 153 58 Gautier);
484 1344 106 58 Metz,
555 1344 71 58 15
590 1344 106 58 sept.
660 1344 106 58 1835,
731 1344 59 58 2
754 1344 71 58 p.
790 1344 106 58 in-4.
860 1344 59 58 6
872 1344 35 58 »

177 1371 173 50 Curieuse
306 1371 144 50 épître
407 1371 173 50 relative
537 1371 72 50 à
566 1371 101 50 des
624 1371 231 50 réclamations
811 1371 130 50 qu’il
898 1371 72 50 a
927 1371 72 50 à
955 1371 173 50 adresser
1071 1371 43 50 à

146 1409 74 45 M.
183 1409 136 45 Thiers,
282 1409 74 45 et
319 1409 74 45 où
356 1409 74 45 il
394 1409 112 45 parle
468 1409 74 45 de
505 1409 211 45 l'Histoire
679 1409 74 45 de
716 1409 74 45 la
753 1409 236 45 Révolution
952 1409 74 45 M.
989 1409 124 45 Tissot
1063 1409 50 45 en

138 1443 160 45 compose
255 1443 116 45 une.
328 1443 102 45 «Il
386 1443 116 45 doit
458 1443 131 45 mieux
546 1443 131 45 faire
633 1443 102 45 que
691 1443 87 45 M.
735 1443 160 45 Thiers,
851 1443 102 45 car
909 1443 87 45 il
953 1443 73 45 a
982 1443 102 45 été
1026 1443 87 45 con-

145 1481 182 43 emporain
281 1481 106 43 des
327 1481 243 43 événements...»

144 1503 102 57 20263
212 1503 125 57 BOURDON
302 1503 158 57 (Léonard),
427 1503 125 57 célèbre
517 1503 204 57 conventionnel.
687 1503 102 57 L.
755 1503 68 57 a.
789 1503 125 57 s.
880 1503 68 57 an
913 1503 102 57 XIII,
981 1503 57 57 1
993 1503 45 57 p.

147 1553 66 44 1/2
184 1553 84 44 in-4.
240 1553 47 44 3
250 1553 28 44 »

148 1574 75 74 20264
198 1574 116 74 BOURRIENNE
289 1574 108 74 (Fauvelet
372 1574 66 74 de),
414 1574 116 74 secrétaire
505 1574 50 74 de
530 1574 100 74 Napoléon
605 1574 66 74 Ier,
638 1574 83 74 ministre

147 1620 125 53 d’État,
237 1620 113 53 auteur
317 1620 68 53 de
351 1620 181 53 Mémoires.
498 1620 68 53 L.
532 1620 68 53 a.
566 1620 125 53 s.
657 1620 57 53 1
679 1620 68 53 p.
713 1620 102 53 in-4.
781 1620 57 53 2
793 1620 45 53 50

146 1657 114 50 20265
222 1657 253 50 BRILLAT-SAVARIN,
437 1657 76 50 le
475 1657 165 50 spirituel
602 1657 127 50 auteur
691 1657 76 50 de
729 1657 76 50 la
767 1657 228 50 Physiologie
956 1657 76 50 du
982 1657 139 50 goût

146 1691 90 55 L.
202 1691 68 55 a.
236 1691 79 55 s.,
281 1691 124 55 Bd.
372 1691 57 55 à
394 1691 90 55 Mlle
451 1691 124 55 Brillat
541 1691 79 55 des
586 1691 147 55 Terreaux;
699 1691 113 55 Paris,
779 1691 68 55 13
812 1691 102 55 juin,
880 1691 57 55 2
903 1691 68 55 p.
925 1691 57 55 1/2

138 1718 106 54 in-8.
209 1718 118 54 Légère
292 1718 118 54 tache.
374 1718 106 54 Jolie
445 1718 71 54 et
481 1718 177 54 spirituelle
622 1718 130 54 épîtré.
717 1718 59 54 5
729 1718 47 54 50

142 1748 121 72 20266
222 1748 162 72 BRUNSWIC
344 1748 310 72 (Charles-Guillaume,
613 1748 94 72 duc
667 1748 108 72 de),
735 1748 229 72 généralissime
923 1748 94 72 des
964 1748 148 72 coalisés,

147 1804 86 49 en
190 1804 128 49 1792,
275 1804 128 49 connu
361 1804 100 49 par
418 1804 100 49 son
475 1804 171 49 insolent
603 1804 200 49 manifeste,
760 1804 143 49 blessé
859 1804 228 49 mortellement
1045 1804 71 49 à
1059 1804 57 49 la

136 1834 168 44 bataille
262 1834 224 44 d’Auerstædt.
444 1834 98 44 L.
500 1834 140 44 s.
598 1834 112 44 avec
668 1834 84 44 la
710 1834 224 44 souscription
892 1834 126 44 aut.,
976 1834 84 44 au
1018 1834 98 44 roi
1060 1834 56 44 de

142 1860 157 49 Prusse;
256 1860 157 49 Minden,
370 1860 71 49 7
398 1860 100 49 mai
455 1860 128 49 1799,
541 1860 71 49 3
569 1860 86 49 p.
612 1860 128 49 in-4.
698 1860 128 49 Belle
783 1860 100 49 etl
840 1860 228 49 intéressante
1011 1860 114 49 lettre

145 1907 142 46 militaire.
256 1907 51 46 3
267 1907 30 46 »

152 1919 123 66 20267
234 1919 191 66 BUONARROTI
384 1919 204 66 (Philippe),
547 1919 150 66 célèbre
656 1919 82 66 et
697 1919 136 66 ardent
792 1919 259 66 révolutionnaire
996 1919 123 66 compro-

144 1965 85 57 mis
193 1965 97 57 dans
253 1965 73 57 la
290 1965 195 57 conspiration
448 1965 73 57 de
485 1965 134 57 Babeuf,
582 1965 97 57 dont
643 1965 73 57 il
680 1965 61 57 a
704 1965 110 57 écrit
777 1965 183 57 l’histoire.
923 1965 110 57 L.
996 1965 73 57 a.
1021 1965 97 57 s.

147 2009 95 43 aux
202 2009 230 43 représentants
391 2009 81 43 du
431 2009 135 43 peuple
526 2009 68 43 à
553 2009 149 43 l’armée
661 2009 176 43 d’Italie;
796 2009 122 43 Loano
877 2009 81 43 an
917 2009 95 43 II,
971 2009 68 43 1
985 2009 54 43 p.

143 2042 124 47 in-4.
226 2042 124 47 Belle
309 2042 138 47 pièce.
405 2042 69 47 7
419 2042 55 47 50

149 2071 97 55 20268
214 2071 119 55 BURDETT
300 2071 151 55 (Francis),
419 2071 119 55 célèbre
505 2071 119 55 orateur
591 2071 65 55 et
624 2071 97 55 homme
688 2071 108 55 d’État
764 2071 129 55 anglais.
861 2071 97 55 L.
925 2071 65 55 a.
947 2071 97 55 s.

148 2113 74 45 en
185 2113 161 45 français;
308 2113 111 45 1828,
382 2113 62 45 1
407 2113 74 45 p.
444 2113 86 45 1/2
494 2113 111 45 in-8.
568 2113 111 45 Jolie
642 2113 136 45 lettre.
741 2113 62 45 2
753 2113 37 45 »
