1158 2189
524 17 81 66 —
556 17 81 66 7
572 17 49 66 —

106 83 137 54 tresse
202 83 82 54 de
243 83 123 54 Henri
326 83 96 54 IV.
381 83 123 54 L.
463 83 82 54 a.
504 83 137 54 s.
600 83 82 54 de
641 83 96 54 son
696 83 192 54 monogramme
847 83 82 54 (à
888 83 123 54 Henri
971 83 110 54 IV),
1025 83 69 54 1/2

122 123 62 52 p,
153 123 124 52 in-fol.,
246 123 124 52 cachets.
338 123 62 52 45
359 123 31 52 »

151 136 173 66 Charmante
283 136 146 66 épître,
390 136 80 66 où
429 136 106 66 elle
496 136 146 66 supplie
602 136 133 66 son
695 136 159 66 cœur
814 136 80 66 en
854 136 133 66 faveur
947 136 80 66 de
974 136 119 66 pauvres

112 195 112 42 gens
182 195 112 42 «que
252 195 112 42 l’on
323 195 112 42 veut
393 195 140 42 mettre
491 195 98 42 aux
547 195 154 42 tailles
660 195 84 42 là
702 195 84 42 où
744 195 84 42 se
786 195 112 42 sont
856 195 169 42 réfugiés
983 195 112 42 lors
1039 195 56 42 de

110 229 85 39 la
152 229 141 39 veneue
251 229 99 39 des
307 229 197 39 Espaignols
462 229 70 39 à
476 229 141 39 Calais.»

114 260 124 49 20322
197 260 151 49 ESTRÉES
307 260 137 49 (Jean,
403 260 124 49 comte
485 260 110 49 d’),
554 260 165 49 maréchal
678 260 82 49 de
719 260 151 49 France,
829 260 192 49 gouverneur
980 260 82 49 de
1008 260 82 49 Bre-

119 298 135 48 tagne,
213 298 161 48 vice-roi
334 298 202 48 d’Amérique.
495 298 121 48 L.
576 298 81 48 a.
616 298 135 48 s.
710 298 67 48 à
737 298 81 48 M.
778 298 229 48 Desclouzeaux,
966 298 67 48 a
979 298 108 48 Brest;

121 325 141 53 Toulon,
223 325 77 53 19
262 325 115 53 sept.
338 325 115 53 1695,
415 325 64 53 1
441 325 77 53 p.
479 325 89 53 1/4
530 325 115 53 in-4,
607 325 141 53 cachet.
709 325 115 53 Belle
786 325 128 53 pièce.
875 325 64 53 4
888 325 51 53 50

124 343 120 70 20323
204 343 147 70 ESTRÉES
311 343 147 70 (César,
418 343 161 70 cardinal
538 343 107 70 d’),
605 343 134 70 habile
699 343 187 70 diplomate,
846 343 134 70 membre
940 343 80 70 de
967 343 120 70 l’Acad.

120 411 80 41 fr.
165 411 103 41 L.
234 411 69 41 a.
269 411 126 41 s.
360 411 115 41 Paris,
440 411 69 41 25
475 411 92 41 oct.
532 411 103 41 1706,
601 411 57 41 3
624 411 69 41 p.
658 411 80 41 pl.
704 411 103 41 in-4.
773 411 103 41 Belle
841 411 126 41 lettre.
933 411 57 41 5
945 411 34 41 »

119 432 118 52 20324
198 432 118 52 EYMAR
276 432 170 52 (Claude),
407 432 170 52 moraliste
538 432 79 52 et
578 432 157 52 écrivain
696 432 184 52 distingué,
840 432 118 52 connu
919 432 92 52 par
971 432 79 52 le
997 432 92 52 culte

122 467 117 54 qu’il
200 467 156 54 professa
317 467 104 54 pour
381 467 78 54 J.
420 467 78 54 J.
459 467 169 54 Rousseau,
589 467 78 54 né
628 467 65 54 à
654 467 182 54 Marseille.
797 467 117 54 L.
874 467 78 54 a.
913 467 130 54 s.
1004 467 65 54 à
1017 467 78 54 Gin-

119 495 159 60 guené;
231 495 191 60 Bagneux,
374 495 80 60 9
406 495 239 60 vendémiaire
597 495 96 60 an
644 495 127 60 III,
724 495 80 60 3
756 495 96 60 p.
804 495 111 60 3/4
867 495 143 60 in-8.
947 495 143 60 Légères

131 544 99 40 piqûres.
205 544 41 40 2
213 544 33 40 50

148 551 242 64 Très-curieuse
347 551 156 64 lettre,
460 551 85 64 où
503 551 85 64 il
546 551 128 64 parle
631 551 85 64 de
674 551 85 64 la
716 551 199 64 succession
873 551 85 64 de
915 551 99 64 son
972 551 128 64 père,
1043 551 57 64 de

125 601 91 50 sa
170 601 182 50 fortune,
307 601 198 50 fortement
459 601 213 50 endommagée
627 601 106 50 par
687 601 106 50 les
748 601 228 50 événements,
931 601 91 50 de
976 601 106 50 son
1022 601 76 50 ou-

127 628 110 55 vrage
200 628 86 55 sur
249 628 74 55 la
286 628 208 55 Morale
458 628 74 55 de
494 628 74 55 J.
531 628 74 55 J.
568 628 159 55 Rousseau,
691 628 98 55 dont
752 628 74 55 on
789 628 74 55 va
825 628 147 55 célébrer
936 628 74 55 la
972 628 98 55 fête
1021 628 74 55 etc.

368 664 84 50 20325
424 664 84 50 FAVRE
480 664 112 50 (Jules),
563 664 103 50 célèbre
638 664 93 50 avocat
703 664 56 50 et
731 664 103 50 orateur
806 664 168 50 parlementaire.
946 664 84 50 L.
1002 664 56 50 a.
1020 664 75 50 s.

129 715 97 42 1838
189 715 61 42 1
214 715 73 42 p.
250 715 109 42 in-4.
323 715 61 42 3
335 715 36 42 »

391 739 96 53 20326
455 739 139 53 FERDINAND
562 739 85 53 Ier,
616 739 128 53 empereur
712 739 171 53 d’Allemagne,
850 739 96 53 frère
914 739 64 53 et
947 739 149 53 successeur
1053 739 43 53 de

386 766 179 58 Charles-Quint.
536 766 70 58 L.
575 766 110 58 s.
655 766 60 58 en
685 766 100 58 latin,
755 766 60 58 au
785 766 120 58 cardinal
875 766 150 58 Caracciolo;
994 766 110 58 Prague,
1064 766 40 58 25

385 805 68 52 juin
428 805 77 52 1537,
479 805 60 52 1/2
513 805 51 52 p.
539 805 60 52 gr.
573 805 94 52 in-fol.
641 805 94 52 oblong,
709 805 94 52 cachet.
777 805 77 52 Belle
828 805 85 52 pièce.
888 805 43 52 5
896 805 26 52 »

295 836 93 66 20327
357 836 124 66 FONTANES
450 836 114 66 (Louis,
533 836 73 66 mis
574 836 83 66 de),
626 836 93 66 poëte
688 836 62 66 et
719 836 135 66 écrivain,
823 836 104 66 membre
896 836 62 66 de
927 836 114 66 l’Acad.
999 836 52 66 fr.

135 878 114 52 L.
212 878 76 52 a.
250 878 127 52 s.
339 878 76 52 au
377 878 114 52 maire
453 878 76 52 de
491 878 229 52 Saint-Maixent;
682 878 114 52 Paris
758 878 114 52 1807.
835 878 64 52 1
860 878 76 52 p.
898 878 114 52 in-4,
962 878 76 52 tête

137 926 94 43 impr.
199 926 94 43 Jolie
261 926 114 43 lettre.
344 926 52 43 3
355 926 31 43 »

396 934 69 78 20328
443 934 85 78 FOSCOLO
504 934 77 78 (Ugo),
558 934 85 78 célèbre
620 934 69 78 poëte
667 934 46 78 et
690 934 93 78 patriote
759 934 93 78 italien.
829 934 69 78 L.
875 934 46 78 a.
898 934 85 78 s.
960 934 54 78 1/2
983 934 31 78 p.

143 996 71 42 in-18.
193 996 35 42 2
200 996 28 42 50

268 1016 96 64 20329
332 1016 107 64 FOUCHÉ
407 1016 139 64 (Joseph),
514 1016 75 64 duc
556 1016 149 64 d’Otrante,
674 1016 181 64 conventionnel
823 1016 64 64 et
855 1016 128 64 ministre
951 1016 64 64 de
972 1016 43 64 la

139 1051 125 57 police.
230 1051 102 57 L.
298 1051 68 57 a.
332 1051 114 57 s.
412 1051 68 57 (à
446 1051 91 57 Mlle
503 1051 159 57 Cochelet);
628 1051 125 57 Dresde,
719 1051 57 57 5
742 1051 91 57 juin
799 1051 125 57 (1818),
890 1051 57 57 1
912 1051 68 57 p.
935 1051 57 57 3/4

139 1101 68 46 in-8.
184 1101 45 46 13
199 1101 23 46 »

167 1115 252 60 Très-curieuse
374 1115 163 60 épître.
493 1115 74 60 —
523 1115 89 60 Il
567 1115 118 60 veut
641 1115 89 60 se
685 1115 207 60 rapprocher
848 1115 89 60 de
893 1115 89 60 la
937 1115 133 60 reine
1011 1115 89 60 Hor-

137 1156 142 53 tense,
236 1156 85 53 et
279 1156 99 53 n’a
336 1156 99 53 nul
393 1156 128 53 désir
478 1156 85 53 de
520 1156 156 53 rentrer
634 1156 85 53 en
677 1156 156 53 France.
790 1156 128 53 «Nous
876 1156 99 53 n’y
918 1156 185 53 trouverions

140 1188 111 56 plus
210 1188 97 56 que
265 1188 97 56 des
321 1188 153 56 acteurs
433 1188 181 56 inconnus,
572 1188 97 56 qui
628 1188 84 56 se
669 1188 167 56 heurtent
795 1188 84 56 au
836 1188 97 56 gré
892 1188 84 56 du
934 1188 111 56 sort
1004 1188 97 56 sur
1045 1188 56 56 le

138 1218 146 53 cadavre
244 1218 80 53 de
284 1218 80 53 la
324 1218 146 53 patrie.
430 1218 186 53 Toutefois,
577 1218 120 53 comme
657 1218 80 53 je
697 1218 80 53 ne
736 1218 120 53 crois
816 1218 93 53 pas
870 1218 67 53 à
883 1218 226 53 l’éternité

133 1252 99 57 des
189 1252 155 57 peines,
302 1252 85 57 je
344 1252 169 57 conserve
471 1252 85 57 de
513 1252 225 57 l’espérance:
696 1252 85 57 le
739 1252 113 57 ciel
809 1252 85 57 ne
851 1252 113 57 sera
922 1252 99 57 pas
964 1252 141 57 toujours

133 1285 185 54 d’airain;
275 1285 114 54 nous
346 1285 142 54 serons
446 1285 85 54 un
489 1285 114 54 jour
560 1285 171 54 rappelés
688 1285 85 54 en
731 1285 157 54 France,
845 1285 85 54 et
887 1285 114 54 nous
959 1285 71 54 y
973 1285 128 54 trouve-

140 1315 93 61 rons
198 1315 266 61 indépendance
430 1315 70 61 et
465 1315 232 61 sécurité,
662 1315 93 61 sans
720 1315 162 61 lesquelles
847 1315 70 61 il
882 1315 70 61 ne
917 1315 93 61 peut
975 1315 58 61 y
998 1315 104 61 avoir
1056 1315 46 61 de

142 1363 119 53 vrais
221 1363 119 53 biens
301 1363 106 53 dans
367 1363 79 53 la
393 1363 146 53 vie...»*.

142 1391 104 56 20330
212 1391 104 56 FOULD
281 1391 162 56 (Achille),
409 1391 127 56 célèbre
502 1391 139 56 banquier
606 1391 70 56 et
641 1391 139 56 ministre
745 1391 81 56 des
791 1391 151 56 finances.
907 1391 104 56 L.
977 1391 70 56 a.
1000 1391 104 56 s.

129 1445 88 42 1
165 1445 105 42 p.
217 1445 158 42 in-8.
322 1445 88 42 1
340 1445 70 42 50

141 1460 108 60 20331
213 1460 132 60 FOURIER
309 1460 84 60 (le
357 1460 84 60 bon
404 1460 120 60 Jos.),
488 1460 144 60 illustre
596 1460 132 60 savant,
692 1460 120 60 membre
776 1460 72 60 de
812 1460 132 60 l’Acad.
907 1460 84 60 fr.
955 1460 108 60 L.
1015 1460 96 60 a

140 1501 187 56 s.
286 1501 133 56 Paris,
380 1501 80 56 18
420 1501 120 56 sept.
500 1501 120 56 1816,
580 1501 67 56 2
607 1501 80 56 p.
647 1501 147 56 in-fol.
753 1501 120 56 Belle
833 1501 133 56 pièce.
927 1501 67 56 6
940 1501 40 56 »

146 1539 109 55 20332
218 1539 133 55 FOURIER
315 1539 169 55 (Charles),
448 1539 72 55 le
484 1539 97 55 chef
544 1539 72 55 de
580 1539 133 55 l’Ecole
677 1539 241 55 phalanstérienne.
882 1539 109 55 L.
954 1539 72 55 a.
990 1539 121 55 s.
1063 1539 48 55 au

142 1573 91 52 baron
203 1573 61 52 de
233 1573 132 52 Férussac;
335 1573 102 52 Paris,
406 1573 61 52 21
437 1573 71 52 mai
477 1573 91 52 1829.
538 1573 61 52 20
569 1573 61 52 p.
599 1573 91 52 in-4.
660 1573 61 52 20
681 1573 30 52 »

171 1607 98 51 Document
244 1607 65 51 fort
285 1607 106 51 important
367 1607 65 51 pour
408 1607 114 51 l’histoire
497 1607 57 51 des
530 1607 73 51 idées
571 1607 155 51 phalanstériennes.

184 1641 43 51 —
202 1641 94 51 Fourier
270 1641 94 51 propose
338 1641 51 51 au
363 1641 77 51 baron
415 1641 51 51 de
440 1641 51 51 se
466 1641 85 51 mettre
525 1641 43 51 à
542 1641 51 51 la
568 1641 68 51 tête
611 1641 51 51 du
628 1641 119 51 phalanstère,

151 1677 50 50 et
176 1677 59 50 lui
209 1677 50 50 en
235 1677 101 50 explique
310 1677 59 50 les
344 1677 118 50 avantages.
436 1677 50 50 Il
461 1677 59 50 lui
495 1677 67 50 fait
537 1677 92 50 espérer
604 1677 143 50 l’approbation
713 1677 42 50 des

137 1698 192 60 souverains
288 1698 82 60 et
329 1698 82 60 le
370 1698 164 60 concours
494 1698 96 60 des
548 1698 164 60 savants,
672 1698 96 60 des
726 1698 233 60 littérateurs,
918 1698 96 60 des
959 1698 151 60 artistes,

151 1729 83 70 et
193 1729 152 70 s’élève
303 1729 111 70 avec
372 1729 124 70 force
455 1729 138 70 contre
552 1729 138 70 Robert
649 1729 124 70 Owen,
732 1729 97 70 qui
787 1729 138 70 prêche
884 1729 194 70 l’athéisme
1036 1729 83 70 et
1064 1729 55 70 la

151 1784 205 46 ommunauté
309 1784 111 46 des
357 1784 126 46 biens.

152 1778 126 89 20333
236 1778 168 89 FRANÇOIS
362 1778 112 89 Ier,
432 1778 98 89 roi
488 1778 84 89 de
530 1778 154 89 France.
642 1778 126 89 Pièce
726 1778 112 89 sig.
796 1778 98 89 sur
852 1778 140 89 vélin;
950 1778 168 89 Amboise,
1062 1778 56 89 27

146 1842 109 62 avril
218 1842 109 62 1518,
291 1842 60 62 1
315 1842 73 62 p.
351 1842 133 62 in-fol.
448 1842 133 62 oblong.
545 1842 60 62 5
557 1842 36 62 »

152 1861 136 74 20334
243 1861 182 74 FRANÇOIS
379 1861 91 74 DE
424 1861 242 74 NEUFCHATEAU,
621 1861 182 74 écrivain
758 1861 91 74 et
803 1861 212 74 diplomate,
970 1861 151 74 membre
1060 1861 61 74 de

153 1907 133 57 l’Acad.
250 1907 85 57 fr.
298 1907 133 57 Coup
394 1907 109 57 d’œil
467 1907 169 57 historique
600 1907 85 57 sur
648 1907 85 57 les
696 1907 157 57 résultats
817 1907 85 57 des
865 1907 169 57 principaux
986 1907 133 57 trai

149 1937 128 64 tes
239 1937 115 64 entre
315 1937 77 64 la
354 1937 128 64 France
443 1937 77 64 et
481 1937 204 64 l’Angleterre
647 1937 115 64 avant
724 1937 77 64 le
762 1937 128 64 traité
852 1937 166 64 d’Amiens,
979 1937 89 64 par
1018 1937 102 64 N.

147 1976 193 56 François
302 1976 77 56 de
340 1976 258 56 Neufchâteau
559 1976 142 56 article
662 1976 77 56 a.
701 1976 90 56 s.,
752 1976 103 56 avec
817 1976 142 56 ratures
920 1976 77 56 et
946 1976 180 56 corrections,

151 2021 64 53 14
183 2021 64 53 p.
216 2021 75 53 1/2
259 2021 97 53 in-4.
323 2021 54 53 5
334 2021 32 53 »

164 2046 52 74 20335
199 2046 126 74 FRÉDÉRIC-GUILLAUME
308 2046 46 74 Ier,
336 2046 40 74 roi
359 2046 34 74 de
376 2046 63 74 Prusse,
422 2046 34 74 le
440 2046 46 74 père
468 2046 34 74 du
485 2046 52 74 grand
514 2046 46 74 Frédé-

486 2073 70 69 ric.
530 2073 79 69 L.
582 2073 96 69 s.
652 2073 52 69 en
678 2073 113 69 français,
766 2073 52 69 au
792 2073 96 69 colonel
861 2073 148 69 Desvignolles,
984 2073 96 69 Berlin,
1053 2073 52 69 17
1071 2073 61 69 sept.

137 2118 106 68 1713,
208 2118 82 68 1/2
255 2118 71 68 p.
290 2118 106 68 in-4.
361 2118 106 68 Jolie
431 2118 129 68 lettre.
525 2118 59 68 4
537 2118 47 68 50
