1253 2078
565 8 86 61 —
599 8 86 61 6
616 8 52 61 —

142 62 322 70 constituante.
407 62 95 70 —
445 62 114 70 L.
502 62 151 70 aut.
596 62 95 70 à
634 62 114 70 un
691 62 151 70 ami;
786 62 227 70 Londres,
956 62 114 70 14
1013 62 151 70 oct.
1088 62 114 70 1784

144 118 92 46 4
180 118 110 46 p.
235 118 128 46 pl.
309 118 165 46 in-4.
419 118 184 46 Légère
547 118 220 46 écornure
713 118 220 46 enlevant
878 118 220 46 quelques
1024 118 184 46 lettres.

1071 160 168 50 50
1127 160 84 50 »

175 170 139 65 Lettre
273 170 98 65 des
328 170 112 65 plus
398 170 181 65 cnrieuses
538 170 98 65 où,
593 170 126 65 après
677 170 84 65 de
719 170 153 65 longues
830 170 251 65 considérations
1026 170 181 65 philosophi-

154 228 110 47 ques
223 228 83 47 et
264 228 96 47 des
319 228 151 47 détails
430 228 165 47 intimes,
553 228 83 47 il
595 228 124 47 donne
677 228 96 47 une
732 228 165 47 piquante
856 228 220 47 appréciation
1035 228 83 47 du
1063 228 151 47 caractère

150 264 171 40 anglais.
278 264 100 40 «On
335 264 86 40 se
378 264 143 40 trompe
478 264 171 40 beaucoup
606 264 100 40 sur
664 264 86 40 la
706 264 200 40 générosité
863 264 100 40 des
921 264 171 40 Anglois.
1035 264 171 40 Accoutumez

150 297 65 37 à
176 297 104 37 tout
241 297 170 37 calculer,
372 297 91 37 ils
424 297 170 37 calculent
555 297 117 37 aussi
633 297 91 37 les
685 297 131 37 talens
776 297 78 37 et
816 297 170 37 l’amitié.
946 297 78 37 La
985 297 144 37 plupart
1090 297 78 37 de
1116 297 91 37 leurs

146 336 139 32 grands
244 336 181 32 écrivains
383 336 111 32 sont
452 336 153 32 presque
564 336 70 32 à
592 336 84 32 la
633 336 139 32 lettre
731 336 125 32 morts
814 336 84 32 de
856 336 125 32 faim.
940 336 125 32 Jugez
1023 336 84 32 de
1051 336 153 32 quiconque

151 363 125 36 n’est
234 363 97 36 pas
290 363 83 36 de
331 363 111 36 leur
401 363 166 36 nation.»
526 363 83 36 Il
567 363 125 36 parle
650 363 153 36 ensuite
761 363 83 36 de
803 363 83 36 la
844 363 222 36 constitution
1025 363 180 36 anglaise,
1150 363 55 36 du

146 392 143 44 peuple
246 392 172 44 calomnié
375 392 100 44 ici
432 392 129 44 comme
518 392 172 44 partout,
647 392 115 44 puis
718 392 129 44 enfin
804 392 86 44 de
847 392 100 44 son
904 392 143 44 projet
1005 392 86 44 de
1048 392 172 44 répondre
1162 392 43 44 à

147 426 100 35 ses
204 426 157 35 ennemis
318 426 100 35 par
376 426 86 35 de
418 426 114 35 bons
490 426 86 35 et
533 426 172 35 d’utiles
662 426 172 35 ouvrages
790 426 157 35 portant
905 426 100 35 son
962 426 114 35 nom,
1033 426 114 35 «car
1105 426 100 35 dès
1148 426 57 35 le

145 455 165 57 premier
265 455 196 57 j’annonce
416 455 105 57 que
476 455 120 57 tout
551 455 90 57 ce
596 455 105 57 qui
656 455 90 57 ne
702 455 90 57 le
747 455 165 57 portera
867 455 105 57 pas
927 455 90 57 me
972 455 120 57 sera
1032 455 181 57 faussement

124 486 192 37 attribué.»

147 505 165 57 27594.
263 505 165 57 PETION
379 505 215 57 (Jérôme),
544 505 297 57 conventionnel,
792 505 149 57 maire
891 505 99 57 de
941 505 165 57 Paris,
1040 505 165 57 proscrit

540 550 64 68 avec
580 550 56 68 les
612 550 113 68 Girondins.
701 550 40 68 —
717 550 48 68 L.
741 550 56 68 s.;
774 550 73 68 1792,
822 550 40 68 1
838 550 48 68 p.
862 550 89 68 in-fol.
927 550 40 68 2
935 550 24 68 »

149 599 174 53 27595.
270 599 191 53 PRIEUR,
409 599 174 53 député
531 599 104 53 de
583 599 104 53 la
635 599 156 53 Marne
740 599 87 53 à
774 599 104 53 la
827 599 261 53 Convention,
1035 599 174 53 membre
1139 599 70 53 du

563 643 73 64 Comité
614 643 44 64 de
635 643 65 64 salut
679 643 80 64 public.
737 643 36 64 —
752 643 44 64 L.
774 643 44 64 a.
795 643 44 64 s.
817 643 36 64 à
832 643 51 64 Bo;
861 643 73 64 Brest,
912 643 44 64 22
926 643 73 64 messidor

151 686 87 58 an
194 686 101 58 II,
252 686 72 58 1
281 686 87 58 p.
324 686 173 58 in-fol.,
454 686 116 58 vig.
526 686 87 58 et
569 686 116 58 tête
642 686 130 58 impr.
728 686 72 58 5
743 686 43 58 »

178 702 84 70 Il
220 702 153 70 demande
331 702 84 70 où
373 702 84 70 en
415 702 98 70 est
471 702 84 70 la
512 702 139 70 guerre
610 702 84 70 de
652 702 84 70 la
694 702 153 70 Vendée,
805 702 111 70 «que
875 702 84 70 je
916 702 125 70 crois
1000 702 139 70 finie,
1084 702 125 70 dit

142 759 108 40 mais
210 759 95 40 sur
264 759 162 40 laquelle
386 759 81 40 on
427 759 108 40 fait
494 759 122 40 mille
562 759 135 40 contes.»

147 783 168 59 27596.
265 783 369 59 REVELLIÈRE-LEPEAUX
584 783 201 59 (L.-M.),
735 783 285 59 conventionnel
970 783 101 59 et
1004 783 201 59 directeur,

141 835 191 60 fondateur
288 835 88 60 de
333 835 88 60 la
377 835 132 60 secte
465 835 103 60 des
524 835 324 60 Théophilanthropes.
803 835 74 60 —
833 835 88 60 L.
877 835 88 60 a.
906 835 74 60 s.;

154 869 152 63 Paris,
260 869 91 63 28
306 869 121 63 juin
382 869 137 63 1809,
473 869 76 63 1
503 869 91 63 p.
548 869 106 63 1/2
609 869 137 63 in-4.
700 869 76 63 4
715 869 46 63 »

151 900 173 64 27597.
272 900 173 64 ROBERT
393 900 311 64 (P.-Fr.-Jos.),
652 900 242 64 secrétaire
842 900 104 64 de
894 900 190 64 Danton,
1032 900 173 64 député
1136 900 69 64 de

147 961 153 54 Paris
249 961 85 54 à
283 961 102 54 la
334 961 255 54 Convention.
538 961 85 54 —
572 961 102 54 L.
623 961 102 54 a.
674 961 119 54 s.;
741 961 170 54 Liège,
860 961 119 54 12,
928 961 204 54 prairial
1081 961 102 54 an
1115 961 85 54 III

149 1004 104 42 3/4
209 1004 90 42 de
254 1004 90 42 p.
298 1004 179 42 in-fol.,
433 1004 119 42 vig.
507 1004 90 42 et
552 1004 119 42 tête
627 1004 134 42 impr.
716 1004 134 42 Belle
806 1004 149 42 pièce.
910 1004 75 42 5
925 1004 45 42 »

147 1039 173 51 27598.
268 1039 243 51 SAINT-JUST
459 1039 243 51 (L.-Ant.),
649 1039 191 51 célèbre
788 1039 295 51 conventionnel
1031 1039 104 51 et
1065 1039 139 51 membre

138 1085 98 52 du
187 1085 164 52 Comité
301 1085 98 52 de
350 1085 147 52 salut
449 1085 180 52 public,
579 1085 196 52 décapité
727 1085 131 52 avec
808 1085 262 52 Robespierre.
1021 1085 82 52 —
1038 1085 65 52 P.

144 1125 115 68 s.;
209 1125 164 68 Paris,
324 1125 99 68 19
374 1125 132 68 déc.
456 1125 148 68 1792,
555 1125 82 68 1
588 1125 99 68 p.
637 1125 197 68 in-fol.,
785 1125 148 68 vig.,
883 1125 99 68 et
933 1125 132 68 tête
1015 1125 148 68 impr.
1097 1125 66 68 et

149 1166 119 61 cachet.
236 1166 65 61 12
258 1166 33 61 »

150 1192 154 63 27599.
257 1192 200 63 SANTERRE,
411 1192 169 63 général
535 1192 92 63 en
581 1192 123 63 chef
658 1192 92 63 de
704 1192 92 63 la
750 1192 139 63 garde
843 1192 200 63 nationale
981 1192 108 63 pari-

145 1254 178 47 sienne.
274 1254 81 47 —
307 1254 97 47 P.
355 1254 97 47 a.
404 1254 113 47 s.;
468 1254 97 47 16
517 1254 113 47 mai
582 1254 146 47 1789,
679 1254 113 47 1/2
743 1254 97 47 p.
792 1254 129 47 in-8
873 1254 178 47 oblong.
1002 1254 81 47 3
1018 1254 49 47 »

152 1298 161 51 27600.
265 1298 178 51 TALLIEN
394 1298 194 51 (J.-L.),
539 1298 291 51 conventionnel,
781 1298 113 51 qui
846 1298 194 51 renversa
975 1298 226 51 Robespierre.

196 1340 72 50 —
224 1340 86 50 L.
267 1340 101 50 s.;
325 1340 144 50 Paris,
425 1340 86 50 20
468 1340 115 50 août
540 1340 129 50 1792,
626 1340 101 50 3/4
684 1340 86 50 de
727 1340 86 50 p.
770 1340 172 50 in-fol.,
899 1340 115 50 vig.
971 1340 86 50 et
1000 1340 86 50 tête

143 1378 103 65 impr.
211 1378 57 65 3
223 1378 34 65 »

495 1489 206 68 GÉNÉRAUX

147 1556 166 64 27601.
264 1556 249 64 BARBANÈGRE,
463 1556 199 64 général,
612 1556 116 64 qui
678 1556 232 64 s’illustra
861 1556 116 64 par
927 1556 116 64 son
993 1556 199 64 héroïque
1126 1556 83 64 dé-

142 1616 177 47 fense
261 1616 276 47 d’Huningue
477 1616 118 47 en
537 1616 177 47 1815.
655 1616 99 47 —
694 1616 118 47 L.
754 1616 118 47 a.
813 1616 138 47 s.;
892 1616 197 47 Paris,
1030 1616 118 47 14
1069 1616 138 47 janv.

150 1655 110 54 1815,
223 1655 61 54 1
248 1655 73 54 p.
284 1655 86 54 3/4
333 1655 110 54 in-4.
406 1655 195 54 <i>Rare</i>.
565 1655 61 54 6
577 1655 37 54 »

182 1684 83 49 Il
224 1684 153 49 refuse,
335 1684 83 49 en
377 1684 83 49 se
418 1684 153 49 fondant
529 1684 97 49 sur
585 1684 83 49 sa
627 1684 167 49 mauvaise
752 1684 139 49 santé,
849 1684 97 49 les
904 1684 181 49 fonctions
1043 1684 181 49 d’adjoint
1168 1684 42 49 à

153 1725 210 52 l’inspection
323 1725 157 52 générale
441 1725 79 52 de
468 1725 157 52 cavalerie.

657 1750 90 74 27602.
720 1750 136 74 BEAUHARNAIS
829 1750 90 74 (Alex.
892 1750 72 74 de),
937 1750 99 74 général
1009 1750 54 74 en
1036 1750 81 74 chef,
1091 1750 99 74 premier
1154 1750 54 74 mari

155 1797 51 60 de
180 1797 144 60 l’impératrice
299 1797 119 60 Joséphine,
392 1797 102 60 décapité
469 1797 51 60 en
494 1797 76 60 1794.
545 1797 42 60 —
562 1797 51 60 P.
588 1797 51 60 a.
605 1797 42 60 s.;

151 1848 166 50 Strasbourg,
284 1848 67 50 19
317 1848 89 50 fév.
373 1848 100 50 1793,
439 1848 55 50 1
462 1848 67 50 p.
495 1848 122 50 in-fol.
584 1848 67 50 10
606 1848 33 50 »

645 1878 73 53 Demande
699 1878 107 53 d’avancement
785 1878 40 53 en
805 1878 67 53 faveur
852 1878 47 53 des
879 1878 93 53 capitaines
952 1878 67 53 Mallet
999 1878 40 53 et
1019 1878 87 53 Boursier.
1086 1878 33 53 —
1092 1878 27 53 La

149 1920 120 40 pièce
229 1920 94 40 est
282 1920 187 40 apostillée
430 1920 94 40 par
483 1920 94 40 les
537 1920 227 40 représentants
724 1920 120 40 Blaux
804 1920 80 40 et
844 1920 107 40 Séb.
911 1920 80 40 de
951 1920 80 40 La
978 1920 107 40 Porte.

6 1940 175 68 27603.
128 1940 192 68 BEAUPUY
268 1940 227 68 (Michel),
443 1940 210 68 général,
600 1940 122 68 qui
670 1940 245 68 s’illustra
863 1940 105 68 en
915 1940 192 68 Vendée,
1038 1940 87 68 tué
