1282 2081
593 4 54 60 —
615 4 54 60 4
626 4 33 60 —

526 62 111 74 27571.
604 62 111 74 COLLOT
681 62 155 74 D’HERBOIS,
803 62 111 74 fameux
881 62 200 74 conventionnel.
1047 62 55 74 —
1069 62 67 74 L.
1102 62 78 74 s.,
1136 62 67 74 sig.

149 134 140 50 aussi
243 134 109 50 par
305 134 171 50 Jean
429 134 109 50 Bon
492 134 295 50 Saint-André
740 134 93 50 et
787 134 202 50 Prieur
943 134 93 50 de
989 134 93 50 la
1020 134 187 50 Marne;

151 162 121 61 1793,
231 162 94 61 1/2
285 162 81 61 p.
326 162 148 61 in-fol.
433 162 67 61 4
447 162 40 61 »

622 195 86 67 27572.
683 195 86 67 COMITÉ
743 195 52 67 DE
769 195 78 67 SALUT
821 195 95 67 PUBLIC.
890 195 43 67 —
908 195 52 67 P.
933 195 52 67 s.
959 195 60 67 par
994 195 112 67 Collot
1072 195 138 67 d’Herbois

154 253 209 47 Barère,
318 253 89 47 R.
363 253 164 47 Lindet,
482 253 194 47 Carnot
631 253 89 47 et
676 253 402 47 Billaud-Varenne;
1033 253 89 47 an
1078 253 104 47 II,
1138 253 75 47 1
1152 253 60 47 p.

154 290 127 57 in-4,
239 290 113 57 vig.
309 290 85 57 et
351 290 113 57 tête
422 290 127 57 impr.
507 290 71 57 6
521 290 42 57 »

166 318 71 70 27573.
215 318 71 70 COMITÉ
265 318 42 70 DE
286 318 64 70 SALUT
329 318 78 70 PUBLIC.
385 318 35 70 —
399 318 42 70 L.
421 318 42 70 s.
442 318 50 70 par
470 318 99 70 Carnot,
548 318 71 70 Merlin
590 318 50 70 de

155 377 226 44 Douai,
329 377 209 44 Richard,
486 377 261 44 Cambacérès,
695 377 192 44 Delmas,
834 377 383 44 Guyton-Morveau
1147 377 70 44 et

149 410 251 52 Pelet;
356 410 74 52 2
385 410 177 52 frimaire
518 410 88 52 an
562 410 118 52 III,
636 410 74 52 1
665 410 88 52 p.
710 410 177 52 in-fol.,
842 410 118 52 tête
916 410 147 52 impr.,
1019 410 118 52 vig.
1093 410 88 52 de
1123 410 88 52 Que-

156 460 112 52 verdo.
234 460 56 52 6
245 460 34 52 »

149 489 184 61 27574.
277 489 202 61 COUTHON
424 489 165 61 (G.),
535 489 313 61 conventionnel
792 489 110 61 et
847 489 184 61 membre
976 489 110 61 du
1031 489 184 61 Comité
1141 489 74 61 de

141 536 158 60 salut
247 536 194 60 public,
388 536 211 60 décapité
546 536 141 60 avec
634 536 282 60 Robespierre.
863 536 88 60 —
898 536 106 60 L.
951 536 123 60 s.,
1021 536 141 60 sig.
1092 536 123 60 aussi

157 590 96 45 par
212 590 261 45 Thuriot;
432 590 137 45 Paris,
528 590 96 45 1er
583 590 110 45 août
651 590 123 45 1793,
733 590 96 45 1/2
788 590 82 45 p.
829 590 151 45 in-fol.
939 590 69 45 4
953 590 41 45 »

156 620 169 66 27575.
274 620 152 66 DEBRY
375 620 185 66 (Jean),
510 620 303 66 conventionnel,
763 620 320 66 plénipotentaire
1033 620 84 66 à
1049 620 169 66 Rastadt.

200 669 93 65 —
238 669 111 65 L.
293 669 111 65 a.
349 669 111 65 s.
404 669 93 65 à
441 669 130 65 Ch.
515 669 204 65 Nodier;
663 669 167 65 Mons,
775 669 111 65 18
830 669 130 65 mai
904 669 167 65 1828,
1015 669 93 65 3
1052 669 111 65 p.
1089 669 130 65 in

1086 709 161 46 15
1140 709 80 46 »

189 744 143 51 Lettre
289 744 114 51 fort
360 744 185 51 curieuse.
502 744 86 51 Il
545 744 171 51 remercie
673 744 143 51 Nodier
773 744 86 51 de
816 744 100 51 ses
873 744 185 51 démarches
1015 744 114 51 peur
1087 744 86 51 le
1115 744 100 51 faire

158 781 150 47 rentrer
268 781 82 47 en
308 781 150 47 France.
418 781 82 47 Il
459 781 82 47 ne
500 781 109 47 veut
568 781 96 47 pas
622 781 82 47 en
663 781 164 47 profiter
786 781 82 47 et
827 781 96 47 lui
882 781 136 47 expose
977 781 96 47 ses
1032 781 164 47 raisons.
1155 781 82 47 Il
1182 781 41 47 a

158 809 92 45 été
211 809 145 45 surpris
316 809 92 45 des
369 809 224 45 inconcevables
553 809 171 45 omissions
685 809 79 45 de
725 809 79 45 M.
764 809 132 45 Thiers
857 809 106 45 dans
923 809 92 45 son
975 809 198 45 Histoire
1121 809 106 45 de

156 853 120 32 la
236 853 253 32 Révolution
449 853 133 32 «Elles
543 853 120 32 m’ont
623 853 160 32 d’autant
743 853 107 32 plus
809 853 120 32 peiné
889 853 93 32 que
943 853 80 32 je
983 853 160 32 professe
1103 853 107 32 pour
1156 853 67 32 son

155 883 107 43 beau
221 883 133 43 talent
314 883 80 43 et
354 883 93 43 son
408 883 213 43 impartialité
581 883 160 43 l’estime
701 883 80 43 la
741 883 107 43 plus
807 883 173 43 entière.»
940 883 213 43 Intéressants
1100 883 120 43 détails

162 915 70 43 à
190 915 83 43 ce
218 915 97 43 sujet

158 933 171 61 27576.
278 933 222 61 DELACROIX
449 933 222 61 (J.-Fr.),
620 933 171 61 député
739 933 308 61 d’Eure-et-Loir
996 933 85 61 à
1030 933 103 61 la
1064 933 154 61 Conven-

150 986 166 57 tion,
260 986 221 57 décapité
426 986 148 57 avec
518 986 203 57 Danton.
666 986 92 57 —
703 986 111 57 L.
758 986 129 57 s.;
832 986 166 57 1792,
942 986 129 57 1/2
1016 986 111 57 p.
1053 986 166 57 in

1102 1029 153 39 3
1133 1029 92 39 »

159 1063 133 59 27577.
252 1063 133 59 DUMONT
345 1063 160 59 (André),
465 1063 226 59 conventionnel
651 1063 146 59 fameux.
757 1063 66 59 —
784 1063 80 59 L.
824 1063 80 59 a.
864 1063 80 59 s.
890 1063 40 59 à

153 1104 217 59 Asselin,
315 1104 325 59 administrateur
586 1104 108 59 du
640 1104 199 59 départ.
785 1104 108 59 du
839 1104 325 59 Pas-de-Calais;
1092 1104 126 59 Beau-

155 1157 140 52 vais,
248 1157 93 52 11
294 1157 186 52 pluviôse
434 1157 93 52 an
480 1157 109 52 II,
542 1157 78 52 1
573 1157 93 52 p.
620 1157 140 52 in-4,
713 1157 124 52 tête
790 1157 140 52 impr.
883 1157 78 52 5
899 1157 47 52 »

187 1196 86 52 Il
230 1196 144 52 marque
330 1196 129 52 qu’il
416 1196 172 52 renverra
546 1196 72 52 à
575 1196 144 52 Joseph
675 1196 129 52 Lebon
761 1196 101 52 les
819 1196 158 52 détenus
934 1196 158 52 Merlin,
1049 1196 172 52 Courtois
1164 1196 57 52 et

140 1223 138 52 autres.

165 1245 168 67 27578.
283 1245 218 67 DUMOURIEZ
451 1245 235 67 (Ch.-Fr.),
635 1245 185 67 célèbre
770 1245 185 67 général
904 1245 101 67 en
954 1245 134 67 chef
1038 1245 118 67 des
1089 1245 134 67 armées

530 1311 67 57 de
563 1311 67 57 la
596 1311 166 57 République.
730 1311 55 57 —
752 1311 67 57 L.
785 1311 67 57 a.
818 1311 67 57 s.
852 1311 55 57 à
874 1311 122 57 Dillon;
963 1311 67 57 30
996 1311 111 57 juill.
1074 1311 100 57 1792,
1140 1311 78 57 1/2
1174 1311 44 57 p.

162 1351 95 50 in-4.
226 1351 53 50 6
236 1351 32 50 »

195 1364 86 63 Il
238 1364 100 63 lui
295 1364 200 63 recommande
452 1364 86 63 le
495 1364 143 63 dragon
595 1364 143 63 Bardon
695 1364 100 63 qui
752 1364 86 63 se
795 1364 114 63 fait
866 1364 114 63 fort
937 1364 171 63 d’amener
1066 1364 100 63 une
1109 1364 114 63 compa-

160 1417 109 56 gnie
228 1417 150 56 franche
337 1417 122 56 toute
419 1417 136 56 formée
514 1417 82 56 et
555 1417 136 56 armée,
650 1417 82 56 si
691 1417 82 56 on
731 1417 95 56 lui
786 1417 136 56 permet
881 1417 150 56 d’aller
990 1417 150 56 jusqu’à
1085 1417 136 56 Vendôme,

169 1456 81 46 sa
196 1456 122 46 patrie.

165 1479 181 68 27579.
292 1479 235 68 EPRÉMÉNIL
472 1479 127 68 (J.
545 1479 163 68 DUVAL
653 1479 145 68 d’),
744 1479 253 68 conseiller
943 1479 109 68 au
997 1479 235 68 parlement
1160 1479 72 68 de

167 1528 190 64 Paris,
300 1528 228 64 décapité
470 1528 114 64 en
527 1528 171 64 1794.
641 1528 95 64 —
679 1528 114 64 L.
736 1528 114 64 a.
793 1528 114 64 s.
850 1528 95 64 à
888 1528 114 64 M.
945 1528 114 64 de
1001 1528 228 64 Quétany;
1153 1528 76 64 16

168 1568 120 70 nov.
243 1568 135 70 1776,
333 1568 105 70 3/4
393 1568 90 70 de
437 1568 90 70 p.
482 1568 135 70 in-4.
572 1568 75 70 3
587 1568 45 70 »

172 1607 170 72 27580.
291 1607 170 72 FOUCHÉ
409 1607 220 72 (Joseph),
579 1607 119 72 duc
647 1607 237 72 d’Otrante,
833 1607 322 72 conventionnel,;
1087 1607 136 72 fameux

171 1667 110 53 par
234 1667 94 53 sa
281 1667 172 53 mission
406 1667 78 53 à
438 1667 141 53 Lyon,
532 1667 125 53 puis
610 1667 188 53 ministre
751 1667 94 53 de
798 1667 94 53 la
845 1667 172 53 police.
970 1667 78 53 —
986 1667 94 53 Reçu

166 1703 112 51 de
222 1703 93 51 3
260 1703 149 51 lig.
353 1703 149 51 aut.
446 1703 168 51 sig.,
558 1703 112 51 17
613 1703 224 51 frimaire
781 1703 112 51 an
837 1703 149 51 VII,
930 1703 130 51 1/4
1005 1703 112 51 de
1060 1703 112 51 p.
1098 1703 130 51 in

1104 1736 167 56 5
1137 1736 100 56 »

178 1770 127 78 27581.
267 1770 127 78 FRÉRON
356 1770 202 78 (Stanislas),
520 1770 127 78 fameux
609 1770 228 78 conventionnel.
798 1770 63 78 —
824 1770 76 78 L.
862 1770 76 78 a.
900 1770 76 78 s.
925 1770 38 78 à

170 1836 153 52 Botot;
277 1836 76 52 2
307 1836 168 52 floréal
429 1836 92 52 an
475 1836 107 52 VI,
536 1836 76 52 2
567 1836 92 52 p.
612 1836 137 52 in-8.
704 1836 76 52 4
719 1836 46 52 »

172 1869 177 62 27582.
296 1869 301 62 GIROT-POUZOL,
544 1869 177 62 député
668 1869 106 62 du
721 1869 265 62 Puy-de-Dôme
933 1869 88 62 à
969 1869 106 62 la
1004 1869 230 62 Convention.

175 1923 91 45 —
211 1923 110 45 L.
266 1923 110 45 a.
321 1923 110 45 s.
376 1923 91 45 à
412 1923 219 45 Dulaure;
577 1923 91 45 2
613 1923 219 45 germinal
778 1923 110 45 an
833 1923 128 45 IV,
906 1923 91 45 1
943 1923 110 45 p.
997 1923 128 45 1/2
1070 1923 165 45 in-4.
1162 1923 73 45 La

170 1955 152 59 moitié
276 1955 91 59 du
322 1955 183 59 feuillet
459 1955 137 59 blanc
551 1955 91 59 de
597 1955 198 59 l’adresse
749 1955 76 59 a
780 1955 107 59 été
841 1955 183 59 enlevée.
978 1955 76 59 4
993 1955 61 59 50
