1290 1990
-26 5 694 143 LETTRES
416 5 820 143 AUTOGRAPHES

159 154 196 111 ET
257 154 425 111 DOCUMENTS
584 154 491 111 HISTORIQUES
944 154 131 111 25

78 289 250 90 MAISON
253 289 250 90 FONDÉE
427 289 150 90 EN
502 289 200 90 1830
627 289 175 90 PAR
727 289 150 90 J.
802 289 299 90 CHARAVAY
1001 289 150 90 AINÉ

455 367 89 67 «
491 367 107 67 et
544 367 196 67 dirigée
669 367 89 67 par

234 408 304 100 ÉTIENNE
455 408 332 100 CHARAVAY
704 408 221 100 FILS
842 408 166 100 ET
897 408 111 100 Se

183 504 518 71 ARCHIVISTE-PALÉOGRAPHE,
644 504 192 71 EXPERT
778 504 115 71 EN
816 504 250 71 AUTOGRAPHES

326 592 122 68 A
374 592 219 68 Paris
520 592 170 68 rue
618 592 146 68 de
691 592 219 68 Seine
813 592 97 68 54

290 671 216 79 ci-devant
456 671 116 79 rue
523 671 116 79 des
589 671 332 79 Grands-Augustins
871 671 100 79 26
904 671 50 79 M

855 736 181 94 F.
915 736 242 94 NAYLOR

89 731 422 87 CORRESPONDANT
437 731 273 87 SPÉCIAL
636 731 124 87 A
660 731 224 87 LONDRES

389 817 91 95 4,
434 817 166 95 Millman
555 817 166 95 street,
676 817 166 95 Bedford
782 817 76 95 Row

103 899 133 55 ACHAT
192 899 89 55 DE
237 899 222 55 COLLECTIONS
415 899 252 55 D’AUTOGRAPHES
622 899 89 55 AU
667 899 193 55 COMPTANT;
815 899 193 55 ÉCHANGES;
948 899 193 55 COMMISSIONS

143 950 150 38 VENTES
248 950 195 38 PUBLIQUES
398 950 90 38 ET
443 950 75 38 A
473 950 210 38 L’AMIABLE;
639 950 195 38 RÉDACTION
789 950 90 38 DE
834 950 225 38 CATALOGUES;
999 950 120 38 COPIES

200 982 210 42 CERTIFIÉES
365 982 90 42 DE
410 982 180 42 CHARTES,
545 982 195 42 DOCUMENTS
694 982 90 42 ET
739 982 240 42 AUTOGRAPHES;
919 982 135 42 VÉRIFI-

278 1022 148 39 CATION
382 1022 89 39 DE
426 1022 148 39 PIÈCES
530 1022 89 39 ET
574 1022 222 39 CERTIFICATS
737 1022 251 39 D’AUTHENTICITÉ;

330 1067 230 45 PUBLICATION
513 1067 92 45 DE
559 1067 199 45 L’AMATEUR
697 1067 230 45 D’AUTOGRAPHES

444 1091 86 49 ET
487 1091 86 49 DU
530 1091 201 49 SUPPLÉMENT
688 1091 72 49 A
702 1091 115 49 L’ISO-

480 1127 173 42 GRAPHIE
606 1127 110 42 DES
653 1127 126 42 HOMMES

888 1149 269 53 Juillet
1059 1149 147 53 1876

34 1144 308 66 Numéro
219 1144 154 66 188

538 1166 176 49 CÉLÈBRES

18 1280 297 89 SAVANTS
234 1280 162 89 ET
315 1280 324 89 MÉDECINS
558 1280 135 89 —
612 1280 378 89 RÉVOLUTION
908 1280 351 89 FRANÇAISE
1151 1280 81 89 —

66 1343 346 63 GÉNÉRAUX—
332 1343 346 63 MARÉCHAUX
598 1343 160 63 DE
678 1343 293 63 FRANCE—
865 1343 372 63 LITTÉRATEURS

66 1412 130 60 —
118 1412 259 60 HOMMES
299 1412 363 60 POLITIQUES
585 1412 130 60 —
637 1412 363 60 ANGLETERRE
922 1412 156 60 ET
974 1412 259 60 AMÉRIQUE

77 1460 134 86 —
104 1460 267 86 PEINTRES

339 1464 131 88 —
391 1464 313 88 ARTISTES
626 1464 392 88 DRAMATIQUES
940 1464 131 88 —
966 1464 261 88 COMPOSI-

75 1536 229 61 TEURS
227 1536 153 61 DE
278 1536 255 61 MUSIQUE.

429 1565 218 117 SAVANTS
588 1565 119 117 ET
628 1565 198 117 MÉDECINS

29 1671 166 81 27542.
146 1671 166 81 ASTRUC
262 1671 182 81 (Jean),
394 1671 100 81 un
444 1671 116 81 des
511 1671 133 81 plus
593 1671 199 81 célèbres
743 1671 199 81 médecins
892 1671 100 81 du
925 1671 133 81 XVIIIe

343 1720 116 59 siècle.
428 1720 53 59 —
449 1720 63 59 L.
481 1720 63 59 a.
512 1720 74 59 s.,
555 1720 53 59 1
576 1720 63 59 p.
607 1720 74 59 1/2
649 1720 95 59 in-4.
713 1720 53 59 6
723 1720 32 59 »

196 1769 257 40 Recommandation
410 1769 86 40 en
453 1769 143 40 faveur
553 1769 86 40 de
595 1769 186 40 Dezallier
724 1769 214 40 d’Argenville.

174 1799 123 48 27543.
260 1799 160 48 BERTHELOT
383 1799 111 48 (M.),
456 1799 135 48 célèbre
555 1799 160 48 chimiste,
678 1799 74 48 de
715 1799 135 48 l’Acad.
813 1799 86 48 des
850 1799 135 48 sciences.

171 1844 83 56 L.
213 1844 83 56 a.
254 1844 97 56 s.,
309 1844 69 56 1
337 1844 83 56 p.
379 1844 125 56 in-8.
462 1844 69 56 2
476 1844 42 56 »

170 1882 128 75 27544.
260 1882 166 75 BERZELIUS
388 1882 154 75 (J.-J.),
503 1882 77 75 le
541 1882 115 75 grand
618 1882 154 75 chimiste
733 1882 154 75 suédois.
848 1882 64 75 —
874 1882 77 75 L.
912 1882 77 75 a.
938 1882 51 75 s.
