<?xml version='1.0' encoding='UTF8'?>
<alto xmlns:xsi="http://www.w3.org/2001/XMLSchema-instance" xmlns="http://www.loc.gov/standards/alto/ns-v2#" xmlns:page="http://schema.primaresearch.org/PAGE/gts/pagecontent/2013-07-15" xsi:schemaLocation="http://www.loc.gov/standards/alto/ns-v2# http://www.loc.gov/standards/alto/alto.xsd">
  <Description>
    <MeasurementUnit>pixel</MeasurementUnit>
    <sourceImageInformation>
         <fileName>1876_07_LAC_N188_0006.xml</fileName>
      </sourceImageInformation>
    <OCRProcessing ID="IdOcr">
      <ocrProcessingStep>
        <processingDateTime>2020-11-06T13:48:05.347+01:00</processingDateTime>
        <processingSoftware>
               <softwareCreator>CONTRIBUTORS</softwareCreator>
               <softwareName>pdfalto</softwareName>
               <softwareVersion>0.1</softwareVersion>
            </processingSoftware>
      </ocrProcessingStep>
    </OCRProcessing>
  </Description>
  <Styles>
     <TextStyle ID="FONT0" FONTSTYLE=""/>
     <TextStyle ID="FONT1" FONTSTYLE="bold"/>
     <TextStyle ID="FONT2" FONTSTYLE="italics"/>
</Styles>
  <Tags/>
  <Layout>
    <Page ID="Page1" PHYSICAL_IMG_NR="1" HEIGHT="2078" WIDTH="1253">
      <PrintSpace HEIGHT="2078" WIDTH="1253" VPOS="0" HPOS="0">
        <TextBlock ID="r1" HEIGHT="1983" WIDTH="1179" VPOS="19" HPOS="28">
          <TextLine ID="r1l1" BASELINE="69" HEIGHT="61" WIDTH="86" VPOS="8" HPOS="582">
            <String HEIGHT="61" WIDTH="86" VPOS="8" HPOS="565" CONTENT="—" ID="r1l1_1" STYLEREFS="FONT0"/>
            <SP HEIGHT="61" WIDTH="17" VPOS="8" HPOS="651"/>
            <String HEIGHT="61" WIDTH="86" VPOS="8" HPOS="599" CONTENT="6" ID="r1l1_2" STYLEREFS="FONT0"/>
            <SP HEIGHT="61" WIDTH="17" VPOS="8" HPOS="685"/>
            <String HEIGHT="61" WIDTH="52" VPOS="8" HPOS="616" CONTENT="—" ID="r1l1_3" STYLEREFS="FONT0"/>
          </TextLine>
          <TextLine ID="r1l2" BASELINE="132" HEIGHT="70" WIDTH="1041" VPOS="62" HPOS="161">
            <String HEIGHT="70" WIDTH="322" VPOS="62" HPOS="142" CONTENT="constituante." ID="r1l2_1" STYLEREFS="FONT0"/>
            <SP HEIGHT="70" WIDTH="19" VPOS="62" HPOS="464"/>
            <String HEIGHT="70" WIDTH="95" VPOS="62" HPOS="407" CONTENT="—" ID="r1l2_2" STYLEREFS="FONT0"/>
            <SP HEIGHT="70" WIDTH="19" VPOS="62" HPOS="502"/>
            <String HEIGHT="70" WIDTH="114" VPOS="62" HPOS="445" CONTENT="L." ID="r1l2_3" STYLEREFS="FONT0"/>
            <SP HEIGHT="70" WIDTH="19" VPOS="62" HPOS="558"/>
            <String HEIGHT="70" WIDTH="151" VPOS="62" HPOS="502" CONTENT="aut." ID="r1l2_4" STYLEREFS="FONT0"/>
            <SP HEIGHT="70" WIDTH="19" VPOS="62" HPOS="653"/>
            <String HEIGHT="70" WIDTH="95" VPOS="62" HPOS="596" CONTENT="à" ID="r1l2_5" STYLEREFS="FONT0"/>
            <SP HEIGHT="70" WIDTH="19" VPOS="62" HPOS="691"/>
            <String HEIGHT="70" WIDTH="114" VPOS="62" HPOS="634" CONTENT="un" ID="r1l2_6" STYLEREFS="FONT0"/>
            <SP HEIGHT="70" WIDTH="19" VPOS="62" HPOS="748"/>
            <String HEIGHT="70" WIDTH="151" VPOS="62" HPOS="691" CONTENT="ami;" ID="r1l2_7" STYLEREFS="FONT0"/>
            <SP HEIGHT="70" WIDTH="19" VPOS="62" HPOS="842"/>
            <String HEIGHT="70" WIDTH="227" VPOS="62" HPOS="786" CONTENT="Londres," ID="r1l2_8" STYLEREFS="FONT0"/>
            <SP HEIGHT="70" WIDTH="19" VPOS="62" HPOS="1013"/>
            <String HEIGHT="70" WIDTH="114" VPOS="62" HPOS="956" CONTENT="14" ID="r1l2_9" STYLEREFS="FONT0"/>
            <SP HEIGHT="70" WIDTH="19" VPOS="62" HPOS="1070"/>
            <String HEIGHT="70" WIDTH="151" VPOS="62" HPOS="1013" CONTENT="oct." ID="r1l2_10" STYLEREFS="FONT0"/>
            <SP HEIGHT="70" WIDTH="19" VPOS="62" HPOS="1164"/>
            <String HEIGHT="70" WIDTH="114" VPOS="62" HPOS="1088" CONTENT="1784" ID="r1l2_11" STYLEREFS="FONT0"/>
          </TextLine>
          <TextLine ID="r1l3" BASELINE="164" HEIGHT="46" WIDTH="1046" VPOS="118" HPOS="162">
            <String HEIGHT="46" WIDTH="92" VPOS="118" HPOS="144" CONTENT="4" ID="r1l3_1" STYLEREFS="FONT0"/>
            <SP HEIGHT="46" WIDTH="18" VPOS="118" HPOS="235"/>
            <String HEIGHT="46" WIDTH="110" VPOS="118" HPOS="180" CONTENT="p." ID="r1l3_2" STYLEREFS="FONT0"/>
            <SP HEIGHT="46" WIDTH="18" VPOS="118" HPOS="290"/>
            <String HEIGHT="46" WIDTH="128" VPOS="118" HPOS="235" CONTENT="pl." ID="r1l3_3" STYLEREFS="FONT0"/>
            <SP HEIGHT="46" WIDTH="18" VPOS="118" HPOS="364"/>
            <String HEIGHT="46" WIDTH="165" VPOS="118" HPOS="309" CONTENT="in-4." ID="r1l3_4" STYLEREFS="FONT0"/>
            <SP HEIGHT="46" WIDTH="18" VPOS="118" HPOS="474"/>
            <String HEIGHT="46" WIDTH="184" VPOS="118" HPOS="419" CONTENT="Légère" ID="r1l3_5" STYLEREFS="FONT0"/>
            <SP HEIGHT="46" WIDTH="18" VPOS="118" HPOS="602"/>
            <String HEIGHT="46" WIDTH="220" VPOS="118" HPOS="547" CONTENT="écornure" ID="r1l3_6" STYLEREFS="FONT0"/>
            <SP HEIGHT="46" WIDTH="18" VPOS="118" HPOS="768"/>
            <String HEIGHT="46" WIDTH="220" VPOS="118" HPOS="713" CONTENT="enlevant" ID="r1l3_7" STYLEREFS="FONT0"/>
            <SP HEIGHT="46" WIDTH="18" VPOS="118" HPOS="933"/>
            <String HEIGHT="46" WIDTH="220" VPOS="118" HPOS="878" CONTENT="quelques" ID="r1l3_8" STYLEREFS="FONT0"/>
            <SP HEIGHT="46" WIDTH="18" VPOS="118" HPOS="1098"/>
            <String HEIGHT="46" WIDTH="184" VPOS="118" HPOS="1024" CONTENT="lettres." ID="r1l3_9" STYLEREFS="FONT0"/>
          </TextLine>
          <TextLine ID="r1l4" BASELINE="210" HEIGHT="50" WIDTH="112" VPOS="160" HPOS="1099">
            <String HEIGHT="50" WIDTH="168" VPOS="160" HPOS="1071" CONTENT="50" ID="r1l4_1" STYLEREFS="FONT0"/>
            <SP HEIGHT="50" WIDTH="28" VPOS="160" HPOS="1239"/>
            <String HEIGHT="50" WIDTH="84" VPOS="160" HPOS="1127" CONTENT="»" ID="r1l4_2" STYLEREFS="FONT0"/>
          </TextLine>
          <TextLine ID="r1l5" BASELINE="235" HEIGHT="65" WIDTH="1018" VPOS="170" HPOS="189">
            <String HEIGHT="65" WIDTH="139" VPOS="170" HPOS="175" CONTENT="Lettre" ID="r1l5_1" STYLEREFS="FONT0"/>
            <SP HEIGHT="65" WIDTH="14" VPOS="170" HPOS="315"/>
            <String HEIGHT="65" WIDTH="98" VPOS="170" HPOS="273" CONTENT="des" ID="r1l5_2" STYLEREFS="FONT0"/>
            <SP HEIGHT="65" WIDTH="14" VPOS="170" HPOS="370"/>
            <String HEIGHT="65" WIDTH="112" VPOS="170" HPOS="328" CONTENT="plus" ID="r1l5_3" STYLEREFS="FONT0"/>
            <SP HEIGHT="65" WIDTH="14" VPOS="170" HPOS="440"/>
            <String HEIGHT="65" WIDTH="181" VPOS="170" HPOS="398" CONTENT="cnrieuses" ID="r1l5_4" STYLEREFS="FONT0"/>
            <SP HEIGHT="65" WIDTH="14" VPOS="170" HPOS="579"/>
            <String HEIGHT="65" WIDTH="98" VPOS="170" HPOS="538" CONTENT="où," ID="r1l5_5" STYLEREFS="FONT0"/>
            <SP HEIGHT="65" WIDTH="14" VPOS="170" HPOS="635"/>
            <String HEIGHT="65" WIDTH="126" VPOS="170" HPOS="593" CONTENT="après" ID="r1l5_6" STYLEREFS="FONT0"/>
            <SP HEIGHT="65" WIDTH="14" VPOS="170" HPOS="719"/>
            <String HEIGHT="65" WIDTH="84" VPOS="170" HPOS="677" CONTENT="de" ID="r1l5_7" STYLEREFS="FONT0"/>
            <SP HEIGHT="65" WIDTH="14" VPOS="170" HPOS="761"/>
            <String HEIGHT="65" WIDTH="153" VPOS="170" HPOS="719" CONTENT="longues" ID="r1l5_8" STYLEREFS="FONT0"/>
            <SP HEIGHT="65" WIDTH="14" VPOS="170" HPOS="872"/>
            <String HEIGHT="65" WIDTH="251" VPOS="170" HPOS="830" CONTENT="considérations" ID="r1l5_9" STYLEREFS="FONT0"/>
            <SP HEIGHT="65" WIDTH="14" VPOS="170" HPOS="1081"/>
            <String HEIGHT="65" WIDTH="181" VPOS="170" HPOS="1026" CONTENT="philosophi" SUBS_TYPE="HypPart1" SUBS_CONTENT="philosophiques" ID="r1l5_10" STYLEREFS="FONT0"/>
            <HYP CONTENT="-"/>
          </TextLine>
          <TextLine ID="r1l6" BASELINE="275" HEIGHT="47" WIDTH="1046" VPOS="228" HPOS="168">
            <String HEIGHT="47" WIDTH="110" VPOS="228" HPOS="154" CONTENT="ques" SUBS_TYPE="HypPart2" SUBS_CONTENT="philosophiques" ID="r1l6_1" STYLEREFS="FONT0"/>
            <SP HEIGHT="47" WIDTH="14" VPOS="228" HPOS="264"/>
            <String HEIGHT="47" WIDTH="83" VPOS="228" HPOS="223" CONTENT="et" ID="r1l6_2" STYLEREFS="FONT0"/>
            <SP HEIGHT="47" WIDTH="14" VPOS="228" HPOS="306"/>
            <String HEIGHT="47" WIDTH="96" VPOS="228" HPOS="264" CONTENT="des" ID="r1l6_3" STYLEREFS="FONT0"/>
            <SP HEIGHT="47" WIDTH="14" VPOS="228" HPOS="361"/>
            <String HEIGHT="47" WIDTH="151" VPOS="228" HPOS="319" CONTENT="détails" ID="r1l6_4" STYLEREFS="FONT0"/>
            <SP HEIGHT="47" WIDTH="14" VPOS="228" HPOS="471"/>
            <String HEIGHT="47" WIDTH="165" VPOS="228" HPOS="430" CONTENT="intimes," ID="r1l6_5" STYLEREFS="FONT0"/>
            <SP HEIGHT="47" WIDTH="14" VPOS="228" HPOS="595"/>
            <String HEIGHT="47" WIDTH="83" VPOS="228" HPOS="553" CONTENT="il" ID="r1l6_6" STYLEREFS="FONT0"/>
            <SP HEIGHT="47" WIDTH="14" VPOS="228" HPOS="636"/>
            <String HEIGHT="47" WIDTH="124" VPOS="228" HPOS="595" CONTENT="donne" ID="r1l6_7" STYLEREFS="FONT0"/>
            <SP HEIGHT="47" WIDTH="14" VPOS="228" HPOS="719"/>
            <String HEIGHT="47" WIDTH="96" VPOS="228" HPOS="677" CONTENT="une" ID="r1l6_8" STYLEREFS="FONT0"/>
            <SP HEIGHT="47" WIDTH="14" VPOS="228" HPOS="774"/>
            <String HEIGHT="47" WIDTH="165" VPOS="228" HPOS="732" CONTENT="piquante" ID="r1l6_9" STYLEREFS="FONT0"/>
            <SP HEIGHT="47" WIDTH="14" VPOS="228" HPOS="897"/>
            <String HEIGHT="47" WIDTH="220" VPOS="228" HPOS="856" CONTENT="appréciation" ID="r1l6_10" STYLEREFS="FONT0"/>
            <SP HEIGHT="47" WIDTH="14" VPOS="228" HPOS="1076"/>
            <String HEIGHT="47" WIDTH="83" VPOS="228" HPOS="1035" CONTENT="du" ID="r1l6_11" STYLEREFS="FONT0"/>
            <SP HEIGHT="47" WIDTH="14" VPOS="228" HPOS="1118"/>
            <String HEIGHT="47" WIDTH="151" VPOS="228" HPOS="1063" CONTENT="caractère" ID="r1l6_12" STYLEREFS="FONT0"/>
          </TextLine>
          <TextLine ID="r1l7" BASELINE="304" HEIGHT="40" WIDTH="1042" VPOS="264" HPOS="164">
            <String HEIGHT="40" WIDTH="171" VPOS="264" HPOS="150" CONTENT="anglais." ID="r1l7_1" STYLEREFS="FONT0"/>
            <SP HEIGHT="40" WIDTH="14" VPOS="264" HPOS="321"/>
            <String HEIGHT="40" WIDTH="100" VPOS="264" HPOS="278" CONTENT="«On" ID="r1l7_2" STYLEREFS="FONT0"/>
            <SP HEIGHT="40" WIDTH="14" VPOS="264" HPOS="378"/>
            <String HEIGHT="40" WIDTH="86" VPOS="264" HPOS="335" CONTENT="se" ID="r1l7_3" STYLEREFS="FONT0"/>
            <SP HEIGHT="40" WIDTH="14" VPOS="264" HPOS="421"/>
            <String HEIGHT="40" WIDTH="143" VPOS="264" HPOS="378" CONTENT="trompe" ID="r1l7_4" STYLEREFS="FONT0"/>
            <SP HEIGHT="40" WIDTH="14" VPOS="264" HPOS="521"/>
            <String HEIGHT="40" WIDTH="171" VPOS="264" HPOS="478" CONTENT="beaucoup" ID="r1l7_5" STYLEREFS="FONT0"/>
            <SP HEIGHT="40" WIDTH="14" VPOS="264" HPOS="649"/>
            <String HEIGHT="40" WIDTH="100" VPOS="264" HPOS="606" CONTENT="sur" ID="r1l7_6" STYLEREFS="FONT0"/>
            <SP HEIGHT="40" WIDTH="14" VPOS="264" HPOS="706"/>
            <String HEIGHT="40" WIDTH="86" VPOS="264" HPOS="664" CONTENT="la" ID="r1l7_7" STYLEREFS="FONT0"/>
            <SP HEIGHT="40" WIDTH="14" VPOS="264" HPOS="749"/>
            <String HEIGHT="40" WIDTH="200" VPOS="264" HPOS="706" CONTENT="générosité" ID="r1l7_8" STYLEREFS="FONT0"/>
            <SP HEIGHT="40" WIDTH="14" VPOS="264" HPOS="906"/>
            <String HEIGHT="40" WIDTH="100" VPOS="264" HPOS="863" CONTENT="des" ID="r1l7_9" STYLEREFS="FONT0"/>
            <SP HEIGHT="40" WIDTH="14" VPOS="264" HPOS="963"/>
            <String HEIGHT="40" WIDTH="171" VPOS="264" HPOS="921" CONTENT="Anglois." ID="r1l7_10" STYLEREFS="FONT0"/>
            <SP HEIGHT="40" WIDTH="14" VPOS="264" HPOS="1092"/>
            <String HEIGHT="40" WIDTH="171" VPOS="264" HPOS="1035" CONTENT="Accoutumez" ID="r1l7_11" STYLEREFS="FONT0"/>
          </TextLine>
          <TextLine ID="r1l8" BASELINE="334" HEIGHT="37" WIDTH="1044" VPOS="297" HPOS="163">
            <String HEIGHT="37" WIDTH="65" VPOS="297" HPOS="150" CONTENT="à" ID="r1l8_1" STYLEREFS="FONT0"/>
            <SP HEIGHT="37" WIDTH="13" VPOS="297" HPOS="215"/>
            <String HEIGHT="37" WIDTH="104" VPOS="297" HPOS="176" CONTENT="tout" ID="r1l8_2" STYLEREFS="FONT0"/>
            <SP HEIGHT="37" WIDTH="13" VPOS="297" HPOS="280"/>
            <String HEIGHT="37" WIDTH="170" VPOS="297" HPOS="241" CONTENT="calculer," ID="r1l8_3" STYLEREFS="FONT0"/>
            <SP HEIGHT="37" WIDTH="13" VPOS="297" HPOS="411"/>
            <String HEIGHT="37" WIDTH="91" VPOS="297" HPOS="372" CONTENT="ils" ID="r1l8_4" STYLEREFS="FONT0"/>
            <SP HEIGHT="37" WIDTH="13" VPOS="297" HPOS="463"/>
            <String HEIGHT="37" WIDTH="170" VPOS="297" HPOS="424" CONTENT="calculent" ID="r1l8_5" STYLEREFS="FONT0"/>
            <SP HEIGHT="37" WIDTH="13" VPOS="297" HPOS="594"/>
            <String HEIGHT="37" WIDTH="117" VPOS="297" HPOS="555" CONTENT="aussi" ID="r1l8_6" STYLEREFS="FONT0"/>
            <SP HEIGHT="37" WIDTH="13" VPOS="297" HPOS="672"/>
            <String HEIGHT="37" WIDTH="91" VPOS="297" HPOS="633" CONTENT="les" ID="r1l8_7" STYLEREFS="FONT0"/>
            <SP HEIGHT="37" WIDTH="13" VPOS="297" HPOS="724"/>
            <String HEIGHT="37" WIDTH="131" VPOS="297" HPOS="685" CONTENT="talens" ID="r1l8_8" STYLEREFS="FONT0"/>
            <SP HEIGHT="37" WIDTH="13" VPOS="297" HPOS="816"/>
            <String HEIGHT="37" WIDTH="78" VPOS="297" HPOS="776" CONTENT="et" ID="r1l8_9" STYLEREFS="FONT0"/>
            <SP HEIGHT="37" WIDTH="13" VPOS="297" HPOS="855"/>
            <String HEIGHT="37" WIDTH="170" VPOS="297" HPOS="816" CONTENT="l’amitié." ID="r1l8_10" STYLEREFS="FONT0"/>
            <SP HEIGHT="37" WIDTH="13" VPOS="297" HPOS="985"/>
            <String HEIGHT="37" WIDTH="78" VPOS="297" HPOS="946" CONTENT="La" ID="r1l8_11" STYLEREFS="FONT0"/>
            <SP HEIGHT="37" WIDTH="13" VPOS="297" HPOS="1024"/>
            <String HEIGHT="37" WIDTH="144" VPOS="297" HPOS="985" CONTENT="plupart" ID="r1l8_12" STYLEREFS="FONT0"/>
            <SP HEIGHT="37" WIDTH="13" VPOS="297" HPOS="1129"/>
            <String HEIGHT="37" WIDTH="78" VPOS="297" HPOS="1090" CONTENT="de" ID="r1l8_13" STYLEREFS="FONT0"/>
            <SP HEIGHT="37" WIDTH="13" VPOS="297" HPOS="1168"/>
            <String HEIGHT="37" WIDTH="91" VPOS="297" HPOS="1116" CONTENT="leurs" ID="r1l8_14" STYLEREFS="FONT0"/>
          </TextLine>
          <TextLine ID="r1l9" BASELINE="368" HEIGHT="32" WIDTH="1044" VPOS="336" HPOS="160">
            <String HEIGHT="32" WIDTH="139" VPOS="336" HPOS="146" CONTENT="grands" ID="r1l9_1" STYLEREFS="FONT0"/>
            <SP HEIGHT="32" WIDTH="14" VPOS="336" HPOS="285"/>
            <String HEIGHT="32" WIDTH="181" VPOS="336" HPOS="244" CONTENT="écrivains" ID="r1l9_2" STYLEREFS="FONT0"/>
            <SP HEIGHT="32" WIDTH="14" VPOS="336" HPOS="424"/>
            <String HEIGHT="32" WIDTH="111" VPOS="336" HPOS="383" CONTENT="sont" ID="r1l9_3" STYLEREFS="FONT0"/>
            <SP HEIGHT="32" WIDTH="14" VPOS="336" HPOS="494"/>
            <String HEIGHT="32" WIDTH="153" VPOS="336" HPOS="452" CONTENT="presque" ID="r1l9_4" STYLEREFS="FONT0"/>
            <SP HEIGHT="32" WIDTH="14" VPOS="336" HPOS="605"/>
            <String HEIGHT="32" WIDTH="70" VPOS="336" HPOS="564" CONTENT="à" ID="r1l9_5" STYLEREFS="FONT0"/>
            <SP HEIGHT="32" WIDTH="14" VPOS="336" HPOS="633"/>
            <String HEIGHT="32" WIDTH="84" VPOS="336" HPOS="592" CONTENT="la" ID="r1l9_6" STYLEREFS="FONT0"/>
            <SP HEIGHT="32" WIDTH="14" VPOS="336" HPOS="675"/>
            <String HEIGHT="32" WIDTH="139" VPOS="336" HPOS="633" CONTENT="lettre" ID="r1l9_7" STYLEREFS="FONT0"/>
            <SP HEIGHT="32" WIDTH="14" VPOS="336" HPOS="772"/>
            <String HEIGHT="32" WIDTH="125" VPOS="336" HPOS="731" CONTENT="morts" ID="r1l9_8" STYLEREFS="FONT0"/>
            <SP HEIGHT="32" WIDTH="14" VPOS="336" HPOS="856"/>
            <String HEIGHT="32" WIDTH="84" VPOS="336" HPOS="814" CONTENT="de" ID="r1l9_9" STYLEREFS="FONT0"/>
            <SP HEIGHT="32" WIDTH="14" VPOS="336" HPOS="898"/>
            <String HEIGHT="32" WIDTH="125" VPOS="336" HPOS="856" CONTENT="faim." ID="r1l9_10" STYLEREFS="FONT0"/>
            <SP HEIGHT="32" WIDTH="14" VPOS="336" HPOS="981"/>
            <String HEIGHT="32" WIDTH="125" VPOS="336" HPOS="940" CONTENT="Jugez" ID="r1l9_11" STYLEREFS="FONT0"/>
            <SP HEIGHT="32" WIDTH="14" VPOS="336" HPOS="1065"/>
            <String HEIGHT="32" WIDTH="84" VPOS="336" HPOS="1023" CONTENT="de" ID="r1l9_12" STYLEREFS="FONT0"/>
            <SP HEIGHT="32" WIDTH="14" VPOS="336" HPOS="1107"/>
            <String HEIGHT="32" WIDTH="153" VPOS="336" HPOS="1051" CONTENT="quiconque" ID="r1l9_13" STYLEREFS="FONT0"/>
          </TextLine>
          <TextLine ID="r1l10" BASELINE="399" HEIGHT="36" WIDTH="1040" VPOS="363" HPOS="165">
            <String HEIGHT="36" WIDTH="125" VPOS="363" HPOS="151" CONTENT="n’est" ID="r1l10_1" STYLEREFS="FONT0"/>
            <SP HEIGHT="36" WIDTH="14" VPOS="363" HPOS="276"/>
            <String HEIGHT="36" WIDTH="97" VPOS="363" HPOS="234" CONTENT="pas" ID="r1l10_2" STYLEREFS="FONT0"/>
            <SP HEIGHT="36" WIDTH="14" VPOS="363" HPOS="331"/>
            <String HEIGHT="36" WIDTH="83" VPOS="363" HPOS="290" CONTENT="de" ID="r1l10_3" STYLEREFS="FONT0"/>
            <SP HEIGHT="36" WIDTH="14" VPOS="363" HPOS="373"/>
            <String HEIGHT="36" WIDTH="111" VPOS="363" HPOS="331" CONTENT="leur" ID="r1l10_4" STYLEREFS="FONT0"/>
            <SP HEIGHT="36" WIDTH="14" VPOS="363" HPOS="442"/>
            <String HEIGHT="36" WIDTH="166" VPOS="363" HPOS="401" CONTENT="nation.»" ID="r1l10_5" STYLEREFS="FONT0"/>
            <SP HEIGHT="36" WIDTH="14" VPOS="363" HPOS="567"/>
            <String HEIGHT="36" WIDTH="83" VPOS="363" HPOS="526" CONTENT="Il" ID="r1l10_6" STYLEREFS="FONT0"/>
            <SP HEIGHT="36" WIDTH="14" VPOS="363" HPOS="609"/>
            <String HEIGHT="36" WIDTH="125" VPOS="363" HPOS="567" CONTENT="parle" ID="r1l10_7" STYLEREFS="FONT0"/>
            <SP HEIGHT="36" WIDTH="14" VPOS="363" HPOS="692"/>
            <String HEIGHT="36" WIDTH="153" VPOS="363" HPOS="650" CONTENT="ensuite" ID="r1l10_8" STYLEREFS="FONT0"/>
            <SP HEIGHT="36" WIDTH="14" VPOS="363" HPOS="803"/>
            <String HEIGHT="36" WIDTH="83" VPOS="363" HPOS="761" CONTENT="de" ID="r1l10_9" STYLEREFS="FONT0"/>
            <SP HEIGHT="36" WIDTH="14" VPOS="363" HPOS="844"/>
            <String HEIGHT="36" WIDTH="83" VPOS="363" HPOS="803" CONTENT="la" ID="r1l10_10" STYLEREFS="FONT0"/>
            <SP HEIGHT="36" WIDTH="14" VPOS="363" HPOS="886"/>
            <String HEIGHT="36" WIDTH="222" VPOS="363" HPOS="844" CONTENT="constitution" ID="r1l10_11" STYLEREFS="FONT0"/>
            <SP HEIGHT="36" WIDTH="14" VPOS="363" HPOS="1066"/>
            <String HEIGHT="36" WIDTH="180" VPOS="363" HPOS="1025" CONTENT="anglaise," ID="r1l10_12" STYLEREFS="FONT0"/>
            <SP HEIGHT="36" WIDTH="14" VPOS="363" HPOS="1205"/>
            <String HEIGHT="36" WIDTH="55" VPOS="363" HPOS="1150" CONTENT="du" ID="r1l10_13" STYLEREFS="FONT0"/>
          </TextLine>
          <TextLine ID="r1l11" BASELINE="436" HEIGHT="44" WIDTH="1045" VPOS="392" HPOS="160">
            <String HEIGHT="44" WIDTH="143" VPOS="392" HPOS="146" CONTENT="peuple" ID="r1l11_1" STYLEREFS="FONT0"/>
            <SP HEIGHT="44" WIDTH="14" VPOS="392" HPOS="289"/>
            <String HEIGHT="44" WIDTH="172" VPOS="392" HPOS="246" CONTENT="calomnié" ID="r1l11_2" STYLEREFS="FONT0"/>
            <SP HEIGHT="44" WIDTH="14" VPOS="392" HPOS="418"/>
            <String HEIGHT="44" WIDTH="100" VPOS="392" HPOS="375" CONTENT="ici" ID="r1l11_3" STYLEREFS="FONT0"/>
            <SP HEIGHT="44" WIDTH="14" VPOS="392" HPOS="475"/>
            <String HEIGHT="44" WIDTH="129" VPOS="392" HPOS="432" CONTENT="comme" ID="r1l11_4" STYLEREFS="FONT0"/>
            <SP HEIGHT="44" WIDTH="14" VPOS="392" HPOS="561"/>
            <String HEIGHT="44" WIDTH="172" VPOS="392" HPOS="518" CONTENT="partout," ID="r1l11_5" STYLEREFS="FONT0"/>
            <SP HEIGHT="44" WIDTH="14" VPOS="392" HPOS="690"/>
            <String HEIGHT="44" WIDTH="115" VPOS="392" HPOS="647" CONTENT="puis" ID="r1l11_6" STYLEREFS="FONT0"/>
            <SP HEIGHT="44" WIDTH="14" VPOS="392" HPOS="761"/>
            <String HEIGHT="44" WIDTH="129" VPOS="392" HPOS="718" CONTENT="enfin" ID="r1l11_7" STYLEREFS="FONT0"/>
            <SP HEIGHT="44" WIDTH="14" VPOS="392" HPOS="847"/>
            <String HEIGHT="44" WIDTH="86" VPOS="392" HPOS="804" CONTENT="de" ID="r1l11_8" STYLEREFS="FONT0"/>
            <SP HEIGHT="44" WIDTH="14" VPOS="392" HPOS="890"/>
            <String HEIGHT="44" WIDTH="100" VPOS="392" HPOS="847" CONTENT="son" ID="r1l11_9" STYLEREFS="FONT0"/>
            <SP HEIGHT="44" WIDTH="14" VPOS="392" HPOS="947"/>
            <String HEIGHT="44" WIDTH="143" VPOS="392" HPOS="904" CONTENT="projet" ID="r1l11_10" STYLEREFS="FONT0"/>
            <SP HEIGHT="44" WIDTH="14" VPOS="392" HPOS="1048"/>
            <String HEIGHT="44" WIDTH="86" VPOS="392" HPOS="1005" CONTENT="de" ID="r1l11_11" STYLEREFS="FONT0"/>
            <SP HEIGHT="44" WIDTH="14" VPOS="392" HPOS="1090"/>
            <String HEIGHT="44" WIDTH="172" VPOS="392" HPOS="1048" CONTENT="répondre" ID="r1l11_12" STYLEREFS="FONT0"/>
            <SP HEIGHT="44" WIDTH="14" VPOS="392" HPOS="1219"/>
            <String HEIGHT="44" WIDTH="43" VPOS="392" HPOS="1162" CONTENT="à" ID="r1l11_13" STYLEREFS="FONT0"/>
          </TextLine>
          <TextLine ID="r1l12" BASELINE="461" HEIGHT="35" WIDTH="1044" VPOS="426" HPOS="161">
            <String HEIGHT="35" WIDTH="100" VPOS="426" HPOS="147" CONTENT="ses" ID="r1l12_1" STYLEREFS="FONT0"/>
            <SP HEIGHT="35" WIDTH="14" VPOS="426" HPOS="247"/>
            <String HEIGHT="35" WIDTH="157" VPOS="426" HPOS="204" CONTENT="ennemis" ID="r1l12_2" STYLEREFS="FONT0"/>
            <SP HEIGHT="35" WIDTH="14" VPOS="426" HPOS="361"/>
            <String HEIGHT="35" WIDTH="100" VPOS="426" HPOS="318" CONTENT="par" ID="r1l12_3" STYLEREFS="FONT0"/>
            <SP HEIGHT="35" WIDTH="14" VPOS="426" HPOS="418"/>
            <String HEIGHT="35" WIDTH="86" VPOS="426" HPOS="376" CONTENT="de" ID="r1l12_4" STYLEREFS="FONT0"/>
            <SP HEIGHT="35" WIDTH="14" VPOS="426" HPOS="461"/>
            <String HEIGHT="35" WIDTH="114" VPOS="426" HPOS="418" CONTENT="bons" ID="r1l12_5" STYLEREFS="FONT0"/>
            <SP HEIGHT="35" WIDTH="14" VPOS="426" HPOS="533"/>
            <String HEIGHT="35" WIDTH="86" VPOS="426" HPOS="490" CONTENT="et" ID="r1l12_6" STYLEREFS="FONT0"/>
            <SP HEIGHT="35" WIDTH="14" VPOS="426" HPOS="576"/>
            <String HEIGHT="35" WIDTH="172" VPOS="426" HPOS="533" CONTENT="d’utiles" ID="r1l12_7" STYLEREFS="FONT0"/>
            <SP HEIGHT="35" WIDTH="14" VPOS="426" HPOS="704"/>
            <String HEIGHT="35" WIDTH="172" VPOS="426" HPOS="662" CONTENT="ouvrages" ID="r1l12_8" STYLEREFS="FONT0"/>
            <SP HEIGHT="35" WIDTH="14" VPOS="426" HPOS="833"/>
            <String HEIGHT="35" WIDTH="157" VPOS="426" HPOS="790" CONTENT="portant" ID="r1l12_9" STYLEREFS="FONT0"/>
            <SP HEIGHT="35" WIDTH="14" VPOS="426" HPOS="948"/>
            <String HEIGHT="35" WIDTH="100" VPOS="426" HPOS="905" CONTENT="son" ID="r1l12_10" STYLEREFS="FONT0"/>
            <SP HEIGHT="35" WIDTH="14" VPOS="426" HPOS="1005"/>
            <String HEIGHT="35" WIDTH="114" VPOS="426" HPOS="962" CONTENT="nom," ID="r1l12_11" STYLEREFS="FONT0"/>
            <SP HEIGHT="35" WIDTH="14" VPOS="426" HPOS="1076"/>
            <String HEIGHT="35" WIDTH="114" VPOS="426" HPOS="1033" CONTENT="«car" ID="r1l12_12" STYLEREFS="FONT0"/>
            <SP HEIGHT="35" WIDTH="14" VPOS="426" HPOS="1148"/>
            <String HEIGHT="35" WIDTH="100" VPOS="426" HPOS="1105" CONTENT="dès" ID="r1l12_13" STYLEREFS="FONT0"/>
            <SP HEIGHT="35" WIDTH="14" VPOS="426" HPOS="1205"/>
            <String HEIGHT="35" WIDTH="57" VPOS="426" HPOS="1148" CONTENT="le" ID="r1l12_14" STYLEREFS="FONT0"/>
          </TextLine>
          <TextLine ID="r1l13" BASELINE="512" HEIGHT="57" WIDTH="1053" VPOS="455" HPOS="160">
            <String HEIGHT="57" WIDTH="165" VPOS="455" HPOS="145" CONTENT="premier" ID="r1l13_1" STYLEREFS="FONT0"/>
            <SP HEIGHT="57" WIDTH="15" VPOS="455" HPOS="310"/>
            <String HEIGHT="57" WIDTH="196" VPOS="455" HPOS="265" CONTENT="j’annonce" ID="r1l13_2" STYLEREFS="FONT0"/>
            <SP HEIGHT="57" WIDTH="15" VPOS="455" HPOS="461"/>
            <String HEIGHT="57" WIDTH="105" VPOS="455" HPOS="416" CONTENT="que" ID="r1l13_3" STYLEREFS="FONT0"/>
            <SP HEIGHT="57" WIDTH="15" VPOS="455" HPOS="521"/>
            <String HEIGHT="57" WIDTH="120" VPOS="455" HPOS="476" CONTENT="tout" ID="r1l13_4" STYLEREFS="FONT0"/>
            <SP HEIGHT="57" WIDTH="15" VPOS="455" HPOS="596"/>
            <String HEIGHT="57" WIDTH="90" VPOS="455" HPOS="551" CONTENT="ce" ID="r1l13_5" STYLEREFS="FONT0"/>
            <SP HEIGHT="57" WIDTH="15" VPOS="455" HPOS="641"/>
            <String HEIGHT="57" WIDTH="105" VPOS="455" HPOS="596" CONTENT="qui" ID="r1l13_6" STYLEREFS="FONT0"/>
            <SP HEIGHT="57" WIDTH="15" VPOS="455" HPOS="702"/>
            <String HEIGHT="57" WIDTH="90" VPOS="455" HPOS="656" CONTENT="ne" ID="r1l13_7" STYLEREFS="FONT0"/>
            <SP HEIGHT="57" WIDTH="15" VPOS="455" HPOS="747"/>
            <String HEIGHT="57" WIDTH="90" VPOS="455" HPOS="702" CONTENT="le" ID="r1l13_8" STYLEREFS="FONT0"/>
            <SP HEIGHT="57" WIDTH="15" VPOS="455" HPOS="792"/>
            <String HEIGHT="57" WIDTH="165" VPOS="455" HPOS="747" CONTENT="portera" ID="r1l13_9" STYLEREFS="FONT0"/>
            <SP HEIGHT="57" WIDTH="15" VPOS="455" HPOS="912"/>
            <String HEIGHT="57" WIDTH="105" VPOS="455" HPOS="867" CONTENT="pas" ID="r1l13_10" STYLEREFS="FONT0"/>
            <SP HEIGHT="57" WIDTH="15" VPOS="455" HPOS="972"/>
            <String HEIGHT="57" WIDTH="90" VPOS="455" HPOS="927" CONTENT="me" ID="r1l13_11" STYLEREFS="FONT0"/>
            <SP HEIGHT="57" WIDTH="15" VPOS="455" HPOS="1017"/>
            <String HEIGHT="57" WIDTH="120" VPOS="455" HPOS="972" CONTENT="sera" ID="r1l13_12" STYLEREFS="FONT0"/>
            <SP HEIGHT="57" WIDTH="15" VPOS="455" HPOS="1093"/>
            <String HEIGHT="57" WIDTH="181" VPOS="455" HPOS="1032" CONTENT="faussement" ID="r1l13_13" STYLEREFS="FONT0"/>
          </TextLine>
          <TextLine ID="r1l14" BASELINE="523" HEIGHT="37" WIDTH="160" VPOS="486" HPOS="156">
            <String HEIGHT="37" WIDTH="192" VPOS="486" HPOS="124" CONTENT="attribué.»" ID="r1l14_1" STYLEREFS="FONT0"/>
          </TextLine>
          <TextLine ID="r1l15" BASELINE="562" HEIGHT="57" WIDTH="1041" VPOS="505" HPOS="164">
            <String HEIGHT="57" WIDTH="165" VPOS="505" HPOS="147" CONTENT="27594." ID="r1l15_1" STYLEREFS="FONT0"/>
            <SP HEIGHT="57" WIDTH="17" VPOS="505" HPOS="313"/>
            <String HEIGHT="57" WIDTH="165" VPOS="505" HPOS="263" CONTENT="PETION" ID="r1l15_2" STYLEREFS="FONT0"/>
            <SP HEIGHT="57" WIDTH="17" VPOS="505" HPOS="428"/>
            <String HEIGHT="57" WIDTH="215" VPOS="505" HPOS="379" CONTENT="(Jérôme)," ID="r1l15_3" STYLEREFS="FONT0"/>
            <SP HEIGHT="57" WIDTH="17" VPOS="505" HPOS="594"/>
            <String HEIGHT="57" WIDTH="297" VPOS="505" HPOS="544" CONTENT="conventionnel," ID="r1l15_4" STYLEREFS="FONT0"/>
            <SP HEIGHT="57" WIDTH="17" VPOS="505" HPOS="841"/>
            <String HEIGHT="57" WIDTH="149" VPOS="505" HPOS="792" CONTENT="maire" ID="r1l15_5" STYLEREFS="FONT0"/>
            <SP HEIGHT="57" WIDTH="17" VPOS="505" HPOS="941"/>
            <String HEIGHT="57" WIDTH="99" VPOS="505" HPOS="891" CONTENT="de" ID="r1l15_6" STYLEREFS="FONT0"/>
            <SP HEIGHT="57" WIDTH="17" VPOS="505" HPOS="990"/>
            <String HEIGHT="57" WIDTH="165" VPOS="505" HPOS="941" CONTENT="Paris," ID="r1l15_7" STYLEREFS="FONT0"/>
            <SP HEIGHT="57" WIDTH="17" VPOS="505" HPOS="1106"/>
            <String HEIGHT="57" WIDTH="165" VPOS="505" HPOS="1040" CONTENT="proscrit" ID="r1l15_8" STYLEREFS="FONT0"/>
          </TextLine>
          <TextLine ID="r1l19" BASELINE="618" HEIGHT="68" WIDTH="411" VPOS="550" HPOS="548">
            <String HEIGHT="68" WIDTH="64" VPOS="550" HPOS="540" CONTENT="avec" ID="r1l19_1" STYLEREFS="FONT0"/>
            <SP HEIGHT="68" WIDTH="8" VPOS="550" HPOS="604"/>
            <String HEIGHT="68" WIDTH="56" VPOS="550" HPOS="580" CONTENT="les" ID="r1l19_2" STYLEREFS="FONT0"/>
            <SP HEIGHT="68" WIDTH="8" VPOS="550" HPOS="637"/>
            <String HEIGHT="68" WIDTH="113" VPOS="550" HPOS="612" CONTENT="Girondins." ID="r1l19_3" STYLEREFS="FONT0"/>
            <SP HEIGHT="68" WIDTH="8" VPOS="550" HPOS="725"/>
            <String HEIGHT="68" WIDTH="40" VPOS="550" HPOS="701" CONTENT="—" ID="r1l19_4" STYLEREFS="FONT0"/>
            <SP HEIGHT="68" WIDTH="8" VPOS="550" HPOS="741"/>
            <String HEIGHT="68" WIDTH="48" VPOS="550" HPOS="717" CONTENT="L." ID="r1l19_5" STYLEREFS="FONT0"/>
            <SP HEIGHT="68" WIDTH="8" VPOS="550" HPOS="766"/>
            <String HEIGHT="68" WIDTH="56" VPOS="550" HPOS="741" CONTENT="s.;" ID="r1l19_6" STYLEREFS="FONT0"/>
            <SP HEIGHT="68" WIDTH="8" VPOS="550" HPOS="798"/>
            <String HEIGHT="68" WIDTH="73" VPOS="550" HPOS="774" CONTENT="1792," ID="r1l19_7" STYLEREFS="FONT0"/>
            <SP HEIGHT="68" WIDTH="8" VPOS="550" HPOS="846"/>
            <String HEIGHT="68" WIDTH="40" VPOS="550" HPOS="822" CONTENT="1" ID="r1l19_8" STYLEREFS="FONT0"/>
            <SP HEIGHT="68" WIDTH="8" VPOS="550" HPOS="862"/>
            <String HEIGHT="68" WIDTH="48" VPOS="550" HPOS="838" CONTENT="p." ID="r1l19_9" STYLEREFS="FONT0"/>
            <SP HEIGHT="68" WIDTH="8" VPOS="550" HPOS="886"/>
            <String HEIGHT="68" WIDTH="89" VPOS="550" HPOS="862" CONTENT="in-fol." ID="r1l19_10" STYLEREFS="FONT0"/>
            <SP HEIGHT="68" WIDTH="8" VPOS="550" HPOS="951"/>
            <String HEIGHT="68" WIDTH="40" VPOS="550" HPOS="927" CONTENT="2" ID="r1l19_11" STYLEREFS="FONT0"/>
            <SP HEIGHT="68" WIDTH="8" VPOS="550" HPOS="967"/>
            <String HEIGHT="68" WIDTH="24" VPOS="550" HPOS="935" CONTENT="»" ID="r1l19_12" STYLEREFS="FONT0"/>
          </TextLine>
          <TextLine ID="r1l20" BASELINE="652" HEIGHT="53" WIDTH="1043" VPOS="599" HPOS="166">
            <String HEIGHT="53" WIDTH="174" VPOS="599" HPOS="149" CONTENT="27595." ID="r1l20_1" STYLEREFS="FONT0"/>
            <SP HEIGHT="53" WIDTH="17" VPOS="599" HPOS="322"/>
            <String HEIGHT="53" WIDTH="191" VPOS="599" HPOS="270" CONTENT="PRIEUR," ID="r1l20_2" STYLEREFS="FONT0"/>
            <SP HEIGHT="53" WIDTH="17" VPOS="599" HPOS="462"/>
            <String HEIGHT="53" WIDTH="174" VPOS="599" HPOS="409" CONTENT="député" ID="r1l20_3" STYLEREFS="FONT0"/>
            <SP HEIGHT="53" WIDTH="17" VPOS="599" HPOS="583"/>
            <String HEIGHT="53" WIDTH="104" VPOS="599" HPOS="531" CONTENT="de" ID="r1l20_4" STYLEREFS="FONT0"/>
            <SP HEIGHT="53" WIDTH="17" VPOS="599" HPOS="635"/>
            <String HEIGHT="53" WIDTH="104" VPOS="599" HPOS="583" CONTENT="la" ID="r1l20_5" STYLEREFS="FONT0"/>
            <SP HEIGHT="53" WIDTH="17" VPOS="599" HPOS="688"/>
            <String HEIGHT="53" WIDTH="156" VPOS="599" HPOS="635" CONTENT="Marne" ID="r1l20_6" STYLEREFS="FONT0"/>
            <SP HEIGHT="53" WIDTH="17" VPOS="599" HPOS="792"/>
            <String HEIGHT="53" WIDTH="87" VPOS="599" HPOS="740" CONTENT="à" ID="r1l20_7" STYLEREFS="FONT0"/>
            <SP HEIGHT="53" WIDTH="17" VPOS="599" HPOS="827"/>
            <String HEIGHT="53" WIDTH="104" VPOS="599" HPOS="774" CONTENT="la" ID="r1l20_8" STYLEREFS="FONT0"/>
            <SP HEIGHT="53" WIDTH="17" VPOS="599" HPOS="879"/>
            <String HEIGHT="53" WIDTH="261" VPOS="599" HPOS="827" CONTENT="Convention," ID="r1l20_9" STYLEREFS="FONT0"/>
            <SP HEIGHT="53" WIDTH="17" VPOS="599" HPOS="1087"/>
            <String HEIGHT="53" WIDTH="174" VPOS="599" HPOS="1035" CONTENT="membre" ID="r1l20_10" STYLEREFS="FONT0"/>
            <SP HEIGHT="53" WIDTH="17" VPOS="599" HPOS="1209"/>
            <String HEIGHT="53" WIDTH="70" VPOS="599" HPOS="1139" CONTENT="du" ID="r1l20_11" STYLEREFS="FONT0"/>
          </TextLine>
          <TextLine ID="r1l24" BASELINE="707" HEIGHT="64" WIDTH="429" VPOS="643" HPOS="570">
            <String HEIGHT="64" WIDTH="73" VPOS="643" HPOS="563" CONTENT="Comité" ID="r1l24_1" STYLEREFS="FONT0"/>
            <SP HEIGHT="64" WIDTH="7" VPOS="643" HPOS="635"/>
            <String HEIGHT="64" WIDTH="44" VPOS="643" HPOS="614" CONTENT="de" ID="r1l24_2" STYLEREFS="FONT0"/>
            <SP HEIGHT="64" WIDTH="7" VPOS="643" HPOS="657"/>
            <String HEIGHT="64" WIDTH="65" VPOS="643" HPOS="635" CONTENT="salut" ID="r1l24_3" STYLEREFS="FONT0"/>
            <SP HEIGHT="64" WIDTH="7" VPOS="643" HPOS="701"/>
            <String HEIGHT="64" WIDTH="80" VPOS="643" HPOS="679" CONTENT="public." ID="r1l24_4" STYLEREFS="FONT0"/>
            <SP HEIGHT="64" WIDTH="7" VPOS="643" HPOS="759"/>
            <String HEIGHT="64" WIDTH="36" VPOS="643" HPOS="737" CONTENT="—" ID="r1l24_5" STYLEREFS="FONT0"/>
            <SP HEIGHT="64" WIDTH="7" VPOS="643" HPOS="774"/>
            <String HEIGHT="64" WIDTH="44" VPOS="643" HPOS="752" CONTENT="L." ID="r1l24_6" STYLEREFS="FONT0"/>
            <SP HEIGHT="64" WIDTH="7" VPOS="643" HPOS="795"/>
            <String HEIGHT="64" WIDTH="44" VPOS="643" HPOS="774" CONTENT="a." ID="r1l24_7" STYLEREFS="FONT0"/>
            <SP HEIGHT="64" WIDTH="7" VPOS="643" HPOS="817"/>
            <String HEIGHT="64" WIDTH="44" VPOS="643" HPOS="795" CONTENT="s." ID="r1l24_8" STYLEREFS="FONT0"/>
            <SP HEIGHT="64" WIDTH="7" VPOS="643" HPOS="839"/>
            <String HEIGHT="64" WIDTH="36" VPOS="643" HPOS="817" CONTENT="à" ID="r1l24_9" STYLEREFS="FONT0"/>
            <SP HEIGHT="64" WIDTH="7" VPOS="643" HPOS="854"/>
            <String HEIGHT="64" WIDTH="51" VPOS="643" HPOS="832" CONTENT="Bo;" ID="r1l24_10" STYLEREFS="FONT0"/>
            <SP HEIGHT="64" WIDTH="7" VPOS="643" HPOS="883"/>
            <String HEIGHT="64" WIDTH="73" VPOS="643" HPOS="861" CONTENT="Brest," ID="r1l24_11" STYLEREFS="FONT0"/>
            <SP HEIGHT="64" WIDTH="7" VPOS="643" HPOS="934"/>
            <String HEIGHT="64" WIDTH="44" VPOS="643" HPOS="912" CONTENT="22" ID="r1l24_12" STYLEREFS="FONT0"/>
            <SP HEIGHT="64" WIDTH="7" VPOS="643" HPOS="955"/>
            <String HEIGHT="64" WIDTH="73" VPOS="643" HPOS="926" CONTENT="messidor" ID="r1l24_13" STYLEREFS="FONT0"/>
          </TextLine>
          <TextLine ID="r1l26" BASELINE="744" HEIGHT="58" WIDTH="621" VPOS="686" HPOS="165">
            <String HEIGHT="58" WIDTH="87" VPOS="686" HPOS="151" CONTENT="an" ID="r1l26_1" STYLEREFS="FONT0"/>
            <SP HEIGHT="58" WIDTH="14" VPOS="686" HPOS="237"/>
            <String HEIGHT="58" WIDTH="101" VPOS="686" HPOS="194" CONTENT="II," ID="r1l26_2" STYLEREFS="FONT0"/>
            <SP HEIGHT="58" WIDTH="14" VPOS="686" HPOS="295"/>
            <String HEIGHT="58" WIDTH="72" VPOS="686" HPOS="252" CONTENT="1" ID="r1l26_3" STYLEREFS="FONT0"/>
            <SP HEIGHT="58" WIDTH="14" VPOS="686" HPOS="324"/>
            <String HEIGHT="58" WIDTH="87" VPOS="686" HPOS="281" CONTENT="p." ID="r1l26_4" STYLEREFS="FONT0"/>
            <SP HEIGHT="58" WIDTH="14" VPOS="686" HPOS="367"/>
            <String HEIGHT="58" WIDTH="173" VPOS="686" HPOS="324" CONTENT="in-fol.," ID="r1l26_5" STYLEREFS="FONT0"/>
            <SP HEIGHT="58" WIDTH="14" VPOS="686" HPOS="497"/>
            <String HEIGHT="58" WIDTH="116" VPOS="686" HPOS="454" CONTENT="vig." ID="r1l26_6" STYLEREFS="FONT0"/>
            <SP HEIGHT="58" WIDTH="14" VPOS="686" HPOS="569"/>
            <String HEIGHT="58" WIDTH="87" VPOS="686" HPOS="526" CONTENT="et" ID="r1l26_7" STYLEREFS="FONT0"/>
            <SP HEIGHT="58" WIDTH="14" VPOS="686" HPOS="613"/>
            <String HEIGHT="58" WIDTH="116" VPOS="686" HPOS="569" CONTENT="tête" ID="r1l26_8" STYLEREFS="FONT0"/>
            <SP HEIGHT="58" WIDTH="14" VPOS="686" HPOS="685"/>
            <String HEIGHT="58" WIDTH="130" VPOS="686" HPOS="642" CONTENT="impr." ID="r1l26_9" STYLEREFS="FONT0"/>
            <SP HEIGHT="58" WIDTH="14" VPOS="686" HPOS="772"/>
            <String HEIGHT="58" WIDTH="72" VPOS="686" HPOS="728" CONTENT="5" ID="r1l26_10" STYLEREFS="FONT0"/>
            <SP HEIGHT="58" WIDTH="14" VPOS="686" HPOS="800"/>
            <String HEIGHT="58" WIDTH="43" VPOS="686" HPOS="743" CONTENT="»" ID="r1l26_11" STYLEREFS="FONT0"/>
          </TextLine>
          <TextLine ID="r1l27" BASELINE="772" HEIGHT="70" WIDTH="1017" VPOS="702" HPOS="192">
            <String HEIGHT="70" WIDTH="84" VPOS="702" HPOS="178" CONTENT="Il" ID="r1l27_1" STYLEREFS="FONT0"/>
            <SP HEIGHT="70" WIDTH="14" VPOS="702" HPOS="262"/>
            <String HEIGHT="70" WIDTH="153" VPOS="702" HPOS="220" CONTENT="demande" ID="r1l27_2" STYLEREFS="FONT0"/>
            <SP HEIGHT="70" WIDTH="14" VPOS="702" HPOS="373"/>
            <String HEIGHT="70" WIDTH="84" VPOS="702" HPOS="331" CONTENT="où" ID="r1l27_3" STYLEREFS="FONT0"/>
            <SP HEIGHT="70" WIDTH="14" VPOS="702" HPOS="415"/>
            <String HEIGHT="70" WIDTH="84" VPOS="702" HPOS="373" CONTENT="en" ID="r1l27_4" STYLEREFS="FONT0"/>
            <SP HEIGHT="70" WIDTH="14" VPOS="702" HPOS="457"/>
            <String HEIGHT="70" WIDTH="98" VPOS="702" HPOS="415" CONTENT="est" ID="r1l27_5" STYLEREFS="FONT0"/>
            <SP HEIGHT="70" WIDTH="14" VPOS="702" HPOS="512"/>
            <String HEIGHT="70" WIDTH="84" VPOS="702" HPOS="471" CONTENT="la" ID="r1l27_6" STYLEREFS="FONT0"/>
            <SP HEIGHT="70" WIDTH="14" VPOS="702" HPOS="554"/>
            <String HEIGHT="70" WIDTH="139" VPOS="702" HPOS="512" CONTENT="guerre" ID="r1l27_7" STYLEREFS="FONT0"/>
            <SP HEIGHT="70" WIDTH="14" VPOS="702" HPOS="652"/>
            <String HEIGHT="70" WIDTH="84" VPOS="702" HPOS="610" CONTENT="de" ID="r1l27_8" STYLEREFS="FONT0"/>
            <SP HEIGHT="70" WIDTH="14" VPOS="702" HPOS="694"/>
            <String HEIGHT="70" WIDTH="84" VPOS="702" HPOS="652" CONTENT="la" ID="r1l27_9" STYLEREFS="FONT0"/>
            <SP HEIGHT="70" WIDTH="14" VPOS="702" HPOS="735"/>
            <String HEIGHT="70" WIDTH="153" VPOS="702" HPOS="694" CONTENT="Vendée," ID="r1l27_10" STYLEREFS="FONT0"/>
            <SP HEIGHT="70" WIDTH="14" VPOS="702" HPOS="847"/>
            <String HEIGHT="70" WIDTH="111" VPOS="702" HPOS="805" CONTENT="«que" ID="r1l27_11" STYLEREFS="FONT0"/>
            <SP HEIGHT="70" WIDTH="14" VPOS="702" HPOS="916"/>
            <String HEIGHT="70" WIDTH="84" VPOS="702" HPOS="875" CONTENT="je" ID="r1l27_12" STYLEREFS="FONT0"/>
            <SP HEIGHT="70" WIDTH="14" VPOS="702" HPOS="958"/>
            <String HEIGHT="70" WIDTH="125" VPOS="702" HPOS="916" CONTENT="crois" ID="r1l27_13" STYLEREFS="FONT0"/>
            <SP HEIGHT="70" WIDTH="14" VPOS="702" HPOS="1042"/>
            <String HEIGHT="70" WIDTH="139" VPOS="702" HPOS="1000" CONTENT="finie," ID="r1l27_14" STYLEREFS="FONT0"/>
            <SP HEIGHT="70" WIDTH="14" VPOS="702" HPOS="1139"/>
            <String HEIGHT="70" WIDTH="125" VPOS="702" HPOS="1084" CONTENT="dit" ID="r1l27_15" STYLEREFS="FONT0"/>
          </TextLine>
          <TextLine ID="r1l28" BASELINE="799" HEIGHT="40" WIDTH="541" VPOS="759" HPOS="156">
            <String HEIGHT="40" WIDTH="108" VPOS="759" HPOS="142" CONTENT="mais" ID="r1l28_1" STYLEREFS="FONT0"/>
            <SP HEIGHT="40" WIDTH="14" VPOS="759" HPOS="251"/>
            <String HEIGHT="40" WIDTH="95" VPOS="759" HPOS="210" CONTENT="sur" ID="r1l28_2" STYLEREFS="FONT0"/>
            <SP HEIGHT="40" WIDTH="14" VPOS="759" HPOS="305"/>
            <String HEIGHT="40" WIDTH="162" VPOS="759" HPOS="264" CONTENT="laquelle" ID="r1l28_3" STYLEREFS="FONT0"/>
            <SP HEIGHT="40" WIDTH="14" VPOS="759" HPOS="427"/>
            <String HEIGHT="40" WIDTH="81" VPOS="759" HPOS="386" CONTENT="on" ID="r1l28_4" STYLEREFS="FONT0"/>
            <SP HEIGHT="40" WIDTH="14" VPOS="759" HPOS="467"/>
            <String HEIGHT="40" WIDTH="108" VPOS="759" HPOS="427" CONTENT="fait" ID="r1l28_5" STYLEREFS="FONT0"/>
            <SP HEIGHT="40" WIDTH="14" VPOS="759" HPOS="535"/>
            <String HEIGHT="40" WIDTH="122" VPOS="759" HPOS="494" CONTENT="mille" ID="r1l28_6" STYLEREFS="FONT0"/>
            <SP HEIGHT="40" WIDTH="14" VPOS="759" HPOS="616"/>
            <String HEIGHT="40" WIDTH="135" VPOS="759" HPOS="562" CONTENT="contes.»" ID="r1l28_7" STYLEREFS="FONT0"/>
          </TextLine>
          <TextLine ID="r1l29" BASELINE="842" HEIGHT="59" WIDTH="1041" VPOS="783" HPOS="164">
            <String HEIGHT="59" WIDTH="168" VPOS="783" HPOS="147" CONTENT="27596." ID="r1l29_1" STYLEREFS="FONT0"/>
            <SP HEIGHT="59" WIDTH="17" VPOS="783" HPOS="315"/>
            <String HEIGHT="59" WIDTH="369" VPOS="783" HPOS="265" CONTENT="REVELLIÈRE-LEPEAUX" ID="r1l29_2" STYLEREFS="FONT0"/>
            <SP HEIGHT="59" WIDTH="17" VPOS="783" HPOS="634"/>
            <String HEIGHT="59" WIDTH="201" VPOS="783" HPOS="584" CONTENT="(L.-M.)," ID="r1l29_3" STYLEREFS="FONT0"/>
            <SP HEIGHT="59" WIDTH="17" VPOS="783" HPOS="785"/>
            <String HEIGHT="59" WIDTH="285" VPOS="783" HPOS="735" CONTENT="conventionnel" ID="r1l29_4" STYLEREFS="FONT0"/>
            <SP HEIGHT="59" WIDTH="17" VPOS="783" HPOS="1020"/>
            <String HEIGHT="59" WIDTH="101" VPOS="783" HPOS="970" CONTENT="et" ID="r1l29_5" STYLEREFS="FONT0"/>
            <SP HEIGHT="59" WIDTH="17" VPOS="783" HPOS="1071"/>
            <String HEIGHT="59" WIDTH="201" VPOS="783" HPOS="1004" CONTENT="directeur," ID="r1l29_6" STYLEREFS="FONT0"/>
          </TextLine>
          <TextLine ID="r1l31" BASELINE="895" HEIGHT="60" WIDTH="824" VPOS="835" HPOS="156">
            <String HEIGHT="60" WIDTH="191" VPOS="835" HPOS="141" CONTENT="fondateur" ID="r1l31_1" STYLEREFS="FONT0"/>
            <SP HEIGHT="60" WIDTH="15" VPOS="835" HPOS="333"/>
            <String HEIGHT="60" WIDTH="88" VPOS="835" HPOS="288" CONTENT="de" ID="r1l31_2" STYLEREFS="FONT0"/>
            <SP HEIGHT="60" WIDTH="15" VPOS="835" HPOS="377"/>
            <String HEIGHT="60" WIDTH="88" VPOS="835" HPOS="333" CONTENT="la" ID="r1l31_3" STYLEREFS="FONT0"/>
            <SP HEIGHT="60" WIDTH="15" VPOS="835" HPOS="421"/>
            <String HEIGHT="60" WIDTH="132" VPOS="835" HPOS="377" CONTENT="secte" ID="r1l31_4" STYLEREFS="FONT0"/>
            <SP HEIGHT="60" WIDTH="15" VPOS="835" HPOS="509"/>
            <String HEIGHT="60" WIDTH="103" VPOS="835" HPOS="465" CONTENT="des" ID="r1l31_5" STYLEREFS="FONT0"/>
            <SP HEIGHT="60" WIDTH="15" VPOS="835" HPOS="568"/>
            <String HEIGHT="60" WIDTH="324" VPOS="835" HPOS="524" CONTENT="Théophilanthropes." ID="r1l31_6" STYLEREFS="FONT0"/>
            <SP HEIGHT="60" WIDTH="15" VPOS="835" HPOS="848"/>
            <String HEIGHT="60" WIDTH="74" VPOS="835" HPOS="803" CONTENT="—" ID="r1l31_7" STYLEREFS="FONT0"/>
            <SP HEIGHT="60" WIDTH="15" VPOS="835" HPOS="877"/>
            <String HEIGHT="60" WIDTH="88" VPOS="835" HPOS="833" CONTENT="L." ID="r1l31_8" STYLEREFS="FONT0"/>
            <SP HEIGHT="60" WIDTH="15" VPOS="835" HPOS="921"/>
            <String HEIGHT="60" WIDTH="88" VPOS="835" HPOS="877" CONTENT="a." ID="r1l31_9" STYLEREFS="FONT0"/>
            <SP HEIGHT="60" WIDTH="15" VPOS="835" HPOS="965"/>
            <String HEIGHT="60" WIDTH="74" VPOS="835" HPOS="906" CONTENT="s.;" ID="r1l31_10" STYLEREFS="FONT0"/>
          </TextLine>
          <TextLine ID="r1l36" BASELINE="932" HEIGHT="63" WIDTH="592" VPOS="869" HPOS="169">
            <String HEIGHT="63" WIDTH="152" VPOS="869" HPOS="154" CONTENT="Paris," ID="r1l36_1" STYLEREFS="FONT0"/>
            <SP HEIGHT="63" WIDTH="15" VPOS="869" HPOS="306"/>
            <String HEIGHT="63" WIDTH="91" VPOS="869" HPOS="260" CONTENT="28" ID="r1l36_2" STYLEREFS="FONT0"/>
            <SP HEIGHT="63" WIDTH="15" VPOS="869" HPOS="351"/>
            <String HEIGHT="63" WIDTH="121" VPOS="869" HPOS="306" CONTENT="juin" ID="r1l36_3" STYLEREFS="FONT0"/>
            <SP HEIGHT="63" WIDTH="15" VPOS="869" HPOS="427"/>
            <String HEIGHT="63" WIDTH="137" VPOS="869" HPOS="382" CONTENT="1809," ID="r1l36_4" STYLEREFS="FONT0"/>
            <SP HEIGHT="63" WIDTH="15" VPOS="869" HPOS="518"/>
            <String HEIGHT="63" WIDTH="76" VPOS="869" HPOS="473" CONTENT="1" ID="r1l36_5" STYLEREFS="FONT0"/>
            <SP HEIGHT="63" WIDTH="15" VPOS="869" HPOS="548"/>
            <String HEIGHT="63" WIDTH="91" VPOS="869" HPOS="503" CONTENT="p." ID="r1l36_6" STYLEREFS="FONT0"/>
            <SP HEIGHT="63" WIDTH="15" VPOS="869" HPOS="594"/>
            <String HEIGHT="63" WIDTH="106" VPOS="869" HPOS="548" CONTENT="1/2" ID="r1l36_7" STYLEREFS="FONT0"/>
            <SP HEIGHT="63" WIDTH="15" VPOS="869" HPOS="655"/>
            <String HEIGHT="63" WIDTH="137" VPOS="869" HPOS="609" CONTENT="in-4." ID="r1l36_8" STYLEREFS="FONT0"/>
            <SP HEIGHT="63" WIDTH="15" VPOS="869" HPOS="746"/>
            <String HEIGHT="63" WIDTH="76" VPOS="869" HPOS="700" CONTENT="4" ID="r1l36_9" STYLEREFS="FONT0"/>
            <SP HEIGHT="63" WIDTH="15" VPOS="869" HPOS="776"/>
            <String HEIGHT="63" WIDTH="46" VPOS="869" HPOS="715" CONTENT="»" ID="r1l36_10" STYLEREFS="FONT0"/>
          </TextLine>
          <TextLine ID="r1l38" BASELINE="964" HEIGHT="64" WIDTH="1037" VPOS="900" HPOS="168">
            <String HEIGHT="64" WIDTH="173" VPOS="900" HPOS="151" CONTENT="27597." ID="r1l38_1" STYLEREFS="FONT0"/>
            <SP HEIGHT="64" WIDTH="17" VPOS="900" HPOS="324"/>
            <String HEIGHT="64" WIDTH="173" VPOS="900" HPOS="272" CONTENT="ROBERT" ID="r1l38_2" STYLEREFS="FONT0"/>
            <SP HEIGHT="64" WIDTH="17" VPOS="900" HPOS="445"/>
            <String HEIGHT="64" WIDTH="311" VPOS="900" HPOS="393" CONTENT="(P.-Fr.-Jos.)," ID="r1l38_3" STYLEREFS="FONT0"/>
            <SP HEIGHT="64" WIDTH="17" VPOS="900" HPOS="704"/>
            <String HEIGHT="64" WIDTH="242" VPOS="900" HPOS="652" CONTENT="secrétaire" ID="r1l38_4" STYLEREFS="FONT0"/>
            <SP HEIGHT="64" WIDTH="17" VPOS="900" HPOS="894"/>
            <String HEIGHT="64" WIDTH="104" VPOS="900" HPOS="842" CONTENT="de" ID="r1l38_5" STYLEREFS="FONT0"/>
            <SP HEIGHT="64" WIDTH="17" VPOS="900" HPOS="946"/>
            <String HEIGHT="64" WIDTH="190" VPOS="900" HPOS="894" CONTENT="Danton," ID="r1l38_6" STYLEREFS="FONT0"/>
            <SP HEIGHT="64" WIDTH="17" VPOS="900" HPOS="1084"/>
            <String HEIGHT="64" WIDTH="173" VPOS="900" HPOS="1032" CONTENT="député" ID="r1l38_7" STYLEREFS="FONT0"/>
            <SP HEIGHT="64" WIDTH="17" VPOS="900" HPOS="1205"/>
            <String HEIGHT="64" WIDTH="69" VPOS="900" HPOS="1136" CONTENT="de" ID="r1l38_8" STYLEREFS="FONT0"/>
          </TextLine>
          <TextLine ID="r1l39" BASELINE="1015" HEIGHT="54" WIDTH="1036" VPOS="961" HPOS="164">
            <String HEIGHT="54" WIDTH="153" VPOS="961" HPOS="147" CONTENT="Paris" ID="r1l39_1" STYLEREFS="FONT0"/>
            <SP HEIGHT="54" WIDTH="17" VPOS="961" HPOS="300"/>
            <String HEIGHT="54" WIDTH="85" VPOS="961" HPOS="249" CONTENT="à" ID="r1l39_2" STYLEREFS="FONT0"/>
            <SP HEIGHT="54" WIDTH="17" VPOS="961" HPOS="334"/>
            <String HEIGHT="54" WIDTH="102" VPOS="961" HPOS="283" CONTENT="la" ID="r1l39_3" STYLEREFS="FONT0"/>
            <SP HEIGHT="54" WIDTH="17" VPOS="961" HPOS="385"/>
            <String HEIGHT="54" WIDTH="255" VPOS="961" HPOS="334" CONTENT="Convention." ID="r1l39_4" STYLEREFS="FONT0"/>
            <SP HEIGHT="54" WIDTH="17" VPOS="961" HPOS="589"/>
            <String HEIGHT="54" WIDTH="85" VPOS="961" HPOS="538" CONTENT="—" ID="r1l39_5" STYLEREFS="FONT0"/>
            <SP HEIGHT="54" WIDTH="17" VPOS="961" HPOS="623"/>
            <String HEIGHT="54" WIDTH="102" VPOS="961" HPOS="572" CONTENT="L." ID="r1l39_6" STYLEREFS="FONT0"/>
            <SP HEIGHT="54" WIDTH="17" VPOS="961" HPOS="674"/>
            <String HEIGHT="54" WIDTH="102" VPOS="961" HPOS="623" CONTENT="a." ID="r1l39_7" STYLEREFS="FONT0"/>
            <SP HEIGHT="54" WIDTH="17" VPOS="961" HPOS="724"/>
            <String HEIGHT="54" WIDTH="119" VPOS="961" HPOS="674" CONTENT="s.;" ID="r1l39_8" STYLEREFS="FONT0"/>
            <SP HEIGHT="54" WIDTH="17" VPOS="961" HPOS="792"/>
            <String HEIGHT="54" WIDTH="170" VPOS="961" HPOS="741" CONTENT="Liège," ID="r1l39_9" STYLEREFS="FONT0"/>
            <SP HEIGHT="54" WIDTH="17" VPOS="961" HPOS="911"/>
            <String HEIGHT="54" WIDTH="119" VPOS="961" HPOS="860" CONTENT="12," ID="r1l39_10" STYLEREFS="FONT0"/>
            <SP HEIGHT="54" WIDTH="17" VPOS="961" HPOS="979"/>
            <String HEIGHT="54" WIDTH="204" VPOS="961" HPOS="928" CONTENT="prairial" ID="r1l39_11" STYLEREFS="FONT0"/>
            <SP HEIGHT="54" WIDTH="17" VPOS="961" HPOS="1132"/>
            <String HEIGHT="54" WIDTH="102" VPOS="961" HPOS="1081" CONTENT="an" ID="r1l39_12" STYLEREFS="FONT0"/>
            <SP HEIGHT="54" WIDTH="17" VPOS="961" HPOS="1183"/>
            <String HEIGHT="54" WIDTH="85" VPOS="961" HPOS="1115" CONTENT="III" ID="r1l39_13" STYLEREFS="FONT0"/>
          </TextLine>
          <TextLine ID="r1l42" BASELINE="1046" HEIGHT="42" WIDTH="806" VPOS="1004" HPOS="164">
            <String HEIGHT="42" WIDTH="104" VPOS="1004" HPOS="149" CONTENT="3/4" ID="r1l42_1" STYLEREFS="FONT0"/>
            <SP HEIGHT="42" WIDTH="15" VPOS="1004" HPOS="254"/>
            <String HEIGHT="42" WIDTH="90" VPOS="1004" HPOS="209" CONTENT="de" ID="r1l42_2" STYLEREFS="FONT0"/>
            <SP HEIGHT="42" WIDTH="15" VPOS="1004" HPOS="298"/>
            <String HEIGHT="42" WIDTH="90" VPOS="1004" HPOS="254" CONTENT="p." ID="r1l42_3" STYLEREFS="FONT0"/>
            <SP HEIGHT="42" WIDTH="15" VPOS="1004" HPOS="343"/>
            <String HEIGHT="42" WIDTH="179" VPOS="1004" HPOS="298" CONTENT="in-fol.," ID="r1l42_4" STYLEREFS="FONT0"/>
            <SP HEIGHT="42" WIDTH="15" VPOS="1004" HPOS="477"/>
            <String HEIGHT="42" WIDTH="119" VPOS="1004" HPOS="433" CONTENT="vig." ID="r1l42_5" STYLEREFS="FONT0"/>
            <SP HEIGHT="42" WIDTH="15" VPOS="1004" HPOS="552"/>
            <String HEIGHT="42" WIDTH="90" VPOS="1004" HPOS="507" CONTENT="et" ID="r1l42_6" STYLEREFS="FONT0"/>
            <SP HEIGHT="42" WIDTH="15" VPOS="1004" HPOS="597"/>
            <String HEIGHT="42" WIDTH="119" VPOS="1004" HPOS="552" CONTENT="tête" ID="r1l42_7" STYLEREFS="FONT0"/>
            <SP HEIGHT="42" WIDTH="15" VPOS="1004" HPOS="671"/>
            <String HEIGHT="42" WIDTH="134" VPOS="1004" HPOS="627" CONTENT="impr." ID="r1l42_8" STYLEREFS="FONT0"/>
            <SP HEIGHT="42" WIDTH="15" VPOS="1004" HPOS="761"/>
            <String HEIGHT="42" WIDTH="134" VPOS="1004" HPOS="716" CONTENT="Belle" ID="r1l42_9" STYLEREFS="FONT0"/>
            <SP HEIGHT="42" WIDTH="15" VPOS="1004" HPOS="851"/>
            <String HEIGHT="42" WIDTH="149" VPOS="1004" HPOS="806" CONTENT="pièce." ID="r1l42_10" STYLEREFS="FONT0"/>
            <SP HEIGHT="42" WIDTH="15" VPOS="1004" HPOS="955"/>
            <String HEIGHT="42" WIDTH="75" VPOS="1004" HPOS="910" CONTENT="5" ID="r1l42_11" STYLEREFS="FONT0"/>
            <SP HEIGHT="42" WIDTH="15" VPOS="1004" HPOS="985"/>
            <String HEIGHT="42" WIDTH="45" VPOS="1004" HPOS="925" CONTENT="»" ID="r1l42_12" STYLEREFS="FONT0"/>
          </TextLine>
          <TextLine ID="r1l43" BASELINE="1090" HEIGHT="51" WIDTH="1040" VPOS="1039" HPOS="164">
            <String HEIGHT="51" WIDTH="173" VPOS="1039" HPOS="147" CONTENT="27598." ID="r1l43_1" STYLEREFS="FONT0"/>
            <SP HEIGHT="51" WIDTH="17" VPOS="1039" HPOS="320"/>
            <String HEIGHT="51" WIDTH="243" VPOS="1039" HPOS="268" CONTENT="SAINT-JUST" ID="r1l43_2" STYLEREFS="FONT0"/>
            <SP HEIGHT="51" WIDTH="17" VPOS="1039" HPOS="511"/>
            <String HEIGHT="51" WIDTH="243" VPOS="1039" HPOS="459" CONTENT="(L.-Ant.)," ID="r1l43_3" STYLEREFS="FONT0"/>
            <SP HEIGHT="51" WIDTH="17" VPOS="1039" HPOS="701"/>
            <String HEIGHT="51" WIDTH="191" VPOS="1039" HPOS="649" CONTENT="célèbre" ID="r1l43_4" STYLEREFS="FONT0"/>
            <SP HEIGHT="51" WIDTH="17" VPOS="1039" HPOS="840"/>
            <String HEIGHT="51" WIDTH="295" VPOS="1039" HPOS="788" CONTENT="conventionnel" ID="r1l43_5" STYLEREFS="FONT0"/>
            <SP HEIGHT="51" WIDTH="17" VPOS="1039" HPOS="1083"/>
            <String HEIGHT="51" WIDTH="104" VPOS="1039" HPOS="1031" CONTENT="et" ID="r1l43_6" STYLEREFS="FONT0"/>
            <SP HEIGHT="51" WIDTH="17" VPOS="1039" HPOS="1135"/>
            <String HEIGHT="51" WIDTH="139" VPOS="1039" HPOS="1065" CONTENT="membre" ID="r1l43_7" STYLEREFS="FONT0"/>
          </TextLine>
          <TextLine ID="r1l45" BASELINE="1137" HEIGHT="52" WIDTH="949" VPOS="1085" HPOS="154">
            <String HEIGHT="52" WIDTH="98" VPOS="1085" HPOS="138" CONTENT="du" ID="r1l45_1" STYLEREFS="FONT0"/>
            <SP HEIGHT="52" WIDTH="16" VPOS="1085" HPOS="236"/>
            <String HEIGHT="52" WIDTH="164" VPOS="1085" HPOS="187" CONTENT="Comité" ID="r1l45_2" STYLEREFS="FONT0"/>
            <SP HEIGHT="52" WIDTH="16" VPOS="1085" HPOS="350"/>
            <String HEIGHT="52" WIDTH="98" VPOS="1085" HPOS="301" CONTENT="de" ID="r1l45_3" STYLEREFS="FONT0"/>
            <SP HEIGHT="52" WIDTH="16" VPOS="1085" HPOS="399"/>
            <String HEIGHT="52" WIDTH="147" VPOS="1085" HPOS="350" CONTENT="salut" ID="r1l45_4" STYLEREFS="FONT0"/>
            <SP HEIGHT="52" WIDTH="16" VPOS="1085" HPOS="498"/>
            <String HEIGHT="52" WIDTH="180" VPOS="1085" HPOS="449" CONTENT="public," ID="r1l45_5" STYLEREFS="FONT0"/>
            <SP HEIGHT="52" WIDTH="16" VPOS="1085" HPOS="629"/>
            <String HEIGHT="52" WIDTH="196" VPOS="1085" HPOS="579" CONTENT="décapité" ID="r1l45_6" STYLEREFS="FONT0"/>
            <SP HEIGHT="52" WIDTH="16" VPOS="1085" HPOS="776"/>
            <String HEIGHT="52" WIDTH="131" VPOS="1085" HPOS="727" CONTENT="avec" ID="r1l45_7" STYLEREFS="FONT0"/>
            <SP HEIGHT="52" WIDTH="16" VPOS="1085" HPOS="858"/>
            <String HEIGHT="52" WIDTH="262" VPOS="1085" HPOS="808" CONTENT="Robespierre." ID="r1l45_8" STYLEREFS="FONT0"/>
            <SP HEIGHT="52" WIDTH="16" VPOS="1085" HPOS="1070"/>
            <String HEIGHT="52" WIDTH="82" VPOS="1085" HPOS="1021" CONTENT="—" ID="r1l45_9" STYLEREFS="FONT0"/>
            <SP HEIGHT="52" WIDTH="16" VPOS="1085" HPOS="1103"/>
            <String HEIGHT="52" WIDTH="65" VPOS="1085" HPOS="1038" CONTENT="P." ID="r1l45_10" STYLEREFS="FONT0"/>
          </TextLine>
          <TextLine ID="r1l47" BASELINE="1193" HEIGHT="68" WIDTH="1003" VPOS="1125" HPOS="160">
            <String HEIGHT="68" WIDTH="115" VPOS="1125" HPOS="144" CONTENT="s.;" ID="r1l47_1" STYLEREFS="FONT0"/>
            <SP HEIGHT="68" WIDTH="16" VPOS="1125" HPOS="259"/>
            <String HEIGHT="68" WIDTH="164" VPOS="1125" HPOS="209" CONTENT="Paris," ID="r1l47_2" STYLEREFS="FONT0"/>
            <SP HEIGHT="68" WIDTH="16" VPOS="1125" HPOS="374"/>
            <String HEIGHT="68" WIDTH="99" VPOS="1125" HPOS="324" CONTENT="19" ID="r1l47_3" STYLEREFS="FONT0"/>
            <SP HEIGHT="68" WIDTH="16" VPOS="1125" HPOS="423"/>
            <String HEIGHT="68" WIDTH="132" VPOS="1125" HPOS="374" CONTENT="déc." ID="r1l47_4" STYLEREFS="FONT0"/>
            <SP HEIGHT="68" WIDTH="16" VPOS="1125" HPOS="505"/>
            <String HEIGHT="68" WIDTH="148" VPOS="1125" HPOS="456" CONTENT="1792," ID="r1l47_5" STYLEREFS="FONT0"/>
            <SP HEIGHT="68" WIDTH="16" VPOS="1125" HPOS="604"/>
            <String HEIGHT="68" WIDTH="82" VPOS="1125" HPOS="555" CONTENT="1" ID="r1l47_6" STYLEREFS="FONT0"/>
            <SP HEIGHT="68" WIDTH="16" VPOS="1125" HPOS="637"/>
            <String HEIGHT="68" WIDTH="99" VPOS="1125" HPOS="588" CONTENT="p." ID="r1l47_7" STYLEREFS="FONT0"/>
            <SP HEIGHT="68" WIDTH="16" VPOS="1125" HPOS="686"/>
            <String HEIGHT="68" WIDTH="197" VPOS="1125" HPOS="637" CONTENT="in-fol.," ID="r1l47_8" STYLEREFS="FONT0"/>
            <SP HEIGHT="68" WIDTH="16" VPOS="1125" HPOS="834"/>
            <String HEIGHT="68" WIDTH="148" VPOS="1125" HPOS="785" CONTENT="vig.," ID="r1l47_9" STYLEREFS="FONT0"/>
            <SP HEIGHT="68" WIDTH="16" VPOS="1125" HPOS="933"/>
            <String HEIGHT="68" WIDTH="99" VPOS="1125" HPOS="883" CONTENT="et" ID="r1l47_10" STYLEREFS="FONT0"/>
            <SP HEIGHT="68" WIDTH="16" VPOS="1125" HPOS="982"/>
            <String HEIGHT="68" WIDTH="132" VPOS="1125" HPOS="933" CONTENT="tête" ID="r1l47_11" STYLEREFS="FONT0"/>
            <SP HEIGHT="68" WIDTH="16" VPOS="1125" HPOS="1064"/>
            <String HEIGHT="68" WIDTH="148" VPOS="1125" HPOS="1015" CONTENT="impr." ID="r1l47_12" STYLEREFS="FONT0"/>
            <SP HEIGHT="68" WIDTH="16" VPOS="1125" HPOS="1163"/>
            <String HEIGHT="68" WIDTH="66" VPOS="1125" HPOS="1097" CONTENT="et" ID="r1l47_13" STYLEREFS="FONT0"/>
          </TextLine>
          <TextLine ID="r1l51" BASELINE="1227" HEIGHT="61" WIDTH="130" VPOS="1166" HPOS="160">
            <String HEIGHT="61" WIDTH="119" VPOS="1166" HPOS="149" CONTENT="cachet." ID="r1l51_1" STYLEREFS="FONT0"/>
            <SP HEIGHT="61" WIDTH="11" VPOS="1166" HPOS="268"/>
            <String HEIGHT="61" WIDTH="65" VPOS="1166" HPOS="236" CONTENT="12" ID="r1l51_2" STYLEREFS="FONT0"/>
            <SP HEIGHT="61" WIDTH="11" VPOS="1166" HPOS="301"/>
            <String HEIGHT="61" WIDTH="33" VPOS="1166" HPOS="258" CONTENT="»" ID="r1l51_3" STYLEREFS="FONT0"/>
          </TextLine>
          <TextLine ID="r1l53" BASELINE="1255" HEIGHT="63" WIDTH="924" VPOS="1192" HPOS="165">
            <String HEIGHT="63" WIDTH="154" VPOS="1192" HPOS="150" CONTENT="27599." ID="r1l53_1" STYLEREFS="FONT0"/>
            <SP HEIGHT="63" WIDTH="15" VPOS="1192" HPOS="304"/>
            <String HEIGHT="63" WIDTH="200" VPOS="1192" HPOS="257" CONTENT="SANTERRE," ID="r1l53_2" STYLEREFS="FONT0"/>
            <SP HEIGHT="63" WIDTH="15" VPOS="1192" HPOS="458"/>
            <String HEIGHT="63" WIDTH="169" VPOS="1192" HPOS="411" CONTENT="général" ID="r1l53_3" STYLEREFS="FONT0"/>
            <SP HEIGHT="63" WIDTH="15" VPOS="1192" HPOS="581"/>
            <String HEIGHT="63" WIDTH="92" VPOS="1192" HPOS="535" CONTENT="en" ID="r1l53_4" STYLEREFS="FONT0"/>
            <SP HEIGHT="63" WIDTH="15" VPOS="1192" HPOS="627"/>
            <String HEIGHT="63" WIDTH="123" VPOS="1192" HPOS="581" CONTENT="chef" ID="r1l53_5" STYLEREFS="FONT0"/>
            <SP HEIGHT="63" WIDTH="15" VPOS="1192" HPOS="704"/>
            <String HEIGHT="63" WIDTH="92" VPOS="1192" HPOS="658" CONTENT="de" ID="r1l53_6" STYLEREFS="FONT0"/>
            <SP HEIGHT="63" WIDTH="15" VPOS="1192" HPOS="750"/>
            <String HEIGHT="63" WIDTH="92" VPOS="1192" HPOS="704" CONTENT="la" ID="r1l53_7" STYLEREFS="FONT0"/>
            <SP HEIGHT="63" WIDTH="15" VPOS="1192" HPOS="796"/>
            <String HEIGHT="63" WIDTH="139" VPOS="1192" HPOS="750" CONTENT="garde" ID="r1l53_8" STYLEREFS="FONT0"/>
            <SP HEIGHT="63" WIDTH="15" VPOS="1192" HPOS="889"/>
            <String HEIGHT="63" WIDTH="200" VPOS="1192" HPOS="843" CONTENT="nationale" ID="r1l53_9" STYLEREFS="FONT0"/>
            <SP HEIGHT="63" WIDTH="15" VPOS="1192" HPOS="1043"/>
            <String HEIGHT="63" WIDTH="108" VPOS="1192" HPOS="981" CONTENT="pari" SUBS_TYPE="HypPart1" SUBS_CONTENT="parisienne." ID="r1l53_10" STYLEREFS="FONT0"/>
            <HYP CONTENT="-"/>
          </TextLine>
          <TextLine ID="r1l56" BASELINE="1301" HEIGHT="47" WIDTH="906" VPOS="1254" HPOS="161">
            <String HEIGHT="47" WIDTH="178" VPOS="1254" HPOS="145" CONTENT="sienne." SUBS_TYPE="HypPart2" SUBS_CONTENT="parisienne." ID="r1l56_1" STYLEREFS="FONT0"/>
            <SP HEIGHT="47" WIDTH="16" VPOS="1254" HPOS="323"/>
            <String HEIGHT="47" WIDTH="81" VPOS="1254" HPOS="274" CONTENT="—" ID="r1l56_2" STYLEREFS="FONT0"/>
            <SP HEIGHT="47" WIDTH="16" VPOS="1254" HPOS="355"/>
            <String HEIGHT="47" WIDTH="97" VPOS="1254" HPOS="307" CONTENT="P." ID="r1l56_3" STYLEREFS="FONT0"/>
            <SP HEIGHT="47" WIDTH="16" VPOS="1254" HPOS="404"/>
            <String HEIGHT="47" WIDTH="97" VPOS="1254" HPOS="355" CONTENT="a." ID="r1l56_4" STYLEREFS="FONT0"/>
            <SP HEIGHT="47" WIDTH="16" VPOS="1254" HPOS="452"/>
            <String HEIGHT="47" WIDTH="113" VPOS="1254" HPOS="404" CONTENT="s.;" ID="r1l56_5" STYLEREFS="FONT0"/>
            <SP HEIGHT="47" WIDTH="16" VPOS="1254" HPOS="517"/>
            <String HEIGHT="47" WIDTH="97" VPOS="1254" HPOS="468" CONTENT="16" ID="r1l56_6" STYLEREFS="FONT0"/>
            <SP HEIGHT="47" WIDTH="16" VPOS="1254" HPOS="565"/>
            <String HEIGHT="47" WIDTH="113" VPOS="1254" HPOS="517" CONTENT="mai" ID="r1l56_7" STYLEREFS="FONT0"/>
            <SP HEIGHT="47" WIDTH="16" VPOS="1254" HPOS="630"/>
            <String HEIGHT="47" WIDTH="146" VPOS="1254" HPOS="582" CONTENT="1789," ID="r1l56_8" STYLEREFS="FONT0"/>
            <SP HEIGHT="47" WIDTH="16" VPOS="1254" HPOS="727"/>
            <String HEIGHT="47" WIDTH="113" VPOS="1254" HPOS="679" CONTENT="1/2" ID="r1l56_9" STYLEREFS="FONT0"/>
            <SP HEIGHT="47" WIDTH="16" VPOS="1254" HPOS="792"/>
            <String HEIGHT="47" WIDTH="97" VPOS="1254" HPOS="743" CONTENT="p." ID="r1l56_10" STYLEREFS="FONT0"/>
            <SP HEIGHT="47" WIDTH="16" VPOS="1254" HPOS="841"/>
            <String HEIGHT="47" WIDTH="129" VPOS="1254" HPOS="792" CONTENT="in-8" ID="r1l56_11" STYLEREFS="FONT0"/>
            <SP HEIGHT="47" WIDTH="16" VPOS="1254" HPOS="921"/>
            <String HEIGHT="47" WIDTH="178" VPOS="1254" HPOS="873" CONTENT="oblong." ID="r1l56_12" STYLEREFS="FONT0"/>
            <SP HEIGHT="47" WIDTH="16" VPOS="1254" HPOS="1051"/>
            <String HEIGHT="47" WIDTH="81" VPOS="1254" HPOS="1002" CONTENT="3" ID="r1l56_13" STYLEREFS="FONT0"/>
            <SP HEIGHT="47" WIDTH="16" VPOS="1254" HPOS="1083"/>
            <String HEIGHT="47" WIDTH="49" VPOS="1254" HPOS="1018" CONTENT="»" ID="r1l56_14" STYLEREFS="FONT0"/>
          </TextLine>
          <TextLine ID="r1l58" BASELINE="1349" HEIGHT="51" WIDTH="1033" VPOS="1298" HPOS="168">
            <String HEIGHT="51" WIDTH="161" VPOS="1298" HPOS="152" CONTENT="27600." ID="r1l58_1" STYLEREFS="FONT0"/>
            <SP HEIGHT="51" WIDTH="16" VPOS="1298" HPOS="313"/>
            <String HEIGHT="51" WIDTH="178" VPOS="1298" HPOS="265" CONTENT="TALLIEN" ID="r1l58_2" STYLEREFS="FONT0"/>
            <SP HEIGHT="51" WIDTH="16" VPOS="1298" HPOS="442"/>
            <String HEIGHT="51" WIDTH="194" VPOS="1298" HPOS="394" CONTENT="(J.-L.)," ID="r1l58_3" STYLEREFS="FONT0"/>
            <SP HEIGHT="51" WIDTH="16" VPOS="1298" HPOS="588"/>
            <String HEIGHT="51" WIDTH="291" VPOS="1298" HPOS="539" CONTENT="conventionnel," ID="r1l58_4" STYLEREFS="FONT0"/>
            <SP HEIGHT="51" WIDTH="16" VPOS="1298" HPOS="830"/>
            <String HEIGHT="51" WIDTH="113" VPOS="1298" HPOS="781" CONTENT="qui" ID="r1l58_5" STYLEREFS="FONT0"/>
            <SP HEIGHT="51" WIDTH="16" VPOS="1298" HPOS="894"/>
            <String HEIGHT="51" WIDTH="194" VPOS="1298" HPOS="846" CONTENT="renversa" ID="r1l58_6" STYLEREFS="FONT0"/>
            <SP HEIGHT="51" WIDTH="16" VPOS="1298" HPOS="1040"/>
            <String HEIGHT="51" WIDTH="226" VPOS="1298" HPOS="975" CONTENT="Robespierre." ID="r1l58_7" STYLEREFS="FONT0"/>
          </TextLine>
          <TextLine ID="r1l60" BASELINE="1390" HEIGHT="50" WIDTH="876" VPOS="1340" HPOS="210">
            <String HEIGHT="50" WIDTH="72" VPOS="1340" HPOS="196" CONTENT="—" ID="r1l60_1" STYLEREFS="FONT0"/>
            <SP HEIGHT="50" WIDTH="14" VPOS="1340" HPOS="267"/>
            <String HEIGHT="50" WIDTH="86" VPOS="1340" HPOS="224" CONTENT="L." ID="r1l60_2" STYLEREFS="FONT0"/>
            <SP HEIGHT="50" WIDTH="14" VPOS="1340" HPOS="311"/>
            <String HEIGHT="50" WIDTH="101" VPOS="1340" HPOS="267" CONTENT="s.;" ID="r1l60_3" STYLEREFS="FONT0"/>
            <SP HEIGHT="50" WIDTH="14" VPOS="1340" HPOS="368"/>
            <String HEIGHT="50" WIDTH="144" VPOS="1340" HPOS="325" CONTENT="Paris," ID="r1l60_4" STYLEREFS="FONT0"/>
            <SP HEIGHT="50" WIDTH="14" VPOS="1340" HPOS="468"/>
            <String HEIGHT="50" WIDTH="86" VPOS="1340" HPOS="425" CONTENT="20" ID="r1l60_5" STYLEREFS="FONT0"/>
            <SP HEIGHT="50" WIDTH="14" VPOS="1340" HPOS="512"/>
            <String HEIGHT="50" WIDTH="115" VPOS="1340" HPOS="468" CONTENT="août" ID="r1l60_6" STYLEREFS="FONT0"/>
            <SP HEIGHT="50" WIDTH="14" VPOS="1340" HPOS="583"/>
            <String HEIGHT="50" WIDTH="129" VPOS="1340" HPOS="540" CONTENT="1792," ID="r1l60_7" STYLEREFS="FONT0"/>
            <SP HEIGHT="50" WIDTH="14" VPOS="1340" HPOS="670"/>
            <String HEIGHT="50" WIDTH="101" VPOS="1340" HPOS="626" CONTENT="3/4" ID="r1l60_8" STYLEREFS="FONT0"/>
            <SP HEIGHT="50" WIDTH="14" VPOS="1340" HPOS="727"/>
            <String HEIGHT="50" WIDTH="86" VPOS="1340" HPOS="684" CONTENT="de" ID="r1l60_9" STYLEREFS="FONT0"/>
            <SP HEIGHT="50" WIDTH="14" VPOS="1340" HPOS="770"/>
            <String HEIGHT="50" WIDTH="86" VPOS="1340" HPOS="727" CONTENT="p." ID="r1l60_10" STYLEREFS="FONT0"/>
            <SP HEIGHT="50" WIDTH="14" VPOS="1340" HPOS="813"/>
            <String HEIGHT="50" WIDTH="172" VPOS="1340" HPOS="770" CONTENT="in-fol.," ID="r1l60_11" STYLEREFS="FONT0"/>
            <SP HEIGHT="50" WIDTH="14" VPOS="1340" HPOS="942"/>
            <String HEIGHT="50" WIDTH="115" VPOS="1340" HPOS="899" CONTENT="vig." ID="r1l60_12" STYLEREFS="FONT0"/>
            <SP HEIGHT="50" WIDTH="14" VPOS="1340" HPOS="1014"/>
            <String HEIGHT="50" WIDTH="86" VPOS="1340" HPOS="971" CONTENT="et" ID="r1l60_13" STYLEREFS="FONT0"/>
            <SP HEIGHT="50" WIDTH="14" VPOS="1340" HPOS="1057"/>
            <String HEIGHT="50" WIDTH="86" VPOS="1340" HPOS="1000" CONTENT="tête" ID="r1l60_14" STYLEREFS="FONT0"/>
          </TextLine>
          <TextLine ID="r1l62" BASELINE="1443" HEIGHT="65" WIDTH="103" VPOS="1378" HPOS="154">
            <String HEIGHT="65" WIDTH="103" VPOS="1378" HPOS="143" CONTENT="impr." ID="r1l62_1" STYLEREFS="FONT0"/>
            <SP HEIGHT="65" WIDTH="11" VPOS="1378" HPOS="246"/>
            <String HEIGHT="65" WIDTH="57" VPOS="1378" HPOS="211" CONTENT="3" ID="r1l62_2" STYLEREFS="FONT0"/>
            <SP HEIGHT="65" WIDTH="11" VPOS="1378" HPOS="268"/>
            <String HEIGHT="65" WIDTH="34" VPOS="1378" HPOS="223" CONTENT="»" ID="r1l62_3" STYLEREFS="FONT0"/>
          </TextLine>
          <TextLine ID="r1l63" BASELINE="1557" HEIGHT="68" WIDTH="165" VPOS="1489" HPOS="536">
            <String HEIGHT="68" WIDTH="206" VPOS="1489" HPOS="495" CONTENT="GÉNÉRAUX" ID="r1l63_1" STYLEREFS="FONT0"/>
          </TextLine>
          <TextLine ID="r1l64" BASELINE="1620" HEIGHT="64" WIDTH="1045" VPOS="1556" HPOS="164">
            <String HEIGHT="64" WIDTH="166" VPOS="1556" HPOS="147" CONTENT="27601." ID="r1l64_1" STYLEREFS="FONT0"/>
            <SP HEIGHT="64" WIDTH="17" VPOS="1556" HPOS="313"/>
            <String HEIGHT="64" WIDTH="249" VPOS="1556" HPOS="264" CONTENT="BARBANÈGRE," ID="r1l64_2" STYLEREFS="FONT0"/>
            <SP HEIGHT="64" WIDTH="17" VPOS="1556" HPOS="512"/>
            <String HEIGHT="64" WIDTH="199" VPOS="1556" HPOS="463" CONTENT="général," ID="r1l64_3" STYLEREFS="FONT0"/>
            <SP HEIGHT="64" WIDTH="17" VPOS="1556" HPOS="662"/>
            <String HEIGHT="64" WIDTH="116" VPOS="1556" HPOS="612" CONTENT="qui" ID="r1l64_4" STYLEREFS="FONT0"/>
            <SP HEIGHT="64" WIDTH="17" VPOS="1556" HPOS="728"/>
            <String HEIGHT="64" WIDTH="232" VPOS="1556" HPOS="678" CONTENT="s’illustra" ID="r1l64_5" STYLEREFS="FONT0"/>
            <SP HEIGHT="64" WIDTH="17" VPOS="1556" HPOS="910"/>
            <String HEIGHT="64" WIDTH="116" VPOS="1556" HPOS="861" CONTENT="par" ID="r1l64_6" STYLEREFS="FONT0"/>
            <SP HEIGHT="64" WIDTH="17" VPOS="1556" HPOS="977"/>
            <String HEIGHT="64" WIDTH="116" VPOS="1556" HPOS="927" CONTENT="son" ID="r1l64_7" STYLEREFS="FONT0"/>
            <SP HEIGHT="64" WIDTH="17" VPOS="1556" HPOS="1043"/>
            <String HEIGHT="64" WIDTH="199" VPOS="1556" HPOS="993" CONTENT="héroïque" ID="r1l64_8" STYLEREFS="FONT0"/>
            <SP HEIGHT="64" WIDTH="17" VPOS="1556" HPOS="1192"/>
            <String HEIGHT="64" WIDTH="83" VPOS="1556" HPOS="1126" CONTENT="dé" SUBS_TYPE="HypPart1" SUBS_CONTENT="défense" ID="r1l64_9" STYLEREFS="FONT0"/>
            <HYP CONTENT="-"/>
          </TextLine>
          <TextLine ID="r1l66" BASELINE="1663" HEIGHT="47" WIDTH="1045" VPOS="1616" HPOS="162">
            <String HEIGHT="47" WIDTH="177" VPOS="1616" HPOS="142" CONTENT="fense" SUBS_TYPE="HypPart2" SUBS_CONTENT="défense" ID="r1l66_1" STYLEREFS="FONT0"/>
            <SP HEIGHT="47" WIDTH="20" VPOS="1616" HPOS="320"/>
            <String HEIGHT="47" WIDTH="276" VPOS="1616" HPOS="261" CONTENT="d’Huningue" ID="r1l66_2" STYLEREFS="FONT0"/>
            <SP HEIGHT="47" WIDTH="20" VPOS="1616" HPOS="537"/>
            <String HEIGHT="47" WIDTH="118" VPOS="1616" HPOS="477" CONTENT="en" ID="r1l66_3" STYLEREFS="FONT0"/>
            <SP HEIGHT="47" WIDTH="20" VPOS="1616" HPOS="596"/>
            <String HEIGHT="47" WIDTH="177" VPOS="1616" HPOS="537" CONTENT="1815." ID="r1l66_4" STYLEREFS="FONT0"/>
            <SP HEIGHT="47" WIDTH="20" VPOS="1616" HPOS="714"/>
            <String HEIGHT="47" WIDTH="99" VPOS="1616" HPOS="655" CONTENT="—" ID="r1l66_5" STYLEREFS="FONT0"/>
            <SP HEIGHT="47" WIDTH="20" VPOS="1616" HPOS="754"/>
            <String HEIGHT="47" WIDTH="118" VPOS="1616" HPOS="694" CONTENT="L." ID="r1l66_6" STYLEREFS="FONT0"/>
            <SP HEIGHT="47" WIDTH="20" VPOS="1616" HPOS="813"/>
            <String HEIGHT="47" WIDTH="118" VPOS="1616" HPOS="754" CONTENT="a." ID="r1l66_7" STYLEREFS="FONT0"/>
            <SP HEIGHT="47" WIDTH="20" VPOS="1616" HPOS="872"/>
            <String HEIGHT="47" WIDTH="138" VPOS="1616" HPOS="813" CONTENT="s.;" ID="r1l66_8" STYLEREFS="FONT0"/>
            <SP HEIGHT="47" WIDTH="20" VPOS="1616" HPOS="951"/>
            <String HEIGHT="47" WIDTH="197" VPOS="1616" HPOS="892" CONTENT="Paris," ID="r1l66_9" STYLEREFS="FONT0"/>
            <SP HEIGHT="47" WIDTH="20" VPOS="1616" HPOS="1089"/>
            <String HEIGHT="47" WIDTH="118" VPOS="1616" HPOS="1030" CONTENT="14" ID="r1l66_10" STYLEREFS="FONT0"/>
            <SP HEIGHT="47" WIDTH="20" VPOS="1616" HPOS="1148"/>
            <String HEIGHT="47" WIDTH="138" VPOS="1616" HPOS="1069" CONTENT="janv." ID="r1l66_11" STYLEREFS="FONT0"/>
          </TextLine>
          <TextLine ID="r1l67" BASELINE="1709" HEIGHT="54" WIDTH="452" VPOS="1655" HPOS="162">
            <String HEIGHT="54" WIDTH="110" VPOS="1655" HPOS="150" CONTENT="1815," ID="r1l67_1" STYLEREFS="FONT0"/>
            <SP HEIGHT="54" WIDTH="12" VPOS="1655" HPOS="260"/>
            <String HEIGHT="54" WIDTH="61" VPOS="1655" HPOS="223" CONTENT="1" ID="r1l67_2" STYLEREFS="FONT0"/>
            <SP HEIGHT="54" WIDTH="12" VPOS="1655" HPOS="284"/>
            <String HEIGHT="54" WIDTH="73" VPOS="1655" HPOS="248" CONTENT="p." ID="r1l67_3" STYLEREFS="FONT0"/>
            <SP HEIGHT="54" WIDTH="12" VPOS="1655" HPOS="321"/>
            <String HEIGHT="54" WIDTH="86" VPOS="1655" HPOS="284" CONTENT="3/4" ID="r1l67_4" STYLEREFS="FONT0"/>
            <SP HEIGHT="54" WIDTH="12" VPOS="1655" HPOS="370"/>
            <String HEIGHT="54" WIDTH="110" VPOS="1655" HPOS="333" CONTENT="in-4." ID="r1l67_5" STYLEREFS="FONT0"/>
            <SP HEIGHT="54" WIDTH="12" VPOS="1655" HPOS="443"/>
            <String HEIGHT="54" WIDTH="195" VPOS="1655" HPOS="406" CONTENT="Rare" ID="r1l67_6" STYLEREFS="FONT2"/>
            <SP HEIGHT="54" WIDTH="12" VPOS="1655" HPOS="602"/>
            <String HEIGHT="54" WIDTH="61" VPOS="1655" HPOS="565" CONTENT="6" ID="r1l67_7" STYLEREFS="FONT0"/>
            <SP HEIGHT="54" WIDTH="12" VPOS="1655" HPOS="626"/>
            <String HEIGHT="54" WIDTH="37" VPOS="1655" HPOS="577" CONTENT="»" ID="r1l67_8" STYLEREFS="FONT0"/>
          </TextLine>
          <TextLine ID="r1l69" BASELINE="1733" HEIGHT="49" WIDTH="1014" VPOS="1684" HPOS="196">
            <String HEIGHT="49" WIDTH="83" VPOS="1684" HPOS="182" CONTENT="Il" ID="r1l69_1" STYLEREFS="FONT0"/>
            <SP HEIGHT="49" WIDTH="14" VPOS="1684" HPOS="265"/>
            <String HEIGHT="49" WIDTH="153" VPOS="1684" HPOS="224" CONTENT="refuse," ID="r1l69_2" STYLEREFS="FONT0"/>
            <SP HEIGHT="49" WIDTH="14" VPOS="1684" HPOS="377"/>
            <String HEIGHT="49" WIDTH="83" VPOS="1684" HPOS="335" CONTENT="en" ID="r1l69_3" STYLEREFS="FONT0"/>
            <SP HEIGHT="49" WIDTH="14" VPOS="1684" HPOS="418"/>
            <String HEIGHT="49" WIDTH="83" VPOS="1684" HPOS="377" CONTENT="se" ID="r1l69_4" STYLEREFS="FONT0"/>
            <SP HEIGHT="49" WIDTH="14" VPOS="1684" HPOS="460"/>
            <String HEIGHT="49" WIDTH="153" VPOS="1684" HPOS="418" CONTENT="fondant" ID="r1l69_5" STYLEREFS="FONT0"/>
            <SP HEIGHT="49" WIDTH="14" VPOS="1684" HPOS="571"/>
            <String HEIGHT="49" WIDTH="97" VPOS="1684" HPOS="529" CONTENT="sur" ID="r1l69_6" STYLEREFS="FONT0"/>
            <SP HEIGHT="49" WIDTH="14" VPOS="1684" HPOS="627"/>
            <String HEIGHT="49" WIDTH="83" VPOS="1684" HPOS="585" CONTENT="sa" ID="r1l69_7" STYLEREFS="FONT0"/>
            <SP HEIGHT="49" WIDTH="14" VPOS="1684" HPOS="668"/>
            <String HEIGHT="49" WIDTH="167" VPOS="1684" HPOS="627" CONTENT="mauvaise" ID="r1l69_8" STYLEREFS="FONT0"/>
            <SP HEIGHT="49" WIDTH="14" VPOS="1684" HPOS="793"/>
            <String HEIGHT="49" WIDTH="139" VPOS="1684" HPOS="752" CONTENT="santé," ID="r1l69_9" STYLEREFS="FONT0"/>
            <SP HEIGHT="49" WIDTH="14" VPOS="1684" HPOS="891"/>
            <String HEIGHT="49" WIDTH="97" VPOS="1684" HPOS="849" CONTENT="les" ID="r1l69_10" STYLEREFS="FONT0"/>
            <SP HEIGHT="49" WIDTH="14" VPOS="1684" HPOS="946"/>
            <String HEIGHT="49" WIDTH="181" VPOS="1684" HPOS="904" CONTENT="fonctions" ID="r1l69_11" STYLEREFS="FONT0"/>
            <SP HEIGHT="49" WIDTH="14" VPOS="1684" HPOS="1085"/>
            <String HEIGHT="49" WIDTH="181" VPOS="1684" HPOS="1043" CONTENT="d’adjoint" ID="r1l69_12" STYLEREFS="FONT0"/>
            <SP HEIGHT="49" WIDTH="14" VPOS="1684" HPOS="1224"/>
            <String HEIGHT="49" WIDTH="42" VPOS="1684" HPOS="1168" CONTENT="à" ID="r1l69_13" STYLEREFS="FONT0"/>
          </TextLine>
          <TextLine ID="r1l70" BASELINE="1777" HEIGHT="52" WIDTH="459" VPOS="1725" HPOS="166">
            <String HEIGHT="52" WIDTH="210" VPOS="1725" HPOS="153" CONTENT="l’inspection" ID="r1l70_1" STYLEREFS="FONT0"/>
            <SP HEIGHT="52" WIDTH="13" VPOS="1725" HPOS="363"/>
            <String HEIGHT="52" WIDTH="157" VPOS="1725" HPOS="323" CONTENT="générale" ID="r1l70_2" STYLEREFS="FONT0"/>
            <SP HEIGHT="52" WIDTH="13" VPOS="1725" HPOS="481"/>
            <String HEIGHT="52" WIDTH="79" VPOS="1725" HPOS="441" CONTENT="de" ID="r1l70_3" STYLEREFS="FONT0"/>
            <SP HEIGHT="52" WIDTH="13" VPOS="1725" HPOS="520"/>
            <String HEIGHT="52" WIDTH="157" VPOS="1725" HPOS="468" CONTENT="cavalerie." ID="r1l70_4" STYLEREFS="FONT0"/>
          </TextLine>
          <TextLine ID="r1l71" BASELINE="1824" HEIGHT="74" WIDTH="542" VPOS="1750" HPOS="666">
            <String HEIGHT="74" WIDTH="90" VPOS="1750" HPOS="657" CONTENT="27602." ID="r1l71_1" STYLEREFS="FONT0"/>
            <SP HEIGHT="74" WIDTH="9" VPOS="1750" HPOS="747"/>
            <String HEIGHT="74" WIDTH="136" VPOS="1750" HPOS="720" CONTENT="BEAUHARNAIS" ID="r1l71_2" STYLEREFS="FONT0"/>
            <SP HEIGHT="74" WIDTH="9" VPOS="1750" HPOS="856"/>
            <String HEIGHT="74" WIDTH="90" VPOS="1750" HPOS="829" CONTENT="(Alex." ID="r1l71_3" STYLEREFS="FONT0"/>
            <SP HEIGHT="74" WIDTH="9" VPOS="1750" HPOS="919"/>
            <String HEIGHT="74" WIDTH="72" VPOS="1750" HPOS="892" CONTENT="de)," ID="r1l71_4" STYLEREFS="FONT0"/>
            <SP HEIGHT="74" WIDTH="9" VPOS="1750" HPOS="964"/>
            <String HEIGHT="74" WIDTH="99" VPOS="1750" HPOS="937" CONTENT="général" ID="r1l71_5" STYLEREFS="FONT0"/>
            <SP HEIGHT="74" WIDTH="9" VPOS="1750" HPOS="1036"/>
            <String HEIGHT="74" WIDTH="54" VPOS="1750" HPOS="1009" CONTENT="en" ID="r1l71_6" STYLEREFS="FONT0"/>
            <SP HEIGHT="74" WIDTH="9" VPOS="1750" HPOS="1063"/>
            <String HEIGHT="74" WIDTH="81" VPOS="1750" HPOS="1036" CONTENT="chef," ID="r1l71_7" STYLEREFS="FONT0"/>
            <SP HEIGHT="74" WIDTH="9" VPOS="1750" HPOS="1118"/>
            <String HEIGHT="74" WIDTH="99" VPOS="1750" HPOS="1091" CONTENT="premier" ID="r1l71_8" STYLEREFS="FONT0"/>
            <SP HEIGHT="74" WIDTH="9" VPOS="1750" HPOS="1190"/>
            <String HEIGHT="74" WIDTH="54" VPOS="1750" HPOS="1154" CONTENT="mari" ID="r1l71_9" STYLEREFS="FONT0"/>
          </TextLine>
          <TextLine ID="r1l74" BASELINE="1857" HEIGHT="60" WIDTH="484" VPOS="1797" HPOS="163">
            <String HEIGHT="60" WIDTH="51" VPOS="1797" HPOS="155" CONTENT="de" ID="r1l74_1" STYLEREFS="FONT0"/>
            <SP HEIGHT="60" WIDTH="8" VPOS="1797" HPOS="205"/>
            <String HEIGHT="60" WIDTH="144" VPOS="1797" HPOS="180" CONTENT="l’impératrice" ID="r1l74_2" STYLEREFS="FONT0"/>
            <SP HEIGHT="60" WIDTH="8" VPOS="1797" HPOS="324"/>
            <String HEIGHT="60" WIDTH="119" VPOS="1797" HPOS="299" CONTENT="Joséphine," ID="r1l74_3" STYLEREFS="FONT0"/>
            <SP HEIGHT="60" WIDTH="8" VPOS="1797" HPOS="418"/>
            <String HEIGHT="60" WIDTH="102" VPOS="1797" HPOS="392" CONTENT="décapité" ID="r1l74_4" STYLEREFS="FONT0"/>
            <SP HEIGHT="60" WIDTH="8" VPOS="1797" HPOS="494"/>
            <String HEIGHT="60" WIDTH="51" VPOS="1797" HPOS="469" CONTENT="en" ID="r1l74_5" STYLEREFS="FONT0"/>
            <SP HEIGHT="60" WIDTH="8" VPOS="1797" HPOS="520"/>
            <String HEIGHT="60" WIDTH="76" VPOS="1797" HPOS="494" CONTENT="1794." ID="r1l74_6" STYLEREFS="FONT0"/>
            <SP HEIGHT="60" WIDTH="8" VPOS="1797" HPOS="571"/>
            <String HEIGHT="60" WIDTH="42" VPOS="1797" HPOS="545" CONTENT="—" ID="r1l74_7" STYLEREFS="FONT0"/>
            <SP HEIGHT="60" WIDTH="8" VPOS="1797" HPOS="588"/>
            <String HEIGHT="60" WIDTH="51" VPOS="1797" HPOS="562" CONTENT="P." ID="r1l74_8" STYLEREFS="FONT0"/>
            <SP HEIGHT="60" WIDTH="8" VPOS="1797" HPOS="613"/>
            <String HEIGHT="60" WIDTH="51" VPOS="1797" HPOS="588" CONTENT="a." ID="r1l74_9" STYLEREFS="FONT0"/>
            <SP HEIGHT="60" WIDTH="8" VPOS="1797" HPOS="639"/>
            <String HEIGHT="60" WIDTH="42" VPOS="1797" HPOS="605" CONTENT="s.;" ID="r1l74_10" STYLEREFS="FONT0"/>
          </TextLine>
          <TextLine ID="r1l79" BASELINE="1898" HEIGHT="50" WIDTH="477" VPOS="1848" HPOS="162">
            <String HEIGHT="50" WIDTH="166" VPOS="1848" HPOS="151" CONTENT="Strasbourg," ID="r1l79_1" STYLEREFS="FONT0"/>
            <SP HEIGHT="50" WIDTH="11" VPOS="1848" HPOS="317"/>
            <String HEIGHT="50" WIDTH="67" VPOS="1848" HPOS="284" CONTENT="19" ID="r1l79_2" STYLEREFS="FONT0"/>
            <SP HEIGHT="50" WIDTH="11" VPOS="1848" HPOS="351"/>
            <String HEIGHT="50" WIDTH="89" VPOS="1848" HPOS="317" CONTENT="fév." ID="r1l79_3" STYLEREFS="FONT0"/>
            <SP HEIGHT="50" WIDTH="11" VPOS="1848" HPOS="406"/>
            <String HEIGHT="50" WIDTH="100" VPOS="1848" HPOS="373" CONTENT="1793," ID="r1l79_4" STYLEREFS="FONT0"/>
            <SP HEIGHT="50" WIDTH="11" VPOS="1848" HPOS="473"/>
            <String HEIGHT="50" WIDTH="55" VPOS="1848" HPOS="439" CONTENT="1" ID="r1l79_5" STYLEREFS="FONT0"/>
            <SP HEIGHT="50" WIDTH="11" VPOS="1848" HPOS="495"/>
            <String HEIGHT="50" WIDTH="67" VPOS="1848" HPOS="462" CONTENT="p." ID="r1l79_6" STYLEREFS="FONT0"/>
            <SP HEIGHT="50" WIDTH="11" VPOS="1848" HPOS="528"/>
            <String HEIGHT="50" WIDTH="122" VPOS="1848" HPOS="495" CONTENT="in-fol." ID="r1l79_7" STYLEREFS="FONT0"/>
            <SP HEIGHT="50" WIDTH="11" VPOS="1848" HPOS="617"/>
            <String HEIGHT="50" WIDTH="67" VPOS="1848" HPOS="584" CONTENT="10" ID="r1l79_8" STYLEREFS="FONT0"/>
            <SP HEIGHT="50" WIDTH="11" VPOS="1848" HPOS="650"/>
            <String HEIGHT="50" WIDTH="33" VPOS="1848" HPOS="606" CONTENT="»" ID="r1l79_9" STYLEREFS="FONT0"/>
          </TextLine>
          <TextLine ID="r1l80" BASELINE="1931" HEIGHT="53" WIDTH="467" VPOS="1878" HPOS="652">
            <String HEIGHT="53" WIDTH="73" VPOS="1878" HPOS="645" CONTENT="Demande" ID="r1l80_1" STYLEREFS="FONT0"/>
            <SP HEIGHT="53" WIDTH="7" VPOS="1878" HPOS="719"/>
            <String HEIGHT="53" WIDTH="107" VPOS="1878" HPOS="699" CONTENT="d’avancement" ID="r1l80_2" STYLEREFS="FONT0"/>
            <SP HEIGHT="53" WIDTH="7" VPOS="1878" HPOS="805"/>
            <String HEIGHT="53" WIDTH="40" VPOS="1878" HPOS="785" CONTENT="en" ID="r1l80_3" STYLEREFS="FONT0"/>
            <SP HEIGHT="53" WIDTH="7" VPOS="1878" HPOS="825"/>
            <String HEIGHT="53" WIDTH="67" VPOS="1878" HPOS="805" CONTENT="faveur" ID="r1l80_4" STYLEREFS="FONT0"/>
            <SP HEIGHT="53" WIDTH="7" VPOS="1878" HPOS="872"/>
            <String HEIGHT="53" WIDTH="47" VPOS="1878" HPOS="852" CONTENT="des" ID="r1l80_5" STYLEREFS="FONT0"/>
            <SP HEIGHT="53" WIDTH="7" VPOS="1878" HPOS="899"/>
            <String HEIGHT="53" WIDTH="93" VPOS="1878" HPOS="879" CONTENT="capitaines" ID="r1l80_6" STYLEREFS="FONT0"/>
            <SP HEIGHT="53" WIDTH="7" VPOS="1878" HPOS="972"/>
            <String HEIGHT="53" WIDTH="67" VPOS="1878" HPOS="952" CONTENT="Mallet" ID="r1l80_7" STYLEREFS="FONT0"/>
            <SP HEIGHT="53" WIDTH="7" VPOS="1878" HPOS="1019"/>
            <String HEIGHT="53" WIDTH="40" VPOS="1878" HPOS="999" CONTENT="et" ID="r1l80_8" STYLEREFS="FONT0"/>
            <SP HEIGHT="53" WIDTH="7" VPOS="1878" HPOS="1039"/>
            <String HEIGHT="53" WIDTH="87" VPOS="1878" HPOS="1019" CONTENT="Boursier." ID="r1l80_9" STYLEREFS="FONT0"/>
            <SP HEIGHT="53" WIDTH="7" VPOS="1878" HPOS="1106"/>
            <String HEIGHT="53" WIDTH="33" VPOS="1878" HPOS="1086" CONTENT="—" ID="r1l80_10" STYLEREFS="FONT0"/>
            <SP HEIGHT="53" WIDTH="7" VPOS="1878" HPOS="1119"/>
            <String HEIGHT="53" WIDTH="27" VPOS="1878" HPOS="1092" CONTENT="La" ID="r1l80_11" STYLEREFS="FONT0"/>
          </TextLine>
          <TextLine ID="r1l83" BASELINE="1960" HEIGHT="40" WIDTH="923" VPOS="1920" HPOS="162">
            <String HEIGHT="40" WIDTH="120" VPOS="1920" HPOS="149" CONTENT="pièce" ID="r1l83_1" STYLEREFS="FONT0"/>
            <SP HEIGHT="40" WIDTH="13" VPOS="1920" HPOS="269"/>
            <String HEIGHT="40" WIDTH="94" VPOS="1920" HPOS="229" CONTENT="est" ID="r1l83_2" STYLEREFS="FONT0"/>
            <SP HEIGHT="40" WIDTH="13" VPOS="1920" HPOS="323"/>
            <String HEIGHT="40" WIDTH="187" VPOS="1920" HPOS="282" CONTENT="apostillée" ID="r1l83_3" STYLEREFS="FONT0"/>
            <SP HEIGHT="40" WIDTH="13" VPOS="1920" HPOS="470"/>
            <String HEIGHT="40" WIDTH="94" VPOS="1920" HPOS="430" CONTENT="par" ID="r1l83_4" STYLEREFS="FONT0"/>
            <SP HEIGHT="40" WIDTH="13" VPOS="1920" HPOS="523"/>
            <String HEIGHT="40" WIDTH="94" VPOS="1920" HPOS="483" CONTENT="les" ID="r1l83_5" STYLEREFS="FONT0"/>
            <SP HEIGHT="40" WIDTH="13" VPOS="1920" HPOS="577"/>
            <String HEIGHT="40" WIDTH="227" VPOS="1920" HPOS="537" CONTENT="représentants" ID="r1l83_6" STYLEREFS="FONT0"/>
            <SP HEIGHT="40" WIDTH="13" VPOS="1920" HPOS="764"/>
            <String HEIGHT="40" WIDTH="120" VPOS="1920" HPOS="724" CONTENT="Blaux" ID="r1l83_7" STYLEREFS="FONT0"/>
            <SP HEIGHT="40" WIDTH="13" VPOS="1920" HPOS="844"/>
            <String HEIGHT="40" WIDTH="80" VPOS="1920" HPOS="804" CONTENT="et" ID="r1l83_8" STYLEREFS="FONT0"/>
            <SP HEIGHT="40" WIDTH="13" VPOS="1920" HPOS="884"/>
            <String HEIGHT="40" WIDTH="107" VPOS="1920" HPOS="844" CONTENT="Séb." ID="r1l83_9" STYLEREFS="FONT0"/>
            <SP HEIGHT="40" WIDTH="13" VPOS="1920" HPOS="951"/>
            <String HEIGHT="40" WIDTH="80" VPOS="1920" HPOS="911" CONTENT="de" ID="r1l83_10" STYLEREFS="FONT0"/>
            <SP HEIGHT="40" WIDTH="13" VPOS="1920" HPOS="991"/>
            <String HEIGHT="40" WIDTH="80" VPOS="1920" HPOS="951" CONTENT="La" ID="r1l83_11" STYLEREFS="FONT0"/>
            <SP HEIGHT="40" WIDTH="13" VPOS="1920" HPOS="1031"/>
            <String HEIGHT="40" WIDTH="107" VPOS="1920" HPOS="978" CONTENT="Porte." ID="r1l83_12" STYLEREFS="FONT0"/>
          </TextLine>
          <TextLine ID="r1l85" BASELINE="2008" HEIGHT="68" WIDTH="1102" VPOS="1940" HPOS="23">
            <String HEIGHT="68" WIDTH="175" VPOS="1940" HPOS="6" CONTENT="27603." ID="r1l85_1" STYLEREFS="FONT0"/>
            <SP HEIGHT="68" WIDTH="17" VPOS="1940" HPOS="180"/>
            <String HEIGHT="68" WIDTH="192" VPOS="1940" HPOS="128" CONTENT="BEAUPUY" ID="r1l85_2" STYLEREFS="FONT0"/>
            <SP HEIGHT="68" WIDTH="17" VPOS="1940" HPOS="320"/>
            <String HEIGHT="68" WIDTH="227" VPOS="1940" HPOS="268" CONTENT="(Michel)," ID="r1l85_3" STYLEREFS="FONT0"/>
            <SP HEIGHT="68" WIDTH="17" VPOS="1940" HPOS="495"/>
            <String HEIGHT="68" WIDTH="210" VPOS="1940" HPOS="443" CONTENT="général," ID="r1l85_4" STYLEREFS="FONT0"/>
            <SP HEIGHT="68" WIDTH="17" VPOS="1940" HPOS="653"/>
            <String HEIGHT="68" WIDTH="122" VPOS="1940" HPOS="600" CONTENT="qui" ID="r1l85_5" STYLEREFS="FONT0"/>
            <SP HEIGHT="68" WIDTH="17" VPOS="1940" HPOS="723"/>
            <String HEIGHT="68" WIDTH="245" VPOS="1940" HPOS="670" CONTENT="s’illustra" ID="r1l85_6" STYLEREFS="FONT0"/>
            <SP HEIGHT="68" WIDTH="17" VPOS="1940" HPOS="915"/>
            <String HEIGHT="68" WIDTH="105" VPOS="1940" HPOS="863" CONTENT="en" ID="r1l85_7" STYLEREFS="FONT0"/>
            <SP HEIGHT="68" WIDTH="17" VPOS="1940" HPOS="968"/>
            <String HEIGHT="68" WIDTH="192" VPOS="1940" HPOS="915" CONTENT="Vendée," ID="r1l85_8" STYLEREFS="FONT0"/>
            <SP HEIGHT="68" WIDTH="17" VPOS="1940" HPOS="1108"/>
            <String HEIGHT="68" WIDTH="87" VPOS="1940" HPOS="1038" CONTENT="tué" ID="r1l85_9" STYLEREFS="FONT0"/>
          </TextLine>
        </TextBlock>
      </PrintSpace>
    </Page>
  </Layout>
</alto>
