1264 2092
526 12 128 72 —
578 12 128 72 7
603 12 77 72 —

202 86 79 62 —
234 86 94 62 L.
281 86 94 62 a.
328 86 94 62 s.
375 86 79 62 à
407 86 94 62 M.
454 86 189 62 Capelle;
595 86 94 62 20
642 86 189 62 floréal,
784 86 110 62 1/2
846 86 94 62 p.
894 86 141 62 in-8.
972 86 220 62 Pare

1075 140 80 53 12
1101 140 40 53 »

145 174 161 54 27841.
258 174 177 54 PEIGNOT
387 174 226 54 (Gabriel),
564 174 97 54 le
612 174 161 54 fécond
725 174 274 54 bibliographe.
951 174 81 54 —
983 174 97 54 L.
1031 174 97 54 a.
1079 174 97 54 s.
1112 174 48 54 à

148 222 194 50 Amanton;
293 222 97 50 11
341 222 145 50 avril
438 222 145 50 1833,
535 222 81 50 3
567 222 97 50 p.
616 222 145 50 in-4.
712 222 81 50 5
729 222 48 50 »

175 259 149 41 Curieux
284 259 149 41 détails
392 259 95 41 sur
446 259 81 41 le
487 259 135 41 départ
582 259 95 41 des
636 259 176 41 Polonais,
771 259 217 41 l’archevêque
947 259 81 41 de
988 259 176 41 Besançon,
1110 259 81 41 etc.

148 292 68 57 27842.
196 292 75 57 RÉMUSAT
250 292 54 57 (Ch.
284 292 54 57 de).
318 292 41 57 L.
338 292 41 57 a.
359 292 48 57 s.,
386 292 34 57 3
400 292 41 57 p.
420 292 61 57 in-8.
461 292 34 57 2
468 292 20 57 »

146 331 138 56 27843.
243 331 111 56 SAND
312 331 180 56 (George).
450 331 69 56 —
478 331 97 56 L.,
533 331 83 56 a.
575 331 97 56 s.;
630 331 193 56 Palaiseau,
782 331 83 56 16
823 331 111 56 oct.
892 331 124 56 1865,
975 331 97 56 3/4
1017 331 55 56 de

155 374 61 58 p.
185 374 92 58 in-8.
247 374 61 58 15
267 374 31 58 »

184 389 98 68 Frès
245 389 111 68 jolie
319 389 123 68 lettre
405 389 74 68 où
442 389 74 68 il
479 389 147 68 remercie
589 389 86 68 son
638 389 135 68 cher
736 389 160 68 frère
859 389 98 68 d’un
921 389 135 68 article
1019 389 61 68 à
1044 389 74 68 sa
1068 389 123 68 louange.

143 445 90 43 «Le
195 445 116 43 grand
272 445 90 43 cas
323 445 90 43 que
374 445 103 43 vous
439 445 129 43 faites
529 445 77 43 de
567 445 90 43 moi
619 445 90 43 est
670 445 154 43 toujours
786 445 90 43 une
837 445 129 43 gloire
927 445 77 43 et
966 445 103 43 j’en
1030 445 103 43 suis
1081 445 116 43 fière.»

147 479 143 46 27844.
247 479 214 46 TOCQUEVILLE
418 479 157 46 (Alexis
532 479 114 46 de).
603 479 71 46 —
631 479 86 46 L.
674 479 86 46 a.
717 479 100 46 s.,
774 479 100 46 1/2
831 479 86 46 p.
874 479 128 46 in-8.
959 479 71 46 2
973 479 43 46 »

152 520 147 50 27845.
255 520 132 50 VIGNY
343 520 162 50 (Alfred
461 520 118 50 de).
535 520 74 50 —
564 520 147 50 Les
667 520 118 50 deux
740 520 235 50 courans
931 520 132 50 pièce
1005 520 191 50 autographe;

149 558 95 53 18
197 558 174 53 janvier
323 558 142 53 1843,
418 558 111 53 3/4
481 558 95 53 de
529 558 95 53 p.
576 558 142 53 in-4.
671 558 253 53 Intéressante
877 558 158 53 pièce.
988 558 79 53 5
1004 558 47 53 »

151 601 141 45 27846.
249 601 169 45 WOLOWSKI
376 601 127 45 (L.),
460 601 211 45 économiste,
629 601 141 45 membre
728 601 84 45 de
770 601 211 45 l’Institut.
938 601 70 45 —
967 601 84 45 L.
995 601 56 45 a.

151 639 85 67 s.,
199 639 61 67 1
224 639 73 67 p.
260 639 109 67 in-8.
333 639 61 67 1
345 639 49 67 75

498 693 192 70 DIVERS

148 756 171 62 27847.
267 756 239 62 ANTOMARCHI
455 756 171 62 (Fr.),
575 756 188 62 médecin
711 756 102 62 de
762 756 205 62 Napoléon
916 756 119 62 Ier
984 756 85 62 à
1001 756 205 62 Sainte-

294 813 122 50 lène.
376 813 68 50 —
403 813 163 50 Copie
525 813 122 50 d’une
607 813 136 50 lettre
702 813 163 50 adressée
824 813 82 50 au
865 813 95 50 Roi
920 813 95 50 des
974 813 163 50 Français
1083 813 122 50 par

139 843 143 60 le
234 843 95 60 Dr
282 843 302 60 Antomarch,
536 843 143 60 pièce
631 843 95 60 a.
679 843 111 60 s.;
743 843 159 60 Paris,
854 843 79 60 2
885 843 127 60 août
965 843 143 60 1833,
1060 843 79 60 1
1092 843 95 60 p.
1124 843 79 60 1/2

153 887 74 54 in-8.
202 887 41 54 7
210 887 33 54 50

174 916 89 51 Il
219 916 178 51 félicite
352 916 267 51 Louis-Philippe
575 916 89 51 de
620 916 193 51 l’hommage
768 916 134 51 rendu
857 916 74 51 à
887 916 178 51 Napoléon
1021 916 163 51 pendant
1125 916 74 51 les

145 962 123 37 fêtes
227 962 82 37 de
268 962 245 37 l’anniversaire
473 962 95 37 des
527 962 164 37 journées
650 962 82 37 de
691 962 150 37 juillet
800 962 82 37 et
841 962 82 37 il
882 962 150 37 demande
991 962 123 37 qu’on
1073 962 136 37 ramène
1154 962 55 37 en

147 993 151 36 France
252 993 105 36 les
313 993 166 36 cendres
433 993 90 36 du
478 993 136 36 grand
554 993 120 36 homme.

152 1019 161 56 27848.
264 1019 225 56 BESSIÈRES,
441 1019 113 56 duc
506 1019 209 56 d’Istrie,
666 1019 193 56 maréchal
811 1019 96 56 de
859 1019 177 56 France,
988 1019 113 56 tué
1052 1019 96 56 en
1084 1019 113 56 1813.

147 1065 80 54 L.
187 1065 80 54 a.
226 1065 93 54 s.,
279 1065 93 54 1/2
332 1065 80 54 p.
372 1065 119 54 in-4.
452 1065 66 54 3
465 1065 53 54 50

150 1106 118 45 27849.
233 1106 130 45 DECAEN,
327 1106 141 45 général,
433 1106 82 45 tué
480 1106 94 45 sous
539 1106 94 45 Metz
598 1106 71 45 en
633 1106 106 45 1870.
704 1106 59 45 —
727 1106 71 45 L.
763 1106 71 45 a.
798 1106 82 45 s.,
845 1106 59 45 2
857 1106 47 45 p.

149 1147 81 55 1/2
196 1147 104 55 in-4.
265 1147 58 55 5
276 1147 35 55 »

144 1184 156 51 27850.
254 1184 156 51 FROTTÉ
363 1184 156 51 (Louis
472 1184 125 51 de),
550 1184 172 51 célèbre
675 1184 172 51 général
799 1184 187 51 vendéen,
940 1184 172 51 fusillé
1065 1184 94 51 en
1096 1184 109 51 1800.

199 1228 75 53 —
229 1228 90 53 L.
274 1228 134 53 aut.,
363 1228 104 53 sig
423 1228 134 53 Z.
512 1228 90 53 de
557 1228 164 53 F.
677 1228 75 53 à
707 1228 90 53 M.
751 1228 194 53 Francisk;
901 1228 90 53 22
945 1228 134 53 août,
1035 1228 75 53 1
1065 1228 90 53 p.
1095 1228 104 53 in

1073 1267 155 50 20
1125 1267 77 50 »

176 1294 128 59 Pièce
261 1294 214 59 historique.
432 1294 85 59 Il
475 1294 157 59 annonce
589 1294 242 59 l’arrestation
788 1294 85 59 du
831 1294 199 59 malheureux
987 1294 157 59 Mandat.
1087 1294 114 59 «Cette

145 1343 177 36 nouvelle
278 1343 177 36 affreuse
411 1343 147 36 achève
514 1343 88 36 de
558 1343 177 36 détruire
691 1343 88 36 le
735 1343 133 36 parti
824 1343 88 36 du
868 1343 103 36 Roi
927 1343 118 36 sous
1001 1343 103 36 mes
1060 1343 147 36 ordres
1148 1343 59 36 en

150 1373 205 40 Normandie,
312 1373 88 40 et
356 1373 88 40 le
400 1373 117 40 bien
473 1373 132 40 cruel
561 1373 161 40 abandon
679 1373 88 40 où
723 1373 88 40 on
767 1373 88 40 le
811 1373 147 40 laisse
913 1373 147 40 depuis
1016 1373 88 40 si
1046 1373 161 40 longtemps

150 1410 140 53 devait
248 1410 239 53 naturellement
445 1410 126 53 finir
529 1410 98 53 par
585 1410 98 53 une
641 1410 211 53 catastrophe
810 1410 126 53 aussi
894 1410 168 53 fâcheuse
1020 1410 98 53 que
1063 1410 140 53 nuisible

147 1440 115 46 sous
219 1440 115 46 tous
291 1440 101 46 les
334 1440 173 46 rapports.»

157 1460 150 68 27851.
262 1460 180 68 GRIMOARD
397 1460 180 68 (Ph.-H.,
532 1460 135 68 comte
622 1460 105 68 de)
682 1460 180 68 général,
818 1460 165 68 éditeur
938 1460 105 68 des
983 1460 225 68 Œuvres

150 1512 132 55 de
239 1512 132 55 Louis
327 1512 162 55 XIV
445 1512 88 55 et
489 1512 103 55 des
548 1512 206 55 Levires
710 1512 88 55 et
754 1512 177 55 Mémoires
886 1512 88 55 de
930 1512 235 55 Turenne
1107 1512 44 55 —

146 1553 113 50 L.
203 1553 113 50 a.
259 1553 113 50 s.
316 1553 94 50 à
354 1553 113 50 un
410 1553 226 50 éditeur;
580 1553 245 50 Mézières,
768 1553 113 50 27
825 1553 151 50 août
919 1553 170 50 1780,
1032 1553 94 50 3
1070 1553 113 50 p.
1108 1553 94 50 1/2

157 1593 78 57 in-4.
210 1593 44 57 7
218 1593 35 57 50

182 1621 147 54 Lettre
285 1621 249 54 très-curieuse
490 1621 103 54 sur
549 1621 103 54 les
607 1621 220 54 changements
783 1621 103 54 que
842 1621 88 54 le
886 1621 176 54 ministre
1018 1621 88 54 de
1061 1621 88 54 la
1091 1621 117 54 guerre

151 1665 121 38 exige
231 1665 107 38 dans
298 1665 188 38 l’histoire
445 1665 94 38 des
499 1665 174 38 campagnes
633 1665 80 38 de
673 1665 161 38 Turenne.
794 1665 80 38 Il
834 1665 107 38 faut
901 1665 147 38 réduire
995 1665 214 38 l’introduction

151 1701 70 36 à
179 1701 226 36 l’exposition
362 1701 99 36 des
419 1701 127 36 plans
503 1701 85 36 de
546 1701 169 36 campagne
672 1701 99 36 des
729 1701 169 36 Français
856 1701 85 36 et
898 1701 99 36 des
954 1701 211 36 Hollandais.
1109 1701 99 36 «Sans

151 1733 104 38 cela
216 1733 104 38 elle
281 1733 78 38 ne
320 1733 130 38 serait
411 1733 117 38 qu’un
488 1733 156 38 fragment
605 1733 182 38 d’histoire
748 1733 221 38 tres-infidèle
930 1733 91 38 si,
981 1733 78 38 au
1020 1733 104 38 lieu
1085 1733 78 38 de
1111 1733 91 38 trois

150 1764 145 42 motifs
251 1764 101 42 qui
309 1764 246 42 déterminèrent
512 1764 130 42 Louis
599 1764 101 42 XIV
657 1764 72 42 à
686 1764 174 42 attaquer
816 1764 87 42 la
859 1764 188 42 Hollande,
1004 1764 87 42 on
1048 1764 116 42 n’en
1106 1764 101 42 donne

165 1796 102 39 ue
199 1796 136 39 deux.»

159 1801 145 69 27852.
261 1801 160 69 GROLIER
377 1801 160 69 (Jean),
493 1801 189 69 trésorier
639 1801 87 69 de
682 1801 160 69 France,
798 1801 87 69 le
842 1801 131 69 grand
929 1801 232 69 bibliophile.
1103 1801 44 69 —

148 1865 104 56 L.
200 1865 121 56 s.,
269 1865 121 56 sur
339 1865 174 56 vélin,
460 1865 87 56 à
495 1865 104 56 Me
547 1865 260 56 Bérenguier;
755 1865 87 56 3
790 1865 139 56 fév.
876 1865 156 56 1550,
980 1865 87 56 1
1015 1865 104 56 p.
1050 1865 156 56 in

155 1908 106 55 oblong.
232 1908 154 55 Rare
357 1908 58 55 20
376 1908 29 55 »

149 1925 175 75 27853.
272 1925 193 75 LAFARGE
412 1925 175 75 (Marie
535 1925 210 75 CAPELLE,
692 1925 193 75 femme),
832 1925 228 75 condamnée
1007 1925 140 75 pour
1077 1925 123 75 avoir

146 1983 218 62 empoisonné
317 1983 109 62 son
380 1983 140 62 mari.
473 1983 78 62 —
504 1983 93 62 L.
550 1983 140 62 aut.,
644 1983 124 62 sig.
721 1983 264 62 Marie;
939 1983 109 62 (29
1001 1983 140 62 sept.
1079 1983 124 62 1830),
