1261 2056
-22 18 675 114 LETTRES
407 18 798 114 AUTOGRAPHES

155 134 195 96 ET
252 134 422 96 DOCUMENTS
577 134 487 96 HISTORIQUES
934 134 130 96 25

72 244 251 106 MAISON
248 244 251 106 FONDÉE
424 244 151 106 EN
499 244 201 106 1830
625 244 176 106 PAR
725 244 151 106 J.
800 244 301 106 CHARAVAY
1001 244 151 106 AINÉ

490 338 103 76 et
541 338 189 76 dirigée
662 338 86 76 par

228 406 304 103 ÉTIENNE
449 406 332 103 CHARAVAY
698 406 221 103 FILS
836 406 166 103 ET
891 406 111 103 Se

177 505 517 58 ARCHIVISTE-PALÉOGRAPHE,
637 505 192 58 EXPERT
771 505 115 58 EN
809 505 249 58 AUTOGRAPHES

315 548 123 95 A
365 548 221 95 Paris
512 548 172 95 rue
611 548 148 95 de
685 548 221 95 Seine
808 548 98 95 54

283 651 218 63 ci-devant
451 651 118 63 rue
518 651 118 63 des
586 651 336 63 Grands-Augustins
871 651 101 63 26
905 651 50 63 M

78 734 412 70 CORRESPONDANT
417 734 267 70 SPÉCIAL
611 734 121 70 A
660 734 267 70 LONDRES
854 734 121 70 :
902 734 146 70 F.
951 734 194 70 NAYLOR

390 795 89 87 4,
435 795 164 87 Millman
554 795 164 87 street,
673 795 164 87 Bedford
777 795 74 87 Row

92 886 134 53 ACHAT
181 886 89 53 DE
226 886 223 53 COLLECTIONS
404 886 253 53 D’AUTOGRAPHES
613 886 89 53 AU
657 886 193 53 COMPTANT;
806 886 193 53 ÉCHANGES;
940 886 193 53 COMMISSIONS

132 933 149 52 VENTES
236 933 193 52 PUBLIQUES
385 933 89 52 ET
429 933 74 52 A
459 933 208 52 L’AMIABLE;
623 933 193 52 RÉDACTION
771 933 89 52 DE
816 933 223 52 CATALOGUES;
979 933 119 52 COPIES

195 972 207 49 CERTIFIÉES
358 972 89 49 DE
402 972 177 49 CHARTES,
535 972 192 49 DOCUMENTS
683 972 89 49 ET
727 972 236 49 AUTOGRAPHES;
904 972 133 49 VÉRIFI-

257 1016 147 39 CATION
360 1016 88 39 DE
405 1016 147 39 PIÈCES
508 1016 88 39 ET
552 1016 221 39 CERTIFICATS
714 1016 251 39 D’AUTHENTICITÉ;

330 1045 222 57 PUBLICATION
508 1045 89 57 DE
552 1045 192 57 L’AMATEUR
685 1045 222 57 D’AUTOGRAPHES

429 1084 87 61 ET
473 1084 87 61 DU
517 1084 203 61 SUPPLÉMENT
676 1084 73 61 A
691 1084 116 61 L’ISO-

466 1117 173 69 GRAPHIE
592 1117 110 69 DES
639 1117 126 69 HOMMES

-2 1118 310 105 Numéro
184 1118 155 105 189

522 1150 174 70 CÉLÈBRES

796 1123 369 101 Septembre
1051 1123 170 101 1876

101 1303 357 82 SOUVERAINS
381 1303 127 82 —
432 1303 306 82 NAPOLÉON
661 1303 178 82 Ier
763 1303 153 82 ET
840 1303 153 82 SA
891 1303 229 82 FAMILLE

319 1373 424 57 LITTÉRATEURS.
668 1373 125 57 —
693 1373 224 57 DIVERS.

481 1466 252 88 SOUVERAINS

156 1540 177 62 27766.
280 1540 247 62 BERNADOTTE
474 1540 247 62 (Désirée),
669 1540 159 62 reine
774 1540 106 62 de
827 1540 177 62 Suède.
951 1540 88 62 —
986 1540 106 62 L.
1039 1540 124 62 s.;
1092 1540 124 62 1852,

155 1593 91 55 1/2
207 1593 78 55 p.
246 1593 117 55 in-4.
324 1593 65 55 3
337 1593 39 55 »

166 1640 122 51 27767.
251 1640 219 51 CHARLES-QUINT,
433 1640 146 51 empereur
543 1640 194 51 d’Allemagne.
701 1640 61 51 —
725 1640 73 51 L.
761 1640 85 51 s.;
798 1640 85 51 1522,

149 1674 90 54 1
185 1674 108 54 p.
239 1674 144 54 in-4
329 1674 198 54 oblong,
473 1674 162 54 trace
581 1674 108 54 de
635 1674 180 54 sceau.
760 1674 162 54 Léger
868 1674 306 54 raccommodage.
1120 1674 108 54 25
1156 1674 54 54 »

157 1717 180 52 27768.
283 1717 198 52 CHARLES
427 1717 126 52 VI,
499 1717 216 52 empereur
661 1717 288 52 d’Allemagne,
894 1717 144 52 père
984 1717 108 52 de
1038 1717 108 52 la
1074 1717 144 52 grande

150 1763 324 46 Marie-Thérèse.
420 1763 90 46 —
456 1763 108 46 L.
510 1763 126 46 s.;
582 1763 162 46 1736,
691 1763 90 46 1
727 1763 108 46 p.
781 1763 126 46 1/4
853 1763 216 46 in-fol.,
1015 1763 180 46 sceau.
1141 1763 90 46 4
1159 1763 54 46 »

152 1807 158 46 27769.
263 1807 174 46 CHARLES
389 1807 126 46 XII,
468 1807 110 46 roi
531 1807 95 46 de
578 1807 158 46 Suède,
689 1807 110 46 tué
752 1807 95 46 en
799 1807 142 46 1718.
894 1807 79 46 —
925 1807 95 46 L.
972 1807 110 46 s.,
1020 1807 189 46 contresig.

155 1851 122 55 par
224 1851 122 55 son
294 1851 191 55 célèbre
433 1851 209 55 ministre
589 1851 296 55 Piper;
833 1851 87 55 3
867 1851 139 55 fév.
954 1851 156 55 1705,
1059 1851 87 55 2
1093 1851 104 55 p.
1128 1851 87 55 1/2

161 1888 74 49 in-4.
210 1888 49 49 25
226 1888 25 49 »

12 1929 193 59 27770.
147 1929 213 59 CHARLES
302 1929 135 59 IV,
379 1929 135 59 roi
457 1929 271 59 d’Espagne,
669 1929 251 59 dépossédé
863 1929 135 59 par
940 1929 232 59 Napoléon
1095 1929 116 59 1er.
