1811 3128
149 437 167 102 A
215 437 400 102 MONSIEUR
515 437 200 102 LE
615 437 300 102 COMTE
815 437 200 102 DE
881 437 500 102 NIEUWERKERKE,

387 569 418 53 Surintendant
727 569 183 53 des
805 569 340 53 Beaux

267 860 253 60 MONSIEUR
457 860 126 60 LE
499 860 316 60 SURINTENDANT,

164 953 117 72 Au
223 953 196 72 moment
360 953 117 72 où
419 953 157 72 vous
517 953 176 72 fixez
634 953 98 72 à
673 953 215 72 nouveau
830 953 137 72 les
908 953 176 72 bases
1026 953 137 72 des
1104 953 235 72 services
1260 953 157 72 divers

122 1022 131 49 qui
197 1022 225 49 relèvent
366 1022 112 49 de
422 1022 169 49 votre
534 1022 356 49 administration,
834 1022 150 49 j’ai
928 1022 244 49 l’honneur
1115 1022 244 49 d’appeler
1284 1022 131 49 votre

121 1057 294 55 sollicitude
357 1057 137 55 sur
435 1057 118 55 le
494 1057 176 55 Musée
611 1057 118 55 du
670 1057 294 55 Luxembourg.
905 1057 118 55 Il
964 1057 157 55 vous
1062 1057 235 55 paraîtra
1219 1057 196 55 d’autant

124 1109 150 45 plus
218 1109 168 45 utile
330 1109 150 45 d’en
424 1109 187 45 régler
555 1109 168 45 d’une
667 1109 206 45 manière
817 1109 206 45 précise
967 1109 356 45 l’organisation,
1248 1109 168 45 qu’elle

122 1142 187 58 touche
253 1142 112 58 en
309 1142 150 58 même
403 1142 168 58 temps
515 1142 94 58 à
553 1142 225 58 l’avenir
721 1142 131 58 des
796 1142 281 58 collections
1021 1142 262 58 nationales
1227 1142 112 58 du
1264 1142 150 58 Louvre

124 1189 106 48 et
177 1189 123 48 aux
248 1189 211 48 intérêts
406 1189 123 48 les
477 1189 141 48 plus
565 1189 211 48 délicats
723 1189 123 48 des
794 1189 211 48 artistes
935 1189 176 48 vivants.

164 1231 121 54 Le
224 1231 182 54 Musée
346 1231 121 54 du
406 1231 303 54 Luxembourg,
649 1231 243 54 consacré
831 1231 141 54 aux
912 1231 243 54 ouvrages
1094 1231 141 54 des
1174 1231 243 54 peintres
1336 1231 81 54 et

123 1280 259 47 sculpteurs
326 1280 333 47 contemporains,
603 1280 111 47 et
659 1280 203 47 formant
807 1280 92 47 à
844 1280 222 47 distance
1010 1280 111 47 la
1066 1280 296 47 continuation
1288 1280 129 47 natu-

126 1319 170 46 relle
240 1319 114 46 de
297 1319 133 46 vos
372 1319 227 46 galeries
543 1319 114 46 de
600 1319 208 46 l’École
751 1319 246 46 française
940 1319 114 46 au
997 1319 208 46 Louvre,
1149 1319 133 46 n’a
1225 1319 152 46 été,
1300 1319 114 46 dans

124 1366 135 61 son
201 1366 231 61 origine,
374 1366 192 61 qu’une
509 1366 308 61 compensation
759 1366 115 61 de
816 1366 250 61 richesses
1009 1366 154 61 pour
1105 1366 115 61 le
1163 1366 192 61 palais
1278 1366 135 61 qu’il

102 1405 181 59 décore.

167 1441 107 66 Le
221 1441 178 66 palais
345 1441 107 66 de
399 1441 160 66 Marie
505 1441 107 66 de
559 1441 196 66 Médicis
701 1441 142 66 fut,
790 1441 107 66 en
843 1441 178 66 effet,
968 1441 125 66 dès
1039 1441 107 66 sa
1093 1441 249 66 fondation,
1288 1441 107 66 et
1324 1441 89 66 n’a

125 1500 181 60 jamais
251 1500 162 60 cessé
360 1500 181 60 d’être
486 1500 108 60 un
540 1500 253 60 sanctuaire
721 1500 144 60 d’art.

162 1547 110 60 La
217 1547 166 60 reine
327 1547 221 60 régente,
493 1547 129 60 que
566 1547 129 60 son
640 1547 147 60 sang
732 1547 110 60 et
787 1547 129 60 son
861 1547 129 60 nom
935 1547 331 60 prédestinaient
1211 1547 92 60 à
1229 1547 184 60 protéger

128 1597 128 57 les
201 1597 238 57 artistes,
384 1597 165 57 avait
494 1597 183 57 appelé
623 1597 92 57 à
659 1597 110 57 le
714 1597 202 57 décorer
861 1597 110 57 et
916 1597 238 57 Duchesne,
1099 1597 110 57 et
1154 1597 147 57 Jean
1228 1597 183 57 Mosnier,

124 1641 119 38 et
184 1641 218 38 Quentin
342 1641 198 38 Varin,
481 1641 119 38 et
540 1641 139 38 Ph.
619 1641 119 38 de
679 1641 297 38 Champaigne;
916 1641 119 38 le
975 1641 238 38 Poussin,
1154 1641 158 38 dans
1253 1641 119 38 sa
1292 1641 119 38 jeu-

127 1683 195 39 nesse,
263 1683 136 39 fut
341 1683 214 39 employé
496 1683 117 39 «à
555 1683 234 39 quelques
730 1683 195 39 petits
866 1683 234 39 ouvrages
1041 1683 156 39 dans
1139 1683 234 39 certains
1294 1683 117 39 lam-

128 1720 139 59 bris
214 1720 121 59 des
284 1720 277 59 appartements
509 1720 104 59 ».
561 1720 329 59 L’inventaire
838 1720 191 59 général
977 1720 121 59 des
1046 1720 208 59 tableaux
1202 1720 104 59 du
1237 1720 173 59 ro,

128 1763 176 54 fait
256 1763 160 54 en
369 1763 128 54 1709
449 1763 96 54 et
497 1763 128 54 1710
577 1763 160 54 par
689 1763 96 54 le
737 1763 144 54 sieur
834 1763 176 54 Bailly,
962 1763 144 54 gcrde
1058 1763 176 54 aesdits
1170 1763 241 54 tableaux

126 1816 143 39 nous
215 1816 179 39 montre
341 1816 197 39 encore,
484 1816 107 39 au
537 1816 286 39 commencement
770 1816 107 39 au
823 1816 179 39 XVIIIe
948 1816 197 39 siècle,
1091 1816 107 39 la
1127 1816 286 39 Chambre

125 1846 179 52 des
250 1846 233 52 Muses
429 1846 161 52 ornée
537 1846 125 52 des
608 1846 215 52 panneaux
770 1846 125 52 des
841 1846 143 52 neuf
931 1846 179 52 sœurs,
1056 1846 251 52 attribuées
1253 1846 90 52 à
1271 1846 143 52 Genti-

128 1887 199 61 leschi,
273 1887 109 61 et
327 1887 235 61 présidées
508 1887 127 61 par
580 1887 127 61 une
653 1887 253 61 Minerve
852 1887 326 61 française
1123 1887 109 61 de
1178 1887 127 61 Ph.
1250 1887 109 61 de
1286 1887 127 61 Cham-

129 1932 181 51 paigze,
260 1932 115 51 qui
326 1932 82 51 a
359 1932 197 51 remplacé
507 1932 230 51 l’Apollon,
688 1932 181 51 inscrit
819 1932 197 51 ailleurs
967 1932 132 51 sous
1049 1932 99 51 le
1099 1932 148 51 titre
1181 1932 230 51 d’Or

127 1975 264 47 phee
339 1975 211 47 (pauvres
497 1975 229 47 peintures
673 1975 141 47 bien
761 1975 158 47 usées
866 1975 264 47 aujourd’hui
1078 1975 106 47 et
1130 1975 246 47 conservées
1306 1975 106 47 dans

130 2015 123 49 les
201 2015 211 49 magasins
359 2015 106 49 du
412 2015 299 49 Louvre);—dans
658 2015 106 49 la
711 2015 176 49 grande
834 2015 229 49 chapelle,
1010 2015 106 49 un
1045 2015 369 49 Jésus

126 2057 206 51 porté
280 2057 103 51 au
332 2057 274 51 tombeau
555 2057 103 51 de
606 2057 223 51 CHAMPAGNE
778 2057 103 51 LE
829 2057 171 51 VIEUX;
949 2057 86 51 —
983 2057 103 51 un
1035 2057 240 51 Hercule
1206 2057 206 51 filant

130 2106 214 44 auprès
294 2106 313 44 d’Omphale,
557 2106 99 44 de
607 2106 99 44 S.
656 2106 165 44 VOUET;
771 2106 82 44 —
804 2106 99 44 et
854 2106 132 44 dans
936 2106 99 44 le
985 2106 230 44 Cabinet
1166 2106 214 44 doré
1314 2106 99 44 sous

129 2136 238 50 l’éternel
312 2136 128 50 nom
385 2136 110 50 de
440 2136 202 50 JEANET,
587 2136 147 50 huit
679 2136 220 50 tableaux
844 2136 293 50 historiques,
1082 2136 147 50 dans
1174 2136 202 50 presque
1302 2136 110 50 tous

127 2178 217 48 lesquels
290 2178 217 48 figurent
452 2178 109 48 la
507 2178 163 48 reine
615 2178 235 48 Catherine
796 2178 109 48 de
850 2178 199 48 Médicis
995 2178 109 48 ou
1049 2178 109 48 le
1104 2178 217 48 cardinal
1266 2178 109 48 de
1302 2178 109 48 Lor-

131 2225 164 51 raine.
245 2225 98 51 Ce
295 2225 131 51 même
377 2225 230 51 Cabinet
557 2225 197 51 doré
705 2225 213 51 contenait
869 2225 164 51 quatre
984 2225 197 51 tableaux
1132 2225 98 51 et
1181 2225 131 51 neuf
1247 2225 164 51 tableaux

128 2264 112 44 en
184 2264 223 44 plafonds
352 2264 112 44 du
407 2264 167 44 vieux
519 2264 223 44 MOSNIER,
686 2264 298 44 représentant
928 2264 130 44 des
1003 2264 186 44 sujets
1133 2264 298 44 allégoriques
1356 2264 56 44 à

131 2303 113 44 la
188 2303 188 44 gloire
319 2303 113 44 de
376 2303 113 44 la
432 2303 169 44 reine
545 2303 169 44 Marie
658 2303 113 44 de
715 2303 226 44 Médicis.
884 2303 151 44 L’un
978 2303 113 44 de
1035 2303 132 44 ces
1110 2303 226 44 tableaux
1279 2303 132 44 est
1336 2303 75 44 au

129 2343 208 49 Louvre;
280 2343 151 49 deux
375 2343 189 49 autres
507 2343 132 49 ont
582 2343 189 49 trouvé
714 2343 170 49 place
828 2343 151 49 dans
922 2343 113 49 la
979 2343 264 49 décoration
1186 2343 113 49 de
1243 2343 113 49 la
1281 2343 132 49 salle

130 2388 194 62 moderne
271 2388 106 62 du
324 2388 211 62 Livre
482 2388 211 62 d’or
641 2388 106 62 au
676 2388 229 62 Luxembourg.

173 2428 140 67 Mais
260 2428 105 67 ce
312 2428 122 67 qui
382 2428 87 67 a
417 2428 140 67 fait
504 2428 140 67 pour
592 2428 209 67 toujours
749 2428 105 67 et
801 2428 87 67 à
836 2428 122 67 bon
906 2428 157 67 droit
1010 2428 192 67 oublier
1150 2428 140 67 tout
1237 2428 105 67 le
1272 2428 140 67 reste,

130 2485 116 51 ce
188 2485 136 51 fut
265 2485 175 51 cette
382 2485 214 51 galerie
537 2485 116 51 de
596 2485 233 51 Médicis,
770 2485 116 51 où
829 2485 116 51 le
887 2485 194 51 maître
1023 2485 233 51 respecté
1197 2485 116 51 du
1236 2485 175 51 Poussin

133 2527 183 44 manqua
261 2527 256 44 l’occasion
462 2527 110 44 de
517 2527 110 44 sa
571 2527 201 44 gloire,
718 2527 110 44 et
772 2527 110 44 où
827 2527 183 44 Rubens
955 2527 201 44 déroula
1101 2527 128 44 les
1156 2527 256 44 vingt

132 2566 183 46 toiles
260 2566 256 46 splendides
461 2566 128 46 qui
534 2566 220 46 devaient
699 2566 183 46 rester
827 2566 201 46 pendant
974 2566 146 46 deux
1065 2566 201 46 siècles
1212 2566 201 46 l’école
1340 2566 73 46 la

132 2610 143 61 plus
221 2610 179 61 suivie
346 2610 107 61 de
400 2610 125 61 nos
454 2610 196 61 peintres.
