<alto xmlns:xsi="http://www.w3.org/2001/XMLSchema-instance" xmlns="http://www.loc.gov/standards/alto/ns-v2#" xmlns:page="http://schema.primaresearch.org/PAGE/gts/pagecontent/2013-07-15" xsi:schemaLocation="http://www.loc.gov/standards/alto/ns-v2# http://www.loc.gov/standards/alto/alto.xsd">
  <Description>
    <MeasurementUnit>pixel</MeasurementUnit>
    <sourceImageInformation>
         <fileName>16.jpg</fileName>
      </sourceImageInformation>
    <OCRProcessing ID="IdOcr">
      <ocrProcessingStep>
        <processingDateTime>2020-10-31T11:20:08.45+01:00</processingDateTime>
        <processingSoftware>
               <softwareCreator>CONTRIBUTORS</softwareCreator>
               <softwareName>pdfalto</softwareName>
               <softwareVersion>0.1</softwareVersion>
            </processingSoftware>
      </ocrProcessingStep>
    </OCRProcessing>
  </Description>
  <Styles>
     <TextStyle ID="FONT0" FONTSTYLE=""/>
     <TextStyle ID="FONT1" FONTSTYLE="bold"/>
     <TextStyle ID="FONT2" FONTSTYLE="italics"/>
</Styles>
  <Tags/>
  <Layout>
    <Page ID="Page1" PHYSICAL_IMG_NR="1" HEIGHT="3127" WIDTH="1799">
      <PrintSpace HEIGHT="3051" WIDTH="1780" VPOS="35" HPOS="19">
        <TextBlock ID="r_1_1" HEIGHT="9" WIDTH="33" VPOS="51" HPOS="232">
          <TextLine ID="tl_1" BASELINE="90" HEIGHT="68" WIDTH="47" VPOS="22" HPOS="225">
            <String HEIGHT="68" WIDTH="141" VPOS="22" HPOS="131" CONTENT="E" ID="tl_1_1" STYLEREFS="FONT0"/>
          </TextLine>
        </TextBlock>
        <TextBlock ID="r_2_1" HEIGHT="31" WIDTH="39" VPOS="333" HPOS="350">
          <TextLine ID="tl_2" BASELINE="376" HEIGHT="55" WIDTH="53" VPOS="321" HPOS="343">
            <String HEIGHT="55" WIDTH="106" VPOS="321" HPOS="290" CONTENT="VI" ID="tl_2_1" STYLEREFS="FONT0"/>
          </TextLine>
        </TextBlock>
        <TextBlock ID="r_2_2" HEIGHT="383" WIDTH="1260" VPOS="399" HPOS="348">
          <TextLine ID="tl_3" BASELINE="453" HEIGHT="64" WIDTH="1228" VPOS="389" HPOS="385">
            <String HEIGHT="64" WIDTH="113" VPOS="389" HPOS="366" CONTENT="M." ID="tl_3_1" STYLEREFS="FONT0"/>
            <SP HEIGHT="64" WIDTH="19" VPOS="389" HPOS="479"/>
            <String HEIGHT="64" WIDTH="208" VPOS="389" HPOS="423" CONTENT="Villot," ID="tl_3_2" STYLEREFS="FONT0"/>
            <SP HEIGHT="64" WIDTH="19" VPOS="389" HPOS="631"/>
            <String HEIGHT="64" WIDTH="113" VPOS="389" HPOS="574" CONTENT="en" ID="tl_3_3" STYLEREFS="FONT0"/>
            <SP HEIGHT="64" WIDTH="19" VPOS="389" HPOS="687"/>
            <String HEIGHT="64" WIDTH="151" VPOS="389" HPOS="631" CONTENT="tête" ID="tl_3_4" STYLEREFS="FONT0"/>
            <SP HEIGHT="64" WIDTH="19" VPOS="389" HPOS="782"/>
            <String HEIGHT="64" WIDTH="113" VPOS="389" HPOS="725" CONTENT="du" ID="tl_3_5" STYLEREFS="FONT0"/>
            <SP HEIGHT="64" WIDTH="19" VPOS="389" HPOS="838"/>
            <String HEIGHT="64" WIDTH="246" VPOS="389" HPOS="782" CONTENT="Catalogue" ID="tl_3_6" STYLEREFS="FONT0"/>
            <SP HEIGHT="64" WIDTH="19" VPOS="389" HPOS="1027"/>
            <String HEIGHT="64" WIDTH="170" VPOS="389" HPOS="971" CONTENT="qu’il" ID="tl_3_7" STYLEREFS="FONT0"/>
            <SP HEIGHT="64" WIDTH="19" VPOS="389" HPOS="1141"/>
            <String HEIGHT="64" WIDTH="94" VPOS="389" HPOS="1084" CONTENT="a" ID="tl_3_8" STYLEREFS="FONT0"/>
            <SP HEIGHT="64" WIDTH="19" VPOS="389" HPOS="1178"/>
            <String HEIGHT="64" WIDTH="170" VPOS="389" HPOS="1122" CONTENT="donné" ID="tl_3_9" STYLEREFS="FONT0"/>
            <SP HEIGHT="64" WIDTH="19" VPOS="389" HPOS="1292"/>
            <String HEIGHT="64" WIDTH="132" VPOS="389" HPOS="1235" CONTENT="des" ID="tl_3_10" STYLEREFS="FONT0"/>
            <SP HEIGHT="64" WIDTH="19" VPOS="389" HPOS="1367"/>
            <String HEIGHT="64" WIDTH="170" VPOS="389" HPOS="1311" CONTENT="trois" ID="tl_3_11" STYLEREFS="FONT0"/>
            <SP HEIGHT="64" WIDTH="19" VPOS="389" HPOS="1481"/>
            <String HEIGHT="64" WIDTH="208" VPOS="389" HPOS="1405" CONTENT="dernières" ID="tl_3_12" STYLEREFS="FONT0"/>
          </TextLine>
          <TextLine ID="tl_4" BASELINE="487" HEIGHT="44" WIDTH="1267" VPOS="443" HPOS="344">
            <String HEIGHT="44" WIDTH="302" VPOS="443" HPOS="324" CONTENT="expositions" ID="tl_4_1" STYLEREFS="FONT0"/>
            <SP HEIGHT="44" WIDTH="20" VPOS="443" HPOS="626"/>
            <String HEIGHT="44" WIDTH="121" VPOS="443" HPOS="565" CONTENT="du" ID="tl_4_2" STYLEREFS="FONT0"/>
            <SP HEIGHT="44" WIDTH="20" VPOS="443" HPOS="686"/>
            <String HEIGHT="44" WIDTH="181" VPOS="443" HPOS="626" CONTENT="Musée" ID="tl_4_3" STYLEREFS="FONT0"/>
            <SP HEIGHT="44" WIDTH="20" VPOS="443" HPOS="807"/>
            <String HEIGHT="44" WIDTH="121" VPOS="443" HPOS="746" CONTENT="du" ID="tl_4_4" STYLEREFS="FONT0"/>
            <SP HEIGHT="44" WIDTH="20" VPOS="443" HPOS="867"/>
            <String HEIGHT="44" WIDTH="302" VPOS="443" HPOS="807" CONTENT="Luxembourg," ID="tl_4_5" STYLEREFS="FONT0"/>
            <SP HEIGHT="44" WIDTH="20" VPOS="443" HPOS="1108"/>
            <String HEIGHT="44" WIDTH="101" VPOS="443" HPOS="1048" CONTENT="a" ID="tl_4_6" STYLEREFS="FONT0"/>
            <SP HEIGHT="44" WIDTH="20" VPOS="443" HPOS="1148"/>
            <String HEIGHT="44" WIDTH="241" VPOS="443" HPOS="1088" CONTENT="raconté," ID="tl_4_7" STYLEREFS="FONT0"/>
            <SP HEIGHT="44" WIDTH="20" VPOS="443" HPOS="1329"/>
            <String HEIGHT="44" WIDTH="161" VPOS="443" HPOS="1269" CONTENT="dans" ID="tl_4_8" STYLEREFS="FONT0"/>
            <SP HEIGHT="44" WIDTH="20" VPOS="443" HPOS="1430"/>
            <String HEIGHT="44" WIDTH="141" VPOS="443" HPOS="1370" CONTENT="une" ID="tl_4_9" STYLEREFS="FONT0"/>
            <SP HEIGHT="44" WIDTH="20" VPOS="443" HPOS="1510"/>
            <String HEIGHT="44" WIDTH="181" VPOS="443" HPOS="1430" CONTENT="savante" ID="tl_4_10" STYLEREFS="FONT0"/>
          </TextLine>
          <TextLine ID="tl_5" BASELINE="531" HEIGHT="48" WIDTH="1264" VPOS="483" HPOS="346">
            <String HEIGHT="48" WIDTH="303" VPOS="483" HPOS="328" CONTENT="introduction," ID="tl_5_1" STYLEREFS="FONT0"/>
            <SP HEIGHT="48" WIDTH="18" VPOS="483" HPOS="631"/>
            <String HEIGHT="48" WIDTH="249" VPOS="483" HPOS="577" CONTENT="l’histoire" ID="tl_5_2" STYLEREFS="FONT0"/>
            <SP HEIGHT="48" WIDTH="18" VPOS="483" HPOS="827"/>
            <String HEIGHT="48" WIDTH="125" VPOS="483" HPOS="773" CONTENT="des" ID="tl_5_3" STYLEREFS="FONT0"/>
            <SP HEIGHT="48" WIDTH="18" VPOS="483" HPOS="898"/>
            <String HEIGHT="48" WIDTH="214" VPOS="483" HPOS="844" CONTENT="diverses" ID="tl_5_4" STYLEREFS="FONT0"/>
            <SP HEIGHT="48" WIDTH="18" VPOS="483" HPOS="1058"/>
            <String HEIGHT="48" WIDTH="267" VPOS="483" HPOS="1005" CONTENT="collections" ID="tl_5_5" STYLEREFS="FONT0"/>
            <SP HEIGHT="48" WIDTH="18" VPOS="483" HPOS="1272"/>
            <String HEIGHT="48" WIDTH="107" VPOS="483" HPOS="1218" CONTENT="de" ID="tl_5_6" STYLEREFS="FONT0"/>
            <SP HEIGHT="48" WIDTH="18" VPOS="483" HPOS="1325"/>
            <String HEIGHT="48" WIDTH="214" VPOS="483" HPOS="1272" CONTENT="tableaux" ID="tl_5_7" STYLEREFS="FONT0"/>
            <SP HEIGHT="48" WIDTH="18" VPOS="483" HPOS="1485"/>
            <String HEIGHT="48" WIDTH="125" VPOS="483" HPOS="1432" CONTENT="qui" ID="tl_5_8" STYLEREFS="FONT0"/>
            <SP HEIGHT="48" WIDTH="18" VPOS="483" HPOS="1557"/>
            <String HEIGHT="48" WIDTH="125" VPOS="483" HPOS="1485" CONTENT="occu" SUBS_TYPE="HypPart1" SUBS_CONTENT="occupèrent," ID="tl_5_9" STYLEREFS="FONT0"/>
            <HYP CONTENT="-"/>
          </TextLine>
          <TextLine ID="tl_6" BASELINE="571" HEIGHT="46" WIDTH="1269" VPOS="525" HPOS="344">
            <String HEIGHT="46" WIDTH="208" VPOS="525" HPOS="325" CONTENT="pèrent," SUBS_TYPE="HypPart2" SUBS_CONTENT="occupèrent," ID="tl_6_1" STYLEREFS="FONT0"/>
            <SP HEIGHT="46" WIDTH="19" VPOS="525" HPOS="533"/>
            <String HEIGHT="46" WIDTH="189" VPOS="525" HPOS="477" CONTENT="depuis" ID="tl_6_2" STYLEREFS="FONT0"/>
            <SP HEIGHT="46" WIDTH="19" VPOS="525" HPOS="666"/>
            <String HEIGHT="46" WIDTH="170" VPOS="525" HPOS="609" CONTENT="1750," ID="tl_6_3" STYLEREFS="FONT0"/>
            <SP HEIGHT="46" WIDTH="19" VPOS="525" HPOS="780"/>
            <String HEIGHT="46" WIDTH="133" VPOS="525" HPOS="723" CONTENT="les" ID="tl_6_4" STYLEREFS="FONT0"/>
            <SP HEIGHT="46" WIDTH="19" VPOS="525" HPOS="855"/>
            <String HEIGHT="46" WIDTH="303" VPOS="525" HPOS="799" CONTENT="appartements" ID="tl_6_5" STYLEREFS="FONT0"/>
            <SP HEIGHT="46" WIDTH="19" VPOS="525" HPOS="1102"/>
            <String HEIGHT="46" WIDTH="114" VPOS="525" HPOS="1045" CONTENT="du" ID="tl_6_6" STYLEREFS="FONT0"/>
            <SP HEIGHT="46" WIDTH="19" VPOS="525" HPOS="1158"/>
            <String HEIGHT="46" WIDTH="208" VPOS="525" HPOS="1102" CONTENT="palais." ID="tl_6_7" STYLEREFS="FONT0"/>
            <SP HEIGHT="46" WIDTH="19" VPOS="525" HPOS="1310"/>
            <String HEIGHT="46" WIDTH="114" VPOS="525" HPOS="1253" CONTENT="Il" ID="tl_6_8" STYLEREFS="FONT0"/>
            <SP HEIGHT="46" WIDTH="19" VPOS="525" HPOS="1367"/>
            <String HEIGHT="46" WIDTH="95" VPOS="525" HPOS="1310" CONTENT="a" ID="tl_6_9" STYLEREFS="FONT0"/>
            <SP HEIGHT="46" WIDTH="19" VPOS="525" HPOS="1405"/>
            <String HEIGHT="46" WIDTH="246" VPOS="525" HPOS="1348" CONTENT="recueilli" ID="tl_6_10" STYLEREFS="FONT0"/>
            <SP HEIGHT="46" WIDTH="19" VPOS="525" HPOS="1594"/>
            <String HEIGHT="46" WIDTH="95" VPOS="525" HPOS="1518" CONTENT="les" ID="tl_6_11" STYLEREFS="FONT0"/>
          </TextLine>
          <TextLine ID="tl_7" BASELINE="609" HEIGHT="45" WIDTH="1264" VPOS="564" HPOS="345">
            <String HEIGHT="45" WIDTH="296" VPOS="564" HPOS="325" CONTENT="témoignages" ID="tl_7_1" STYLEREFS="FONT0"/>
            <SP HEIGHT="45" WIDTH="20" VPOS="564" HPOS="622"/>
            <String HEIGHT="45" WIDTH="336" VPOS="564" HPOS="562" CONTENT="contemporains" ID="tl_7_2" STYLEREFS="FONT0"/>
            <SP HEIGHT="45" WIDTH="20" VPOS="564" HPOS="898"/>
            <String HEIGHT="45" WIDTH="138" VPOS="564" HPOS="839" CONTENT="sur" ID="tl_7_3" STYLEREFS="FONT0"/>
            <SP HEIGHT="45" WIDTH="20" VPOS="564" HPOS="977"/>
            <String HEIGHT="45" WIDTH="119" VPOS="564" HPOS="918" CONTENT="ce" ID="tl_7_4" STYLEREFS="FONT0"/>
            <SP HEIGHT="45" WIDTH="20" VPOS="564" HPOS="1036"/>
            <String HEIGHT="45" WIDTH="178" VPOS="564" HPOS="977" CONTENT="grand" ID="tl_7_5" STYLEREFS="FONT0"/>
            <SP HEIGHT="45" WIDTH="20" VPOS="564" HPOS="1155"/>
            <String HEIGHT="45" WIDTH="257" VPOS="564" HPOS="1096" CONTENT="événement" ID="tl_7_6" STYLEREFS="FONT0"/>
            <SP HEIGHT="45" WIDTH="20" VPOS="564" HPOS="1352"/>
            <String HEIGHT="45" WIDTH="138" VPOS="564" HPOS="1293" CONTENT="des" ID="tl_7_7" STYLEREFS="FONT0"/>
            <SP HEIGHT="45" WIDTH="20" VPOS="564" HPOS="1431"/>
            <String HEIGHT="45" WIDTH="158" VPOS="564" HPOS="1372" CONTENT="plus" ID="tl_7_8" STYLEREFS="FONT0"/>
            <SP HEIGHT="45" WIDTH="20" VPOS="564" HPOS="1530"/>
            <String HEIGHT="45" WIDTH="158" VPOS="564" HPOS="1451" CONTENT="fameux" ID="tl_7_9" STYLEREFS="FONT0"/>
          </TextLine>
          <TextLine ID="tl_8" BASELINE="662" HEIGHT="58" WIDTH="1262" VPOS="604" HPOS="345">
            <String HEIGHT="58" WIDTH="226" VPOS="604" HPOS="326" CONTENT="tableaux" ID="tl_8_1" STYLEREFS="FONT0"/>
            <SP HEIGHT="58" WIDTH="19" VPOS="604" HPOS="552"/>
            <String HEIGHT="58" WIDTH="113" VPOS="604" HPOS="496" CONTENT="du" ID="tl_8_2" STYLEREFS="FONT0"/>
            <SP HEIGHT="58" WIDTH="19" VPOS="604" HPOS="609"/>
            <String HEIGHT="58" WIDTH="207" VPOS="604" HPOS="552" CONTENT="Cabinet" ID="tl_8_3" STYLEREFS="FONT0"/>
            <SP HEIGHT="58" WIDTH="19" VPOS="604" HPOS="759"/>
            <String HEIGHT="58" WIDTH="113" VPOS="604" HPOS="703" CONTENT="du" ID="tl_8_4" STYLEREFS="FONT0"/>
            <SP HEIGHT="58" WIDTH="19" VPOS="604" HPOS="816"/>
            <String HEIGHT="58" WIDTH="151" VPOS="604" HPOS="759" CONTENT="Roi," ID="tl_8_5" STYLEREFS="FONT0"/>
            <SP HEIGHT="58" WIDTH="19" VPOS="604" HPOS="910"/>
            <String HEIGHT="58" WIDTH="188" VPOS="604" HPOS="854" CONTENT="livrés" ID="tl_8_6" STYLEREFS="FONT0"/>
            <SP HEIGHT="58" WIDTH="19" VPOS="604" HPOS="1042"/>
            <String HEIGHT="58" WIDTH="151" VPOS="604" HPOS="985" CONTENT="pour" ID="tl_8_7" STYLEREFS="FONT0"/>
            <SP HEIGHT="58" WIDTH="19" VPOS="604" HPOS="1136"/>
            <String HEIGHT="58" WIDTH="113" VPOS="604" HPOS="1080" CONTENT="la" ID="tl_8_8" STYLEREFS="FONT0"/>
            <SP HEIGHT="58" WIDTH="19" VPOS="604" HPOS="1193"/>
            <String HEIGHT="58" WIDTH="226" VPOS="604" HPOS="1136" CONTENT="première" ID="tl_8_9" STYLEREFS="FONT0"/>
            <SP HEIGHT="58" WIDTH="19" VPOS="604" HPOS="1362"/>
            <String HEIGHT="58" WIDTH="151" VPOS="604" HPOS="1306" CONTENT="fois" ID="tl_8_10" STYLEREFS="FONT0"/>
            <SP HEIGHT="58" WIDTH="19" VPOS="604" HPOS="1456"/>
            <String HEIGHT="58" WIDTH="113" VPOS="604" HPOS="1400" CONTENT="au" ID="tl_8_11" STYLEREFS="FONT0"/>
            <SP HEIGHT="58" WIDTH="19" VPOS="604" HPOS="1513"/>
            <String HEIGHT="58" WIDTH="170" VPOS="604" HPOS="1437" CONTENT="publie," ID="tl_8_12" STYLEREFS="FONT0"/>
          </TextLine>
          <TextLine ID="tl_9" BASELINE="692" HEIGHT="41" WIDTH="1265" VPOS="651" HPOS="344">
            <String HEIGHT="41" WIDTH="115" VPOS="651" HPOS="325" CONTENT="et" ID="tl_9_1" STYLEREFS="FONT0"/>
            <SP HEIGHT="41" WIDTH="19" VPOS="651" HPOS="440"/>
            <String HEIGHT="41" WIDTH="134" VPOS="651" HPOS="382" CONTENT="qui" ID="tl_9_2" STYLEREFS="FONT0"/>
            <SP HEIGHT="41" WIDTH="19" VPOS="651" HPOS="517"/>
            <String HEIGHT="41" WIDTH="134" VPOS="651" HPOS="459" CONTENT="fut" ID="tl_9_3" STYLEREFS="FONT0"/>
            <SP HEIGHT="41" WIDTH="19" VPOS="651" HPOS="593"/>
            <String HEIGHT="41" WIDTH="115" VPOS="651" HPOS="536" CONTENT="le" ID="tl_9_4" STYLEREFS="FONT0"/>
            <SP HEIGHT="41" WIDTH="19" VPOS="651" HPOS="651"/>
            <String HEIGHT="41" WIDTH="230" VPOS="651" HPOS="593" CONTENT="précieux" ID="tl_9_5" STYLEREFS="FONT0"/>
            <SP HEIGHT="41" WIDTH="19" VPOS="651" HPOS="823"/>
            <String HEIGHT="41" WIDTH="173" VPOS="651" HPOS="766" CONTENT="point" ID="tl_9_6" STYLEREFS="FONT0"/>
            <SP HEIGHT="41" WIDTH="19" VPOS="651" HPOS="938"/>
            <String HEIGHT="41" WIDTH="115" VPOS="651" HPOS="881" CONTENT="de" ID="tl_9_7" STYLEREFS="FONT0"/>
            <SP HEIGHT="41" WIDTH="19" VPOS="651" HPOS="996"/>
            <String HEIGHT="41" WIDTH="192" VPOS="651" HPOS="938" CONTENT="départ" ID="tl_9_8" STYLEREFS="FONT0"/>
            <SP HEIGHT="41" WIDTH="19" VPOS="651" HPOS="1130"/>
            <String HEIGHT="41" WIDTH="115" VPOS="651" HPOS="1072" CONTENT="de" ID="tl_9_9" STYLEREFS="FONT0"/>
            <SP HEIGHT="41" WIDTH="19" VPOS="651" HPOS="1187"/>
            <String HEIGHT="41" WIDTH="173" VPOS="651" HPOS="1130" CONTENT="notre" ID="tl_9_10" STYLEREFS="FONT0"/>
            <SP HEIGHT="41" WIDTH="19" VPOS="651" HPOS="1302"/>
            <String HEIGHT="41" WIDTH="211" VPOS="651" HPOS="1245" CONTENT="galerie" ID="tl_9_11" STYLEREFS="FONT0"/>
            <SP HEIGHT="41" WIDTH="19" VPOS="651" HPOS="1456"/>
            <String HEIGHT="41" WIDTH="230" VPOS="651" HPOS="1379" CONTENT="nationale." ID="tl_9_12" STYLEREFS="FONT0"/>
          </TextLine>
          <TextLine ID="tl_10" BASELINE="734" HEIGHT="45" WIDTH="1270" VPOS="689" HPOS="345">
            <String HEIGHT="45" WIDTH="202" VPOS="689" HPOS="327" CONTENT="L’idée," ID="tl_10_1" STYLEREFS="FONT0"/>
            <SP HEIGHT="45" WIDTH="18" VPOS="689" HPOS="529"/>
            <String HEIGHT="45" WIDTH="166" VPOS="689" HPOS="474" CONTENT="toute" ID="tl_10_2" STYLEREFS="FONT0"/>
            <SP HEIGHT="45" WIDTH="18" VPOS="689" HPOS="639"/>
            <String HEIGHT="45" WIDTH="184" VPOS="689" HPOS="584" CONTENT="simple" ID="tl_10_3" STYLEREFS="FONT0"/>
            <SP HEIGHT="45" WIDTH="18" VPOS="689" HPOS="768"/>
            <String HEIGHT="45" WIDTH="202" VPOS="689" HPOS="713" CONTENT="qu’elle" ID="tl_10_4" STYLEREFS="FONT0"/>
            <SP HEIGHT="45" WIDTH="18" VPOS="689" HPOS="916"/>
            <String HEIGHT="45" WIDTH="147" VPOS="689" HPOS="860" CONTENT="nous" ID="tl_10_5" STYLEREFS="FONT0"/>
            <SP HEIGHT="45" WIDTH="18" VPOS="689" HPOS="1008"/>
            <String HEIGHT="45" WIDTH="184" VPOS="689" HPOS="952" CONTENT="puisse" ID="tl_10_6" STYLEREFS="FONT0"/>
            <SP HEIGHT="45" WIDTH="18" VPOS="689" HPOS="1136"/>
            <String HEIGHT="45" WIDTH="202" VPOS="689" HPOS="1081" CONTENT="sembler" ID="tl_10_7" STYLEREFS="FONT0"/>
            <SP HEIGHT="45" WIDTH="18" VPOS="689" HPOS="1284"/>
            <String HEIGHT="45" WIDTH="294" VPOS="689" HPOS="1228" CONTENT="aujourd’hui," ID="tl_10_8" STYLEREFS="FONT0"/>
            <SP HEIGHT="45" WIDTH="18" VPOS="689" HPOS="1523"/>
            <String HEIGHT="45" WIDTH="166" VPOS="689" HPOS="1449" CONTENT="apparut" ID="tl_10_9" STYLEREFS="FONT0"/>
          </TextLine>
          <TextLine ID="tl_11" BASELINE="781" HEIGHT="49" WIDTH="1272" VPOS="732" HPOS="341">
            <String HEIGHT="49" WIDTH="262" VPOS="732" HPOS="321" CONTENT="justement" ID="tl_11_1" STYLEREFS="FONT0"/>
            <SP HEIGHT="49" WIDTH="20" VPOS="732" HPOS="583"/>
            <String HEIGHT="49" WIDTH="182" VPOS="732" HPOS="523" CONTENT="alors" ID="tl_11_2" STYLEREFS="FONT0"/>
            <SP HEIGHT="49" WIDTH="20" VPOS="732" HPOS="704"/>
            <String HEIGHT="49" WIDTH="262" VPOS="732" HPOS="644" CONTENT="tellement" ID="tl_11_3" STYLEREFS="FONT0"/>
            <SP HEIGHT="49" WIDTH="20" VPOS="732" HPOS="906"/>
            <String HEIGHT="49" WIDTH="242" VPOS="732" HPOS="846" CONTENT="heureuse" ID="tl_11_4" STYLEREFS="FONT0"/>
            <SP HEIGHT="49" WIDTH="20" VPOS="732" HPOS="1088"/>
            <String HEIGHT="49" WIDTH="121" VPOS="732" HPOS="1027" CONTENT="et" ID="tl_11_5" STYLEREFS="FONT0"/>
            <SP HEIGHT="49" WIDTH="20" VPOS="732" HPOS="1149"/>
            <String HEIGHT="49" WIDTH="262" VPOS="732" HPOS="1088" CONTENT="tellement" ID="tl_11_6" STYLEREFS="FONT0"/>
            <SP HEIGHT="49" WIDTH="20" VPOS="732" HPOS="1351"/>
            <String HEIGHT="49" WIDTH="222" VPOS="732" HPOS="1290" CONTENT="féconde" ID="tl_11_7" STYLEREFS="FONT0"/>
            <SP HEIGHT="49" WIDTH="20" VPOS="732" HPOS="1512"/>
            <String HEIGHT="49" WIDTH="162" VPOS="732" HPOS="1451" CONTENT="pour" ID="tl_11_8" STYLEREFS="FONT0"/>
            <SP HEIGHT="49" WIDTH="20" VPOS="732" HPOS="1613"/>
            <String HEIGHT="49" WIDTH="81" VPOS="732" HPOS="1532" CONTENT="le" ID="tl_11_9" STYLEREFS="FONT0"/>
          </TextLine>
        </TextBlock>
        <TextBlock ID="r_2_3" HEIGHT="421" WIDTH="1259" VPOS="777" HPOS="348">
          <TextLine ID="tl_12" BASELINE="858" HEIGHT="78" WIDTH="1271" VPOS="780" HPOS="341">
            <String HEIGHT="78" WIDTH="226" VPOS="780" HPOS="321" CONTENT="progrès" ID="tl_12_1" STYLEREFS="FONT0"/>
            <SP HEIGHT="78" WIDTH="21" VPOS="780" HPOS="546"/>
            <String HEIGHT="78" WIDTH="144" VPOS="780" HPOS="485" CONTENT="des" ID="tl_12_2" STYLEREFS="FONT0"/>
            <SP HEIGHT="78" WIDTH="21" VPOS="780" HPOS="628"/>
            <String HEIGHT="78" WIDTH="185" VPOS="780" HPOS="567" CONTENT="arts," ID="tl_12_3" STYLEREFS="FONT0"/>
            <SP HEIGHT="78" WIDTH="21" VPOS="780" HPOS="751"/>
            <String HEIGHT="78" WIDTH="144" VPOS="780" HPOS="690" CONTENT="que" ID="tl_12_4" STYLEREFS="FONT0"/>
            <SP HEIGHT="78" WIDTH="21" VPOS="780" HPOS="833"/>
            <String HEIGHT="78" WIDTH="205" VPOS="780" HPOS="772" CONTENT="chacun" ID="tl_12_5" STYLEREFS="FONT0"/>
            <SP HEIGHT="78" WIDTH="21" VPOS="780" HPOS="977"/>
            <String HEIGHT="78" WIDTH="123" VPOS="780" HPOS="915" CONTENT="en" ID="tl_12_6" STYLEREFS="FONT0"/>
            <SP HEIGHT="78" WIDTH="21" VPOS="780" HPOS="1038"/>
            <String HEIGHT="78" WIDTH="287" VPOS="780" HPOS="977" CONTENT="revendiqua" ID="tl_12_7" STYLEREFS="FONT0"/>
            <SP HEIGHT="78" WIDTH="21" VPOS="780" HPOS="1264"/>
            <String HEIGHT="78" WIDTH="287" VPOS="780" HPOS="1202" CONTENT="l’honneur," ID="tl_12_8" STYLEREFS="FONT0"/>
            <SP HEIGHT="78" WIDTH="21" VPOS="780" HPOS="1489"/>
            <String HEIGHT="78" WIDTH="123" VPOS="780" HPOS="1428" CONTENT="et" ID="tl_12_9" STYLEREFS="FONT0"/>
            <SP HEIGHT="78" WIDTH="21" VPOS="780" HPOS="1551"/>
            <String HEIGHT="78" WIDTH="123" VPOS="780" HPOS="1489" CONTENT="M." ID="tl_12_10" STYLEREFS="FONT0"/>
            <SP HEIGHT="78" WIDTH="21" VPOS="780" HPOS="1612"/>
            <String HEIGHT="78" WIDTH="82" VPOS="780" HPOS="1530" CONTENT="de" ID="tl_12_11" STYLEREFS="FONT0"/>
          </TextLine>
          <TextLine ID="tl_13" BASELINE="866" HEIGHT="51" WIDTH="1242" VPOS="815" HPOS="372">
            <String HEIGHT="51" WIDTH="233" VPOS="815" HPOS="353" CONTENT="ournehem" ID="tl_13_1" STYLEREFS="FONT0"/>
            <SP HEIGHT="51" WIDTH="19" VPOS="815" HPOS="585"/>
            <String HEIGHT="51" WIDTH="116" VPOS="815" HPOS="527" CONTENT="et" ID="tl_13_2" STYLEREFS="FONT0"/>
            <SP HEIGHT="51" WIDTH="19" VPOS="815" HPOS="644"/>
            <String HEIGHT="51" WIDTH="116" VPOS="815" HPOS="585" CONTENT="M." ID="tl_13_3" STYLEREFS="FONT0"/>
            <SP HEIGHT="51" WIDTH="19" VPOS="815" HPOS="702"/>
            <String HEIGHT="51" WIDTH="116" VPOS="815" HPOS="644" CONTENT="de" ID="tl_13_4" STYLEREFS="FONT0"/>
            <SP HEIGHT="51" WIDTH="19" VPOS="815" HPOS="760"/>
            <String HEIGHT="51" WIDTH="213" VPOS="815" HPOS="702" CONTENT="Marigny" ID="tl_13_5" STYLEREFS="FONT0"/>
            <SP HEIGHT="51" WIDTH="19" VPOS="815" HPOS="915"/>
            <String HEIGHT="51" WIDTH="116" VPOS="815" HPOS="857" CONTENT="la" ID="tl_13_6" STYLEREFS="FONT0"/>
            <SP HEIGHT="51" WIDTH="19" VPOS="815" HPOS="974"/>
            <String HEIGHT="51" WIDTH="291" VPOS="815" HPOS="915" CONTENT="disputèrent" ID="tl_13_7" STYLEREFS="FONT0"/>
            <SP HEIGHT="51" WIDTH="19" VPOS="815" HPOS="1206"/>
            <String HEIGHT="51" WIDTH="97" VPOS="815" HPOS="1148" CONTENT="à" ID="tl_13_8" STYLEREFS="FONT0"/>
            <SP HEIGHT="51" WIDTH="19" VPOS="815" HPOS="1245"/>
            <String HEIGHT="51" WIDTH="116" VPOS="815" HPOS="1187" CONTENT="un" ID="tl_13_9" STYLEREFS="FONT0"/>
            <SP HEIGHT="51" WIDTH="19" VPOS="815" HPOS="1304"/>
            <String HEIGHT="51" WIDTH="252" VPOS="815" HPOS="1245" CONTENT="ingénieux" ID="tl_13_10" STYLEREFS="FONT0"/>
            <SP HEIGHT="51" WIDTH="19" VPOS="815" HPOS="1498"/>
            <String HEIGHT="51" WIDTH="194" VPOS="815" HPOS="1420" CONTENT="critique" ID="tl_13_11" STYLEREFS="FONT0"/>
          </TextLine>
          <TextLine ID="tl_14" BASELINE="910" HEIGHT="55" WIDTH="1269" VPOS="855" HPOS="343">
            <String HEIGHT="55" WIDTH="117" VPOS="855" HPOS="323" CONTENT="de" ID="tl_14_1" STYLEREFS="FONT0"/>
            <SP HEIGHT="55" WIDTH="20" VPOS="855" HPOS="441"/>
            <String HEIGHT="55" WIDTH="215" VPOS="855" HPOS="382" CONTENT="salons," ID="tl_14_2" STYLEREFS="FONT0"/>
            <SP HEIGHT="55" WIDTH="20" VPOS="855" HPOS="597"/>
            <String HEIGHT="55" WIDTH="117" VPOS="855" HPOS="538" CONTENT="La" ID="tl_14_3" STYLEREFS="FONT0"/>
            <SP HEIGHT="55" WIDTH="20" VPOS="855" HPOS="655"/>
            <String HEIGHT="55" WIDTH="156" VPOS="855" HPOS="597" CONTENT="Font" ID="tl_14_4" STYLEREFS="FONT0"/>
            <SP HEIGHT="55" WIDTH="20" VPOS="855" HPOS="753"/>
            <String HEIGHT="55" WIDTH="117" VPOS="855" HPOS="694" CONTENT="de" ID="tl_14_5" STYLEREFS="FONT0"/>
            <SP HEIGHT="55" WIDTH="20" VPOS="855" HPOS="812"/>
            <String HEIGHT="55" WIDTH="312" VPOS="855" HPOS="753" CONTENT="Saint-Yenne," ID="tl_14_6" STYLEREFS="FONT0"/>
            <SP HEIGHT="55" WIDTH="20" VPOS="855" HPOS="1065"/>
            <String HEIGHT="55" WIDTH="137" VPOS="855" HPOS="1007" CONTENT="qui" ID="tl_14_7" STYLEREFS="FONT0"/>
            <SP HEIGHT="55" WIDTH="20" VPOS="855" HPOS="1143"/>
            <String HEIGHT="55" WIDTH="215" VPOS="855" HPOS="1085" CONTENT="l’avait" ID="tl_14_8" STYLEREFS="FONT0"/>
            <SP HEIGHT="55" WIDTH="20" VPOS="855" HPOS="1300"/>
            <String HEIGHT="55" WIDTH="254" VPOS="855" HPOS="1241" CONTENT="produite," ID="tl_14_9" STYLEREFS="FONT0"/>
            <SP HEIGHT="55" WIDTH="20" VPOS="855" HPOS="1495"/>
            <String HEIGHT="55" WIDTH="117" VPOS="855" HPOS="1436" CONTENT="en" ID="tl_14_10" STYLEREFS="FONT0"/>
            <SP HEIGHT="55" WIDTH="20" VPOS="855" HPOS="1553"/>
            <String HEIGHT="55" WIDTH="137" VPOS="855" HPOS="1475" CONTENT="1747," ID="tl_14_11" STYLEREFS="FONT0"/>
          </TextLine>
          <TextLine ID="tl_15" BASELINE="948" HEIGHT="49" WIDTH="1273" VPOS="899" HPOS="340">
            <String HEIGHT="49" WIDTH="145" VPOS="899" HPOS="322" CONTENT="dans" ID="tl_15_1" STYLEREFS="FONT0"/>
            <SP HEIGHT="49" WIDTH="18" VPOS="899" HPOS="467"/>
            <String HEIGHT="49" WIDTH="127" VPOS="899" HPOS="413" CONTENT="ses" ID="tl_15_2" STYLEREFS="FONT0"/>
            <SP HEIGHT="49" WIDTH="18" VPOS="899" HPOS="540"/>
            <String HEIGHT="49" WIDTH="309" VPOS="899" HPOS="485" CONTENT="Réflexions" ID="tl_15_3" STYLEREFS="FONT2"/>
            <SP HEIGHT="49" WIDTH="18" VPOS="899" HPOS="795"/>
            <String HEIGHT="49" WIDTH="127" VPOS="899" HPOS="740" CONTENT="sur" ID="tl_15_4" STYLEREFS="FONT2"/>
            <SP HEIGHT="49" WIDTH="18" VPOS="899" HPOS="867"/>
            <String HEIGHT="49" WIDTH="218" VPOS="899" HPOS="813" CONTENT="quelques" ID="tl_15_5" STYLEREFS="FONT2"/>
            <SP HEIGHT="49" WIDTH="18" VPOS="899" HPOS="1031"/>
            <String HEIGHT="49" WIDTH="182" VPOS="899" HPOS="977" CONTENT="causes" ID="tl_15_6" STYLEREFS="FONT2"/>
            <SP HEIGHT="49" WIDTH="18" VPOS="899" HPOS="1158"/>
            <String HEIGHT="49" WIDTH="109" VPOS="899" HPOS="1104" CONTENT="de" ID="tl_15_7" STYLEREFS="FONT2"/>
            <SP HEIGHT="49" WIDTH="18" VPOS="899" HPOS="1213"/>
            <String HEIGHT="49" WIDTH="182" VPOS="899" HPOS="1158" CONTENT="l’état" ID="tl_15_8" STYLEREFS="FONT2"/>
            <SP HEIGHT="49" WIDTH="18" VPOS="899" HPOS="1340"/>
            <String HEIGHT="49" WIDTH="200" VPOS="899" HPOS="1286" CONTENT="présent" ID="tl_15_9" STYLEREFS="FONT2"/>
            <SP HEIGHT="49" WIDTH="18" VPOS="899" HPOS="1486"/>
            <String HEIGHT="49" WIDTH="109" VPOS="899" HPOS="1431" CONTENT="de" ID="tl_15_10" STYLEREFS="FONT2"/>
            <SP HEIGHT="49" WIDTH="18" VPOS="899" HPOS="1540"/>
            <String HEIGHT="49" WIDTH="145" VPOS="899" HPOS="1468" CONTENT="lu" ID="tl_15_11" STYLEREFS="FONT2"/>
          </TextLine>
          <TextLine ID="tl_16" BASELINE="991" HEIGHT="53" WIDTH="1271" VPOS="938" HPOS="341">
            <String HEIGHT="53" WIDTH="265" VPOS="938" HPOS="323" CONTENT="peinture" ID="tl_16_1" STYLEREFS="FONT2"/>
            <SP HEIGHT="53" WIDTH="18" VPOS="938" HPOS="588"/>
            <String HEIGHT="53" WIDTH="106" VPOS="938" HPOS="535" CONTENT="en" ID="tl_16_2" STYLEREFS="FONT2"/>
            <SP HEIGHT="53" WIDTH="18" VPOS="938" HPOS="641"/>
            <String HEIGHT="53" WIDTH="265" VPOS="938" HPOS="588" CONTENT="France" ID="tl_16_3" STYLEREFS="FONT2"/>
            <SP HEIGHT="53" WIDTH="18" VPOS="938" HPOS="853"/>
            <String HEIGHT="53" WIDTH="106" VPOS="938" HPOS="800" CONTENT="On" ID="tl_16_4" STYLEREFS="FONT0"/>
            <SP HEIGHT="53" WIDTH="18" VPOS="938" HPOS="906"/>
            <String HEIGHT="53" WIDTH="88" VPOS="938" HPOS="853" CONTENT="a" ID="tl_16_5" STYLEREFS="FONT0"/>
            <SP HEIGHT="53" WIDTH="18" VPOS="938" HPOS="941"/>
            <String HEIGHT="53" WIDTH="141" VPOS="938" HPOS="888" CONTENT="même" ID="tl_16_6" STYLEREFS="FONT0"/>
            <SP HEIGHT="53" WIDTH="18" VPOS="938" HPOS="1029"/>
            <String HEIGHT="53" WIDTH="141" VPOS="938" HPOS="977" CONTENT="fait" ID="tl_16_7" STYLEREFS="FONT0"/>
            <SP HEIGHT="53" WIDTH="18" VPOS="938" HPOS="1118"/>
            <String HEIGHT="53" WIDTH="212" VPOS="938" HPOS="1065" CONTENT="remonter" ID="tl_16_8" STYLEREFS="FONT0"/>
            <SP HEIGHT="53" WIDTH="18" VPOS="938" HPOS="1277"/>
            <String HEIGHT="53" WIDTH="282" VPOS="938" HPOS="1224" CONTENT="l’initiative" ID="tl_16_9" STYLEREFS="FONT0"/>
            <SP HEIGHT="53" WIDTH="18" VPOS="938" HPOS="1506"/>
            <String HEIGHT="53" WIDTH="106" VPOS="938" HPOS="1453" CONTENT="de" ID="tl_16_10" STYLEREFS="FONT0"/>
            <SP HEIGHT="53" WIDTH="18" VPOS="938" HPOS="1559"/>
            <String HEIGHT="53" WIDTH="124" VPOS="938" HPOS="1488" CONTENT="cette" ID="tl_16_11" STYLEREFS="FONT0"/>
          </TextLine>
          <TextLine ID="tl_17" BASELINE="1028" HEIGHT="45" WIDTH="1269" VPOS="983" HPOS="343">
            <String HEIGHT="45" WIDTH="168" VPOS="983" HPOS="324" CONTENT="noble" ID="tl_17_1" STYLEREFS="FONT0"/>
            <SP HEIGHT="45" WIDTH="19" VPOS="983" HPOS="492"/>
            <String HEIGHT="45" WIDTH="187" VPOS="983" HPOS="436" CONTENT="pensée" ID="tl_17_2" STYLEREFS="FONT0"/>
            <SP HEIGHT="45" WIDTH="19" VPOS="983" HPOS="623"/>
            <String HEIGHT="45" WIDTH="93" VPOS="983" HPOS="567" CONTENT="à" ID="tl_17_3" STYLEREFS="FONT0"/>
            <SP HEIGHT="45" WIDTH="19" VPOS="983" HPOS="660"/>
            <String HEIGHT="45" WIDTH="112" VPOS="983" HPOS="604" CONTENT="la" ID="tl_17_4" STYLEREFS="FONT0"/>
            <SP HEIGHT="45" WIDTH="19" VPOS="983" HPOS="716"/>
            <String HEIGHT="45" WIDTH="149" VPOS="983" HPOS="660" CONTENT="sœur" ID="tl_17_5" STYLEREFS="FONT0"/>
            <SP HEIGHT="45" WIDTH="19" VPOS="983" HPOS="810"/>
            <String HEIGHT="45" WIDTH="112" VPOS="983" HPOS="754" CONTENT="de" ID="tl_17_6" STYLEREFS="FONT0"/>
            <SP HEIGHT="45" WIDTH="19" VPOS="983" HPOS="866"/>
            <String HEIGHT="45" WIDTH="112" VPOS="983" HPOS="810" CONTENT="M." ID="tl_17_7" STYLEREFS="FONT0"/>
            <SP HEIGHT="45" WIDTH="19" VPOS="983" HPOS="922"/>
            <String HEIGHT="45" WIDTH="112" VPOS="983" HPOS="866" CONTENT="de" ID="tl_17_8" STYLEREFS="FONT0"/>
            <SP HEIGHT="45" WIDTH="19" VPOS="983" HPOS="978"/>
            <String HEIGHT="45" WIDTH="224" VPOS="983" HPOS="922" CONTENT="Marigny," ID="tl_17_9" STYLEREFS="FONT0"/>
            <SP HEIGHT="45" WIDTH="19" VPOS="983" HPOS="1145"/>
            <String HEIGHT="45" WIDTH="112" VPOS="983" HPOS="1089" CONTENT="la" ID="tl_17_10" STYLEREFS="FONT0"/>
            <SP HEIGHT="45" WIDTH="19" VPOS="983" HPOS="1201"/>
            <String HEIGHT="45" WIDTH="168" VPOS="983" HPOS="1145" CONTENT="toute" ID="tl_17_11" STYLEREFS="FONT0"/>
            <SP HEIGHT="45" WIDTH="19" VPOS="983" HPOS="1313"/>
            <String HEIGHT="45" WIDTH="243" VPOS="983" HPOS="1257" CONTENT="puissante" ID="tl_17_12" STYLEREFS="FONT0"/>
            <SP HEIGHT="45" WIDTH="19" VPOS="983" HPOS="1500"/>
            <String HEIGHT="45" WIDTH="187" VPOS="983" HPOS="1425" CONTENT="marquise" ID="tl_17_13" STYLEREFS="FONT0"/>
          </TextLine>
          <TextLine ID="tl_18" BASELINE="1075" HEIGHT="53" WIDTH="1268" VPOS="1022" HPOS="342">
            <String HEIGHT="53" WIDTH="119" VPOS="1022" HPOS="322" CONTENT="de" ID="tl_18_1" STYLEREFS="FONT0"/>
            <SP HEIGHT="53" WIDTH="20" VPOS="1022" HPOS="441"/>
            <String HEIGHT="53" WIDTH="277" VPOS="1022" HPOS="382" CONTENT="Pompadour;" ID="tl_18_2" STYLEREFS="FONT0"/>
            <SP HEIGHT="53" WIDTH="20" VPOS="1022" HPOS="659"/>
            <String HEIGHT="53" WIDTH="198" VPOS="1022" HPOS="600" CONTENT="pleine" ID="tl_18_3" STYLEREFS="FONT0"/>
            <SP HEIGHT="53" WIDTH="20" VPOS="1022" HPOS="798"/>
            <String HEIGHT="53" WIDTH="277" VPOS="1022" HPOS="738" CONTENT="d’ambition" ID="tl_18_4" STYLEREFS="FONT0"/>
            <SP HEIGHT="53" WIDTH="20" VPOS="1022" HPOS="1016"/>
            <String HEIGHT="53" WIDTH="159" VPOS="1022" HPOS="956" CONTENT="pour" ID="tl_18_5" STYLEREFS="FONT0"/>
            <SP HEIGHT="53" WIDTH="20" VPOS="1022" HPOS="1115"/>
            <String HEIGHT="53" WIDTH="139" VPOS="1022" HPOS="1055" CONTENT="les" ID="tl_18_6" STYLEREFS="FONT0"/>
            <SP HEIGHT="53" WIDTH="20" VPOS="1022" HPOS="1194"/>
            <String HEIGHT="53" WIDTH="159" VPOS="1022" HPOS="1135" CONTENT="arts" ID="tl_18_7" STYLEREFS="FONT0"/>
            <SP HEIGHT="53" WIDTH="20" VPOS="1022" HPOS="1293"/>
            <String HEIGHT="53" WIDTH="218" VPOS="1022" HPOS="1234" CONTENT="qu’elle" ID="tl_18_8" STYLEREFS="FONT0"/>
            <SP HEIGHT="53" WIDTH="20" VPOS="1022" HPOS="1452"/>
            <String HEIGHT="53" WIDTH="238" VPOS="1022" HPOS="1372" CONTENT="cultivait," ID="tl_18_9" STYLEREFS="FONT0"/>
          </TextLine>
          <TextLine ID="tl_19" BASELINE="1109" HEIGHT="47" WIDTH="1269" VPOS="1062" HPOS="343">
            <String HEIGHT="47" WIDTH="129" VPOS="1062" HPOS="325" CONTENT="Mme" ID="tl_19_1" STYLEREFS="FONT0"/>
            <SP HEIGHT="47" WIDTH="18" VPOS="1062" HPOS="453"/>
            <String HEIGHT="47" WIDTH="110" VPOS="1062" HPOS="398" CONTENT="de" ID="tl_19_2" STYLEREFS="FONT0"/>
            <SP HEIGHT="47" WIDTH="18" VPOS="1062" HPOS="509"/>
            <String HEIGHT="47" WIDTH="239" VPOS="1062" HPOS="453" CONTENT="Pompadour" ID="tl_19_3" STYLEREFS="FONT0"/>
            <SP HEIGHT="47" WIDTH="18" VPOS="1062" HPOS="692"/>
            <String HEIGHT="47" WIDTH="239" VPOS="1062" HPOS="637" CONTENT="pourrait," ID="tl_19_4" STYLEREFS="FONT0"/>
            <SP HEIGHT="47" WIDTH="18" VPOS="1062" HPOS="876"/>
            <String HEIGHT="47" WIDTH="110" VPOS="1062" HPOS="821" CONTENT="en" ID="tl_19_5" STYLEREFS="FONT0"/>
            <SP HEIGHT="47" WIDTH="18" VPOS="1062" HPOS="932"/>
            <String HEIGHT="47" WIDTH="184" VPOS="1062" HPOS="876" CONTENT="effet," ID="tl_19_6" STYLEREFS="FONT0"/>
            <SP HEIGHT="47" WIDTH="18" VPOS="1062" HPOS="1060"/>
            <String HEIGHT="47" WIDTH="166" VPOS="1062" HPOS="1005" CONTENT="avoir" ID="tl_19_7" STYLEREFS="FONT0"/>
            <SP HEIGHT="47" WIDTH="18" VPOS="1062" HPOS="1171"/>
            <String HEIGHT="47" WIDTH="129" VPOS="1062" HPOS="1115" CONTENT="été" ID="tl_19_8" STYLEREFS="FONT0"/>
            <SP HEIGHT="47" WIDTH="18" VPOS="1062" HPOS="1244"/>
            <String HEIGHT="47" WIDTH="110" VPOS="1062" HPOS="1189" CONTENT="le" ID="tl_19_9" STYLEREFS="FONT0"/>
            <SP HEIGHT="47" WIDTH="18" VPOS="1062" HPOS="1299"/>
            <String HEIGHT="47" WIDTH="239" VPOS="1062" HPOS="1244" CONTENT="véritable" ID="tl_19_10" STYLEREFS="FONT0"/>
            <SP HEIGHT="47" WIDTH="18" VPOS="1062" HPOS="1483"/>
            <String HEIGHT="47" WIDTH="202" VPOS="1062" HPOS="1410" CONTENT="promoteur" ID="tl_19_11" STYLEREFS="FONT0"/>
          </TextLine>
          <TextLine ID="tl_20" BASELINE="1157" HEIGHT="61" WIDTH="1269" VPOS="1096" HPOS="342">
            <String HEIGHT="61" WIDTH="166" VPOS="1096" HPOS="324" CONTENT="d’une" ID="tl_20_1" STYLEREFS="FONT0"/>
            <SP HEIGHT="61" WIDTH="18" VPOS="1096" HPOS="489"/>
            <String HEIGHT="61" WIDTH="147" VPOS="1096" HPOS="434" CONTENT="idée" ID="tl_20_2" STYLEREFS="FONT0"/>
            <SP HEIGHT="61" WIDTH="18" VPOS="1096" HPOS="581"/>
            <String HEIGHT="61" WIDTH="239" VPOS="1096" HPOS="526" CONTENT="populaire" ID="tl_20_3" STYLEREFS="FONT0"/>
            <SP HEIGHT="61" WIDTH="18" VPOS="1096" HPOS="765"/>
            <String HEIGHT="61" WIDTH="166" VPOS="1096" HPOS="710" CONTENT="parmi" ID="tl_20_4" STYLEREFS="FONT0"/>
            <SP HEIGHT="61" WIDTH="18" VPOS="1096" HPOS="875"/>
            <String HEIGHT="61" WIDTH="129" VPOS="1096" HPOS="820" CONTENT="les" ID="tl_20_5" STYLEREFS="FONT0"/>
            <SP HEIGHT="61" WIDTH="18" VPOS="1096" HPOS="949"/>
            <String HEIGHT="61" WIDTH="239" VPOS="1096" HPOS="894" CONTENT="artistes," ID="tl_20_6" STYLEREFS="FONT0"/>
            <SP HEIGHT="61" WIDTH="18" VPOS="1096" HPOS="1133"/>
            <String HEIGHT="61" WIDTH="110" VPOS="1096" HPOS="1078" CONTENT="et" ID="tl_20_7" STYLEREFS="FONT0"/>
            <SP HEIGHT="61" WIDTH="18" VPOS="1096" HPOS="1188"/>
            <String HEIGHT="61" WIDTH="129" VPOS="1096" HPOS="1133" CONTENT="qui" ID="tl_20_8" STYLEREFS="FONT0"/>
            <SP HEIGHT="61" WIDTH="18" VPOS="1096" HPOS="1262"/>
            <String HEIGHT="61" WIDTH="313" VPOS="1096" HPOS="1206" CONTENT="s’accommodait" ID="tl_20_9" STYLEREFS="FONT0"/>
            <SP HEIGHT="61" WIDTH="18" VPOS="1096" HPOS="1519"/>
            <String HEIGHT="61" WIDTH="110" VPOS="1096" HPOS="1464" CONTENT="si" ID="tl_20_10" STYLEREFS="FONT0"/>
            <SP HEIGHT="61" WIDTH="18" VPOS="1096" HPOS="1574"/>
            <String HEIGHT="61" WIDTH="110" VPOS="1096" HPOS="1501" CONTENT="bien" ID="tl_20_11" STYLEREFS="FONT0"/>
          </TextLine>
          <TextLine ID="tl_21" BASELINE="1213" HEIGHT="55" WIDTH="913" VPOS="1158" HPOS="343">
            <String HEIGHT="55" WIDTH="155" VPOS="1158" HPOS="324" CONTENT="avec" ID="tl_21_1" STYLEREFS="FONT0"/>
            <SP HEIGHT="55" WIDTH="19" VPOS="1158" HPOS="479"/>
            <String HEIGHT="55" WIDTH="136" VPOS="1158" HPOS="421" CONTENT="ses" ID="tl_21_2" STYLEREFS="FONT0"/>
            <SP HEIGHT="55" WIDTH="19" VPOS="1158" HPOS="557"/>
            <String HEIGHT="55" WIDTH="194" VPOS="1158" HPOS="498" CONTENT="grands" ID="tl_21_3" STYLEREFS="FONT0"/>
            <SP HEIGHT="55" WIDTH="19" VPOS="1158" HPOS="693"/>
            <String HEIGHT="55" WIDTH="214" VPOS="1158" HPOS="634" CONTENT="projets" ID="tl_21_4" STYLEREFS="FONT0"/>
            <SP HEIGHT="55" WIDTH="19" VPOS="1158" HPOS="848"/>
            <String HEIGHT="55" WIDTH="311" VPOS="1158" HPOS="790" CONTENT="d’achèvement" ID="tl_21_5" STYLEREFS="FONT0"/>
            <SP HEIGHT="55" WIDTH="19" VPOS="1158" HPOS="1101"/>
            <String HEIGHT="55" WIDTH="117" VPOS="1158" HPOS="1042" CONTENT="du" ID="tl_21_6" STYLEREFS="FONT0"/>
            <SP HEIGHT="55" WIDTH="19" VPOS="1158" HPOS="1159"/>
            <String HEIGHT="55" WIDTH="175" VPOS="1158" HPOS="1081" CONTENT="Louvre." ID="tl_21_7" STYLEREFS="FONT0"/>
          </TextLine>
        </TextBlock>
        <TextBlock ID="r_2_4" HEIGHT="213" WIDTH="1262" VPOS="1206" HPOS="345">
          <TextLine ID="tl_22" BASELINE="1250" HEIGHT="72" WIDTH="1230" VPOS="1178" HPOS="383">
            <String HEIGHT="72" WIDTH="154" VPOS="1178" HPOS="364" CONTENT="Mais" ID="tl_22_1" STYLEREFS="FONT0"/>
            <SP HEIGHT="72" WIDTH="19" VPOS="1178" HPOS="518"/>
            <String HEIGHT="72" WIDTH="115" VPOS="1178" HPOS="460" CONTENT="il" ID="tl_22_2" STYLEREFS="FONT0"/>
            <SP HEIGHT="72" WIDTH="19" VPOS="1178" HPOS="575"/>
            <String HEIGHT="72" WIDTH="192" VPOS="1178" HPOS="518" CONTENT="fallut" ID="tl_22_3" STYLEREFS="FONT0"/>
            <SP HEIGHT="72" WIDTH="19" VPOS="1178" HPOS="710"/>
            <String HEIGHT="72" WIDTH="231" VPOS="1178" HPOS="652" CONTENT="quarante" ID="tl_22_4" STYLEREFS="FONT0"/>
            <SP HEIGHT="72" WIDTH="19" VPOS="1178" HPOS="883"/>
            <String HEIGHT="72" WIDTH="135" VPOS="1178" HPOS="825" CONTENT="ans" ID="tl_22_5" STYLEREFS="FONT0"/>
            <SP HEIGHT="72" WIDTH="19" VPOS="1178" HPOS="960"/>
            <String HEIGHT="72" WIDTH="192" VPOS="1178" HPOS="902" CONTENT="encore" ID="tl_22_6" STYLEREFS="FONT0"/>
            <SP HEIGHT="72" WIDTH="19" VPOS="1178" HPOS="1094"/>
            <String HEIGHT="72" WIDTH="154" VPOS="1178" HPOS="1036" CONTENT="pour" ID="tl_22_7" STYLEREFS="FONT0"/>
            <SP HEIGHT="72" WIDTH="19" VPOS="1178" HPOS="1190"/>
            <String HEIGHT="72" WIDTH="135" VPOS="1178" HPOS="1133" CONTENT="que" ID="tl_22_8" STYLEREFS="FONT0"/>
            <SP HEIGHT="72" WIDTH="19" VPOS="1178" HPOS="1267"/>
            <String HEIGHT="72" WIDTH="115" VPOS="1178" HPOS="1209" CONTENT="le" ID="tl_22_9" STYLEREFS="FONT0"/>
            <SP HEIGHT="72" WIDTH="19" VPOS="1178" HPOS="1325"/>
            <String HEIGHT="72" WIDTH="192" VPOS="1178" HPOS="1267" CONTENT="Louvre" ID="tl_22_10" STYLEREFS="FONT0"/>
            <SP HEIGHT="72" WIDTH="19" VPOS="1178" HPOS="1459"/>
            <String HEIGHT="72" WIDTH="135" VPOS="1178" HPOS="1402" CONTENT="fût" ID="tl_22_11" STYLEREFS="FONT0"/>
            <SP HEIGHT="72" WIDTH="19" VPOS="1178" HPOS="1536"/>
            <String HEIGHT="72" WIDTH="154" VPOS="1178" HPOS="1478" CONTENT="prêt" ID="tl_22_12" STYLEREFS="FONT0"/>
            <SP HEIGHT="72" WIDTH="19" VPOS="1178" HPOS="1632"/>
            <String HEIGHT="72" WIDTH="58" VPOS="1178" HPOS="1555" CONTENT="à" ID="tl_22_13" STYLEREFS="FONT0"/>
          </TextLine>
          <TextLine ID="tl_23" BASELINE="1292" HEIGHT="49" WIDTH="1269" VPOS="1243" HPOS="343">
            <String HEIGHT="49" WIDTH="224" VPOS="1243" HPOS="324" CONTENT="recevoir" ID="tl_23_1" STYLEREFS="FONT0"/>
            <SP HEIGHT="49" WIDTH="19" VPOS="1243" HPOS="548"/>
            <String HEIGHT="49" WIDTH="131" VPOS="1243" HPOS="492" CONTENT="les" ID="tl_23_2" STYLEREFS="FONT0"/>
            <SP HEIGHT="49" WIDTH="19" VPOS="1243" HPOS="623"/>
            <String HEIGHT="49" WIDTH="317" VPOS="1243" HPOS="567" CONTENT="chefs-d’œuvre" ID="tl_23_3" STYLEREFS="FONT0"/>
            <SP HEIGHT="49" WIDTH="19" VPOS="1243" HPOS="884"/>
            <String HEIGHT="49" WIDTH="112" VPOS="1243" HPOS="828" CONTENT="du" ID="tl_23_4" STYLEREFS="FONT0"/>
            <SP HEIGHT="49" WIDTH="19" VPOS="1243" HPOS="940"/>
            <String HEIGHT="49" WIDTH="205" VPOS="1243" HPOS="884" CONTENT="Cabinet" ID="tl_23_5" STYLEREFS="FONT0"/>
            <SP HEIGHT="49" WIDTH="19" VPOS="1243" HPOS="1089"/>
            <String HEIGHT="49" WIDTH="112" VPOS="1243" HPOS="1033" CONTENT="du" ID="tl_23_6" STYLEREFS="FONT0"/>
            <SP HEIGHT="49" WIDTH="19" VPOS="1243" HPOS="1145"/>
            <String HEIGHT="49" WIDTH="149" VPOS="1243" HPOS="1089" CONTENT="Roi," ID="tl_23_7" STYLEREFS="FONT0"/>
            <SP HEIGHT="49" WIDTH="19" VPOS="1243" HPOS="1239"/>
            <String HEIGHT="49" WIDTH="112" VPOS="1243" HPOS="1183" CONTENT="et" ID="tl_23_8" STYLEREFS="FONT0"/>
            <SP HEIGHT="49" WIDTH="19" VPOS="1243" HPOS="1295"/>
            <String HEIGHT="49" WIDTH="243" VPOS="1243" HPOS="1239" CONTENT="jusque-là" ID="tl_23_9" STYLEREFS="FONT0"/>
            <SP HEIGHT="49" WIDTH="19" VPOS="1243" HPOS="1481"/>
            <String HEIGHT="49" WIDTH="112" VPOS="1243" HPOS="1425" CONTENT="ce" ID="tl_23_10" STYLEREFS="FONT0"/>
            <SP HEIGHT="49" WIDTH="19" VPOS="1243" HPOS="1537"/>
            <String HEIGHT="49" WIDTH="131" VPOS="1243" HPOS="1481" CONTENT="fut" ID="tl_23_11" STYLEREFS="FONT0"/>
            <SP HEIGHT="49" WIDTH="19" VPOS="1243" HPOS="1612"/>
            <String HEIGHT="49" WIDTH="75" VPOS="1243" HPOS="1537" CONTENT="le" ID="tl_23_12" STYLEREFS="FONT0"/>
          </TextLine>
          <TextLine ID="tl_24" BASELINE="1331" HEIGHT="48" WIDTH="1270" VPOS="1283" HPOS="343">
            <String HEIGHT="48" WIDTH="274" VPOS="1283" HPOS="323" CONTENT="Luxembourg" ID="tl_24_1" STYLEREFS="FONT0"/>
            <SP HEIGHT="48" WIDTH="20" VPOS="1283" HPOS="597"/>
            <String HEIGHT="48" WIDTH="137" VPOS="1283" HPOS="538" CONTENT="qui" ID="tl_24_2" STYLEREFS="FONT0"/>
            <SP HEIGHT="48" WIDTH="20" VPOS="1283" HPOS="675"/>
            <String HEIGHT="48" WIDTH="156" VPOS="1283" HPOS="617" CONTENT="leur" ID="tl_24_3" STYLEREFS="FONT0"/>
            <SP HEIGHT="48" WIDTH="20" VPOS="1283" HPOS="773"/>
            <String HEIGHT="48" WIDTH="176" VPOS="1283" HPOS="714" CONTENT="livra" ID="tl_24_4" STYLEREFS="FONT0"/>
            <SP HEIGHT="48" WIDTH="20" VPOS="1283" HPOS="890"/>
            <String HEIGHT="48" WIDTH="137" VPOS="1283" HPOS="831" CONTENT="ses" ID="tl_24_5" STYLEREFS="FONT0"/>
            <SP HEIGHT="48" WIDTH="20" VPOS="1283" HPOS="968"/>
            <String HEIGHT="48" WIDTH="234" VPOS="1283" HPOS="910" CONTENT="galeries" ID="tl_24_6" STYLEREFS="FONT0"/>
            <SP HEIGHT="48" WIDTH="20" VPOS="1283" HPOS="1144"/>
            <String HEIGHT="48" WIDTH="117" VPOS="1283" HPOS="1085" CONTENT="et" ID="tl_24_7" STYLEREFS="FONT0"/>
            <SP HEIGHT="48" WIDTH="20" VPOS="1283" HPOS="1203"/>
            <String HEIGHT="48" WIDTH="137" VPOS="1283" HPOS="1144" CONTENT="ses" ID="tl_24_8" STYLEREFS="FONT0"/>
            <SP HEIGHT="48" WIDTH="20" VPOS="1283" HPOS="1281"/>
            <String HEIGHT="48" WIDTH="313" VPOS="1283" HPOS="1222" CONTENT="appartements" ID="tl_24_9" STYLEREFS="FONT0"/>
            <SP HEIGHT="48" WIDTH="20" VPOS="1283" HPOS="1535"/>
            <String HEIGHT="48" WIDTH="156" VPOS="1283" HPOS="1457" CONTENT="restés" ID="tl_24_10" STYLEREFS="FONT0"/>
          </TextLine>
          <TextLine ID="tl_25" BASELINE="1393" HEIGHT="76" WIDTH="1272" VPOS="1317" HPOS="339">
            <String HEIGHT="76" WIDTH="251" VPOS="1317" HPOS="320" CONTENT="inoccupés" ID="tl_25_1" STYLEREFS="FONT0"/>
            <SP HEIGHT="76" WIDTH="19" VPOS="1317" HPOS="570"/>
            <String HEIGHT="76" WIDTH="193" VPOS="1317" HPOS="512" CONTENT="depuis" ID="tl_25_2" STYLEREFS="FONT0"/>
            <SP HEIGHT="76" WIDTH="19" VPOS="1317" HPOS="705"/>
            <String HEIGHT="76" WIDTH="116" VPOS="1317" HPOS="647" CONTENT="la" ID="tl_25_3" STYLEREFS="FONT0"/>
            <SP HEIGHT="76" WIDTH="19" VPOS="1317" HPOS="763"/>
            <String HEIGHT="76" WIDTH="173" VPOS="1317" HPOS="705" CONTENT="mort," ID="tl_25_4" STYLEREFS="FONT0"/>
            <SP HEIGHT="76" WIDTH="19" VPOS="1317" HPOS="879"/>
            <String HEIGHT="76" WIDTH="116" VPOS="1317" HPOS="821" CONTENT="en" ID="tl_25_5" STYLEREFS="FONT0"/>
            <SP HEIGHT="76" WIDTH="19" VPOS="1317" HPOS="936"/>
            <String HEIGHT="76" WIDTH="173" VPOS="1317" HPOS="879" CONTENT="1742," ID="tl_25_6" STYLEREFS="FONT0"/>
            <SP HEIGHT="76" WIDTH="19" VPOS="1317" HPOS="1052"/>
            <String HEIGHT="76" WIDTH="116" VPOS="1317" HPOS="994" CONTENT="de" ID="tl_25_7" STYLEREFS="FONT0"/>
            <SP HEIGHT="76" WIDTH="19" VPOS="1317" HPOS="1110"/>
            <String HEIGHT="76" WIDTH="116" VPOS="1317" HPOS="1052" CONTENT="la" ID="tl_25_8" STYLEREFS="FONT0"/>
            <SP HEIGHT="76" WIDTH="19" VPOS="1317" HPOS="1168"/>
            <String HEIGHT="76" WIDTH="173" VPOS="1317" HPOS="1110" CONTENT="reine" ID="tl_25_9" STYLEREFS="FONT0"/>
            <SP HEIGHT="76" WIDTH="19" VPOS="1317" HPOS="1283"/>
            <String HEIGHT="76" WIDTH="270" VPOS="1317" HPOS="1226" CONTENT="d’Espagne," ID="tl_25_10" STYLEREFS="FONT0"/>
            <SP HEIGHT="76" WIDTH="19" VPOS="1317" HPOS="1495"/>
            <String HEIGHT="76" WIDTH="173" VPOS="1317" HPOS="1438" CONTENT="fille" ID="tl_25_11" STYLEREFS="FONT0"/>
            <SP HEIGHT="76" WIDTH="19" VPOS="1317" HPOS="1611"/>
            <String HEIGHT="76" WIDTH="77" VPOS="1317" HPOS="1534" CONTENT="du" ID="tl_25_12" STYLEREFS="FONT0"/>
          </TextLine>
          <TextLine ID="tl_26" BASELINE="1429" HEIGHT="61" WIDTH="155" VPOS="1368" HPOS="339">
            <String HEIGHT="61" WIDTH="199" VPOS="1368" HPOS="295" CONTENT="Régent." ID="tl_26_1" STYLEREFS="FONT0"/>
          </TextLine>
        </TextBlock>
        <TextBlock ID="r_2_5" HEIGHT="585" WIDTH="1259" VPOS="1441" HPOS="348">
          <TextLine ID="tl_27" BASELINE="1487" HEIGHT="65" WIDTH="1230" VPOS="1422" HPOS="383">
            <String HEIGHT="65" WIDTH="199" VPOS="1422" HPOS="365" CONTENT="Pendant" ID="tl_27_1" STYLEREFS="FONT0"/>
            <SP HEIGHT="65" WIDTH="18" VPOS="1422" HPOS="564"/>
            <String HEIGHT="65" WIDTH="127" VPOS="1422" HPOS="510" CONTENT="les" ID="tl_27_2" STYLEREFS="FONT0"/>
            <SP HEIGHT="65" WIDTH="18" VPOS="1422" HPOS="636"/>
            <String HEIGHT="65" WIDTH="181" VPOS="1422" HPOS="582" CONTENT="trente" ID="tl_27_3" STYLEREFS="FONT0"/>
            <SP HEIGHT="65" WIDTH="18" VPOS="1422" HPOS="763"/>
            <String HEIGHT="65" WIDTH="199" VPOS="1422" HPOS="709" CONTENT="années," ID="tl_27_4" STYLEREFS="FONT0"/>
            <SP HEIGHT="65" WIDTH="18" VPOS="1422" HPOS="908"/>
            <String HEIGHT="65" WIDTH="109" VPOS="1422" HPOS="853" CONTENT="de" ID="tl_27_5" STYLEREFS="FONT0"/>
            <SP HEIGHT="65" WIDTH="18" VPOS="1422" HPOS="962"/>
            <String HEIGHT="65" WIDTH="145" VPOS="1422" HPOS="908" CONTENT="1750" ID="tl_27_6" STYLEREFS="FONT0"/>
            <SP HEIGHT="65" WIDTH="18" VPOS="1422" HPOS="1052"/>
            <String HEIGHT="65" WIDTH="90" VPOS="1422" HPOS="998" CONTENT="à" ID="tl_27_7" STYLEREFS="FONT0"/>
            <SP HEIGHT="65" WIDTH="18" VPOS="1422" HPOS="1088"/>
            <String HEIGHT="65" WIDTH="163" VPOS="1422" HPOS="1034" CONTENT="1780," ID="tl_27_8" STYLEREFS="FONT0"/>
            <SP HEIGHT="65" WIDTH="18" VPOS="1422" HPOS="1197"/>
            <String HEIGHT="65" WIDTH="127" VPOS="1422" HPOS="1143" CONTENT="les" ID="tl_27_9" STYLEREFS="FONT0"/>
            <SP HEIGHT="65" WIDTH="18" VPOS="1422" HPOS="1269"/>
            <String HEIGHT="65" WIDTH="199" VPOS="1422" HPOS="1215" CONTENT="curieux" ID="tl_27_10" STYLEREFS="FONT0"/>
            <SP HEIGHT="65" WIDTH="18" VPOS="1422" HPOS="1414"/>
            <String HEIGHT="65" WIDTH="109" VPOS="1422" HPOS="1360" CONTENT="et" ID="tl_27_11" STYLEREFS="FONT0"/>
            <SP HEIGHT="65" WIDTH="18" VPOS="1422" HPOS="1468"/>
            <String HEIGHT="65" WIDTH="127" VPOS="1422" HPOS="1414" CONTENT="les" ID="tl_27_12" STYLEREFS="FONT0"/>
            <SP HEIGHT="65" WIDTH="18" VPOS="1422" HPOS="1541"/>
            <String HEIGHT="65" WIDTH="145" VPOS="1422" HPOS="1468" CONTENT="étran" SUBS_TYPE="HypPart1" SUBS_CONTENT="étrangers" ID="tl_27_13" STYLEREFS="FONT0"/>
            <HYP CONTENT="-"/>
          </TextLine>
          <TextLine ID="tl_28" BASELINE="1531" HEIGHT="49" WIDTH="1267" VPOS="1482" HPOS="344">
            <String HEIGHT="49" WIDTH="166" VPOS="1482" HPOS="323" CONTENT="gers" SUBS_TYPE="HypPart2" SUBS_CONTENT="étrangers" ID="tl_28_1" STYLEREFS="FONT0"/>
            <SP HEIGHT="49" WIDTH="21" VPOS="1482" HPOS="489"/>
            <String HEIGHT="49" WIDTH="208" VPOS="1482" HPOS="427" CONTENT="purent" ID="tl_28_2" STYLEREFS="FONT0"/>
            <SP HEIGHT="49" WIDTH="21" VPOS="1482" HPOS="635"/>
            <String HEIGHT="49" WIDTH="228" VPOS="1482" HPOS="572" CONTENT="admirer" ID="tl_28_3" STYLEREFS="FONT0"/>
            <SP HEIGHT="49" WIDTH="21" VPOS="1482" HPOS="801"/>
            <String HEIGHT="49" WIDTH="125" VPOS="1482" HPOS="739" CONTENT="et" ID="tl_28_4" STYLEREFS="FONT0"/>
            <SP HEIGHT="49" WIDTH="21" VPOS="1482" HPOS="863"/>
            <String HEIGHT="49" WIDTH="228" VPOS="1482" HPOS="801" CONTENT="étudier" ID="tl_28_5" STYLEREFS="FONT0"/>
            <SP HEIGHT="49" WIDTH="21" VPOS="1482" HPOS="1029"/>
            <String HEIGHT="49" WIDTH="270" VPOS="1482" HPOS="967" CONTENT="librement" ID="tl_28_6" STYLEREFS="FONT0"/>
            <SP HEIGHT="49" WIDTH="21" VPOS="1482" HPOS="1237"/>
            <String HEIGHT="49" WIDTH="166" VPOS="1482" HPOS="1175" CONTENT="dans" ID="tl_28_7" STYLEREFS="FONT0"/>
            <SP HEIGHT="49" WIDTH="21" VPOS="1482" HPOS="1341"/>
            <String HEIGHT="49" WIDTH="125" VPOS="1482" HPOS="1279" CONTENT="le" ID="tl_28_8" STYLEREFS="FONT0"/>
            <SP HEIGHT="49" WIDTH="21" VPOS="1482" HPOS="1403"/>
            <String HEIGHT="49" WIDTH="166" VPOS="1482" HPOS="1341" CONTENT="même" ID="tl_28_9" STYLEREFS="FONT0"/>
            <SP HEIGHT="49" WIDTH="21" VPOS="1482" HPOS="1507"/>
            <String HEIGHT="49" WIDTH="187" VPOS="1482" HPOS="1424" CONTENT="palais," ID="tl_28_10" STYLEREFS="FONT0"/>
          </TextLine>
          <TextLine ID="tl_29" BASELINE="1569" HEIGHT="37" WIDTH="1270" VPOS="1532" HPOS="343">
            <String HEIGHT="37" WIDTH="99" VPOS="1532" HPOS="323" CONTENT="—" ID="tl_29_1" STYLEREFS="FONT0"/>
            <SP HEIGHT="37" WIDTH="20" VPOS="1532" HPOS="422"/>
            <String HEIGHT="37" WIDTH="357" VPOS="1532" HPOS="363" CONTENT="l’incomparable" ID="tl_29_2" STYLEREFS="FONT0"/>
            <SP HEIGHT="37" WIDTH="20" VPOS="1532" HPOS="720"/>
            <String HEIGHT="37" WIDTH="179" VPOS="1532" HPOS="661" CONTENT="série" ID="tl_29_3" STYLEREFS="FONT0"/>
            <SP HEIGHT="37" WIDTH="20" VPOS="1532" HPOS="839"/>
            <String HEIGHT="37" WIDTH="119" VPOS="1532" HPOS="780" CONTENT="de" ID="tl_29_4" STYLEREFS="FONT0"/>
            <SP HEIGHT="37" WIDTH="20" VPOS="1532" HPOS="899"/>
            <String HEIGHT="37" WIDTH="198" VPOS="1532" HPOS="839" CONTENT="Rubens" ID="tl_29_5" STYLEREFS="FONT0"/>
            <SP HEIGHT="37" WIDTH="20" VPOS="1532" HPOS="1038"/>
            <String HEIGHT="37" WIDTH="318" VPOS="1532" HPOS="978" CONTENT="représentant" ID="tl_29_6" STYLEREFS="FONT0"/>
            <SP HEIGHT="37" WIDTH="20" VPOS="1532" HPOS="1296"/>
            <String HEIGHT="37" WIDTH="119" VPOS="1532" HPOS="1236" CONTENT="la" ID="tl_29_7" STYLEREFS="FONT0"/>
            <SP HEIGHT="37" WIDTH="20" VPOS="1532" HPOS="1355"/>
            <String HEIGHT="37" WIDTH="139" VPOS="1532" HPOS="1296" CONTENT="vie" ID="tl_29_8" STYLEREFS="FONT0"/>
            <SP HEIGHT="37" WIDTH="20" VPOS="1532" HPOS="1434"/>
            <String HEIGHT="37" WIDTH="119" VPOS="1532" HPOS="1375" CONTENT="de" ID="tl_29_9" STYLEREFS="FONT0"/>
            <SP HEIGHT="37" WIDTH="20" VPOS="1532" HPOS="1494"/>
            <String HEIGHT="37" WIDTH="179" VPOS="1532" HPOS="1434" CONTENT="Marie" ID="tl_29_10" STYLEREFS="FONT0"/>
            <SP HEIGHT="37" WIDTH="20" VPOS="1532" HPOS="1613"/>
            <String HEIGHT="37" WIDTH="79" VPOS="1532" HPOS="1534" CONTENT="de" ID="tl_29_11" STYLEREFS="FONT0"/>
          </TextLine>
          <TextLine ID="tl_30" BASELINE="1606" HEIGHT="50" WIDTH="1270" VPOS="1556" HPOS="342">
            <String HEIGHT="50" WIDTH="227" VPOS="1556" HPOS="323" CONTENT="Médicis," ID="tl_30_1" STYLEREFS="FONT0"/>
            <SP HEIGHT="50" WIDTH="19" VPOS="1556" HPOS="551"/>
            <String HEIGHT="50" WIDTH="114" VPOS="1556" HPOS="494" CONTENT="et" ID="tl_30_2" STYLEREFS="FONT0"/>
            <SP HEIGHT="50" WIDTH="19" VPOS="1556" HPOS="607"/>
            <String HEIGHT="50" WIDTH="246" VPOS="1556" HPOS="551" CONTENT="décorant," ID="tl_30_3" STYLEREFS="FONT0"/>
            <SP HEIGHT="50" WIDTH="19" VPOS="1556" HPOS="797"/>
            <String HEIGHT="50" WIDTH="171" VPOS="1556" HPOS="740" CONTENT="comme" ID="tl_30_4" STYLEREFS="FONT0"/>
            <SP HEIGHT="50" WIDTH="19" VPOS="1556" HPOS="911"/>
            <String HEIGHT="50" WIDTH="190" VPOS="1556" HPOS="854" CONTENT="chacun" ID="tl_30_5" STYLEREFS="FONT0"/>
            <SP HEIGHT="50" WIDTH="19" VPOS="1556" HPOS="1043"/>
            <String HEIGHT="50" WIDTH="171" VPOS="1556" HPOS="986" CONTENT="sait," ID="tl_30_6" STYLEREFS="FONT0"/>
            <SP HEIGHT="50" WIDTH="19" VPOS="1556" HPOS="1157"/>
            <String HEIGHT="50" WIDTH="114" VPOS="1556" HPOS="1100" CONTENT="la" ID="tl_30_7" STYLEREFS="FONT0"/>
            <SP HEIGHT="50" WIDTH="19" VPOS="1556" HPOS="1214"/>
            <String HEIGHT="50" WIDTH="209" VPOS="1556" HPOS="1157" CONTENT="galerie" ID="tl_30_8" STYLEREFS="FONT0"/>
            <SP HEIGHT="50" WIDTH="19" VPOS="1556" HPOS="1366"/>
            <String HEIGHT="50" WIDTH="209" VPOS="1556" HPOS="1309" CONTENT="droite," ID="tl_30_9" STYLEREFS="FONT0"/>
            <SP HEIGHT="50" WIDTH="19" VPOS="1556" HPOS="1517"/>
            <String HEIGHT="50" WIDTH="171" VPOS="1556" HPOS="1441" CONTENT="aujour" SUBS_TYPE="HypPart1" SUBS_CONTENT="aujourd’hui" ID="tl_30_10" STYLEREFS="FONT0"/>
            <HYP CONTENT="-"/>
          </TextLine>
          <TextLine ID="tl_31" BASELINE="1655" HEIGHT="49" WIDTH="1271" VPOS="1606" HPOS="342">
            <String HEIGHT="49" WIDTH="163" VPOS="1606" HPOS="324" CONTENT="d’hui" SUBS_TYPE="HypPart2" SUBS_CONTENT="aujourd’hui" ID="tl_31_1" STYLEREFS="FONT0"/>
            <SP HEIGHT="49" WIDTH="18" VPOS="1606" HPOS="487"/>
            <String HEIGHT="49" WIDTH="236" VPOS="1606" HPOS="433" CONTENT="détruite," ID="tl_31_2" STYLEREFS="FONT0"/>
            <SP HEIGHT="49" WIDTH="18" VPOS="1606" HPOS="669"/>
            <String HEIGHT="49" WIDTH="109" VPOS="1606" HPOS="614" CONTENT="et" ID="tl_31_3" STYLEREFS="FONT0"/>
            <SP HEIGHT="49" WIDTH="18" VPOS="1606" HPOS="723"/>
            <String HEIGHT="49" WIDTH="145" VPOS="1606" HPOS="669" CONTENT="dont" ID="tl_31_4" STYLEREFS="FONT0"/>
            <SP HEIGHT="49" WIDTH="18" VPOS="1606" HPOS="814"/>
            <String HEIGHT="49" WIDTH="127" VPOS="1606" HPOS="760" CONTENT="une" ID="tl_31_5" STYLEREFS="FONT0"/>
            <SP HEIGHT="49" WIDTH="18" VPOS="1606" HPOS="887"/>
            <String HEIGHT="49" WIDTH="182" VPOS="1606" HPOS="832" CONTENT="partie" ID="tl_31_6" STYLEREFS="FONT0"/>
            <SP HEIGHT="49" WIDTH="18" VPOS="1606" HPOS="1014"/>
            <String HEIGHT="49" WIDTH="145" VPOS="1606" HPOS="959" CONTENT="sert" ID="tl_31_7" STYLEREFS="FONT0"/>
            <SP HEIGHT="49" WIDTH="18" VPOS="1606" HPOS="1105"/>
            <String HEIGHT="49" WIDTH="109" VPOS="1606" HPOS="1050" CONTENT="de" ID="tl_31_8" STYLEREFS="FONT0"/>
            <SP HEIGHT="49" WIDTH="18" VPOS="1606" HPOS="1159"/>
            <String HEIGHT="49" WIDTH="145" VPOS="1606" HPOS="1105" CONTENT="cage" ID="tl_31_9" STYLEREFS="FONT0"/>
            <SP HEIGHT="49" WIDTH="18" VPOS="1606" HPOS="1250"/>
            <String HEIGHT="49" WIDTH="91" VPOS="1606" HPOS="1195" CONTENT="à" ID="tl_31_10" STYLEREFS="FONT0"/>
            <SP HEIGHT="49" WIDTH="18" VPOS="1606" HPOS="1286"/>
            <String HEIGHT="49" WIDTH="254" VPOS="1606" HPOS="1232" CONTENT="l’escalier" ID="tl_31_11" STYLEREFS="FONT0"/>
            <SP HEIGHT="49" WIDTH="18" VPOS="1606" HPOS="1486"/>
            <String HEIGHT="49" WIDTH="200" VPOS="1606" HPOS="1413" CONTENT="d’honneur" ID="tl_31_12" STYLEREFS="FONT0"/>
          </TextLine>
          <TextLine ID="tl_32" BASELINE="1697" HEIGHT="49" WIDTH="1267" VPOS="1648" HPOS="343">
            <String HEIGHT="49" WIDTH="112" VPOS="1648" HPOS="324" CONTENT="du" ID="tl_32_1" STYLEREFS="FONT0"/>
            <SP HEIGHT="49" WIDTH="19" VPOS="1648" HPOS="436"/>
            <String HEIGHT="49" WIDTH="186" VPOS="1648" HPOS="380" CONTENT="Sénat," ID="tl_32_2" STYLEREFS="FONT0"/>
            <SP HEIGHT="49" WIDTH="19" VPOS="1648" HPOS="567"/>
            <String HEIGHT="49" WIDTH="93" VPOS="1648" HPOS="511" CONTENT="—" ID="tl_32_3" STYLEREFS="FONT0"/>
            <SP HEIGHT="49" WIDTH="19" VPOS="1648" HPOS="604"/>
            <String HEIGHT="49" WIDTH="112" VPOS="1648" HPOS="548" CONTENT="et" ID="tl_32_4" STYLEREFS="FONT0"/>
            <SP HEIGHT="49" WIDTH="19" VPOS="1648" HPOS="660"/>
            <String HEIGHT="49" WIDTH="149" VPOS="1648" HPOS="604" CONTENT="puis" ID="tl_32_5" STYLEREFS="FONT0"/>
            <SP HEIGHT="49" WIDTH="19" VPOS="1648" HPOS="753"/>
            <String HEIGHT="49" WIDTH="224" VPOS="1648" HPOS="697" CONTENT="répartis" ID="tl_32_6" STYLEREFS="FONT0"/>
            <SP HEIGHT="49" WIDTH="19" VPOS="1648" HPOS="921"/>
            <String HEIGHT="49" WIDTH="149" VPOS="1648" HPOS="865" CONTENT="dans" ID="tl_32_7" STYLEREFS="FONT0"/>
            <SP HEIGHT="49" WIDTH="19" VPOS="1648" HPOS="1014"/>
            <String HEIGHT="49" WIDTH="205" VPOS="1648" HPOS="958" CONTENT="l’autre" ID="tl_32_8" STYLEREFS="FONT0"/>
            <SP HEIGHT="49" WIDTH="19" VPOS="1648" HPOS="1163"/>
            <String HEIGHT="49" WIDTH="205" VPOS="1648" HPOS="1107" CONTENT="galerie" ID="tl_32_9" STYLEREFS="FONT0"/>
            <SP HEIGHT="49" WIDTH="19" VPOS="1648" HPOS="1312"/>
            <String HEIGHT="49" WIDTH="261" VPOS="1648" HPOS="1256" CONTENT="parallèle," ID="tl_32_10" STYLEREFS="FONT0"/>
            <SP HEIGHT="49" WIDTH="19" VPOS="1648" HPOS="1517"/>
            <String HEIGHT="49" WIDTH="168" VPOS="1648" HPOS="1442" CONTENT="aujour" SUBS_TYPE="HypPart1" SUBS_CONTENT="aujourd’hui" ID="tl_32_11" STYLEREFS="FONT0"/>
            <HYP CONTENT="-"/>
          </TextLine>
          <TextLine ID="tl_33" BASELINE="1728" HEIGHT="45" WIDTH="1270" VPOS="1683" HPOS="342">
            <String HEIGHT="45" WIDTH="176" VPOS="1683" HPOS="322" CONTENT="d’hui" SUBS_TYPE="HypPart2" SUBS_CONTENT="aujourd’hui" ID="tl_33_1" STYLEREFS="FONT0"/>
            <SP HEIGHT="45" WIDTH="20" VPOS="1683" HPOS="498"/>
            <String HEIGHT="45" WIDTH="215" VPOS="1683" HPOS="440" CONTENT="remplie" ID="tl_33_2" STYLEREFS="FONT0"/>
            <SP HEIGHT="45" WIDTH="20" VPOS="1683" HPOS="655"/>
            <String HEIGHT="45" WIDTH="137" VPOS="1683" HPOS="596" CONTENT="par" ID="tl_33_3" STYLEREFS="FONT0"/>
            <SP HEIGHT="45" WIDTH="20" VPOS="1683" HPOS="733"/>
            <String HEIGHT="45" WIDTH="137" VPOS="1683" HPOS="674" CONTENT="nos" ID="tl_33_4" STYLEREFS="FONT0"/>
            <SP HEIGHT="45" WIDTH="20" VPOS="1683" HPOS="811"/>
            <String HEIGHT="45" WIDTH="215" VPOS="1683" HPOS="752" CONTENT="grandes" ID="tl_33_5" STYLEREFS="FONT0"/>
            <SP HEIGHT="45" WIDTH="20" VPOS="1683" HPOS="967"/>
            <String HEIGHT="45" WIDTH="195" VPOS="1683" HPOS="909" CONTENT="toiles" ID="tl_33_6" STYLEREFS="FONT0"/>
            <SP HEIGHT="45" WIDTH="20" VPOS="1683" HPOS="1104"/>
            <String HEIGHT="45" WIDTH="254" VPOS="1683" HPOS="1045" CONTENT="modernes," ID="tl_33_7" STYLEREFS="FONT0"/>
            <SP HEIGHT="45" WIDTH="20" VPOS="1683" HPOS="1299"/>
            <String HEIGHT="45" WIDTH="117" VPOS="1683" HPOS="1241" CONTENT="et" ID="tl_33_8" STYLEREFS="FONT0"/>
            <SP HEIGHT="45" WIDTH="20" VPOS="1683" HPOS="1358"/>
            <String HEIGHT="45" WIDTH="156" VPOS="1683" HPOS="1299" CONTENT="dans" ID="tl_33_9" STYLEREFS="FONT0"/>
            <SP HEIGHT="45" WIDTH="20" VPOS="1683" HPOS="1456"/>
            <String HEIGHT="45" WIDTH="137" VPOS="1683" HPOS="1397" CONTENT="les" ID="tl_33_10" STYLEREFS="FONT0"/>
            <SP HEIGHT="45" WIDTH="20" VPOS="1683" HPOS="1534"/>
            <String HEIGHT="45" WIDTH="156" VPOS="1683" HPOS="1456" CONTENT="vastes" ID="tl_33_11" STYLEREFS="FONT0"/>
          </TextLine>
          <TextLine ID="tl_34" BASELINE="1781" HEIGHT="61" WIDTH="1269" VPOS="1720" HPOS="343">
            <String HEIGHT="61" WIDTH="327" VPOS="1720" HPOS="323" CONTENT="appartements" ID="tl_34_1" STYLEREFS="FONT0"/>
            <SP HEIGHT="61" WIDTH="20" VPOS="1720" HPOS="650"/>
            <String HEIGHT="61" WIDTH="368" VPOS="1720" HPOS="589" CONTENT="intermédiaires" ID="tl_34_2" STYLEREFS="FONT0"/>
            <SP HEIGHT="61" WIDTH="20" VPOS="1720" HPOS="957"/>
            <String HEIGHT="61" WIDTH="123" VPOS="1720" HPOS="896" CONTENT="de" ID="tl_34_3" STYLEREFS="FONT0"/>
            <SP HEIGHT="61" WIDTH="20" VPOS="1720" HPOS="1018"/>
            <String HEIGHT="61" WIDTH="123" VPOS="1720" HPOS="957" CONTENT="la" ID="tl_34_4" STYLEREFS="FONT0"/>
            <SP HEIGHT="61" WIDTH="20" VPOS="1720" HPOS="1080"/>
            <String HEIGHT="61" WIDTH="164" VPOS="1720" HPOS="1018" CONTENT="feue" ID="tl_34_5" STYLEREFS="FONT0"/>
            <SP HEIGHT="61" WIDTH="20" VPOS="1720" HPOS="1182"/>
            <String HEIGHT="61" WIDTH="205" VPOS="1720" HPOS="1121" CONTENT="reine," ID="tl_34_6" STYLEREFS="FONT0"/>
            <SP HEIGHT="61" WIDTH="20" VPOS="1720" HPOS="1325"/>
            <String HEIGHT="61" WIDTH="143" VPOS="1720" HPOS="1264" CONTENT="une" ID="tl_34_7" STYLEREFS="FONT0"/>
            <SP HEIGHT="61" WIDTH="20" VPOS="1720" HPOS="1407"/>
            <String HEIGHT="61" WIDTH="246" VPOS="1720" HPOS="1346" CONTENT="centaine" ID="tl_34_8" STYLEREFS="FONT0"/>
            <SP HEIGHT="61" WIDTH="20" VPOS="1720" HPOS="1592"/>
            <String HEIGHT="61" WIDTH="102" VPOS="1720" HPOS="1510" CONTENT="des" ID="tl_34_9" STYLEREFS="FONT0"/>
          </TextLine>
          <TextLine ID="tl_35" BASELINE="1821" HEIGHT="48" WIDTH="1269" VPOS="1773" HPOS="342">
            <String HEIGHT="48" WIDTH="187" VPOS="1773" HPOS="323" CONTENT="œuvres" ID="tl_35_1" STYLEREFS="FONT0"/>
            <SP HEIGHT="48" WIDTH="19" VPOS="1773" HPOS="510"/>
            <String HEIGHT="48" WIDTH="131" VPOS="1773" HPOS="454" CONTENT="les" ID="tl_35_2" STYLEREFS="FONT0"/>
            <SP HEIGHT="48" WIDTH="19" VPOS="1773" HPOS="585"/>
            <String HEIGHT="48" WIDTH="149" VPOS="1773" HPOS="529" CONTENT="plus" ID="tl_35_3" STYLEREFS="FONT0"/>
            <SP HEIGHT="48" WIDTH="19" VPOS="1773" HPOS="678"/>
            <String HEIGHT="48" WIDTH="224" VPOS="1773" HPOS="622" CONTENT="célèbres" ID="tl_35_4" STYLEREFS="FONT0"/>
            <SP HEIGHT="48" WIDTH="19" VPOS="1773" HPOS="846"/>
            <String HEIGHT="48" WIDTH="131" VPOS="1773" HPOS="790" CONTENT="que" ID="tl_35_5" STYLEREFS="FONT0"/>
            <SP HEIGHT="48" WIDTH="19" VPOS="1773" HPOS="921"/>
            <String HEIGHT="48" WIDTH="224" VPOS="1773" HPOS="865" CONTENT="possédât" ID="tl_35_6" STYLEREFS="FONT0"/>
            <SP HEIGHT="48" WIDTH="19" VPOS="1773" HPOS="1088"/>
            <String HEIGHT="48" WIDTH="112" VPOS="1773" HPOS="1032" CONTENT="la" ID="tl_35_7" STYLEREFS="FONT0"/>
            <SP HEIGHT="48" WIDTH="19" VPOS="1773" HPOS="1144"/>
            <String HEIGHT="48" WIDTH="205" VPOS="1773" HPOS="1088" CONTENT="France," ID="tl_35_8" STYLEREFS="FONT0"/>
            <SP HEIGHT="48" WIDTH="19" VPOS="1773" HPOS="1294"/>
            <String HEIGHT="48" WIDTH="112" VPOS="1773" HPOS="1238" CONTENT="de" ID="tl_35_9" STYLEREFS="FONT0"/>
            <SP HEIGHT="48" WIDTH="19" VPOS="1773" HPOS="1350"/>
            <String HEIGHT="48" WIDTH="224" VPOS="1773" HPOS="1294" CONTENT="Raphaël," ID="tl_35_10" STYLEREFS="FONT0"/>
            <SP HEIGHT="48" WIDTH="19" VPOS="1773" HPOS="1518"/>
            <String HEIGHT="48" WIDTH="112" VPOS="1773" HPOS="1462" CONTENT="du" ID="tl_35_11" STYLEREFS="FONT0"/>
            <SP HEIGHT="48" WIDTH="19" VPOS="1773" HPOS="1574"/>
            <String HEIGHT="48" WIDTH="112" VPOS="1773" HPOS="1499" CONTENT="Cor" SUBS_TYPE="HypPart1" SUBS_CONTENT="Corrège," ID="tl_35_12" STYLEREFS="FONT0"/>
            <HYP CONTENT="-"/>
          </TextLine>
          <TextLine ID="tl_36" BASELINE="1864" HEIGHT="63" WIDTH="1267" VPOS="1801" HPOS="342">
            <String HEIGHT="63" WIDTH="173" VPOS="1801" HPOS="323" CONTENT="rège," SUBS_TYPE="HypPart2" SUBS_CONTENT="Corrège," ID="tl_36_1" STYLEREFS="FONT0"/>
            <SP HEIGHT="63" WIDTH="19" VPOS="1801" HPOS="496"/>
            <String HEIGHT="63" WIDTH="211" VPOS="1801" HPOS="438" CONTENT="d’André" ID="tl_36_2" STYLEREFS="FONT0"/>
            <SP HEIGHT="63" WIDTH="19" VPOS="1801" HPOS="649"/>
            <String HEIGHT="63" WIDTH="134" VPOS="1801" HPOS="592" CONTENT="del" ID="tl_36_3" STYLEREFS="FONT0"/>
            <SP HEIGHT="63" WIDTH="19" VPOS="1801" HPOS="726"/>
            <String HEIGHT="63" WIDTH="192" VPOS="1801" HPOS="668" CONTENT="Sarte," ID="tl_36_4" STYLEREFS="FONT0"/>
            <SP HEIGHT="63" WIDTH="19" VPOS="1801" HPOS="860"/>
            <String HEIGHT="63" WIDTH="115" VPOS="1801" HPOS="803" CONTENT="du" ID="tl_36_5" STYLEREFS="FONT0"/>
            <SP HEIGHT="63" WIDTH="19" VPOS="1801" HPOS="918"/>
            <String HEIGHT="63" WIDTH="211" VPOS="1801" HPOS="860" CONTENT="Titien," ID="tl_36_6" STYLEREFS="FONT0"/>
            <SP HEIGHT="63" WIDTH="19" VPOS="1801" HPOS="1071"/>
            <String HEIGHT="63" WIDTH="115" VPOS="1801" HPOS="1014" CONTENT="de" ID="tl_36_7" STYLEREFS="FONT0"/>
            <SP HEIGHT="63" WIDTH="19" VPOS="1801" HPOS="1129"/>
            <String HEIGHT="63" WIDTH="154" VPOS="1801" HPOS="1071" CONTENT="Paul" ID="tl_36_8" STYLEREFS="FONT0"/>
            <SP HEIGHT="63" WIDTH="19" VPOS="1801" HPOS="1225"/>
            <String HEIGHT="63" WIDTH="250" VPOS="1801" HPOS="1167" CONTENT="Véronèse," ID="tl_36_9" STYLEREFS="FONT0"/>
            <SP HEIGHT="63" WIDTH="19" VPOS="1801" HPOS="1417"/>
            <String HEIGHT="63" WIDTH="115" VPOS="1801" HPOS="1359" CONTENT="du" ID="tl_36_10" STYLEREFS="FONT0"/>
            <SP HEIGHT="63" WIDTH="19" VPOS="1801" HPOS="1475"/>
            <String HEIGHT="63" WIDTH="211" VPOS="1801" HPOS="1398" CONTENT="Caravage," ID="tl_36_11" STYLEREFS="FONT0"/>
          </TextLine>
          <TextLine ID="tl_37" BASELINE="1898" HEIGHT="39" WIDTH="1266" VPOS="1859" HPOS="341">
            <String HEIGHT="39" WIDTH="117" VPOS="1859" HPOS="322" CONTENT="du" ID="tl_37_1" STYLEREFS="FONT0"/>
            <SP HEIGHT="39" WIDTH="19" VPOS="1859" HPOS="438"/>
            <String HEIGHT="39" WIDTH="234" VPOS="1859" HPOS="380" CONTENT="Poussin," ID="tl_37_2" STYLEREFS="FONT0"/>
            <SP HEIGHT="39" WIDTH="19" VPOS="1859" HPOS="614"/>
            <String HEIGHT="39" WIDTH="117" VPOS="1859" HPOS="555" CONTENT="de" ID="tl_37_3" STYLEREFS="FONT0"/>
            <SP HEIGHT="39" WIDTH="19" VPOS="1859" HPOS="672"/>
            <String HEIGHT="39" WIDTH="214" VPOS="1859" HPOS="614" CONTENT="Claude," ID="tl_37_4" STYLEREFS="FONT0"/>
            <SP HEIGHT="39" WIDTH="19" VPOS="1859" HPOS="828"/>
            <String HEIGHT="39" WIDTH="117" VPOS="1859" HPOS="769" CONTENT="de" ID="tl_37_5" STYLEREFS="FONT0"/>
            <SP HEIGHT="39" WIDTH="19" VPOS="1859" HPOS="886"/>
            <String HEIGHT="39" WIDTH="214" VPOS="1859" HPOS="828" CONTENT="Rubens," ID="tl_37_6" STYLEREFS="FONT0"/>
            <SP HEIGHT="39" WIDTH="19" VPOS="1859" HPOS="1042"/>
            <String HEIGHT="39" WIDTH="117" VPOS="1859" HPOS="984" CONTENT="de" ID="tl_37_7" STYLEREFS="FONT0"/>
            <SP HEIGHT="39" WIDTH="19" VPOS="1859" HPOS="1101"/>
            <String HEIGHT="39" WIDTH="253" VPOS="1859" HPOS="1042" CONTENT="Van-Dyck," ID="tl_37_8" STYLEREFS="FONT0"/>
            <SP HEIGHT="39" WIDTH="19" VPOS="1859" HPOS="1295"/>
            <String HEIGHT="39" WIDTH="117" VPOS="1859" HPOS="1237" CONTENT="de" ID="tl_37_9" STYLEREFS="FONT0"/>
            <SP HEIGHT="39" WIDTH="19" VPOS="1859" HPOS="1354"/>
            <String HEIGHT="39" WIDTH="273" VPOS="1859" HPOS="1295" CONTENT="Rembrandt," ID="tl_37_10" STYLEREFS="FONT0"/>
            <SP HEIGHT="39" WIDTH="19" VPOS="1859" HPOS="1568"/>
            <String HEIGHT="39" WIDTH="117" VPOS="1859" HPOS="1490" CONTENT="etc." ID="tl_37_11" STYLEREFS="FONT0"/>
          </TextLine>
          <TextLine ID="tl_38" BASELINE="1937" HEIGHT="49" WIDTH="1269" VPOS="1888" HPOS="341">
            <String HEIGHT="49" WIDTH="212" VPOS="1888" HPOS="322" CONTENT="Joignez" ID="tl_38_1" STYLEREFS="FONT0"/>
            <SP HEIGHT="49" WIDTH="19" VPOS="1888" HPOS="533"/>
            <String HEIGHT="49" WIDTH="96" VPOS="1888" HPOS="476" CONTENT="à" ID="tl_38_2" STYLEREFS="FONT0"/>
            <SP HEIGHT="49" WIDTH="19" VPOS="1888" HPOS="572"/>
            <String HEIGHT="49" WIDTH="154" VPOS="1888" HPOS="514" CONTENT="cela" ID="tl_38_3" STYLEREFS="FONT0"/>
            <SP HEIGHT="49" WIDTH="19" VPOS="1888" HPOS="668"/>
            <String HEIGHT="49" WIDTH="231" VPOS="1888" HPOS="610" CONTENT="certains" ID="tl_38_4" STYLEREFS="FONT0"/>
            <SP HEIGHT="49" WIDTH="19" VPOS="1888" HPOS="841"/>
            <String HEIGHT="49" WIDTH="231" VPOS="1888" HPOS="783" CONTENT="superbes" ID="tl_38_5" STYLEREFS="FONT0"/>
            <SP HEIGHT="49" WIDTH="19" VPOS="1888" HPOS="1014"/>
            <String HEIGHT="49" WIDTH="212" VPOS="1888" HPOS="956" CONTENT="dessins" ID="tl_38_6" STYLEREFS="FONT0"/>
            <SP HEIGHT="49" WIDTH="19" VPOS="1888" HPOS="1168"/>
            <String HEIGHT="49" WIDTH="115" VPOS="1888" HPOS="1110" CONTENT="de" ID="tl_38_7" STYLEREFS="FONT0"/>
            <SP HEIGHT="49" WIDTH="19" VPOS="1888" HPOS="1225"/>
            <String HEIGHT="49" WIDTH="212" VPOS="1888" HPOS="1168" CONTENT="Raphaël" ID="tl_38_8" STYLEREFS="FONT0"/>
            <SP HEIGHT="49" WIDTH="19" VPOS="1888" HPOS="1379"/>
            <String HEIGHT="49" WIDTH="115" VPOS="1888" HPOS="1322" CONTENT="et" ID="tl_38_9" STYLEREFS="FONT0"/>
            <SP HEIGHT="49" WIDTH="19" VPOS="1888" HPOS="1437"/>
            <String HEIGHT="49" WIDTH="115" VPOS="1888" HPOS="1379" CONTENT="du" ID="tl_38_10" STYLEREFS="FONT0"/>
            <SP HEIGHT="49" WIDTH="19" VPOS="1888" HPOS="1495"/>
            <String HEIGHT="49" WIDTH="192" VPOS="1888" HPOS="1418" CONTENT="Poussin," ID="tl_38_11" STYLEREFS="FONT0"/>
          </TextLine>
          <TextLine ID="tl_39" BASELINE="2000" HEIGHT="64" WIDTH="1266" VPOS="1936" HPOS="342">
            <String HEIGHT="64" WIDTH="223" VPOS="1936" HPOS="323" CONTENT="lesquels" ID="tl_39_1" STYLEREFS="FONT0"/>
            <SP HEIGHT="64" WIDTH="19" VPOS="1936" HPOS="547"/>
            <String HEIGHT="64" WIDTH="112" VPOS="1936" HPOS="491" CONTENT="ne" ID="tl_39_2" STYLEREFS="FONT0"/>
            <SP HEIGHT="64" WIDTH="19" VPOS="1936" HPOS="603"/>
            <String HEIGHT="64" WIDTH="261" VPOS="1936" HPOS="547" CONTENT="rentrèrent" ID="tl_39_3" STYLEREFS="FONT0"/>
            <SP HEIGHT="64" WIDTH="19" VPOS="1936" HPOS="807"/>
            <String HEIGHT="64" WIDTH="149" VPOS="1936" HPOS="752" CONTENT="dans" ID="tl_39_4" STYLEREFS="FONT0"/>
            <SP HEIGHT="64" WIDTH="19" VPOS="1936" HPOS="901"/>
            <String HEIGHT="64" WIDTH="130" VPOS="1936" HPOS="845" CONTENT="les" ID="tl_39_5" STYLEREFS="FONT0"/>
            <SP HEIGHT="64" WIDTH="19" VPOS="1936" HPOS="975"/>
            <String HEIGHT="64" WIDTH="317" VPOS="1936" HPOS="919" CONTENT="portefeuilles" ID="tl_39_6" STYLEREFS="FONT0"/>
            <SP HEIGHT="64" WIDTH="19" VPOS="1936" HPOS="1236"/>
            <String HEIGHT="64" WIDTH="130" VPOS="1936" HPOS="1180" CONTENT="que" ID="tl_39_7" STYLEREFS="FONT0"/>
            <SP HEIGHT="64" WIDTH="19" VPOS="1936" HPOS="1310"/>
            <String HEIGHT="64" WIDTH="205" VPOS="1936" HPOS="1254" CONTENT="dévorés" ID="tl_39_8" STYLEREFS="FONT0"/>
            <SP HEIGHT="64" WIDTH="19" VPOS="1936" HPOS="1459"/>
            <String HEIGHT="64" WIDTH="130" VPOS="1936" HPOS="1403" CONTENT="par" ID="tl_39_9" STYLEREFS="FONT0"/>
            <SP HEIGHT="64" WIDTH="19" VPOS="1936" HPOS="1534"/>
            <String HEIGHT="64" WIDTH="130" VPOS="1936" HPOS="1478" CONTENT="une" ID="tl_39_10" STYLEREFS="FONT0"/>
            <SP HEIGHT="64" WIDTH="19" VPOS="1936" HPOS="1608"/>
            <String HEIGHT="64" WIDTH="74" VPOS="1936" HPOS="1534" CONTENT="si" ID="tl_39_11" STYLEREFS="FONT0"/>
          </TextLine>
          <TextLine ID="tl_40" BASELINE="2039" HEIGHT="62" WIDTH="345" VPOS="1977" HPOS="343">
            <String HEIGHT="62" WIDTH="192" VPOS="1977" HPOS="324" CONTENT="longue" ID="tl_40_1" STYLEREFS="FONT0"/>
            <SP HEIGHT="62" WIDTH="19" VPOS="1977" HPOS="516"/>
            <String HEIGHT="62" WIDTH="249" VPOS="1977" HPOS="439" CONTENT="exposition." ID="tl_40_2" STYLEREFS="FONT0"/>
          </TextLine>
        </TextBlock>
        <TextBlock ID="r_2_6" HEIGHT="210" WIDTH="1255" VPOS="2034" HPOS="348">
          <TextLine ID="tl_41" BASELINE="2080" HEIGHT="73" WIDTH="1225" VPOS="2007" HPOS="383">
            <String HEIGHT="73" WIDTH="153" VPOS="2007" HPOS="364" CONTENT="Dans" ID="tl_41_1" STYLEREFS="FONT0"/>
            <SP HEIGHT="73" WIDTH="19" VPOS="2007" HPOS="517"/>
            <String HEIGHT="73" WIDTH="134" VPOS="2007" HPOS="460" CONTENT="les" ID="tl_41_2" STYLEREFS="FONT0"/>
            <SP HEIGHT="73" WIDTH="19" VPOS="2007" HPOS="594"/>
            <String HEIGHT="73" WIDTH="230" VPOS="2007" HPOS="536" CONTENT="derniers" ID="tl_41_3" STYLEREFS="FONT0"/>
            <SP HEIGHT="73" WIDTH="19" VPOS="2007" HPOS="766"/>
            <String HEIGHT="73" WIDTH="172" VPOS="2007" HPOS="708" CONTENT="jours" ID="tl_41_4" STYLEREFS="FONT0"/>
            <SP HEIGHT="73" WIDTH="19" VPOS="2007" HPOS="881"/>
            <String HEIGHT="73" WIDTH="115" VPOS="2007" HPOS="823" CONTENT="de" ID="tl_41_5" STYLEREFS="FONT0"/>
            <SP HEIGHT="73" WIDTH="19" VPOS="2007" HPOS="938"/>
            <String HEIGHT="73" WIDTH="172" VPOS="2007" HPOS="881" CONTENT="1779," ID="tl_41_6" STYLEREFS="FONT0"/>
            <SP HEIGHT="73" WIDTH="19" VPOS="2007" HPOS="1053"/>
            <String HEIGHT="73" WIDTH="115" VPOS="2007" HPOS="996" CONTENT="le" ID="tl_41_7" STYLEREFS="FONT0"/>
            <SP HEIGHT="73" WIDTH="19" VPOS="2007" HPOS="1110"/>
            <String HEIGHT="73" WIDTH="268" VPOS="2007" HPOS="1053" CONTENT="Luxembourg" ID="tl_41_8" STYLEREFS="FONT0"/>
            <SP HEIGHT="73" WIDTH="19" VPOS="2007" HPOS="1321"/>
            <String HEIGHT="73" WIDTH="134" VPOS="2007" HPOS="1263" CONTENT="fut" ID="tl_41_9" STYLEREFS="FONT0"/>
            <SP HEIGHT="73" WIDTH="19" VPOS="2007" HPOS="1397"/>
            <String HEIGHT="73" WIDTH="172" VPOS="2007" HPOS="1340" CONTENT="donné" ID="tl_41_10" STYLEREFS="FONT0"/>
            <SP HEIGHT="73" WIDTH="19" VPOS="2007" HPOS="1512"/>
            <String HEIGHT="73" WIDTH="115" VPOS="2007" HPOS="1455" CONTENT="en" ID="tl_41_11" STYLEREFS="FONT0"/>
            <SP HEIGHT="73" WIDTH="19" VPOS="2007" HPOS="1570"/>
            <String HEIGHT="73" WIDTH="115" VPOS="2007" HPOS="1493" CONTENT="apa" SUBS_TYPE="HypPart1" SUBS_CONTENT="apanage" ID="tl_41_12" STYLEREFS="FONT0"/>
            <HYP CONTENT="-"/>
          </TextLine>
          <TextLine ID="tl_42" BASELINE="2123" HEIGHT="55" WIDTH="1267" VPOS="2068" HPOS="341">
            <String HEIGHT="55" WIDTH="149" VPOS="2068" HPOS="322" CONTENT="nage" SUBS_TYPE="HypPart2" SUBS_CONTENT="apanage" ID="tl_42_1" STYLEREFS="FONT0"/>
            <SP HEIGHT="55" WIDTH="19" VPOS="2068" HPOS="471"/>
            <String HEIGHT="55" WIDTH="93" VPOS="2068" HPOS="416" CONTENT="à" ID="tl_42_2" STYLEREFS="FONT0"/>
            <SP HEIGHT="55" WIDTH="19" VPOS="2068" HPOS="509"/>
            <String HEIGHT="55" WIDTH="242" VPOS="2068" HPOS="453" CONTENT="Monsieur," ID="tl_42_3" STYLEREFS="FONT0"/>
            <SP HEIGHT="55" WIDTH="19" VPOS="2068" HPOS="695"/>
            <String HEIGHT="55" WIDTH="168" VPOS="2068" HPOS="639" CONTENT="comte" ID="tl_42_4" STYLEREFS="FONT0"/>
            <SP HEIGHT="55" WIDTH="19" VPOS="2068" HPOS="807"/>
            <String HEIGHT="55" WIDTH="112" VPOS="2068" HPOS="751" CONTENT="de" ID="tl_42_5" STYLEREFS="FONT0"/>
            <SP HEIGHT="55" WIDTH="19" VPOS="2068" HPOS="863"/>
            <String HEIGHT="55" WIDTH="242" VPOS="2068" HPOS="807" CONTENT="Provence," ID="tl_42_6" STYLEREFS="FONT0"/>
            <SP HEIGHT="55" WIDTH="19" VPOS="2068" HPOS="1049"/>
            <String HEIGHT="55" WIDTH="112" VPOS="2068" HPOS="993" CONTENT="et" ID="tl_42_7" STYLEREFS="FONT0"/>
            <SP HEIGHT="55" WIDTH="19" VPOS="2068" HPOS="1105"/>
            <String HEIGHT="55" WIDTH="149" VPOS="2068" HPOS="1049" CONTENT="l’on" ID="tl_42_8" STYLEREFS="FONT0"/>
            <SP HEIGHT="55" WIDTH="19" VPOS="2068" HPOS="1198"/>
            <String HEIGHT="55" WIDTH="186" VPOS="2068" HPOS="1142" CONTENT="retira" ID="tl_42_9" STYLEREFS="FONT0"/>
            <SP HEIGHT="55" WIDTH="19" VPOS="2068" HPOS="1329"/>
            <String HEIGHT="55" WIDTH="112" VPOS="2068" HPOS="1273" CONTENT="du" ID="tl_42_10" STYLEREFS="FONT0"/>
            <SP HEIGHT="55" WIDTH="19" VPOS="2068" HPOS="1384"/>
            <String HEIGHT="55" WIDTH="186" VPOS="2068" HPOS="1329" CONTENT="palais" ID="tl_42_11" STYLEREFS="FONT0"/>
            <SP HEIGHT="55" WIDTH="19" VPOS="2068" HPOS="1515"/>
            <String HEIGHT="55" WIDTH="112" VPOS="2068" HPOS="1459" CONTENT="le" ID="tl_42_12" STYLEREFS="FONT0"/>
            <SP HEIGHT="55" WIDTH="19" VPOS="2068" HPOS="1571"/>
            <String HEIGHT="55" WIDTH="112" VPOS="2068" HPOS="1496" CONTENT="bien" ID="tl_42_13" STYLEREFS="FONT0"/>
          </TextLine>
          <TextLine ID="tl_43" BASELINE="2161" HEIGHT="57" WIDTH="1270" VPOS="2104" HPOS="341">
            <String HEIGHT="57" WIDTH="109" VPOS="2104" HPOS="323" CONTENT="du" ID="tl_43_1" STYLEREFS="FONT0"/>
            <SP HEIGHT="57" WIDTH="18" VPOS="2104" HPOS="432"/>
            <String HEIGHT="57" WIDTH="145" VPOS="2104" HPOS="377" CONTENT="Roi," ID="tl_43_2" STYLEREFS="FONT0"/>
            <SP HEIGHT="57" WIDTH="18" VPOS="2104" HPOS="522"/>
            <String HEIGHT="57" WIDTH="290" VPOS="2104" HPOS="468" CONTENT="c’est-à-dire" ID="tl_43_3" STYLEREFS="FONT0"/>
            <SP HEIGHT="57" WIDTH="18" VPOS="2104" HPOS="758"/>
            <String HEIGHT="57" WIDTH="127" VPOS="2104" HPOS="704" CONTENT="les" ID="tl_43_4" STYLEREFS="FONT0"/>
            <SP HEIGHT="57" WIDTH="18" VPOS="2104" HPOS="831"/>
            <String HEIGHT="57" WIDTH="218" VPOS="2104" HPOS="776" CONTENT="tableaux" ID="tl_43_5" STYLEREFS="FONT0"/>
            <SP HEIGHT="57" WIDTH="18" VPOS="2104" HPOS="994"/>
            <String HEIGHT="57" WIDTH="109" VPOS="2104" HPOS="940" CONTENT="de" ID="tl_43_6" STYLEREFS="FONT0"/>
            <SP HEIGHT="57" WIDTH="18" VPOS="2104" HPOS="1049"/>
            <String HEIGHT="57" WIDTH="127" VPOS="2104" HPOS="994" CONTENT="son" ID="tl_43_7" STYLEREFS="FONT0"/>
            <SP HEIGHT="57" WIDTH="18" VPOS="2104" HPOS="1121"/>
            <String HEIGHT="57" WIDTH="200" VPOS="2104" HPOS="1067" CONTENT="Cabinet" ID="tl_43_8" STYLEREFS="FONT0"/>
            <SP HEIGHT="57" WIDTH="18" VPOS="2104" HPOS="1266"/>
            <String HEIGHT="57" WIDTH="109" VPOS="2104" HPOS="1212" CONTENT="et" ID="tl_43_9" STYLEREFS="FONT0"/>
            <SP HEIGHT="57" WIDTH="18" VPOS="2104" HPOS="1321"/>
            <String HEIGHT="57" WIDTH="127" VPOS="2104" HPOS="1266" CONTENT="les" ID="tl_43_10" STYLEREFS="FONT0"/>
            <SP HEIGHT="57" WIDTH="18" VPOS="2104" HPOS="1393"/>
            <String HEIGHT="57" WIDTH="200" VPOS="2104" HPOS="1339" CONTENT="grandes" ID="tl_43_11" STYLEREFS="FONT0"/>
            <SP HEIGHT="57" WIDTH="18" VPOS="2104" HPOS="1538"/>
            <String HEIGHT="57" WIDTH="145" VPOS="2104" HPOS="1466" CONTENT="toiles" ID="tl_43_12" STYLEREFS="FONT0"/>
          </TextLine>
          <TextLine ID="tl_44" BASELINE="2205" HEIGHT="55" WIDTH="1266" VPOS="2150" HPOS="342">
            <String HEIGHT="55" WIDTH="113" VPOS="2150" HPOS="323" CONTENT="de" ID="tl_44_1" STYLEREFS="FONT0"/>
            <SP HEIGHT="55" WIDTH="19" VPOS="2150" HPOS="436"/>
            <String HEIGHT="55" WIDTH="208" VPOS="2150" HPOS="380" CONTENT="Rubens;" ID="tl_44_2" STYLEREFS="FONT0"/>
            <SP HEIGHT="55" WIDTH="19" VPOS="2150" HPOS="588"/>
            <String HEIGHT="55" WIDTH="113" VPOS="2150" HPOS="531" CONTENT="on" ID="tl_44_3" STYLEREFS="FONT0"/>
            <SP HEIGHT="55" WIDTH="19" VPOS="2150" HPOS="644"/>
            <String HEIGHT="55" WIDTH="132" VPOS="2150" HPOS="588" CONTENT="les" ID="tl_44_4" STYLEREFS="FONT0"/>
            <SP HEIGHT="55" WIDTH="19" VPOS="2150" HPOS="720"/>
            <String HEIGHT="55" WIDTH="208" VPOS="2150" HPOS="663" CONTENT="destina" ID="tl_44_5" STYLEREFS="FONT0"/>
            <SP HEIGHT="55" WIDTH="19" VPOS="2150" HPOS="871"/>
            <String HEIGHT="55" WIDTH="227" VPOS="2150" HPOS="814" CONTENT="dès-lors" ID="tl_44_6" STYLEREFS="FONT0"/>
            <SP HEIGHT="55" WIDTH="19" VPOS="2150" HPOS="1041"/>
            <String HEIGHT="55" WIDTH="113" VPOS="2150" HPOS="984" CONTENT="«à" ID="tl_44_7" STYLEREFS="FONT0"/>
            <SP HEIGHT="55" WIDTH="19" VPOS="2150" HPOS="1098"/>
            <String HEIGHT="55" WIDTH="170" VPOS="2150" HPOS="1041" CONTENT="faire" ID="tl_44_8" STYLEREFS="FONT0"/>
            <SP HEIGHT="55" WIDTH="19" VPOS="2150" HPOS="1211"/>
            <String HEIGHT="55" WIDTH="189" VPOS="2150" HPOS="1155" CONTENT="partie" ID="tl_44_9" STYLEREFS="FONT0"/>
            <SP HEIGHT="55" WIDTH="19" VPOS="2150" HPOS="1343"/>
            <String HEIGHT="55" WIDTH="113" VPOS="2150" HPOS="1287" CONTENT="de" ID="tl_44_10" STYLEREFS="FONT0"/>
            <SP HEIGHT="55" WIDTH="19" VPOS="2150" HPOS="1400"/>
            <String HEIGHT="55" WIDTH="113" VPOS="2150" HPOS="1343" CONTENT="la" ID="tl_44_11" STYLEREFS="FONT0"/>
            <SP HEIGHT="55" WIDTH="19" VPOS="2150" HPOS="1457"/>
            <String HEIGHT="55" WIDTH="227" VPOS="2150" HPOS="1381" CONTENT="collection" ID="tl_44_12" STYLEREFS="FONT0"/>
          </TextLine>
          <TextLine ID="tl_45" BASELINE="2260" HEIGHT="64" WIDTH="725" VPOS="2196" HPOS="342">
            <String HEIGHT="64" WIDTH="145" VPOS="2196" HPOS="321" CONTENT="qui" ID="tl_45_1" STYLEREFS="FONT0"/>
            <SP HEIGHT="64" WIDTH="21" VPOS="2196" HPOS="466"/>
            <String HEIGHT="64" WIDTH="269" VPOS="2196" HPOS="404" CONTENT="enrichira" ID="tl_45_2" STYLEREFS="FONT0"/>
            <SP HEIGHT="64" WIDTH="21" VPOS="2196" HPOS="673"/>
            <String HEIGHT="64" WIDTH="124" VPOS="2196" HPOS="611" CONTENT="le" ID="tl_45_3" STYLEREFS="FONT0"/>
            <SP HEIGHT="64" WIDTH="21" VPOS="2196" HPOS="736"/>
            <String HEIGHT="64" WIDTH="207" VPOS="2196" HPOS="673" CONTENT="Muséum" ID="tl_45_4" STYLEREFS="FONT0"/>
            <SP HEIGHT="64" WIDTH="21" VPOS="2196" HPOS="881"/>
            <String HEIGHT="64" WIDTH="124" VPOS="2196" HPOS="818" CONTENT="du" ID="tl_45_5" STYLEREFS="FONT0"/>
            <SP HEIGHT="64" WIDTH="21" VPOS="2196" HPOS="943"/>
            <String HEIGHT="64" WIDTH="207" VPOS="2196" HPOS="860" CONTENT="Louvre.»" ID="tl_45_6" STYLEREFS="FONT0"/>
          </TextLine>
        </TextBlock>
        <TextBlock ID="r_2_7" HEIGHT="338" WIDTH="1256" VPOS="2250" HPOS="346">
          <TextLine ID="tl_46" BASELINE="2298" HEIGHT="57" WIDTH="1225" VPOS="2241" HPOS="384">
            <String HEIGHT="57" WIDTH="172" VPOS="2241" HPOS="365" CONTENT="Vingt" ID="tl_46_1" STYLEREFS="FONT0"/>
            <SP HEIGHT="57" WIDTH="19" VPOS="2241" HPOS="537"/>
            <String HEIGHT="57" WIDTH="134" VPOS="2241" HPOS="480" CONTENT="ans" ID="tl_46_2" STYLEREFS="FONT0"/>
            <SP HEIGHT="57" WIDTH="19" VPOS="2241" HPOS="614"/>
            <String HEIGHT="57" WIDTH="115" VPOS="2241" HPOS="556" CONTENT="se" ID="tl_46_3" STYLEREFS="FONT0"/>
            <SP HEIGHT="57" WIDTH="19" VPOS="2241" HPOS="671"/>
            <String HEIGHT="57" WIDTH="230" VPOS="2241" HPOS="614" CONTENT="passent;" ID="tl_46_4" STYLEREFS="FONT0"/>
            <SP HEIGHT="57" WIDTH="19" VPOS="2241" HPOS="843"/>
            <String HEIGHT="57" WIDTH="115" VPOS="2241" HPOS="786" CONTENT="le" ID="tl_46_5" STYLEREFS="FONT0"/>
            <SP HEIGHT="57" WIDTH="19" VPOS="2241" HPOS="901"/>
            <String HEIGHT="57" WIDTH="211" VPOS="2241" HPOS="843" CONTENT="palais," ID="tl_46_6" STYLEREFS="FONT0"/>
            <SP HEIGHT="57" WIDTH="19" VPOS="2241" HPOS="1054"/>
            <String HEIGHT="57" WIDTH="172" VPOS="2241" HPOS="997" CONTENT="tombé" ID="tl_46_7" STYLEREFS="FONT0"/>
            <SP HEIGHT="57" WIDTH="19" VPOS="2241" HPOS="1169"/>
            <String HEIGHT="57" WIDTH="115" VPOS="2241" HPOS="1111" CONTENT="en" ID="tl_46_8" STYLEREFS="FONT0"/>
            <SP HEIGHT="57" WIDTH="19" VPOS="2241" HPOS="1226"/>
            <String HEIGHT="57" WIDTH="191" VPOS="2241" HPOS="1169" CONTENT="pleine" ID="tl_46_9" STYLEREFS="FONT0"/>
            <SP HEIGHT="57" WIDTH="19" VPOS="2241" HPOS="1360"/>
            <String HEIGHT="57" WIDTH="306" VPOS="2241" HPOS="1303" CONTENT="dégradation," ID="tl_46_10" STYLEREFS="FONT0"/>
            <SP HEIGHT="57" WIDTH="19" VPOS="2241" HPOS="1609"/>
            <String HEIGHT="57" WIDTH="77" VPOS="2241" HPOS="1532" CONTENT="se" ID="tl_46_11" STYLEREFS="FONT0"/>
          </TextLine>
          <TextLine ID="tl_47" BASELINE="2335" HEIGHT="48" WIDTH="1270" VPOS="2287" HPOS="339">
            <String HEIGHT="48" WIDTH="221" VPOS="2287" HPOS="321" CONTENT="restaura" ID="tl_47_1" STYLEREFS="FONT0"/>
            <SP HEIGHT="48" WIDTH="18" VPOS="2287" HPOS="541"/>
            <String HEIGHT="48" WIDTH="202" VPOS="2287" HPOS="486" CONTENT="d’abord" ID="tl_47_2" STYLEREFS="FONT0"/>
            <SP HEIGHT="48" WIDTH="18" VPOS="2287" HPOS="689"/>
            <String HEIGHT="48" WIDTH="147" VPOS="2287" HPOS="633" CONTENT="pour" ID="tl_47_3" STYLEREFS="FONT0"/>
            <SP HEIGHT="48" WIDTH="18" VPOS="2287" HPOS="781"/>
            <String HEIGHT="48" WIDTH="110" VPOS="2287" HPOS="726" CONTENT="le" ID="tl_47_4" STYLEREFS="FONT0"/>
            <SP HEIGHT="48" WIDTH="18" VPOS="2287" HPOS="836"/>
            <String HEIGHT="48" WIDTH="276" VPOS="2287" HPOS="781" CONTENT="Directoire," ID="tl_47_5" STYLEREFS="FONT0"/>
            <SP HEIGHT="48" WIDTH="18" VPOS="2287" HPOS="1057"/>
            <String HEIGHT="48" WIDTH="147" VPOS="2287" HPOS="1002" CONTENT="puis" ID="tl_47_6" STYLEREFS="FONT0"/>
            <SP HEIGHT="48" WIDTH="18" VPOS="2287" HPOS="1149"/>
            <String HEIGHT="48" WIDTH="147" VPOS="2287" HPOS="1094" CONTENT="pour" ID="tl_47_7" STYLEREFS="FONT0"/>
            <SP HEIGHT="48" WIDTH="18" VPOS="2287" HPOS="1241"/>
            <String HEIGHT="48" WIDTH="110" VPOS="2287" HPOS="1186" CONTENT="le" ID="tl_47_8" STYLEREFS="FONT0"/>
            <SP HEIGHT="48" WIDTH="18" VPOS="2287" HPOS="1296"/>
            <String HEIGHT="48" WIDTH="184" VPOS="2287" HPOS="1241" CONTENT="Sénat." ID="tl_47_9" STYLEREFS="FONT0"/>
            <SP HEIGHT="48" WIDTH="18" VPOS="2287" HPOS="1425"/>
            <String HEIGHT="48" WIDTH="258" VPOS="2287" HPOS="1351" CONTENT="L’architecte" ID="tl_47_10" STYLEREFS="FONT0"/>
          </TextLine>
          <TextLine ID="tl_48" BASELINE="2378" HEIGHT="52" WIDTH="1266" VPOS="2326" HPOS="343">
            <String HEIGHT="52" WIDTH="241" VPOS="2326" HPOS="323" CONTENT="Chalgrin" ID="tl_48_1" STYLEREFS="FONT0"/>
            <SP HEIGHT="52" WIDTH="20" VPOS="2326" HPOS="564"/>
            <String HEIGHT="52" WIDTH="241" VPOS="2326" HPOS="504" CONTENT="n’acheva" ID="tl_48_2" STYLEREFS="FONT0"/>
            <SP HEIGHT="52" WIDTH="20" VPOS="2326" HPOS="745"/>
            <String HEIGHT="52" WIDTH="141" VPOS="2326" HPOS="685" CONTENT="ses" ID="tl_48_3" STYLEREFS="FONT0"/>
            <SP HEIGHT="52" WIDTH="20" VPOS="2326" HPOS="825"/>
            <String HEIGHT="52" WIDTH="221" VPOS="2326" HPOS="765" CONTENT="travaux" ID="tl_48_4" STYLEREFS="FONT0"/>
            <SP HEIGHT="52" WIDTH="20" VPOS="2326" HPOS="986"/>
            <String HEIGHT="52" WIDTH="181" VPOS="2326" HPOS="926" CONTENT="qu’en" ID="tl_48_5" STYLEREFS="FONT0"/>
            <SP HEIGHT="52" WIDTH="20" VPOS="2326" HPOS="1107"/>
            <String HEIGHT="52" WIDTH="181" VPOS="2326" HPOS="1046" CONTENT="1804;" ID="tl_48_6" STYLEREFS="FONT0"/>
            <SP HEIGHT="52" WIDTH="20" VPOS="2326" HPOS="1227"/>
            <String HEIGHT="52" WIDTH="161" VPOS="2326" HPOS="1167" CONTENT="mais" ID="tl_48_7" STYLEREFS="FONT0"/>
            <SP HEIGHT="52" WIDTH="20" VPOS="2326" HPOS="1328"/>
            <String HEIGHT="52" WIDTH="141" VPOS="2326" HPOS="1267" CONTENT="dès" ID="tl_48_8" STYLEREFS="FONT0"/>
            <SP HEIGHT="52" WIDTH="20" VPOS="2326" HPOS="1408"/>
            <String HEIGHT="52" WIDTH="181" VPOS="2326" HPOS="1348" CONTENT="1801," ID="tl_48_9" STYLEREFS="FONT0"/>
            <SP HEIGHT="52" WIDTH="20" VPOS="2326" HPOS="1529"/>
            <String HEIGHT="52" WIDTH="141" VPOS="2326" HPOS="1468" CONTENT="sur" ID="tl_48_10" STYLEREFS="FONT0"/>
            <SP HEIGHT="52" WIDTH="20" VPOS="2326" HPOS="1609"/>
            <String HEIGHT="52" WIDTH="80" VPOS="2326" HPOS="1529" CONTENT="la" ID="tl_48_11" STYLEREFS="FONT0"/>
          </TextLine>
          <TextLine ID="tl_49" BASELINE="2423" HEIGHT="55" WIDTH="1268" VPOS="2368" HPOS="341">
            <String HEIGHT="55" WIDTH="218" VPOS="2368" HPOS="321" CONTENT="demande" ID="tl_49_1" STYLEREFS="FONT0"/>
            <SP HEIGHT="55" WIDTH="20" VPOS="2368" HPOS="539"/>
            <String HEIGHT="55" WIDTH="139" VPOS="2368" HPOS="480" CONTENT="des" ID="tl_49_2" STYLEREFS="FONT0"/>
            <SP HEIGHT="55" WIDTH="20" VPOS="2368" HPOS="618"/>
            <String HEIGHT="55" WIDTH="238" VPOS="2368" HPOS="559" CONTENT="préteurs" ID="tl_49_3" STYLEREFS="FONT0"/>
            <SP HEIGHT="55" WIDTH="20" VPOS="2368" HPOS="797"/>
            <String HEIGHT="55" WIDTH="119" VPOS="2368" HPOS="737" CONTENT="du" ID="tl_49_4" STYLEREFS="FONT0"/>
            <SP HEIGHT="55" WIDTH="20" VPOS="2368" HPOS="856"/>
            <String HEIGHT="55" WIDTH="198" VPOS="2368" HPOS="797" CONTENT="Sénat," ID="tl_49_5" STYLEREFS="FONT0"/>
            <SP HEIGHT="55" WIDTH="20" VPOS="2368" HPOS="995"/>
            <String HEIGHT="55" WIDTH="238" VPOS="2368" HPOS="935" CONTENT="Chaptal," ID="tl_49_6" STYLEREFS="FONT0"/>
            <SP HEIGHT="55" WIDTH="20" VPOS="2368" HPOS="1173"/>
            <String HEIGHT="55" WIDTH="238" VPOS="2368" HPOS="1114" CONTENT="ministre" ID="tl_49_7" STYLEREFS="FONT0"/>
            <SP HEIGHT="55" WIDTH="20" VPOS="2368" HPOS="1351"/>
            <String HEIGHT="55" WIDTH="119" VPOS="2368" HPOS="1292" CONTENT="de" ID="tl_49_8" STYLEREFS="FONT0"/>
            <SP HEIGHT="55" WIDTH="20" VPOS="2368" HPOS="1411"/>
            <String HEIGHT="55" WIDTH="277" VPOS="2368" HPOS="1332" CONTENT="l’intérieur," ID="tl_49_9" STYLEREFS="FONT0"/>
          </TextLine>
          <TextLine ID="tl_50" BASELINE="2461" HEIGHT="52" WIDTH="1266" VPOS="2409" HPOS="341">
            <String HEIGHT="52" WIDTH="192" VPOS="2409" HPOS="322" CONTENT="décida" ID="tl_50_1" STYLEREFS="FONT0"/>
            <SP HEIGHT="52" WIDTH="19" VPOS="2409" HPOS="514"/>
            <String HEIGHT="52" WIDTH="115" VPOS="2409" HPOS="456" CONTENT="la" ID="tl_50_2" STYLEREFS="FONT0"/>
            <SP HEIGHT="52" WIDTH="19" VPOS="2409" HPOS="571"/>
            <String HEIGHT="52" WIDTH="230" VPOS="2409" HPOS="514" CONTENT="création" ID="tl_50_3" STYLEREFS="FONT0"/>
            <SP HEIGHT="52" WIDTH="19" VPOS="2409" HPOS="744"/>
            <String HEIGHT="52" WIDTH="115" VPOS="2409" HPOS="686" CONTENT="du" ID="tl_50_4" STYLEREFS="FONT0"/>
            <SP HEIGHT="52" WIDTH="19" VPOS="2409" HPOS="801"/>
            <String HEIGHT="52" WIDTH="173" VPOS="2409" HPOS="744" CONTENT="Musée" ID="tl_50_5" STYLEREFS="FONT0"/>
            <SP HEIGHT="52" WIDTH="19" VPOS="2409" HPOS="916"/>
            <String HEIGHT="52" WIDTH="115" VPOS="2409" HPOS="859" CONTENT="du" ID="tl_50_6" STYLEREFS="FONT0"/>
            <SP HEIGHT="52" WIDTH="19" VPOS="2409" HPOS="974"/>
            <String HEIGHT="52" WIDTH="288" VPOS="2409" HPOS="916" CONTENT="Luxembourg," ID="tl_50_7" STYLEREFS="FONT0"/>
            <SP HEIGHT="52" WIDTH="19" VPOS="2409" HPOS="1204"/>
            <String HEIGHT="52" WIDTH="115" VPOS="2409" HPOS="1147" CONTENT="et" ID="tl_50_8" STYLEREFS="FONT0"/>
            <SP HEIGHT="52" WIDTH="19" VPOS="2409" HPOS="1262"/>
            <String HEIGHT="52" WIDTH="134" VPOS="2409" HPOS="1204" CONTENT="«le" ID="tl_50_9" STYLEREFS="FONT0"/>
            <SP HEIGHT="52" WIDTH="19" VPOS="2409" HPOS="1338"/>
            <String HEIGHT="52" WIDTH="115" VPOS="2409" HPOS="1281" CONTENT="18" ID="tl_50_10" STYLEREFS="FONT0"/>
            <SP HEIGHT="52" WIDTH="19" VPOS="2409" HPOS="1396"/>
            <String HEIGHT="52" WIDTH="211" VPOS="2409" HPOS="1338" CONTENT="janvier" ID="tl_50_11" STYLEREFS="FONT0"/>
            <SP HEIGHT="52" WIDTH="19" VPOS="2409" HPOS="1549"/>
            <String HEIGHT="52" WIDTH="134" VPOS="2409" HPOS="1473" CONTENT="1802," ID="tl_50_12" STYLEREFS="FONT0"/>
          </TextLine>
          <TextLine ID="tl_51" BASELINE="2503" HEIGHT="57" WIDTH="1266" VPOS="2446" HPOS="342">
            <String HEIGHT="57" WIDTH="117" VPOS="2446" HPOS="323" CONTENT="J." ID="tl_51_1" STYLEREFS="FONT0"/>
            <SP HEIGHT="57" WIDTH="19" VPOS="2446" HPOS="439"/>
            <String HEIGHT="57" WIDTH="214" VPOS="2446" HPOS="381" CONTENT="Naigeon" ID="tl_51_2" STYLEREFS="FONT0"/>
            <SP HEIGHT="57" WIDTH="19" VPOS="2446" HPOS="595"/>
            <String HEIGHT="57" WIDTH="117" VPOS="2446" HPOS="537" CONTENT="en" ID="tl_51_3" STYLEREFS="FONT0"/>
            <SP HEIGHT="57" WIDTH="19" VPOS="2446" HPOS="654"/>
            <String HEIGHT="57" WIDTH="136" VPOS="2446" HPOS="595" CONTENT="fut" ID="tl_51_4" STYLEREFS="FONT0"/>
            <SP HEIGHT="57" WIDTH="19" VPOS="2446" HPOS="732"/>
            <String HEIGHT="57" WIDTH="175" VPOS="2446" HPOS="673" CONTENT="nommé" ID="tl_51_5" STYLEREFS="FONT0"/>
            <SP HEIGHT="57" WIDTH="19" VPOS="2446" HPOS="848"/>
            <String HEIGHT="57" WIDTH="331" VPOS="2446" HPOS="790" CONTENT="conservateur," ID="tl_51_6" STYLEREFS="FONT0"/>
            <SP HEIGHT="57" WIDTH="19" VPOS="2446" HPOS="1121"/>
            <String HEIGHT="57" WIDTH="156" VPOS="2446" HPOS="1063" CONTENT="avec" ID="tl_51_7" STYLEREFS="FONT0"/>
            <SP HEIGHT="57" WIDTH="19" VPOS="2446" HPOS="1218"/>
            <String HEIGHT="57" WIDTH="214" VPOS="2446" HPOS="1160" CONTENT="mission" ID="tl_51_8" STYLEREFS="FONT0"/>
            <SP HEIGHT="57" WIDTH="19" VPOS="2446" HPOS="1374"/>
            <String HEIGHT="57" WIDTH="117" VPOS="2446" HPOS="1316" CONTENT="de" ID="tl_51_9" STYLEREFS="FONT0"/>
            <SP HEIGHT="57" WIDTH="19" VPOS="2446" HPOS="1433"/>
            <String HEIGHT="57" WIDTH="253" VPOS="2446" HPOS="1355" CONTENT="l’organiser" ID="tl_51_10" STYLEREFS="FONT0"/>
          </TextLine>
          <TextLine ID="tl_52" BASELINE="2551" HEIGHT="61" WIDTH="1267" VPOS="2490" HPOS="342">
            <String HEIGHT="61" WIDTH="115" VPOS="2490" HPOS="323" CONTENT="et" ID="tl_52_1" STYLEREFS="FONT0"/>
            <SP HEIGHT="61" WIDTH="19" VPOS="2490" HPOS="438"/>
            <String HEIGHT="61" WIDTH="115" VPOS="2490" HPOS="380" CONTENT="de" ID="tl_52_2" STYLEREFS="FONT0"/>
            <SP HEIGHT="61" WIDTH="19" VPOS="2490" HPOS="496"/>
            <String HEIGHT="61" WIDTH="173" VPOS="2490" HPOS="438" CONTENT="faire" ID="tl_52_3" STYLEREFS="FONT0"/>
            <SP HEIGHT="61" WIDTH="19" VPOS="2490" HPOS="611"/>
            <String HEIGHT="61" WIDTH="250" VPOS="2490" HPOS="553" CONTENT="restaurer" ID="tl_52_4" STYLEREFS="FONT0"/>
            <SP HEIGHT="61" WIDTH="19" VPOS="2490" HPOS="803"/>
            <String HEIGHT="61" WIDTH="134" VPOS="2490" HPOS="745" CONTENT="les" ID="tl_52_5" STYLEREFS="FONT0"/>
            <SP HEIGHT="61" WIDTH="19" VPOS="2490" HPOS="880"/>
            <String HEIGHT="61" WIDTH="250" VPOS="2490" HPOS="822" CONTENT="peintures" ID="tl_52_6" STYLEREFS="FONT0"/>
            <SP HEIGHT="61" WIDTH="19" VPOS="2490" HPOS="1071"/>
            <String HEIGHT="61" WIDTH="115" VPOS="2490" HPOS="1014" CONTENT="en" ID="tl_52_7" STYLEREFS="FONT0"/>
            <SP HEIGHT="61" WIDTH="19" VPOS="2490" HPOS="1129"/>
            <String HEIGHT="61" WIDTH="211" VPOS="2490" HPOS="1071" CONTENT="mauvais" ID="tl_52_8" STYLEREFS="FONT0"/>
            <SP HEIGHT="61" WIDTH="19" VPOS="2490" HPOS="1283"/>
            <String HEIGHT="61" WIDTH="173" VPOS="2490" HPOS="1225" CONTENT="état." ID="tl_52_9" STYLEREFS="FONT0"/>
            <SP HEIGHT="61" WIDTH="19" VPOS="2490" HPOS="1398"/>
            <String HEIGHT="61" WIDTH="211" VPOS="2490" HPOS="1340" CONTENT="Naigeon" ID="tl_52_10" STYLEREFS="FONT0"/>
            <SP HEIGHT="61" WIDTH="19" VPOS="2490" HPOS="1551"/>
            <String HEIGHT="61" WIDTH="134" VPOS="2490" HPOS="1475" CONTENT="avait" ID="tl_52_11" STYLEREFS="FONT0"/>
          </TextLine>
          <TextLine ID="tl_53" BASELINE="2602" HEIGHT="55" WIDTH="1265" VPOS="2547" HPOS="341">
            <String HEIGHT="55" WIDTH="178" VPOS="2547" HPOS="321" CONTENT="rendu" ID="tl_53_1" STYLEREFS="FONT0"/>
            <SP HEIGHT="55" WIDTH="20" VPOS="2547" HPOS="499"/>
            <String HEIGHT="55" WIDTH="119" VPOS="2547" HPOS="440" CONTENT="de" ID="tl_53_2" STYLEREFS="FONT0"/>
            <SP HEIGHT="55" WIDTH="20" VPOS="2547" HPOS="558"/>
            <String HEIGHT="55" WIDTH="198" VPOS="2547" HPOS="499" CONTENT="grands" ID="tl_53_3" STYLEREFS="FONT0"/>
            <SP HEIGHT="55" WIDTH="20" VPOS="2547" HPOS="697"/>
            <String HEIGHT="55" WIDTH="237" VPOS="2547" HPOS="637" CONTENT="services" ID="tl_53_4" STYLEREFS="FONT0"/>
            <SP HEIGHT="55" WIDTH="20" VPOS="2547" HPOS="875"/>
            <String HEIGHT="55" WIDTH="178" VPOS="2547" HPOS="815" CONTENT="comme" ID="tl_53_5" STYLEREFS="FONT0"/>
            <SP HEIGHT="55" WIDTH="20" VPOS="2547" HPOS="993"/>
            <String HEIGHT="55" WIDTH="198" VPOS="2547" HPOS="934" CONTENT="membre" ID="tl_53_6" STYLEREFS="FONT0"/>
            <SP HEIGHT="55" WIDTH="20" VPOS="2547" HPOS="1132"/>
            <String HEIGHT="55" WIDTH="119" VPOS="2547" HPOS="1072" CONTENT="de" ID="tl_53_7" STYLEREFS="FONT0"/>
            <SP HEIGHT="55" WIDTH="20" VPOS="2547" HPOS="1191"/>
            <String HEIGHT="55" WIDTH="119" VPOS="2547" HPOS="1132" CONTENT="la" ID="tl_53_8" STYLEREFS="FONT0"/>
            <SP HEIGHT="55" WIDTH="20" VPOS="2547" HPOS="1250"/>
            <String HEIGHT="55" WIDTH="277" VPOS="2547" HPOS="1191" CONTENT="commission" ID="tl_53_9" STYLEREFS="FONT0"/>
            <SP HEIGHT="55" WIDTH="20" VPOS="2547" HPOS="1468"/>
            <String HEIGHT="55" WIDTH="138" VPOS="2547" HPOS="1408" CONTENT="des" ID="tl_53_10" STYLEREFS="FONT0"/>
            <SP HEIGHT="55" WIDTH="20" VPOS="2547" HPOS="1547"/>
            <String HEIGHT="55" WIDTH="138" VPOS="2547" HPOS="1468" CONTENT="arts," ID="tl_53_11" STYLEREFS="FONT0"/>
          </TextLine>
        </TextBlock>
        <GraphicalElement ID="r_4" HEIGHT="17" WIDTH="710" VPOS="40" HPOS="174"/>
        <GraphicalElement ID="r_5" HEIGHT="10" WIDTH="509" VPOS="39" HPOS="1290"/>
        <GraphicalElement ID="r_6" HEIGHT="7" WIDTH="315" VPOS="44" HPOS="905"/>
        <GraphicalElement ID="r_7" HEIGHT="819" WIDTH="33" VPOS="66" HPOS="19"/>
        <GraphicalElement ID="r_8" HEIGHT="400" WIDTH="23" VPOS="888" HPOS="33"/>
        <GraphicalElement ID="r_9" HEIGHT="1112" WIDTH="32" VPOS="1836" HPOS="46"/>
        <GraphicalElement ID="r_10" HEIGHT="257" WIDTH="17" VPOS="2787" HPOS="1763"/>
        <GraphicalElement ID="r_11" HEIGHT="715" WIDTH="22" VPOS="1752" HPOS="1766"/>
        <GraphicalElement ID="r_12" HEIGHT="1640" WIDTH="31" VPOS="40" HPOS="1768"/>
        <GraphicalElement ID="r_13" HEIGHT="62" WIDTH="2" VPOS="2370" HPOS="78"/>
      </PrintSpace>
    </Page>
  </Layout>
</alto>
