1799 3130
294 296 128 77 VIII

320 372 112 56 de
376 372 205 56 Roslin,
525 372 112 56 de
581 372 205 56 Sergell
731 372 112 56 et
787 372 112 56 de
842 372 149 56 tant
936 372 242 56 d’autres.
1122 372 93 56 —
1159 372 131 56 Nos
1234 372 298 56 expositions,
1458 372 149 56 depuis

321 412 238 49 cinquante
504 412 147 49 ans,
596 412 165 49 n’ont
706 412 183 49 jamais
834 412 165 49 cessé
944 412 183 49 d’être
1072 412 312 49 universelles,
1329 412 110 49 en
1384 412 110 49 ce
1439 412 147 49 sens
1512 412 92 49 que

321 461 172 51 toute
436 461 172 51 œuvre
550 461 134 51 qui
627 461 134 51 s’y
704 461 134 51 est
780 461 268 51 présentée,
991 461 191 51 signée
1125 461 153 51 d’un
1220 461 134 51 nom
1297 461 211 51 réputé,
1450 461 153 51 soit
1526 461 77 51 en

321 499 279 46 Angleterre,
545 499 149 46 soit
638 499 112 46 en
694 499 242 46 Belgique,
880 499 149 46 soit
973 499 112 46 en
1029 499 261 46 Allemagne,
1234 499 149 46 soit
1327 499 93 46 à
1364 499 168 46 Rome,
1476 499 149 46 soit
1550 499 56 46 à

321 539 211 47 Madrid,
474 539 96 47 y
513 539 96 47 a
551 539 134 47 été
628 539 269 47 accueillie
839 539 115 47 et
896 539 211 47 étudiée
1050 539 153 47 avec
1146 539 211 47 faveur;
1299 539 269 47 vous-même,
1491 539 115 47 Mon-

321 582 181 48 sieur
441 582 121 48 le
502 582 342 48 Surintendant,
783 582 201 48 n’avez
924 582 161 48 clos
1024 582 181 48 aucun
1145 582 141 48 des
1225 582 201 48 salôns
1366 582 141 48 qui
1446 582 121 48 se
1486 582 121 48 sont

322 630 208 44 ouverts
473 630 151 44 sous
568 630 170 44 votre
681 630 265 44 direction,
889 630 151 44 sans
983 630 227 44 acquérir
1154 630 132 44 les
1229 630 151 44 plus
1324 630 265 44 méritoires
1513 630 94 44 des

320 669 187 47 œuvros
451 669 280 47 étrangères,
675 669 261 47 lesquelles
880 669 131 47 ont
955 669 131 47 été
1029 669 243 47 jusqu’ici
1216 669 280 47 distribuées
1440 669 131 47 par
1496 669 112 47 vous

322 711 134 49 aux
399 711 249 49 meilleurs
590 711 192 49 musées
725 711 115 49 de
782 711 115 49 la
840 711 249 49 province.
1032 711 153 49 Mais
1127 711 115 49 le
1185 711 211 49 Louvre,
1338 711 173 49 après
1454 711 115 49 la
1492 711 115 49 mort

322 749 110 44 de
377 749 128 44 ces
450 749 220 44 artistes
615 749 147 44 dont
707 749 128 44 les
780 749 165 44 choix
890 749 110 44 de
945 749 257 44 l’Empereur
1147 749 110 44 et
1202 749 128 44 les
1276 749 330 44 encouragements
1533 749 73 44 de

319 787 373 50 l’administration
636 787 131 50 des
711 787 261 50 Beaux-Arts
916 787 298 50 consacraient
1158 787 112 50 en
1214 787 186 50 France
1345 787 112 50 la
1382 787 224 50 notoriété,

320 832 211 48 courait
473 832 192 48 risque
608 832 115 48 de
665 832 230 48 n’avoir,
838 832 154 48 pour
934 832 115 48 sa
992 832 173 48 part,
1107 832 173 48 aucun
1222 832 288 48 échantillon
1452 832 115 48 de
1491 832 115 48 leur

319 875 212 48 talent,
473 875 115 48 et
530 875 154 48 vous
626 875 154 48 avez
723 875 173 48 pensé
838 875 154 48 avec
934 875 212 48 justice
1088 875 192 48 qu’une
1222 875 173 48 salle
1338 875 115 48 du
1376 875 231 48 Luxembourg

323 916 229 47 pourrait
495 916 153 47 vous
590 916 191 47 garder
724 916 115 47 en
781 916 210 47 réserve
934 916 134 47 les
1011 916 153 47 plus
1106 916 229 47 précieux
1278 916 229 47 morceaux
1450 916 134 47 des
1507 916 96 47 ar-

321 960 195 49 tistes
457 960 253 49 étrangers
651 960 117 49 se
710 960 272 49 produisant
924 960 97 49 à
963 960 136 49 nos
1041 960 292 49 expositions
1274 960 117 49 et
1333 960 156 49 dont
1430 960 117 49 la
1469 960 136 49 place

321 998 184 45 était
443 998 224 45 marquée
606 998 245 45 d’avance
790 998 163 45 dans
892 998 122 45 la
953 998 204 45 grande
1096 998 245 45 histoire
1280 998 122 45 de
1341 998 184 45 l’art
1463 998 143 45 que
1524 998 82 45 le

322 1037 197 50 Louvre
460 1037 197 50 montre
599 1037 118 50 et
658 1037 178 50 devra
776 1037 335 50 éternellement
1052 1037 217 50 montrer
1210 1037 99 50 à
1250 1037 257 50 l’Europe.
1447 1037 118 50 De
1487 1037 118 50 même

322 1078 126 52 que
394 1078 108 52 le
448 1078 181 52 Louvre
575 1078 289 52 présenterait
809 1078 108 52 la
864 1078 163 52 série
972 1078 126 52 des
1044 1078 181 52 écoles
1171 1078 235 52 anciennes
1351 1078 108 52 de
1405 1078 144 52 tous
1478 1078 126 52 pays,

321 1122 115 44 le
378 1122 269 44 Luxembourg
590 1122 250 44 offrirait
782 1122 134 44 aux
858 1122 211 44 curieux
1012 1122 134 44 des
1089 1122 173 44 types
1204 1122 211 44 heureux
1357 1122 134 44 des
1415 1122 192 44 diverses

322 1160 194 50 écoles
458 1160 233 50 vivantes
632 1160 117 50 de
691 1160 136 50 ces
768 1160 175 50 mêmes
885 1160 233 50 nations.
1060 1160 117 50 La
1118 1160 214 50 France,
1274 1160 117 50 si
1332 1160 233 50 libérale
1487 1160 117 50 dis-

323 1203 264 52 pensatrice
531 1203 113 52 de
587 1203 132 52 ses
662 1203 320 52 enseignements
926 1203 113 52 et
983 1203 151 52 dont
1077 1203 132 52 les
1153 1203 189 52 grands
1285 1203 226 52 artistes
1435 1203 170 52 contem-

322 1245 204 54 porains
471 1245 130 54 ont
545 1245 204 54 répandu
694 1245 111 54 si
750 1245 149 54 loin
842 1245 149 54 leur
935 1245 241 54 influence
1121 1245 130 54 par
1195 1245 111 54 de
1251 1245 111 54 là
1307 1245 130 54 nos
1363 1245 241 54 frontières,

323 1294 192 54 devait
457 1294 268 54 d’ailleurs
668 1294 172 54 cette
782 1294 287 54 réciprocité
1012 1294 96 54 à
1051 1294 134 54 des
1127 1294 211 54 voisins
1280 1294 134 54 qui
1357 1294 211 54 gardent
1491 1294 115 54 avec

320 1329 273 41 courtoisie
535 1329 156 41 dans
633 1329 176 41 leurs
750 1329 234 41 galeries
925 1329 215 41 royales
1081 1329 117 41 ou
1140 1329 273 41 publiques,
1354 1329 117 41 au
1413 1329 195 41 milieu
1530 1329 78 41 de

321 1368 168 54 leurs
433 1368 205 54 trésors
582 1368 261 54 nationaux,
788 1368 131 54 des
862 1368 224 54 tableaux
1030 1368 205 54 choisis
1179 1368 112 54 de
1235 1368 131 54 nos
1310 1368 149 54 plus
1384 1368 224 54 excellents

321 1411 246 52 peintres.
510 1411 95 52 —
548 1411 151 52 Déjà
643 1411 113 52 un
699 1411 151 52 tout
794 1411 170 52 petit
907 1411 189 52 nombre
1040 1411 265 52 d’ouvrages
1248 1411 246 52 étrangers
1437 1411 113 52 se
1475 1411 132 52 trou-

322 1453 170 47 vait,
435 1453 170 47 comme
549 1453 132 47 par
624 1453 208 47 hasard,
776 1453 151 47 mêlé
870 1453 132 47 aux
946 1453 246 47 peintures
1135 1453 265 47 françaises
1342 1453 113 47 de
1399 1453 113 47 la
1437 1453 170 47 galerie

321 1490 129 50 du
385 1490 321 50 Luxembourg;
642 1490 150 50 dès
728 1490 150 50 que
813 1490 129 50 ce
878 1490 214 50 nombre
1028 1490 129 50 se
1092 1490 171 50 sera
1199 1490 343 50 suffisamment
1456 1490 150 50 accru

319 1534 159 47 pour
418 1534 198 47 former
557 1534 119 47 un
616 1534 198 47 groupe
755 1534 317 47 respectable,
1013 1534 159 47 vous
1112 1534 159 47 avez
1211 1534 198 47 décidé
1349 1534 198 47 qu’une
1468 1534 139 47 salle

320 1578 147 48 leur
412 1578 184 48 serait
540 1578 239 48 consacrée
725 1578 184 48 auprès
853 1578 110 48 de
909 1578 129 48 nos
982 1578 313 48 compatriotes;
1240 1578 92 48 —
1277 1578 166 48 juste
1387 1578 184 48 gloire
1498 1578 110 48 pour

318 1626 132 44 ces
393 1626 263 44 étrangers,
600 1626 226 44 précieux
770 1626 169 44 point
883 1626 207 44 d’étude
1033 1626 151 44 pour
1108 1626 132 44 nous.

362 1654 118 66 Le
421 1654 256 66 catalogue
619 1654 118 66 de
678 1654 118 66 la
737 1654 237 66 nouvelle
915 1654 276 66 exposition
1132 1654 118 66 du
1191 1654 276 66 Luxembourg
1408 1654 158 66 dont
1487 1654 118 66 j’ai

318 1709 262 50 l’honneur
519 1709 121 50 de
580 1709 161 50 vous
680 1709 262 50 soumettre
882 1709 141 50 les
962 1709 262 50 épreuves,
1164 1709 141 50 est
1244 1709 322 50 certainement
1486 1709 121 50 plus

317 1756 234 56 abondant
493 1756 117 56 en
552 1756 156 56 noms
649 1756 273 56 d’artistes
864 1756 234 56 qu’aucun
1039 1756 117 56 de
1098 1756 156 56 ceux
1195 1756 137 56 qui
1273 1756 215 56 l’aient
1410 1756 195 56 précédé.

358 1798 151 58 Mais
453 1798 170 58 aussi
566 1798 151 58 j’ai
660 1798 113 58 le
717 1798 189 58 triste
849 1798 321 58 pressentiment
1113 1798 227 58 qu’avant
1283 1798 227 58 quelques
1453 1798 151 58 mois
1528 1798 76 58 la

321 1853 208 47 galerie
472 1853 151 47 dont
567 1853 151 47 vous
662 1853 189 47 m’avez
794 1853 189 47 confié
927 1853 114 47 la
983 1853 170 47 garde
1097 1853 114 47 va
1154 1853 151 47 être
1248 1853 189 47 privée
1381 1853 114 47 de
1438 1853 132 47 ses
1494 1853 114 47 noms

323 1894 128 48 les
396 1894 147 48 plus
488 1894 275 48 populaires.
708 1894 110 48 La
763 1894 147 48 mort
855 1894 92 48 a
891 1894 275 48 cruellement
1112 1894 202 48 fauché,
1258 1894 147 48 dans
1350 1894 128 48 ces
1405 1894 202 48 dernières

320 1932 205 52 années,
469 1932 205 52 l’élite
618 1932 186 52 sacrée
749 1932 112 52 de
805 1932 130 52 nos
879 1932 242 52 peintres,
1066 1932 112 52 et
1122 1932 112 52 le
1177 1932 186 52 Louvre
1308 1932 112 52 se
1364 1932 149 52 hâte
1457 1932 112 52 de
1494 1932 112 52 pré-

320 1984 181 42 parer
440 1984 121 42 la
501 1984 181 42 salle
621 1984 141 42 qui
702 1984 181 42 devra
822 1984 261 42 contenir,
1023 1984 100 42 à
1063 1984 161 42 côté
1164 1984 121 42 de
1224 1984 221 42 Léopold
1385 1984 221 42 Robert,
1526 1984 80 42 de

322 2015 230 46 Sigalon,
495 2015 115 46 et
552 2015 115 46 de
610 2015 211 46 Granet,
763 2015 115 46 et
821 2015 115 46 de
879 2015 269 46 Delaberge,
1090 2015 115 46 et
1147 2015 115 46 de
1205 2015 269 46 Bonington,
1416 2015 134 46 nos
1474 2015 134 46 meil-

321 2059 192 47 leures
455 2059 192 47 toiles
590 2059 115 47 de
647 2059 269 47 Delacroix,
858 2059 115 47 de
916 2059 269 47 Delaroche,
1127 2059 115 47 de
1185 2059 250 47 Scheffer,
1377 2059 115 47 de
1415 2059 192 47 Decamps,

318 2099 125 75 de
381 2099 291 75 Roqueplan,
610 2099 125 75 de
672 2099 312 75 Saint-Jean,
922 2099 125 75 de
984 2099 312 75 Benouville,
1234 2099 125 75 et
1297 2099 125 75 du
1359 2099 229 75 dernier
1505 2099 104 75 des

296 2141 195 59 Vernet.

363 2183 128 56 Une
436 2183 256 56 tradition,
637 2183 128 56 que
710 2183 110 56 je
765 2183 110 56 ne
819 2183 183 56 trouve
947 2183 237 56 confirmée
1130 2183 128 56 par
1203 2183 183 56 aucune
1331 2183 219 56 décision
1477 2183 128 56 offi-

321 2234 211 51 cielle,
474 2234 115 51 et
532 2234 134 51 que
609 2234 115 51 je
666 2234 153 51 vois
762 2234 153 51 tout
858 2234 115 51 au
915 2234 249 51 contraire
1107 2234 192 51 violée
1242 2234 326 51 régulièrement
1510 2234 96 51 à
1529 2234 77 51 la

322 2279 155 50 mort
419 2279 116 50 de
477 2279 194 50 chacun
613 2279 136 50 des
690 2279 233 50 artistes
865 2279 116 50 un
923 2279 136 50 peu
1001 2279 233 50 renommés
1176 2279 116 50 de
1234 2279 175 50 notre
1351 2279 214 50 siècle,
1487 2279 116 50 pré-

318 2314 212 51 tendait
472 2314 135 51 que
549 2314 154 51 «dix
645 2314 135 51 ans
722 2314 250 51 seulement
914 2314 173 51 après
1030 2314 115 51 la
1087 2314 154 51 mort
1184 2314 115 51 de
1241 2314 173 51 leurs
1357 2314 231 51 auteurs,
1511 2314 96 51 les

323 2362 240 48 ouvrages
503 2362 140 48 les
583 2362 160 48 plus
684 2362 321 48 remarquables
944 2362 200 48 acquis
1084 2362 160 48 pour
1184 2362 120 48 le
1244 2362 280 48 Luxembourg
1465 2362 140 48 par
1525 2362 80 48 la

323 2400 158 49 Liste
428 2400 175 49 civile
550 2400 105 49 et
603 2400 193 49 l’Etat,
743 2400 210 49 seraient
900 2400 193 49 choisis
1040 2400 140 49 pour
1128 2400 123 49 les
1198 2400 210 49 galeries
1355 2400 105 49 du
1408 2400 193 49 Louvre,
1530 2400 70 49 où

323 2441 126 51 tls
395 2441 270 51 viendraient
611 2441 198 51 prendre
755 2441 162 51 place
863 2441 90 51 à
899 2441 144 51 côté
989 2441 108 51 de
1043 2441 144 51 ceux
1133 2441 108 51 de
1187 2441 162 51 leurs
1295 2441 234 51 illustres
1457 2441 144 51 prédé-

321 2478 228 55 cessseurs
497 2478 105 55 et
549 2478 228 55 continuer
724 2478 245 55 l’histoire
917 2478 105 55 de
970 2478 158 55 l’art
1075 2478 245 55 français.»
1267 2478 88 55 —
1302 2478 158 55 Cette
1390 2478 210 55 tradition,

319 2525 227 54 Monsieur
489 2525 113 54 le
546 2525 321 54 Surintendant,
810 2525 113 54 je
867 2525 170 54 crois
980 2525 245 54 fermement
1169 2525 208 54 qu’elle
1320 2525 170 54 était
1433 2525 170 54 saine
1527 2525 76 54 et
