1808 3128
1320 342 118 67 IX

146 406 195 67 bonne,
282 406 117 67 et
340 406 117 67 au
399 406 175 67 point
516 406 117 67 de
574 406 136 67 vue
652 406 117 67 de
710 406 253 67 l’absolue
905 406 234 67 justice,
1080 406 117 67 je
1139 406 195 67 trouve
1275 406 136 67 que
1334 406 97 67 son

147 469 173 54 délai
262 469 211 54 n’avait
415 469 153 54 rien
511 469 268 54 d’exagéré.
722 469 134 54 Dix
799 469 192 54 années
933 469 153 54 sont
1029 469 115 54 un
1086 469 153 54 bien
1182 469 173 54 court
1278 469 153 54 espace

145 508 176 47 quand
263 508 117 47 il
321 508 195 47 s’agit
458 508 117 47 de
516 508 176 47 mûrir
633 508 117 47 le
692 508 234 47 jugement
867 508 117 47 de
926 508 117 47 la
984 508 273 47 postérité;
1199 508 117 47 et
1238 508 195 47 humilier

146 544 134 64 par
223 544 134 64 des
299 544 192 64 œuvres
434 544 269 64 médiocres,
645 544 211 64 l’école
799 544 211 64 moderne
953 544 115 64 au
1010 544 192 64 Louvre
1145 544 115 64 où
1202 544 115 64 le
1241 544 192 64 diapason

148 597 133 43 est
224 597 114 43 si
281 597 171 43 haut,
394 597 171 43 n’est
508 597 114 43 ni
565 597 284 43 nécessaire,
793 597 114 43 ni
849 597 303 43 patriotique.
1096 597 114 43 Le
1153 597 265 43 Luxembourg
1342 597 95 43 est

150 630 115 53 la
207 630 173 53 salle
322 630 249 53 d’attente
514 630 115 53 du
572 630 211 53 Louvre:
725 630 115 53 de
782 630 115 53 là
840 630 249 53 l’intérêt
1032 630 211 53 immense
1185 630 115 53 et
1223 630 211 53 passionné

150 675 181 50 qu’ont
276 675 127 50 les
349 675 217 50 artistes
511 675 90 50 à
548 675 145 50 voir
638 675 163 50 leurs
746 675 181 50 œuvres
873 675 199 50 admises
1017 675 145 50 dans
1108 675 163 50 cette
1216 675 217 50 galerie;
1361 675 72 50 de

151 715 110 55 là
206 715 165 55 aussi
316 715 128 55 les
389 715 202 55 efforts
535 715 128 55 non
609 715 165 55 moins
719 715 256 55 passionnés
920 715 110 55 et
975 715 256 55 impatients
1177 715 110 55 de
1231 715 110 55 la
1268 715 165 55 famille

148 751 114 55 et
205 751 132 55 des
281 751 151 55 amis
375 751 114 55 de
432 751 246 55 l’artiste
621 751 151 55 mort
716 751 151 55 pour
810 751 170 55 faire
924 751 227 55 franchir
1094 751 95 55 à
1132 751 132 55 ses
1208 751 227 55 ouvrages
1359 751 76 55 la

149 789 227 58 barrière
319 789 132 58 qui
395 789 113 58 le
451 789 189 58 sépare
583 789 113 58 de
640 789 113 58 la
697 789 208 58 suprême
848 789 321 58 consécration,
1112 789 227 58 j’allais
1282 789 151 58 dire
1357 789 76 58 de

147 837 303 51 l’apothéose.
393 837 170 51 Entre
506 837 265 51 l’illusion
714 837 303 51 profondément
960 837 284 51 respectable
1187 837 113 51 et
1225 837 208 51 touchante

149 886 127 49 des
221 886 199 49 enfants
366 886 109 49 de
420 886 235 49 l’artiste
601 886 109 49 ou
656 886 127 49 des
728 886 181 49 élèves
855 886 127 49 qui
927 886 181 49 vivent
1054 886 109 49 de
1108 886 127 49 ses
1181 886 253 49 principes,
1362 886 72 49 et

148 926 112 55 le
204 926 205 55 travail
353 926 298 55 d’impartiale
595 926 186 55 équité
725 926 130 55 qui
800 926 205 55 s’opère
948 926 242 55 lentement
1134 926 149 55 dans
1227 926 112 55 le
1283 926 149 55 goût
1358 926 74 55 du

150 970 214 48 public,
305 970 117 48 un
364 970 175 48 terme
480 970 175 48 était
597 970 97 48 à
636 970 234 48 trouver;
811 970 117 48 la
870 970 272 48 tradition,
1084 970 97 48 à
1123 970 136 48 mon
1200 970 175 48 avis,
1317 970 117 48 ne
1356 970 78 48 se

149 1004 237 57 trompait
327 1004 198 57 guère:
465 1004 138 57 dix
545 1004 138 57 ans
624 1004 257 57 suffisent
821 1004 99 57 à
861 1004 178 57 peine
979 1004 158 57 pour
1078 1004 217 57 dégager
1236 1004 119 57 la
1276 1004 158 57 valeur

153 1047 172 51 vraie
268 1047 153 51 d’un
364 1047 211 51 peintre
517 1047 115 51 de
574 1047 306 51 l’engouement
823 1047 230 51 passager
996 1047 115 51 de
1053 1047 134 51 son
1130 1047 192 51 époque
1264 1047 115 51 ou
1321 1047 115 51 de
1359 1047 77 51 la

152 1092 245 49 séduction
341 1092 113 49 de
397 1092 132 49 ses
472 1092 226 49 qualités
642 1092 113 49 ou
698 1092 113 49 de
755 1092 132 49 ses
830 1092 207 49 amitiés
981 1092 245 49 humaines;
1169 1092 207 49 d’autre
1301 1092 132 49 part,

153 1131 111 48 il
209 1131 130 48 est
283 1131 148 48 tels
376 1131 223 48 artistes
543 1131 130 48 qui
617 1131 223 48 tiennent
784 1131 130 48 une
859 1131 111 48 si
914 1131 167 48 haute
1026 1131 167 48 place
1137 1131 148 48 dans
1230 1131 204 48 l’école
1360 1131 74 48 de

151 1167 151 52 leur
246 1167 189 52 temps,
378 1167 132 52 que
453 1167 321 52 l’acclamation
718 1167 283 52 universelle
944 1167 189 52 semble
1076 1167 151 52 leur
1171 1167 189 52 ouvrir
1303 1167 94 52 à
1322 1167 113 52 deux

152 1209 234 59 battants
327 1209 136 59 les
405 1209 195 59 portes
541 1209 117 59 du
599 1209 214 59 Louvre,
755 1209 117 59 et
813 1209 156 59 vous
911 1209 156 59 avez
1008 1209 156 59 jugé
1105 1209 136 59 que
1183 1209 156 59 pour
1261 1209 175 59 établir

151 1264 134 43 une
228 1264 134 43 loi
304 1264 269 43 praticable
515 1264 115 43 et
573 1264 249 43 désormais
765 1264 269 43 respectée,
976 1264 115 43 il
1033 1264 192 43 valait
1167 1264 173 43 mieux
1263 1264 173 43 abréger

151 1298 257 51 l’épreuve,
353 1298 184 51 quitte
481 1298 92 51 à
518 1298 147 51 bien
610 1298 220 51 défendre
775 1298 220 51 l’entrée
940 1298 110 51 de
995 1298 165 51 votre
1105 1298 202 51 galerie
1234 1298 202 51 nouvelle,

150 1339 115 55 et
207 1339 96 55 à
246 1339 173 55 faire
361 1339 230 55 entendre
534 1339 134 55 aux
611 1339 230 55 artistes
783 1339 134 55 que
860 1339 115 55 si
918 1339 230 55 beaucoup
1090 1339 154 55 sont
1186 1339 211 55 appelés
1321 1339 115 55 ici,

150 1380 322 43 quelques-uns
411 1380 261 43 seulement
612 1380 221 43 doivent
773 1380 161 43 être
874 1380 161 43 élus
974 1380 221 43 là-bas.
1135 1380 121 43 La
1196 1380 221 43 suprême
1336 1380 101 43 no-

155 1424 169 59 blesse
273 1424 101 59 de
324 1424 152 59 l’art
426 1424 101 59 et
476 1424 220 59 l’austère
645 1424 203 59 sévérité
797 1424 101 59 de
848 1424 118 59 son
916 1424 203 59 histoire
1068 1424 101 59 le
1118 1424 186 59 veulent
1237 1424 135 59 ainsi.

193 1463 123 60 Je
254 1463 163 60 vous
356 1463 163 60 prie
458 1463 184 60 donc,
581 1463 245 60 Monsieur
764 1463 123 60 le
826 1463 347 60 Surintendant,
1111 1463 123 60 de
1173 1463 225 60 vouloir
1316 1463 123 60 bien

152 1515 239 59 consacrer
336 1515 129 59 par
409 1515 166 59 votre
520 1515 276 59 approbation
741 1515 276 59 définitive,
961 1515 110 59 la
1017 1515 184 59 double
1146 1515 258 59 résolution
1330 1515 110 59 sui

127 1562 180 60 vante:

195 1607 160 55 Lors
295 1607 120 55 du
355 1607 241 55 prochain
536 1607 301 55 remaniement
776 1607 120 55 de
837 1607 120 55 la
897 1607 221 55 galerie
1057 1607 120 55 du
1117 1607 301 55 Luxembourg,
1338 1607 100 55 une

157 1664 165 54 salle
267 1664 220 54 spéciale
431 1664 147 54 sera
523 1664 238 54 consacrée
706 1664 128 54 aux
780 1664 220 54 ouvrages
944 1664 311 54 contemporains
1201 1664 128 54 des
1256 1664 183 54 artistes

136 1699 234 63 étrangers.

198 1745 100 58 A
238 1745 200 58 partir
378 1745 120 58 de
439 1745 120 58 ce
499 1745 160 58 même
599 1745 321 58 remaniement,
860 1745 140 58 les
940 1745 241 58 ouvrages
1120 1745 120 58 de
1180 1745 160 58 tous
1281 1745 140 58 les
1341 1745 100 58 ar-

158 1797 189 41 tistes
290 1797 170 41 morts
404 1797 359 41 antérieurement,
706 1797 189 41 devant
839 1797 151 41 être
933 1797 208 41 retirés
1085 1797 113 41 de
1141 1797 113 41 la
1198 1797 227 41 galerie,
1349 1797 95 41 les

157 1844 286 45 peintures,
381 1844 286 45 sculptures
606 1844 123 45 ou
667 1844 225 45 dessins
830 1844 143 45 qui
912 1844 204 45 seront
1055 1844 265 45 désormais
1259 1844 184 45 admis
1361 1844 82 45 au

158 1877 301 50 Luxembourg,
399 1877 121 50 ne
459 1877 241 50 pourront
640 1877 181 50 faire
761 1877 201 50 partie
901 1877 141 50 des
982 1877 241 50 galeries
1163 1877 121 50 du
1223 1877 201 50 Louvre
1344 1877 100 50 que

158 1919 147 62 cinq
249 1919 128 62 ans
323 1919 165 62 après
433 1919 110 62 la
488 1919 147 62 mort
580 1919 110 62 de
635 1919 165 62 leurs
727 1919 184 62 auteurs.

202 1964 236 62 Veuillez
380 1964 217 62 agréer,
537 1964 236 62 Monsieur
714 1964 118 62 le
773 1964 335 62 Surintendant,
1049 1964 315 62 l’expression
1305 1964 118 62 de
1345 1964 98 62 mon

161 2021 286 54 respectueux
390 2021 114 54 et
447 2021 191 54 entier
561 2021 248 54 dévouement.

307 2081 161 64 Le
414 2081 430 64 Conservateur-Adjoint
790 2081 125 64 des
862 2081 179 64 Musées
987 2081 251 64 impériaux,
1166 2081 215 64 charge

412 2128 210 47 Musée
569 2128 105 47 du
621 2128 245 47 Luxembourg
814 2128 105 47 et
866 2128 122 47 des
936 2128 262 47 expositions
1128 2128 210 47 d’Art

724 2173 170 87 PH.
821 2173 146 87 DE
870 2173 365 87 CHENNEVIÈRES.

167 2231 105 81 15
219 2231 192 81 Octobre
341 2231 122 81 1863.

384 2316 243 68 Appreuvé:

656 2344 149 68 Le
756 2344 264 68 Surintendant
970 2344 116 68 des
1020 2344 281 68 Beaux

705 2420 281 70 Comte
915 2420 140 70 DE
962 2420 444 70 NIEUWERKERRE
