1783 3143
268 375 145 85 XVI

782 378 360 81 DÉCORATION.

352 475 283 64 TROISIÈME
570 475 261 64 TABLEAU:
766 475 196 64 le
897 475 305 64 Sagittaire
1137 475 414 64 (Novembre).
1485 475 109 64 —
1507 475 87 64 Le

301 530 293 59 centaure
520 530 244 59 Nessus
691 530 244 59 enlève
862 530 317 59 Déjanire,
1106 530 220 59 femme
1252 530 342 59 d’Hercule,
1496 530 98 59 et

305 571 275 80 traverse
511 571 138 80 le
580 571 229 80 fleuve
741 571 229 80 Évène.
901 571 138 80 Le
970 571 298 80 centaure,
1199 571 183 80 armé
1314 571 138 80 de
1360 571 229 80 flèches,

304 621 248 66 indique
484 621 158 66 que
574 621 135 66 ce
641 621 203 66 mois,
776 621 135 66 où
844 621 135 66 la
911 621 203 66 terre
1046 621 158 66 est
1136 621 270 66 couverte
1339 621 135 66 de
1384 621 203 66 frimas,

306 659 151 90 est
393 659 281 90 favorable
609 659 108 90 à
652 659 130 90 la
695 659 195 90 chasse.

353 727 282 62 QUATRIÈME
570 727 260 62 TABLEAU:
765 727 195 62 le
895 727 304 62 Capricorne
1134 727 412 62 (Décembre).
1481 727 108 62 —
1502 727 87 62 La

308 784 233 52 nymphe
471 784 280 52 Adrastéa
680 784 210 52 trait
820 784 140 52 la
890 784 233 52 chèvre
1053 784 256 52 Amaltée
1240 784 186 52 pour
1356 784 233 52 donner
1496 784 93 52 du

307 827 171 61 lait
414 827 107 61 a
456 827 235 61 Jupiter
628 827 235 61 enfant.
799 827 128 61 On
863 827 128 61 le
927 827 171 61 voit
1034 827 171 61 près
1141 827 235 61 d’elle;
1313 827 128 61 il
1377 827 193 61 tient
1484 827 107 61 une

307 883 218 61 coupe.
460 883 131 61 La
525 883 218 61 chèvre
677 883 218 61 semble
830 883 196 61 faire
961 883 261 61 allusion
1156 883 131 61 au
1222 883 240 61 soleil,
1396 883 152 61 qui
1461 883 131 61 dans

305 926 136 63 ce
373 926 181 63 mois
486 926 226 63 paraît
645 926 271 63 toujours
848 926 249 63 monter,
1029 926 203 63 ainsi
1164 926 158 63 que
1255 926 136 63 la
1323 926 226 63 chèvre
1458 926 136 63 sau-

308 981 172 66 vage
415 981 151 66 qui
501 981 129 66 se
566 981 194 66 plait
695 981 108 66 à
738 981 215 66 gravir
888 981 151 66 les
974 981 237 66 rochers
1125 981 237 66 escarpés.

357 1037 272 61 CINQUIÈME
567 1037 251 61 TABLEAU:
755 1037 189 61 le
881 1037 230 61 Verseau
1048 1037 377 61 (Janvier).
1363 1037 105 61 —
1404 1037 126 61 Un
1446 1037 147 61 jeune

309 1082 225 58 homme,
466 1082 135 58 du
534 1082 225 58 milieu
691 1082 158 58 des
781 1082 248 58 nuages,
961 1082 203 58 verse
1096 1082 158 58 sur
1186 1082 135 58 la
1254 1082 203 58 terre
1389 1082 158 58 des
1456 1082 135 58 tor-

307 1132 194 54 rents
437 1132 216 54 d’eau;
588 1132 130 54 il
653 1132 238 54 désigne
826 1132 130 54 la
891 1132 216 54 saison
1042 1132 151 54 des
1107 1132 194 54 pluies.

355 1183 252 59 SIXIÈME
539 1183 275 59 TABLEAU:
745 1183 229 59 les
906 1183 275 59 Poissons
1112 1183 367 59 (Février).
1410 1183 115 59 —
1433 1183 161 59 Vénus

305 1241 333 56 Anadyomène
567 1241 143 56 et
639 1241 262 56 l’Amour
829 1241 190 56 armé
948 1241 143 56 de
1020 1241 167 56 son
1115 1241 190 56 arc,
1234 1241 238 56 portés
1401 1241 167 56 par
1472 1241 119 56 des

309 1290 287 61 dauphins,
530 1290 133 61 se
596 1290 287 61 promènent
817 1290 155 61 sur
906 1290 155 61 les
994 1290 177 61 eaux
1105 1290 155 61 que
1193 1290 155 61 les
1282 1290 199 61 vents
1392 1290 199 61 agitent

309 1336 171 57 avec
415 1336 278 57 violence.
629 1336 192 57 Vénus
757 1336 128 57 et
822 1336 150 57 son
907 1336 171 57 fils
1014 1336 171 57 sont
1121 1336 235 57 occupés
1292 1336 107 57 à
1335 1336 235 57 retenir
1484 1336 107 57 les

305 1385 226 53 légère
463 1385 293 53 draperies
689 1385 158 53 qui
779 1385 158 53 les
869 1385 293 53 couvrent.
1095 1385 338 53 L’agitation
1365 1385 135 53 de
1433 1385 135 53 la
1478 1385 113 53 mer

305 1431 131 77 et
371 1431 152 77 les
458 1431 261 77 poissons
654 1431 283 77 indiquent
871 1431 152 77 que
958 1431 131 77 ce
1024 1431 174 77 mois
1133 1431 152 77 est
1220 1431 196 77 celui
1350 1431 152 77 des
1416 1431 174 77 grands

306 1478 200 66 vents
439 1478 133 66 et
506 1478 133 66 de
572 1478 133 66 la
616 1478 178 66 pêche.

356 1534 265 58 SEPTIÈME
554 1534 265 58 TABLEAU:
753 1534 198 58 le
885 1534 221 58 Bélier
1040 1534 309 58 (Mars)
1282 1534 110 58 —
1326 1534 176 58 mois
1437 1534 132 58 où
1481 1534 110 58 les

307 1590 225 60 arbres
464 1590 135 60 et
531 1590 157 60 les
621 1590 247 60 plantes
801 1590 382 60 bourgeonnent.
1116 1590 112 60 —
1161 1590 202 60 Mars,
1296 1590 180 60 armé
1408 1590 135 60 de
1453 1590 135 60 pied

307 1642 138 53 en
376 1642 184 53 cap,
491 1642 229 53 tenant
651 1642 207 53 d’une
789 1642 184 53 main
904 1642 161 53 son
995 1642 207 53 épée,
1133 1642 138 53 de
1202 1642 252 53 l’autre
1363 1642 229 53 secouant

307 1686 133 59 le
373 1686 265 59 flambeau
572 1686 133 59 de
638 1686 133 59 la
704 1686 243 59 guerre,
881 1686 243 59 descend
1058 1686 133 59 du
1124 1686 177 59 haut
1235 1686 155 59 des
1323 1686 265 59 rochers;
1500 1686 88 59 un

306 1734 214 56 berger
455 1734 149 56 est
541 1734 171 56 près
647 1734 128 56 de
711 1734 149 56 lui
797 1734 149 56 qui
882 1734 171 56 joue
989 1734 128 56 de
1053 1734 128 56 la
1117 1734 256 56 cithare;
1309 1734 128 56 un
1373 1734 214 56 bélier
1502 1734 85 56 le

306 1785 199 54 suit.
439 1785 177 54 Mars
549 1785 243 54 indique
726 1785 155 54 que
814 1785 133 54 ce
881 1785 177 54 mois
991 1785 155 54 est
1080 1785 199 54 celui
1212 1785 133 54 où
1279 1785 155 54 les
1367 1785 221 54 armées
1500 1785 88 54 se

309 1839 239 53 mettent
483 1839 130 53 en
548 1839 282 53 campagne;
765 1839 130 53 le
830 1839 217 53 berger
982 1839 130 53 et
1047 1839 130 53 le
1112 1839 239 53 bélier,
1285 1839 152 53 que
1372 1839 130 53 le
1415 1839 174 53 retour

305 1875 129 61 du
370 1875 280 61 printemps
586 1875 172 61 fait
693 1875 215 61 sortir
844 1875 151 61 les
930 1875 280 61 troupeaux
1146 1875 151 61 des
1210 1875 259 61 bergeries.

357 1926 247 71 HUITIEME
542 1926 247 71 TABLEAU:
727 1926 185 71 le
850 1926 226 71 Taureau
1015 1926 329 71 (Avril)
1282 1926 103 71 —
1323 1926 226 71 Jupiter
1467 1926 123 71 sous

309 1989 130 54 la
374 1989 195 54 forme
505 1989 174 54 d’un
613 1989 260 54 taureau,
809 1989 130 54 la
874 1989 174 54 tête
982 1989 282 54 couronnée
1199 1989 130 54 de
1264 1989 239 54 fleurs,
1416 1989 174 54 enlève

307 2037 130 59 la
372 2037 217 59 nymphe
524 2037 239 59 Europe.
698 2037 130 59 Le
763 2037 239 59 taureau
937 2037 217 59 marque
1089 2037 130 59 la
1154 2037 195 59 force
1284 2037 152 59 que
1371 2037 130 59 le
1414 2037 174 59 soleil

308 2090 260 58 acquiert
503 2090 173 58 dans
612 2090 130 58 ce
677 2090 195 58 mois,
807 2090 130 58 et
872 2090 173 58 dont
980 2090 130 58 la
1045 2090 238 58 chaleur
1219 2090 173 58 fait
1327 2090 238 58 fleurir
1479 2090 108 58 les

306 2133 229 55 arbres
466 2133 137 55 et
535 2133 160 55 les
627 2133 275 55 plantes;
833 2133 298 55 premières
1062 2133 321 55 espérances
1314 2133 160 55 que
1383 2133 206 55 donnent

308 2181 153 62 les
396 2181 241 62 travaux
571 2181 306 62 rustiques,
811 2181 175 62 dont
921 2181 131 62 le
986 2181 241 62 taureau
1161 2181 153 62 est
1249 2181 131 62 le
1292 2181 219 62 symbole.

355 2238 259 55 NEUVIÈME
550 2238 259 55 TABLEAU:
744 2238 216 55 les
896 2238 238 55 Gémeaux
1068 2238 281 55 (Ma).
1285 2238 194 55 —Deux
1393 2238 194 55 enfants

307 2301 315 47 conduisent
554 2301 135 47 un
621 2301 202 47 char;
756 2301 202 47 Vénus
891 2301 112 47 y
936 2301 157 47 est
1026 2301 247 47 debout;
1206 2301 157 47 son
1296 2301 202 47 voile
1408 2301 180 47 flotte

308 2339 135 62 au
375 2339 157 62 gré
465 2339 157 62 des
554 2339 269 62 zéphirs;
756 2339 269 62 l’Amour,
958 2339 224 62 tenant
1115 2339 157 62 une
1205 2339 247 62 flèche,
1362 2339 224 62 s’appuie

308 2388 154 53 sur
396 2388 132 53 sz
462 2388 198 53 mère;
594 2388 132 53 un
660 2388 154 53 des
748 2388 242 53 enfants
924 2388 242 53 attelés
1101 2388 132 53 au
1167 2388 176 53 char
1277 2388 220 53 répand
1431 2388 154 53 sur
1497 2388 88 53 la

309 2441 192 49 terre
436 2441 149 49 des
522 2441 234 49 fleurs,
692 2441 234 49 charmes
862 2441 128 49 de
926 2441 192 49 cette
1054 2441 192 49 belle
1182 2441 234 49 saison.
1352 2441 234 49 L’Amour
1501 2441 85 49 et

308 2480 195 50 Vénus
438 2480 281 50 indiquent
655 2480 151 50 que
741 2480 173 50 dans
849 2480 195 50 cette
979 2480 216 50 saison
1131 2480 195 50 toute
1260 2480 130 50 la
1325 2480 216 50 nature
1455 2480 130 50 leur

309 2530 146 67 est
393 2530 251 67 soumise;
581 2530 146 67 les
665 2530 167 67 deux
769 2530 126 67 er
832 2530 188 67 fants
958 2530 335 67 représentent
1229 2530 209 67 Castor
1376 2530 126 67 et
1418 2530 167 67 Pollux
