1805 3122
212 346 466 119 MUSÉE
523 346 311 119 DU
627 346 621 119 LUXEMBOURG

507 647 450 114 PEINTURE.

125 875 177 95 ABEL
235 875 133 95 DE
302 875 199 95 PUJOL
434 875 486 95 (ALEXANDRE-DENIS),
854 875 199 95 né
987 875 111 95 à
1009 875 398 95 Valenciennes

184 951 237 60 en
366 951 164 60 1785,
475 951 219 60 élève
639 951 109 60 de
694 951 182 60 David,
822 951 164 60 grand
931 951 146 60 prix
1022 951 109 60 de
1077 951 146 60 Rome
1168 951 182 60 en
1277 951 128 60 1811,

182 1008 297 53 chevalier
424 1008 112 53 de
480 1008 112 53 la
536 1008 372 53 Légion-d’Honneur
851 1008 186 53 en
982 1008 167 53 1822,
1093 1008 242 53 membre
1260 1008 149 53 de

185 1057 303 62 l'Institut
434 1057 178 62 en
559 1057 160 62 1835,
666 1057 267 62 officier
879 1057 107 62 de
933 1057 107 62 la
986 1057 356 62 Légion-d’Honneur
1271 1057 142 62 en

188 1110 163 72 1853,
296 1110 199 72 mort
441 1110 181 72 en
549 1110 127 72 1861.

131 1185 125 92 1.
194 1185 188 92 Ixion
319 1185 167 92 dans
423 1185 125 92 le
465 1185 208 92 Tartare.

294 1252 255 77 Mercure,
485 1252 149 77 par
570 1252 191 77 ordre
697 1252 127 77 de
761 1252 255 77 Jupiter,
952 1252 106 77 a
994 1252 234 77 attaché
1164 1252 191 77 Ixion
1292 1252 106 77 à
1313 1252 106 77 une

253 1301 158 73 roue
352 1301 237 73 entourée
530 1301 118 73 de
569 1301 217 73 serpents.

362 1375 116 91 H.
420 1375 194 91 1,28.—
556 1375 116 91 L.
614 1375 175 91 1,68.
730 1375 97 91 —
769 1375 155 91 Fig.
866 1375 136 91 gr.
925 1375 116 91 nat.

1043 1395 197 98 (Salon
1181 1395 118 98 de
1221 1395 158 98 1824.)

134 1543 203 90 ACHARD
276 1543 224 90 (JEAN),
439 1543 183 90 né
561 1543 102 90 à
601 1543 224 90 Voreppe
743 1543 285 90 (Isère)

132 1609 137 77 2.
201 1609 274 77 Paysage;
406 1609 274 77 environs
612 1609 137 77 de
658 1609 251 77 Grenoble.

352 1678 101 70 H.
403 1678 101 70 1,
453 1678 117 70 50.
520 1678 84 70 —
553 1678 101 70 L.
604 1678 101 70 2,
637 1678 84 70 12.

1040 1697 202 108 (Salon
1181 1697 121 108 de
1222 1697 162 108 1845.)

142 1845 230 61 ALIGNY
303 1845 597 61 (CLAUDE-FÉLIX-THÉODORE
831 1845 276 61 CARUELLE
1038 1845 184 61 D’),
1152 1845 207 61 né
1267 1845 161 61 à

199 1898 277 66 Chaumes
417 1898 257 66 (Nièvre),
614 1898 178 66 élève
733 1898 119 66 de
792 1898 237 66 Regnault
970 1898 119 66 et
1029 1898 119 66 de
1088 1898 119 66 M.
1128 1898 296 66 Watelet,

200 1948 312 61 chevalier
453 1948 117 61 de
511 1948 117 61 la
570 1948 390 61 Légion-d’Honneur
901 1948 195 61 en
1037 1948 175 61 1842,
1135 1948 292 61 membre

201 2010 374 66 correspondant
520 2010 112 66 de
576 2010 262 66 l’Institut
782 2010 187 66 en
894 2010 131 66 1861.

139 2080 146 70 3.
187 2080 293 70 Prométhée.

309 2158 265 55 Prométhée
513 2158 184 55 vient
635 2158 204 55 d’être
778 2158 224 55 attaché
941 2158 143 55 sur
1022 2158 122 55 le
1083 2158 245 55 Caucase;
1267 2158 122 55 un
1308 2158 122 55 vau-

271 2195 152 61 tour
366 2195 133 61 lui
442 2195 209 61 déchire
594 2195 133 61 les
670 2195 285 61 entrailles:
897 2195 133 61 une
973 2195 171 61 fille
1087 2195 114 61 de
1144 2195 190 61 l’air,
1258 2195 171 61 retirée

268 2246 160 44 sous
368 2246 120 44 un
428 2246 240 44 laurier,
608 2246 120 44 en
668 2246 200 44 écarte
808 2246 140 44 les
887 2246 240 44 branches
1067 2246 160 44 pour
1167 2246 260 44 connaître
1347 2246 80 44 la

268 2290 180 42 cause
388 2290 140 42 des
468 2290 160 42 cris
569 2290 140 42 que
649 2290 201 42 pousse
789 2290 120 42 le
849 2290 201 42 Titan,
990 2290 120 42 et
1050 2290 160 42 plus
1150 2290 160 42 loin
1251 2290 140 42 des
1311 2290 120 42 nym-

272 2329 154 70 phes
368 2329 250 70 gémissent
560 2329 134 70 sur
637 2329 134 70 ses
694 2329 250 70 souffances.

358 2374 125 78 H.
421 2374 167 78 ,00.
525 2374 104 78 —
567 2374 125 78 L.
630 2374 125 78 3,
672 2374 104 78 00.

1062 2404 193 117 (Salon
1197 2404 116 117 de
1236 2404 155 117 1837.)
