<alto xmlns:xsi="http://www.w3.org/2001/XMLSchema-instance" xmlns="http://www.loc.gov/standards/alto/ns-v2#" xmlns:page="http://schema.primaresearch.org/PAGE/gts/pagecontent/2013-07-15" xsi:schemaLocation="http://www.loc.gov/standards/alto/ns-v2# http://www.loc.gov/standards/alto/alto.xsd">
  <Description>
    <MeasurementUnit>mm10</MeasurementUnit>
    <sourceImageInformation>
         <fileName>32.jpg</fileName>
      </sourceImageInformation>
    <OCRProcessing ID="IdOcr">
      <ocrProcessingStep>
        <processingDateTime>2020-10-31T11:20:14.197+01:00</processingDateTime>
        <processingSoftware>
               <softwareCreator>CONTRIBUTORS</softwareCreator>
               <softwareName>pdfalto</softwareName>
               <softwareVersion>0.1</softwareVersion>
            </processingSoftware>
      </ocrProcessingStep>
    </OCRProcessing>
  </Description>
  <Styles>
   <TextStyle ID="FONT0" FONTFAMILY="unknown" FONTSIZE="unknown" FONTSTYLE=""/>
   <TextStyle ID="FONT1" FONTFAMILY="unknown" FONTSIZE="unknown" FONTSTYLE="bold"/>
   <TextStyle ID="FONT2" FONTFAMILY="unknown" FONTSIZE="unknown" FONTSTYLE="italics"/>
  </Styles>
  <Tags/>
  <Layout>
    <Page ID="Page1" PHYSICAL_IMG_NR="1" HEIGHT="3142" WIDTH="1803">
      <PrintSpace HEIGHT="2563" WIDTH="1651" VPOS="0" HPOS="150">
        <TextBlock ID="r_2_1" HEIGHT="42" WIDTH="31" VPOS="366" HPOS="344">
          <TextLine ID="tl_2" BASELINE="415" HEIGHT="75" WIDTH="45" VPOS="340" HPOS="337">
            <String HEIGHT="75" WIDTH="135" VPOS="340" HPOS="247" CONTENT="2" ID="tl_2_1" STYLEREFS="FONT0"/>
          </TextLine>
        </TextBlock>
        <TextBlock ID="r_3_1" HEIGHT="32" WIDTH="228" VPOS="383" HPOS="865">
          <TextLine ID="tl_3" BASELINE="438" HEIGHT="72" WIDTH="241" VPOS="366" HPOS="858">
            <String HEIGHT="72" WIDTH="295" VPOS="366" HPOS="804" CONTENT="PEINTURE." ID="tl_3_1" STYLEREFS="FONT0"/>
          </TextLine>
        </TextBlock>
        <TextBlock ID="r_4_1" HEIGHT="94" WIDTH="1260" VPOS="465" HPOS="345">
          <TextLine ID="tl_4" BASELINE="544" HEIGHT="86" WIDTH="1275" VPOS="458" HPOS="338">
            <String HEIGHT="86" WIDTH="255" VPOS="458" HPOS="317" CONTENT="ANASTASI" ID="tl_4_1" STYLEREFS="FONT0"/>
            <SP HEIGHT="86" WIDTH="21" VPOS="458" HPOS="572"/>
            <String HEIGHT="86" WIDTH="298" VPOS="458" HPOS="508" CONTENT="(AUGUSTE)," ID="tl_4_2" STYLEREFS="FONT0"/>
            <SP HEIGHT="86" WIDTH="21" VPOS="458" HPOS="806"/>
            <String HEIGHT="86" WIDTH="191" VPOS="458" HPOS="742" CONTENT="né" ID="tl_4_3" STYLEREFS="FONT2"/>
            <SP HEIGHT="86" WIDTH="21" VPOS="458" HPOS="933"/>
            <String HEIGHT="86" WIDTH="106" VPOS="458" HPOS="869" CONTENT="à" ID="tl_4_4" STYLEREFS="FONT2"/>
            <SP HEIGHT="86" WIDTH="21" VPOS="458" HPOS="976"/>
            <String HEIGHT="86" WIDTH="213" VPOS="458" HPOS="912" CONTENT="Paris," ID="tl_4_5" STYLEREFS="FONT2"/>
            <SP HEIGHT="86" WIDTH="21" VPOS="458" HPOS="1124"/>
            <String HEIGHT="86" WIDTH="191" VPOS="458" HPOS="1061" CONTENT="élève" ID="tl_4_6" STYLEREFS="FONT2"/>
            <SP HEIGHT="86" WIDTH="21" VPOS="458" HPOS="1252"/>
            <String HEIGHT="86" WIDTH="128" VPOS="458" HPOS="1188" CONTENT="de" ID="tl_4_7" STYLEREFS="FONT2"/>
            <SP HEIGHT="86" WIDTH="21" VPOS="458" HPOS="1316"/>
            <String HEIGHT="86" WIDTH="128" VPOS="458" HPOS="1252" CONTENT="P." ID="tl_4_8" STYLEREFS="FONT2"/>
            <SP HEIGHT="86" WIDTH="21" VPOS="458" HPOS="1379"/>
            <String HEIGHT="86" WIDTH="319" VPOS="458" HPOS="1294" CONTENT="Delaroche" ID="tl_4_9" STYLEREFS="FONT2"/>
          </TextLine>
          <TextLine ID="tl_5" BASELINE="586" HEIGHT="79" WIDTH="352" VPOS="507" HPOS="393">
            <String HEIGHT="79" WIDTH="144" VPOS="507" HPOS="377" CONTENT="et" ID="tl_5_1" STYLEREFS="FONT2"/>
            <SP HEIGHT="79" WIDTH="16" VPOS="507" HPOS="521"/>
            <String HEIGHT="79" WIDTH="96" VPOS="507" HPOS="473" CONTENT="de" ID="tl_5_2" STYLEREFS="FONT2"/>
            <SP HEIGHT="79" WIDTH="16" VPOS="507" HPOS="569"/>
            <String HEIGHT="79" WIDTH="96" VPOS="507" HPOS="521" CONTENT="M." ID="tl_5_3" STYLEREFS="FONT2"/>
            <SP HEIGHT="79" WIDTH="16" VPOS="507" HPOS="617"/>
            <String HEIGHT="79" WIDTH="192" VPOS="507" HPOS="553" CONTENT="Corot" ID="tl_5_4" STYLEREFS="FONT2"/>
          </TextLine>
        </TextBlock>
        <TextBlock ID="r_4_2" HEIGHT="51" WIDTH="636" VPOS="596" HPOS="391">
          <TextLine ID="tl_6" BASELINE="679" HEIGHT="103" WIDTH="651" VPOS="576" HPOS="383">
            <String HEIGHT="103" WIDTH="217" VPOS="576" HPOS="361" CONTENT="9ucher" ID="tl_6_1" STYLEREFS="FONT0"/>
            <SP HEIGHT="103" WIDTH="22" VPOS="576" HPOS="578"/>
            <String HEIGHT="103" WIDTH="109" VPOS="576" HPOS="513" CONTENT="o" ID="tl_6_2" STYLEREFS="FONT0"/>
            <SP HEIGHT="103" WIDTH="22" VPOS="576" HPOS="622"/>
            <String HEIGHT="103" WIDTH="130" VPOS="576" HPOS="557" CONTENT="de" ID="tl_6_3" STYLEREFS="FONT0"/>
            <SP HEIGHT="103" WIDTH="22" VPOS="576" HPOS="687"/>
            <String HEIGHT="103" WIDTH="217" VPOS="576" HPOS="622" CONTENT="soleil" ID="tl_6_4" STYLEREFS="FONT0"/>
            <SP HEIGHT="103" WIDTH="22" VPOS="576" HPOS="839"/>
            <String HEIGHT="103" WIDTH="282" VPOS="576" HPOS="752" CONTENT="(Hollande)." ID="tl_6_5" STYLEREFS="FONT0"/>
          </TextLine>
        </TextBlock>
        <TextBlock ID="r_4_3" HEIGHT="36" WIDTH="348" VPOS="673" HPOS="560">
          <TextLine ID="tl_7" BASELINE="734" HEIGHT="76" WIDTH="362" VPOS="658" HPOS="553">
            <String HEIGHT="76" WIDTH="103" VPOS="658" HPOS="536" CONTENT="H." ID="tl_7_1" STYLEREFS="FONT0"/>
            <SP HEIGHT="76" WIDTH="17" VPOS="658" HPOS="639"/>
            <String HEIGHT="76" WIDTH="103" VPOS="658" HPOS="587" CONTENT="0," ID="tl_7_2" STYLEREFS="FONT0"/>
            <SP HEIGHT="76" WIDTH="17" VPOS="658" HPOS="691"/>
            <String HEIGHT="76" WIDTH="121" VPOS="658" HPOS="639" CONTENT="62." ID="tl_7_3" STYLEREFS="FONT0"/>
            <SP HEIGHT="76" WIDTH="17" VPOS="658" HPOS="760"/>
            <String HEIGHT="76" WIDTH="86" VPOS="658" HPOS="708" CONTENT="—" ID="tl_7_4" STYLEREFS="FONT0"/>
            <SP HEIGHT="76" WIDTH="17" VPOS="658" HPOS="794"/>
            <String HEIGHT="76" WIDTH="103" VPOS="658" HPOS="743" CONTENT="L." ID="tl_7_5" STYLEREFS="FONT0"/>
            <SP HEIGHT="76" WIDTH="17" VPOS="658" HPOS="846"/>
            <String HEIGHT="76" WIDTH="103" VPOS="658" HPOS="794" CONTENT="0," ID="tl_7_6" STYLEREFS="FONT0"/>
            <SP HEIGHT="76" WIDTH="17" VPOS="658" HPOS="898"/>
            <String HEIGHT="76" WIDTH="86" VPOS="658" HPOS="829" CONTENT="92." ID="tl_7_7" STYLEREFS="FONT0"/>
          </TextLine>
        </TextBlock>
        <TextBlock ID="r_4_4" HEIGHT="41" WIDTH="274" VPOS="715" HPOS="1273">
          <TextLine ID="tl_8" BASELINE="765" HEIGHT="73" WIDTH="289" VPOS="692" HPOS="1265">
            <String HEIGHT="73" WIDTH="193" VPOS="692" HPOS="1246" CONTENT="(Salon" ID="tl_8_1" STYLEREFS="FONT0"/>
            <SP HEIGHT="73" WIDTH="19" VPOS="692" HPOS="1438"/>
            <String HEIGHT="73" WIDTH="116" VPOS="692" HPOS="1381" CONTENT="de" ID="tl_8_2" STYLEREFS="FONT0"/>
            <SP HEIGHT="73" WIDTH="19" VPOS="692" HPOS="1496"/>
            <String HEIGHT="73" WIDTH="135" VPOS="692" HPOS="1419" CONTENT="1857." ID="tl_8_3" STYLEREFS="FONT0"/>
          </TextLine>
        </TextBlock>
        <TextBlock ID="r_5_1" HEIGHT="109" WIDTH="1254" VPOS="818" HPOS="344">
          <TextLine ID="tl_9" BASELINE="870" HEIGHT="76" WIDTH="1268" VPOS="794" HPOS="337">
            <String HEIGHT="76" WIDTH="193" VPOS="794" HPOS="316" CONTENT="ANDRÉ" ID="tl_9_1" STYLEREFS="FONT0"/>
            <SP HEIGHT="76" WIDTH="21" VPOS="794" HPOS="509"/>
            <String HEIGHT="76" WIDTH="258" VPOS="794" HPOS="444" CONTENT="(JULES)," ID="tl_9_2" STYLEREFS="FONT0"/>
            <SP HEIGHT="76" WIDTH="21" VPOS="794" HPOS="702"/>
            <String HEIGHT="76" WIDTH="193" VPOS="794" HPOS="638" CONTENT="né" ID="tl_9_3" STYLEREFS="FONT2"/>
            <SP HEIGHT="76" WIDTH="21" VPOS="794" HPOS="831"/>
            <String HEIGHT="76" WIDTH="107" VPOS="794" HPOS="767" CONTENT="à" ID="tl_9_4" STYLEREFS="FONT2"/>
            <SP HEIGHT="76" WIDTH="21" VPOS="794" HPOS="874"/>
            <String HEIGHT="76" WIDTH="215" VPOS="794" HPOS="810" CONTENT="Paris," ID="tl_9_5" STYLEREFS="FONT2"/>
            <SP HEIGHT="76" WIDTH="21" VPOS="794" HPOS="1025"/>
            <String HEIGHT="76" WIDTH="193" VPOS="794" HPOS="960" CONTENT="élève" ID="tl_9_6" STYLEREFS="FONT2"/>
            <SP HEIGHT="76" WIDTH="21" VPOS="794" HPOS="1154"/>
            <String HEIGHT="76" WIDTH="129" VPOS="794" HPOS="1089" CONTENT="de" ID="tl_9_7" STYLEREFS="FONT2"/>
            <SP HEIGHT="76" WIDTH="21" VPOS="794" HPOS="1218"/>
            <String HEIGHT="76" WIDTH="129" VPOS="794" HPOS="1154" CONTENT="M." ID="tl_9_8" STYLEREFS="FONT2"/>
            <SP HEIGHT="76" WIDTH="21" VPOS="794" HPOS="1283"/>
            <String HEIGHT="76" WIDTH="258" VPOS="794" HPOS="1218" CONTENT="Watelet," ID="tl_9_9" STYLEREFS="FONT2"/>
            <SP HEIGHT="76" WIDTH="21" VPOS="794" HPOS="1476"/>
            <String HEIGHT="76" WIDTH="215" VPOS="794" HPOS="1390" CONTENT="che" ID="tl_9_10" STYLEREFS="FONT2"/>
          </TextLine>
          <TextLine ID="tl_10" BASELINE="939" HEIGHT="63" WIDTH="933" VPOS="876" HPOS="387">
            <String HEIGHT="63" WIDTH="270" VPOS="876" HPOS="366" CONTENT="valier" ID="tl_10_1" STYLEREFS="FONT2"/>
            <SP HEIGHT="63" WIDTH="21" VPOS="876" HPOS="636"/>
            <String HEIGHT="63" WIDTH="124" VPOS="876" HPOS="574" CONTENT="de" ID="tl_10_2" STYLEREFS="FONT2"/>
            <SP HEIGHT="63" WIDTH="21" VPOS="876" HPOS="698"/>
            <String HEIGHT="63" WIDTH="124" VPOS="876" HPOS="636" CONTENT="la" ID="tl_10_3" STYLEREFS="FONT2"/>
            <SP HEIGHT="63" WIDTH="21" VPOS="876" HPOS="760"/>
            <String HEIGHT="63" WIDTH="415" VPOS="876" HPOS="698" CONTENT="Légion-d’Honneur" ID="tl_10_4" STYLEREFS="FONT2"/>
            <SP HEIGHT="63" WIDTH="21" VPOS="876" HPOS="1113"/>
            <String HEIGHT="63" WIDTH="207" VPOS="876" HPOS="1050" CONTENT="en" ID="tl_10_5" STYLEREFS="FONT2"/>
            <SP HEIGHT="63" WIDTH="21" VPOS="876" HPOS="1258"/>
            <String HEIGHT="63" WIDTH="145" VPOS="876" HPOS="1175" CONTENT="1853." ID="tl_10_6" STYLEREFS="FONT0"/>
          </TextLine>
        </TextBlock>
        <TextBlock ID="r_5_2" HEIGHT="109" WIDTH="1257" VPOS="952" HPOS="341">
          <TextLine ID="tl_11" BASELINE="1018" HEIGHT="76" WIDTH="1271" VPOS="942" HPOS="334">
            <String HEIGHT="76" WIDTH="136" VPOS="942" HPOS="311" CONTENT="5." ID="tl_11_1" STYLEREFS="FONT0"/>
            <SP HEIGHT="76" WIDTH="23" VPOS="942" HPOS="447"/>
            <String HEIGHT="76" WIDTH="250" VPOS="942" HPOS="379" CONTENT="Paysage" ID="tl_11_2" STYLEREFS="FONT0"/>
            <SP HEIGHT="76" WIDTH="23" VPOS="942" HPOS="629"/>
            <String HEIGHT="76" WIDTH="363" VPOS="942" HPOS="561" CONTENT="représentant" ID="tl_11_3" STYLEREFS="FONT0"/>
            <SP HEIGHT="76" WIDTH="23" VPOS="942" HPOS="924"/>
            <String HEIGHT="76" WIDTH="136" VPOS="942" HPOS="856" CONTENT="es" ID="tl_11_4" STYLEREFS="FONT0"/>
            <SP HEIGHT="76" WIDTH="23" VPOS="942" HPOS="992"/>
            <String HEIGHT="76" WIDTH="204" VPOS="942" HPOS="924" CONTENT="bords" ID="tl_11_5" STYLEREFS="FONT0"/>
            <SP HEIGHT="76" WIDTH="23" VPOS="942" HPOS="1128"/>
            <String HEIGHT="76" WIDTH="136" VPOS="942" HPOS="1060" CONTENT="de" ID="tl_11_6" STYLEREFS="FONT0"/>
            <SP HEIGHT="76" WIDTH="23" VPOS="942" HPOS="1196"/>
            <String HEIGHT="76" WIDTH="136" VPOS="942" HPOS="1128" CONTENT="la" ID="tl_11_7" STYLEREFS="FONT0"/>
            <SP HEIGHT="76" WIDTH="23" VPOS="942" HPOS="1265"/>
            <String HEIGHT="76" WIDTH="272" VPOS="942" HPOS="1196" CONTENT="Bouzanne" ID="tl_11_8" STYLEREFS="FONT0"/>
            <SP HEIGHT="76" WIDTH="23" VPOS="942" HPOS="1469"/>
            <String HEIGHT="76" WIDTH="227" VPOS="942" HPOS="1378" CONTENT="(Indre)." ID="tl_11_9" STYLEREFS="FONT0"/>
          </TextLine>
          <TextLine ID="tl_12" BASELINE="1084" HEIGHT="74" WIDTH="365" VPOS="1010" HPOS="548">
            <String HEIGHT="74" WIDTH="104" VPOS="1010" HPOS="531" CONTENT="H." ID="tl_12_1" STYLEREFS="FONT0"/>
            <SP HEIGHT="74" WIDTH="17" VPOS="1010" HPOS="635"/>
            <String HEIGHT="74" WIDTH="104" VPOS="1010" HPOS="583" CONTENT="1," ID="tl_12_2" STYLEREFS="FONT0"/>
            <SP HEIGHT="74" WIDTH="17" VPOS="1010" HPOS="687"/>
            <String HEIGHT="74" WIDTH="122" VPOS="1010" HPOS="635" CONTENT="80." ID="tl_12_3" STYLEREFS="FONT0"/>
            <SP HEIGHT="74" WIDTH="17" VPOS="1010" HPOS="757"/>
            <String HEIGHT="74" WIDTH="87" VPOS="1010" HPOS="704" CONTENT="—" ID="tl_12_4" STYLEREFS="FONT0"/>
            <SP HEIGHT="74" WIDTH="17" VPOS="1010" HPOS="791"/>
            <String HEIGHT="74" WIDTH="104" VPOS="1010" HPOS="739" CONTENT="L." ID="tl_12_5" STYLEREFS="FONT0"/>
            <SP HEIGHT="74" WIDTH="17" VPOS="1010" HPOS="843"/>
            <String HEIGHT="74" WIDTH="104" VPOS="1010" HPOS="791" CONTENT="2," ID="tl_12_6" STYLEREFS="FONT0"/>
            <SP HEIGHT="74" WIDTH="17" VPOS="1010" HPOS="896"/>
            <String HEIGHT="74" WIDTH="87" VPOS="1010" HPOS="826" CONTENT="30." ID="tl_12_7" STYLEREFS="FONT0"/>
          </TextLine>
        </TextBlock>
        <TextBlock ID="r_5_3" HEIGHT="44" WIDTH="301" VPOS="1067" HPOS="1260">
          <TextLine ID="tl_13" BASELINE="1125" HEIGHT="71" WIDTH="316" VPOS="1054" HPOS="1253">
            <String HEIGHT="71" WIDTH="198" VPOS="1054" HPOS="1233" CONTENT="(Salon" ID="tl_13_1" STYLEREFS="FONT0"/>
            <SP HEIGHT="71" WIDTH="20" VPOS="1054" HPOS="1431"/>
            <String HEIGHT="71" WIDTH="119" VPOS="1054" HPOS="1372" CONTENT="de" ID="tl_13_2" STYLEREFS="FONT0"/>
            <SP HEIGHT="71" WIDTH="20" VPOS="1054" HPOS="1490"/>
            <String HEIGHT="71" WIDTH="158" VPOS="1054" HPOS="1411" CONTENT="1850.)" ID="tl_13_3" STYLEREFS="FONT0"/>
          </TextLine>
        </TextBlock>
        <TextBlock ID="r_6_1" HEIGHT="152" WIDTH="1259" VPOS="1170" HPOS="340">
          <TextLine ID="tl_14" BASELINE="1228" HEIGHT="92" WIDTH="1271" VPOS="1136" HPOS="334">
            <String HEIGHT="92" WIDTH="241" VPOS="1136" HPOS="312" CONTENT="ANTIGNA" ID="tl_14_1" STYLEREFS="FONT0"/>
            <SP HEIGHT="92" WIDTH="22" VPOS="1136" HPOS="553"/>
            <String HEIGHT="92" WIDTH="614" VPOS="1136" HPOS="487" CONTENT="(JEAN-PIERRE-ALEXANDRE)," ID="tl_14_2" STYLEREFS="FONT0"/>
            <SP HEIGHT="92" WIDTH="22" VPOS="1136" HPOS="1101"/>
            <String HEIGHT="92" WIDTH="197" VPOS="1136" HPOS="1035" CONTENT="né" ID="tl_14_3" STYLEREFS="FONT2"/>
            <SP HEIGHT="92" WIDTH="22" VPOS="1136" HPOS="1232"/>
            <String HEIGHT="92" WIDTH="110" VPOS="1136" HPOS="1167" CONTENT="à" ID="tl_14_4" STYLEREFS="FONT2"/>
            <SP HEIGHT="92" WIDTH="22" VPOS="1136" HPOS="1276"/>
            <String HEIGHT="92" WIDTH="241" VPOS="1136" HPOS="1211" CONTENT="Orléans" ID="tl_14_5" STYLEREFS="FONT2"/>
            <SP HEIGHT="92" WIDTH="22" VPOS="1136" HPOS="1452"/>
            <String HEIGHT="92" WIDTH="241" VPOS="1136" HPOS="1364" CONTENT="(Loi" ID="tl_14_6" STYLEREFS="FONT2"/>
          </TextLine>
          <TextLine ID="tl_15" BASELINE="1274" HEIGHT="56" WIDTH="1220" VPOS="1218" HPOS="387">
            <String HEIGHT="56" WIDTH="248" VPOS="1218" HPOS="366" CONTENT="ret)," ID="tl_15_1" STYLEREFS="FONT2"/>
            <SP HEIGHT="56" WIDTH="21" VPOS="1218" HPOS="614"/>
            <String HEIGHT="56" WIDTH="186" VPOS="1218" HPOS="552" CONTENT="élève" ID="tl_15_2" STYLEREFS="FONT2"/>
            <SP HEIGHT="56" WIDTH="21" VPOS="1218" HPOS="739"/>
            <String HEIGHT="56" WIDTH="124" VPOS="1218" HPOS="676" CONTENT="de" ID="tl_15_3" STYLEREFS="FONT2"/>
            <SP HEIGHT="56" WIDTH="21" VPOS="1218" HPOS="801"/>
            <String HEIGHT="56" WIDTH="124" VPOS="1218" HPOS="739" CONTENT="P." ID="tl_15_4" STYLEREFS="FONT2"/>
            <SP HEIGHT="56" WIDTH="21" VPOS="1218" HPOS="863"/>
            <String HEIGHT="56" WIDTH="289" VPOS="1218" HPOS="801" CONTENT="Delaroche," ID="tl_15_5" STYLEREFS="FONT2"/>
            <SP HEIGHT="56" WIDTH="21" VPOS="1218" HPOS="1090"/>
            <String HEIGHT="56" WIDTH="269" VPOS="1218" HPOS="1028" CONTENT="chevalier" ID="tl_15_6" STYLEREFS="FONT2"/>
            <SP HEIGHT="56" WIDTH="21" VPOS="1218" HPOS="1297"/>
            <String HEIGHT="56" WIDTH="124" VPOS="1218" HPOS="1235" CONTENT="de" ID="tl_15_7" STYLEREFS="FONT2"/>
            <SP HEIGHT="56" WIDTH="21" VPOS="1218" HPOS="1359"/>
            <String HEIGHT="56" WIDTH="124" VPOS="1218" HPOS="1297" CONTENT="la" ID="tl_15_8" STYLEREFS="FONT2"/>
            <SP HEIGHT="56" WIDTH="21" VPOS="1218" HPOS="1421"/>
            <String HEIGHT="56" WIDTH="269" VPOS="1218" HPOS="1338" CONTENT="Légion" ID="tl_15_9" STYLEREFS="FONT2"/>
          </TextLine>
          <TextLine ID="tl_16" BASELINE="1357" HEIGHT="88" WIDTH="459" VPOS="1269" HPOS="385">
            <String HEIGHT="88" WIDTH="294" VPOS="1269" HPOS="367" CONTENT="d’Honneur" ID="tl_16_1" STYLEREFS="FONT2"/>
            <SP HEIGHT="88" WIDTH="18" VPOS="1269" HPOS="660"/>
            <String HEIGHT="88" WIDTH="184" VPOS="1269" HPOS="605" CONTENT="en" ID="tl_16_2" STYLEREFS="FONT2"/>
            <SP HEIGHT="88" WIDTH="18" VPOS="1269" HPOS="789"/>
            <String HEIGHT="88" WIDTH="129" VPOS="1269" HPOS="715" CONTENT="1861." ID="tl_16_3" STYLEREFS="FONT0"/>
          </TextLine>
        </TextBlock>
        <TextBlock ID="r_7_1" HEIGHT="40" WIDTH="442" VPOS="1356" HPOS="337">
          <TextLine ID="tl_17" BASELINE="1423" HEIGHT="85" WIDTH="455" VPOS="1338" HPOS="331">
            <String HEIGHT="85" WIDTH="137" VPOS="1338" HPOS="308" CONTENT="6." ID="tl_17_1" STYLEREFS="FONT0"/>
            <SP HEIGHT="85" WIDTH="23" VPOS="1338" HPOS="445"/>
            <String HEIGHT="85" WIDTH="205" VPOS="1338" HPOS="377" CONTENT="Scène" ID="tl_17_2" STYLEREFS="FONT0"/>
            <SP HEIGHT="85" WIDTH="23" VPOS="1338" HPOS="581"/>
            <String HEIGHT="85" WIDTH="296" VPOS="1338" HPOS="490" CONTENT="d’incendie." ID="tl_17_3" STYLEREFS="FONT0"/>
          </TextLine>
        </TextBlock>
        <TextBlock ID="r_8_1" HEIGHT="39" WIDTH="612" VPOS="1430" HPOS="553">
          <TextLine ID="tl_18" BASELINE="1506" HEIGHT="101" WIDTH="627" VPOS="1405" HPOS="546">
            <String HEIGHT="101" WIDTH="102" VPOS="1405" HPOS="529" CONTENT="H." ID="tl_18_1" STYLEREFS="FONT0"/>
            <SP HEIGHT="101" WIDTH="17" VPOS="1405" HPOS="631"/>
            <String HEIGHT="101" WIDTH="102" VPOS="1405" HPOS="580" CONTENT="2," ID="tl_18_2" STYLEREFS="FONT0"/>
            <SP HEIGHT="101" WIDTH="17" VPOS="1405" HPOS="682"/>
            <String HEIGHT="101" WIDTH="119" VPOS="1405" HPOS="631" CONTENT="65." ID="tl_18_3" STYLEREFS="FONT0"/>
            <SP HEIGHT="101" WIDTH="17" VPOS="1405" HPOS="749"/>
            <String HEIGHT="101" WIDTH="85" VPOS="1405" HPOS="699" CONTENT="—" ID="tl_18_4" STYLEREFS="FONT0"/>
            <SP HEIGHT="101" WIDTH="17" VPOS="1405" HPOS="783"/>
            <String HEIGHT="101" WIDTH="102" VPOS="1405" HPOS="732" CONTENT="L." ID="tl_18_5" STYLEREFS="FONT0"/>
            <SP HEIGHT="101" WIDTH="17" VPOS="1405" HPOS="834"/>
            <String HEIGHT="101" WIDTH="102" VPOS="1405" HPOS="783" CONTENT="2," ID="tl_18_6" STYLEREFS="FONT0"/>
            <SP HEIGHT="101" WIDTH="17" VPOS="1405" HPOS="885"/>
            <String HEIGHT="101" WIDTH="119" VPOS="1405" HPOS="834" CONTENT="33." ID="tl_18_7" STYLEREFS="FONT0"/>
            <SP HEIGHT="101" WIDTH="17" VPOS="1405" HPOS="953"/>
            <String HEIGHT="101" WIDTH="85" VPOS="1405" HPOS="902" CONTENT="—" ID="tl_18_8" STYLEREFS="FONT0"/>
            <SP HEIGHT="101" WIDTH="17" VPOS="1405" HPOS="987"/>
            <String HEIGHT="101" WIDTH="136" VPOS="1405" HPOS="936" CONTENT="Fig." ID="tl_18_9" STYLEREFS="FONT0"/>
            <SP HEIGHT="101" WIDTH="17" VPOS="1405" HPOS="1071"/>
            <String HEIGHT="101" WIDTH="119" VPOS="1405" HPOS="1020" CONTENT="gr." ID="tl_18_10" STYLEREFS="FONT0"/>
            <SP HEIGHT="101" WIDTH="17" VPOS="1405" HPOS="1139"/>
            <String HEIGHT="101" WIDTH="102" VPOS="1405" HPOS="1071" CONTENT="nat." ID="tl_18_11" STYLEREFS="FONT0"/>
          </TextLine>
        </TextBlock>
        <TextBlock ID="r_8_2" HEIGHT="39" WIDTH="272" VPOS="1469" HPOS="1268">
          <TextLine ID="tl_19" BASELINE="1554" HEIGHT="119" WIDTH="287" VPOS="1435" HPOS="1260">
            <String HEIGHT="119" WIDTH="191" VPOS="1435" HPOS="1241" CONTENT="(Salon" ID="tl_19_1" STYLEREFS="FONT0"/>
            <SP HEIGHT="119" WIDTH="19" VPOS="1435" HPOS="1432"/>
            <String HEIGHT="119" WIDTH="115" VPOS="1435" HPOS="1375" CONTENT="de" ID="tl_19_2" STYLEREFS="FONT0"/>
            <SP HEIGHT="119" WIDTH="19" VPOS="1435" HPOS="1490"/>
            <String HEIGHT="119" WIDTH="134" VPOS="1435" HPOS="1413" CONTENT="1850." ID="tl_19_3" STYLEREFS="FONT0"/>
          </TextLine>
        </TextBlock>
        <TextBlock ID="r_10_1" HEIGHT="109" WIDTH="1253" VPOS="1576" HPOS="342">
          <TextLine ID="tl_21" BASELINE="1632" HEIGHT="80" WIDTH="1267" VPOS="1552" HPOS="335">
            <String HEIGHT="80" WIDTH="190" VPOS="1552" HPOS="314" CONTENT="BARON" ID="tl_21_1" STYLEREFS="FONT0"/>
            <SP HEIGHT="80" WIDTH="21" VPOS="1552" HPOS="504"/>
            <String HEIGHT="80" WIDTH="253" VPOS="1552" HPOS="441" CONTENT="(HENRI)," ID="tl_21_2" STYLEREFS="FONT0"/>
            <SP HEIGHT="80" WIDTH="21" VPOS="1552" HPOS="694"/>
            <String HEIGHT="80" WIDTH="190" VPOS="1552" HPOS="631" CONTENT="né" ID="tl_21_3" STYLEREFS="FONT2"/>
            <SP HEIGHT="80" WIDTH="21" VPOS="1552" HPOS="821"/>
            <String HEIGHT="80" WIDTH="106" VPOS="1552" HPOS="757" CONTENT="à" ID="tl_21_4" STYLEREFS="FONT2"/>
            <SP HEIGHT="80" WIDTH="21" VPOS="1552" HPOS="863"/>
            <String HEIGHT="80" WIDTH="253" VPOS="1552" HPOS="800" CONTENT="Besançon" ID="tl_21_5" STYLEREFS="FONT2"/>
            <SP HEIGHT="80" WIDTH="21" VPOS="1552" HPOS="1053"/>
            <String HEIGHT="80" WIDTH="253" VPOS="1552" HPOS="990" CONTENT="(Doubs)," ID="tl_21_6" STYLEREFS="FONT2"/>
            <SP HEIGHT="80" WIDTH="21" VPOS="1552" HPOS="1243"/>
            <String HEIGHT="80" WIDTH="190" VPOS="1552" HPOS="1180" CONTENT="élève" ID="tl_21_7" STYLEREFS="FONT2"/>
            <SP HEIGHT="80" WIDTH="21" VPOS="1552" HPOS="1370"/>
            <String HEIGHT="80" WIDTH="127" VPOS="1552" HPOS="1306" CONTENT="de" ID="tl_21_8" STYLEREFS="FONT2"/>
            <SP HEIGHT="80" WIDTH="21" VPOS="1552" HPOS="1433"/>
            <String HEIGHT="80" WIDTH="127" VPOS="1552" HPOS="1370" CONTENT="M." ID="tl_21_9" STYLEREFS="FONT2"/>
            <SP HEIGHT="80" WIDTH="21" VPOS="1552" HPOS="1496"/>
            <String HEIGHT="80" WIDTH="190" VPOS="1552" HPOS="1412" CONTENT="Gi" ID="tl_21_10" STYLEREFS="FONT2"/>
          </TextLine>
          <TextLine ID="tl_22" BASELINE="1693" HEIGHT="67" WIDTH="1116" VPOS="1626" HPOS="384">
            <String HEIGHT="67" WIDTH="248" VPOS="1626" HPOS="363" CONTENT="goux," ID="tl_22_1" STYLEREFS="FONT2"/>
            <SP HEIGHT="67" WIDTH="21" VPOS="1626" HPOS="611"/>
            <String HEIGHT="67" WIDTH="269" VPOS="1626" HPOS="549" CONTENT="chevalier" ID="tl_22_2" STYLEREFS="FONT2"/>
            <SP HEIGHT="67" WIDTH="21" VPOS="1626" HPOS="818"/>
            <String HEIGHT="67" WIDTH="124" VPOS="1626" HPOS="756" CONTENT="de" ID="tl_22_3" STYLEREFS="FONT2"/>
            <SP HEIGHT="67" WIDTH="21" VPOS="1626" HPOS="880"/>
            <String HEIGHT="67" WIDTH="124" VPOS="1626" HPOS="818" CONTENT="la" ID="tl_22_4" STYLEREFS="FONT2"/>
            <SP HEIGHT="67" WIDTH="21" VPOS="1626" HPOS="942"/>
            <String HEIGHT="67" WIDTH="413" VPOS="1626" HPOS="880" CONTENT="Légion-d’Honneur" ID="tl_22_5" STYLEREFS="FONT2"/>
            <SP HEIGHT="67" WIDTH="21" VPOS="1626" HPOS="1293"/>
            <String HEIGHT="67" WIDTH="207" VPOS="1626" HPOS="1231" CONTENT="en" ID="tl_22_6" STYLEREFS="FONT2"/>
            <SP HEIGHT="67" WIDTH="21" VPOS="1626" HPOS="1438"/>
            <String HEIGHT="67" WIDTH="145" VPOS="1626" HPOS="1355" CONTENT="1859." ID="tl_22_7" STYLEREFS="FONT0"/>
          </TextLine>
        </TextBlock>
        <TextBlock ID="r_10_2" HEIGHT="50" WIDTH="672" VPOS="1711" HPOS="336">
          <TextLine ID="tl_23" BASELINE="1784" HEIGHT="77" WIDTH="687" VPOS="1707" HPOS="329">
            <String HEIGHT="77" WIDTH="147" VPOS="1707" HPOS="304" CONTENT="7." ID="tl_23_1" STYLEREFS="FONT0"/>
            <SP HEIGHT="77" WIDTH="25" VPOS="1707" HPOS="452"/>
            <String HEIGHT="77" WIDTH="172" VPOS="1707" HPOS="378" CONTENT="Les" ID="tl_23_2" STYLEREFS="FONT0"/>
            <SP HEIGHT="77" WIDTH="25" VPOS="1707" HPOS="550"/>
            <String HEIGHT="77" WIDTH="319" VPOS="1707" HPOS="476" CONTENT="Vendanges" ID="tl_23_3" STYLEREFS="FONT0"/>
            <SP HEIGHT="77" WIDTH="25" VPOS="1707" HPOS="795"/>
            <String HEIGHT="77" WIDTH="147" VPOS="1707" HPOS="722" CONTENT="en" ID="tl_23_4" STYLEREFS="FONT0"/>
            <SP HEIGHT="77" WIDTH="25" VPOS="1707" HPOS="869"/>
            <String HEIGHT="77" WIDTH="245" VPOS="1707" HPOS="771" CONTENT="Romagne." ID="tl_23_5" STYLEREFS="FONT0"/>
          </TextLine>
        </TextBlock>
        <TextBlock ID="r_10_3" HEIGHT="40" WIDTH="546" VPOS="1784" HPOS="553">
          <TextLine ID="tl_24" BASELINE="1844" HEIGHT="85" WIDTH="560" VPOS="1759" HPOS="546">
            <String HEIGHT="85" WIDTH="102" VPOS="1759" HPOS="529" CONTENT="H." ID="tl_24_1" STYLEREFS="FONT0"/>
            <SP HEIGHT="85" WIDTH="17" VPOS="1759" HPOS="631"/>
            <String HEIGHT="85" WIDTH="153" VPOS="1759" HPOS="580" CONTENT="0,55." ID="tl_24_2" STYLEREFS="FONT0"/>
            <SP HEIGHT="85" WIDTH="17" VPOS="1759" HPOS="733"/>
            <String HEIGHT="85" WIDTH="85" VPOS="1759" HPOS="682" CONTENT="—" ID="tl_24_3" STYLEREFS="FONT0"/>
            <SP HEIGHT="85" WIDTH="17" VPOS="1759" HPOS="767"/>
            <String HEIGHT="85" WIDTH="102" VPOS="1759" HPOS="716" CONTENT="L." ID="tl_24_4" STYLEREFS="FONT0"/>
            <SP HEIGHT="85" WIDTH="17" VPOS="1759" HPOS="818"/>
            <String HEIGHT="85" WIDTH="153" VPOS="1759" HPOS="767" CONTENT="0,65." ID="tl_24_5" STYLEREFS="FONT0"/>
            <SP HEIGHT="85" WIDTH="17" VPOS="1759" HPOS="919"/>
            <String HEIGHT="85" WIDTH="85" VPOS="1759" HPOS="868" CONTENT="—" ID="tl_24_6" STYLEREFS="FONT0"/>
            <SP HEIGHT="85" WIDTH="17" VPOS="1759" HPOS="953"/>
            <String HEIGHT="85" WIDTH="136" VPOS="1759" HPOS="902" CONTENT="Fig." ID="tl_24_7" STYLEREFS="FONT0"/>
            <SP HEIGHT="85" WIDTH="17" VPOS="1759" HPOS="1038"/>
            <String HEIGHT="85" WIDTH="102" VPOS="1759" HPOS="987" CONTENT="0," ID="tl_24_8" STYLEREFS="FONT0"/>
            <SP HEIGHT="85" WIDTH="17" VPOS="1759" HPOS="1089"/>
            <String HEIGHT="85" WIDTH="85" VPOS="1759" HPOS="1021" CONTENT="20." ID="tl_24_9" STYLEREFS="FONT0"/>
          </TextLine>
        </TextBlock>
        <TextBlock ID="r_10_4" HEIGHT="44" WIDTH="294" VPOS="1819" HPOS="1259">
          <TextLine ID="tl_25" BASELINE="1870" HEIGHT="90" WIDTH="308" VPOS="1780" HPOS="1252">
            <String HEIGHT="90" WIDTH="193" VPOS="1780" HPOS="1233" CONTENT="(Salon" ID="tl_25_1" STYLEREFS="FONT0"/>
            <SP HEIGHT="90" WIDTH="19" VPOS="1780" HPOS="1425"/>
            <String HEIGHT="90" WIDTH="116" VPOS="1780" HPOS="1368" CONTENT="de" ID="tl_25_2" STYLEREFS="FONT0"/>
            <SP HEIGHT="90" WIDTH="19" VPOS="1780" HPOS="1483"/>
            <String HEIGHT="90" WIDTH="154" VPOS="1780" HPOS="1406" CONTENT="1855.)" ID="tl_25_3" STYLEREFS="FONT0"/>
          </TextLine>
        </TextBlock>
        <TextBlock ID="r_10_5" HEIGHT="166" WIDTH="1257" VPOS="1912" HPOS="336">
          <TextLine ID="tl_26" BASELINE="1962" HEIGHT="64" WIDTH="1269" VPOS="1898" HPOS="329">
            <String HEIGHT="64" WIDTH="249" VPOS="1898" HPOS="306" CONTENT="BARRIAS" ID="tl_26_1" STYLEREFS="FONT0"/>
            <SP HEIGHT="64" WIDTH="23" VPOS="1898" HPOS="556"/>
            <String HEIGHT="64" WIDTH="431" VPOS="1898" HPOS="488" CONTENT="(FÉLIX-JOSEPH)," ID="tl_26_2" STYLEREFS="FONT0"/>
            <SP HEIGHT="64" WIDTH="23" VPOS="1898" HPOS="918"/>
            <String HEIGHT="64" WIDTH="204" VPOS="1898" HPOS="850" CONTENT="né" ID="tl_26_3" STYLEREFS="FONT2"/>
            <SP HEIGHT="64" WIDTH="23" VPOS="1898" HPOS="1054"/>
            <String HEIGHT="64" WIDTH="113" VPOS="1898" HPOS="986" CONTENT="à" ID="tl_26_4" STYLEREFS="FONT2"/>
            <SP HEIGHT="64" WIDTH="23" VPOS="1898" HPOS="1099"/>
            <String HEIGHT="64" WIDTH="204" VPOS="1898" HPOS="1031" CONTENT="Paris" ID="tl_26_5" STYLEREFS="FONT2"/>
            <SP HEIGHT="64" WIDTH="23" VPOS="1898" HPOS="1235"/>
            <String HEIGHT="64" WIDTH="204" VPOS="1898" HPOS="1167" CONTENT="élève" ID="tl_26_6" STYLEREFS="FONT2"/>
            <SP HEIGHT="64" WIDTH="23" VPOS="1898" HPOS="1371"/>
            <String HEIGHT="64" WIDTH="136" VPOS="1898" HPOS="1303" CONTENT="de" ID="tl_26_7" STYLEREFS="FONT2"/>
            <SP HEIGHT="64" WIDTH="23" VPOS="1898" HPOS="1439"/>
            <String HEIGHT="64" WIDTH="136" VPOS="1898" HPOS="1371" CONTENT="M." ID="tl_26_8" STYLEREFS="FONT2"/>
            <SP HEIGHT="64" WIDTH="23" VPOS="1898" HPOS="1507"/>
            <String HEIGHT="64" WIDTH="181" VPOS="1898" HPOS="1417" CONTENT="L" ID="tl_26_9" STYLEREFS="FONT2"/>
          </TextLine>
          <TextLine ID="tl_27" BASELINE="2028" HEIGHT="67" WIDTH="1217" VPOS="1961" HPOS="383">
            <String HEIGHT="67" WIDTH="277" VPOS="1961" HPOS="365" CONTENT="Cogniet," ID="tl_27_1" STYLEREFS="FONT2"/>
            <SP HEIGHT="67" WIDTH="18" VPOS="1961" HPOS="641"/>
            <String HEIGHT="67" WIDTH="166" VPOS="1961" HPOS="586" CONTENT="grand" ID="tl_27_2" STYLEREFS="FONT2"/>
            <SP HEIGHT="67" WIDTH="18" VPOS="1961" HPOS="752"/>
            <String HEIGHT="67" WIDTH="148" VPOS="1961" HPOS="696" CONTENT="prix" ID="tl_27_3" STYLEREFS="FONT2"/>
            <SP HEIGHT="67" WIDTH="18" VPOS="1961" HPOS="844"/>
            <String HEIGHT="67" WIDTH="111" VPOS="1961" HPOS="789" CONTENT="de" ID="tl_27_4" STYLEREFS="FONT2"/>
            <SP HEIGHT="67" WIDTH="18" VPOS="1961" HPOS="899"/>
            <String HEIGHT="67" WIDTH="148" VPOS="1961" HPOS="844" CONTENT="Rome" ID="tl_27_5" STYLEREFS="FONT2"/>
            <SP HEIGHT="67" WIDTH="18" VPOS="1961" HPOS="991"/>
            <String HEIGHT="67" WIDTH="184" VPOS="1961" HPOS="936" CONTENT="en" ID="tl_27_6" STYLEREFS="FONT2"/>
            <SP HEIGHT="67" WIDTH="18" VPOS="1961" HPOS="1121"/>
            <String HEIGHT="67" WIDTH="148" VPOS="1961" HPOS="1065" CONTENT="1844" ID="tl_27_7" STYLEREFS="FONT0"/>
            <SP HEIGHT="67" WIDTH="18" VPOS="1961" HPOS="1213"/>
            <String HEIGHT="67" WIDTH="332" VPOS="1961" HPOS="1157" CONTENT="(Histoire)," ID="tl_27_8" STYLEREFS="FONT2"/>
            <SP HEIGHT="67" WIDTH="18" VPOS="1961" HPOS="1489"/>
            <String HEIGHT="67" WIDTH="184" VPOS="1961" HPOS="1416" CONTENT="che" ID="tl_27_9" STYLEREFS="FONT2"/>
          </TextLine>
          <TextLine ID="tl_28" BASELINE="2087" HEIGHT="74" WIDTH="881" VPOS="2013" HPOS="383">
            <String HEIGHT="74" WIDTH="255" VPOS="2013" HPOS="363" CONTENT="valier" ID="tl_28_1" STYLEREFS="FONT2"/>
            <SP HEIGHT="74" WIDTH="20" VPOS="2013" HPOS="618"/>
            <String HEIGHT="74" WIDTH="117" VPOS="2013" HPOS="559" CONTENT="de" ID="tl_28_2" STYLEREFS="FONT2"/>
            <SP HEIGHT="74" WIDTH="20" VPOS="2013" HPOS="677"/>
            <String HEIGHT="74" WIDTH="117" VPOS="2013" HPOS="618" CONTENT="la" ID="tl_28_3" STYLEREFS="FONT2"/>
            <SP HEIGHT="74" WIDTH="20" VPOS="2013" HPOS="735"/>
            <String HEIGHT="74" WIDTH="392" VPOS="2013" HPOS="677" CONTENT="Légion-d’Honneur" ID="tl_28_4" STYLEREFS="FONT2"/>
            <SP HEIGHT="74" WIDTH="20" VPOS="2013" HPOS="1068"/>
            <String HEIGHT="74" WIDTH="196" VPOS="2013" HPOS="1009" CONTENT="en" ID="tl_28_5" STYLEREFS="FONT2"/>
            <SP HEIGHT="74" WIDTH="20" VPOS="2013" HPOS="1205"/>
            <String HEIGHT="74" WIDTH="137" VPOS="2013" HPOS="1127" CONTENT="1859." ID="tl_28_6" STYLEREFS="FONT0"/>
          </TextLine>
        </TextBlock>
        <TextBlock ID="r_10_6" HEIGHT="40" WIDTH="510" VPOS="2102" HPOS="332">
          <TextLine ID="tl_29" BASELINE="2169" HEIGHT="85" WIDTH="522" VPOS="2084" HPOS="326">
            <String HEIGHT="85" WIDTH="131" VPOS="2084" HPOS="304" CONTENT="8." ID="tl_29_1" STYLEREFS="FONT0"/>
            <SP HEIGHT="85" WIDTH="22" VPOS="2084" HPOS="435"/>
            <String HEIGHT="85" WIDTH="152" VPOS="2084" HPOS="370" CONTENT="Les" ID="tl_29_2" STYLEREFS="FONT0"/>
            <SP HEIGHT="85" WIDTH="22" VPOS="2084" HPOS="522"/>
            <String HEIGHT="85" WIDTH="218" VPOS="2084" HPOS="457" CONTENT="exilés" ID="tl_29_3" STYLEREFS="FONT0"/>
            <SP HEIGHT="85" WIDTH="22" VPOS="2084" HPOS="674"/>
            <String HEIGHT="85" WIDTH="131" VPOS="2084" HPOS="609" CONTENT="de" ID="tl_29_4" STYLEREFS="FONT0"/>
            <SP HEIGHT="85" WIDTH="22" VPOS="2084" HPOS="739"/>
            <String HEIGHT="85" WIDTH="196" VPOS="2084" HPOS="652" CONTENT="Tibère." ID="tl_29_5" STYLEREFS="FONT0"/>
          </TextLine>
        </TextBlock>
        <TextBlock ID="r_10_7" HEIGHT="292" WIDTH="1133" VPOS="2177" HPOS="457">
          <TextLine ID="tl_30" BASELINE="2222" HEIGHT="86" WIDTH="1105" VPOS="2136" HPOS="491">
            <String HEIGHT="86" WIDTH="191" VPOS="2136" HPOS="472" CONTENT="Tibère" ID="tl_30_1" STYLEREFS="FONT0"/>
            <SP HEIGHT="86" WIDTH="19" VPOS="2136" HPOS="662"/>
            <String HEIGHT="86" WIDTH="191" VPOS="2136" HPOS="605" CONTENT="retiré" ID="tl_30_2" STYLEREFS="FONT0"/>
            <SP HEIGHT="86" WIDTH="19" VPOS="2136" HPOS="796"/>
            <String HEIGHT="86" WIDTH="95" VPOS="2136" HPOS="739" CONTENT="à" ID="tl_30_3" STYLEREFS="FONT0"/>
            <SP HEIGHT="86" WIDTH="19" VPOS="2136" HPOS="834"/>
            <String HEIGHT="86" WIDTH="210" VPOS="2136" HPOS="777" CONTENT="Caprée," ID="tl_30_4" STYLEREFS="FONT0"/>
            <SP HEIGHT="86" WIDTH="19" VPOS="2136" HPOS="986"/>
            <String HEIGHT="86" WIDTH="114" VPOS="2136" HPOS="929" CONTENT="se" ID="tl_30_5" STYLEREFS="FONT0"/>
            <SP HEIGHT="86" WIDTH="19" VPOS="2136" HPOS="1044"/>
            <String HEIGHT="86" WIDTH="210" VPOS="2136" HPOS="986" CONTENT="livrait" ID="tl_30_6" STYLEREFS="FONT0"/>
            <SP HEIGHT="86" WIDTH="19" VPOS="2136" HPOS="1196"/>
            <String HEIGHT="86" WIDTH="95" VPOS="2136" HPOS="1139" CONTENT="à" ID="tl_30_7" STYLEREFS="FONT0"/>
            <SP HEIGHT="86" WIDTH="19" VPOS="2136" HPOS="1234"/>
            <String HEIGHT="86" WIDTH="191" VPOS="2136" HPOS="1177" CONTENT="toutes" ID="tl_30_8" STYLEREFS="FONT0"/>
            <SP HEIGHT="86" WIDTH="19" VPOS="2136" HPOS="1367"/>
            <String HEIGHT="86" WIDTH="191" VPOS="2136" HPOS="1310" CONTENT="sortes" ID="tl_30_9" STYLEREFS="FONT0"/>
            <SP HEIGHT="86" WIDTH="19" VPOS="2136" HPOS="1501"/>
            <String HEIGHT="86" WIDTH="114" VPOS="2136" HPOS="1444" CONTENT="de" ID="tl_30_10" STYLEREFS="FONT0"/>
            <SP HEIGHT="86" WIDTH="19" VPOS="2136" HPOS="1558"/>
            <String HEIGHT="86" WIDTH="114" VPOS="2136" HPOS="1482" CONTENT="tur" SUBS_TYPE="HypPart1" SUBS_CONTENT="turpitudes." ID="tl_30_11" STYLEREFS="FONT0"/>
            <HYP CONTENT="-"/>
          </TextLine>
          <TextLine ID="tl_31" BASELINE="2261" HEIGHT="53" WIDTH="1144" VPOS="2208" HPOS="452">
            <String HEIGHT="53" WIDTH="229" VPOS="2208" HPOS="433" CONTENT="pitudes." SUBS_TYPE="HypPart2" SUBS_CONTENT="turpitudes." ID="tl_31_1" STYLEREFS="FONT0"/>
            <SP HEIGHT="53" WIDTH="19" VPOS="2208" HPOS="662"/>
            <String HEIGHT="53" WIDTH="114" VPOS="2208" HPOS="605" CONTENT="Il" ID="tl_31_2" STYLEREFS="FONT0"/>
            <SP HEIGHT="53" WIDTH="19" VPOS="2208" HPOS="719"/>
            <String HEIGHT="53" WIDTH="114" VPOS="2208" HPOS="662" CONTENT="ne" ID="tl_31_3" STYLEREFS="FONT0"/>
            <SP HEIGHT="53" WIDTH="19" VPOS="2208" HPOS="776"/>
            <String HEIGHT="53" WIDTH="114" VPOS="2208" HPOS="719" CONTENT="se" ID="tl_31_4" STYLEREFS="FONT0"/>
            <SP HEIGHT="53" WIDTH="19" VPOS="2208" HPOS="833"/>
            <String HEIGHT="53" WIDTH="210" VPOS="2208" HPOS="776" CONTENT="passait" ID="tl_31_5" STYLEREFS="FONT0"/>
            <SP HEIGHT="53" WIDTH="19" VPOS="2208" HPOS="986"/>
            <String HEIGHT="53" WIDTH="133" VPOS="2208" HPOS="929" CONTENT="pas" ID="tl_31_6" STYLEREFS="FONT0"/>
            <SP HEIGHT="53" WIDTH="19" VPOS="2208" HPOS="1062"/>
            <String HEIGHT="53" WIDTH="114" VPOS="2208" HPOS="1005" CONTENT="un" ID="tl_31_7" STYLEREFS="FONT0"/>
            <SP HEIGHT="53" WIDTH="19" VPOS="2208" HPOS="1119"/>
            <String HEIGHT="53" WIDTH="153" VPOS="2208" HPOS="1062" CONTENT="seul" ID="tl_31_8" STYLEREFS="FONT0"/>
            <SP HEIGHT="53" WIDTH="19" VPOS="2208" HPOS="1215"/>
            <String HEIGHT="53" WIDTH="172" VPOS="2208" HPOS="1157" CONTENT="jour," ID="tl_31_9" STYLEREFS="FONT0"/>
            <SP HEIGHT="53" WIDTH="19" VPOS="2208" HPOS="1329"/>
            <String HEIGHT="53" WIDTH="153" VPOS="2208" HPOS="1272" CONTENT="sans" ID="tl_31_10" STYLEREFS="FONT0"/>
            <SP HEIGHT="53" WIDTH="19" VPOS="2208" HPOS="1424"/>
            <String HEIGHT="53" WIDTH="114" VPOS="2208" HPOS="1367" CONTENT="en" ID="tl_31_11" STYLEREFS="FONT0"/>
            <SP HEIGHT="53" WIDTH="19" VPOS="2208" HPOS="1482"/>
            <String HEIGHT="53" WIDTH="191" VPOS="2208" HPOS="1405" CONTENT="excepter" ID="tl_31_12" STYLEREFS="FONT0"/>
          </TextLine>
          <TextLine ID="tl_32" BASELINE="2306" HEIGHT="51" WIDTH="1141" VPOS="2255" HPOS="450">
            <String HEIGHT="51" WIDTH="135" VPOS="2255" HPOS="431" CONTENT="les" ID="tl_32_1" STYLEREFS="FONT0"/>
            <SP HEIGHT="51" WIDTH="19" VPOS="2255" HPOS="566"/>
            <String HEIGHT="51" WIDTH="174" VPOS="2255" HPOS="508" CONTENT="jours" ID="tl_32_2" STYLEREFS="FONT0"/>
            <SP HEIGHT="51" WIDTH="19" VPOS="2255" HPOS="682"/>
            <String HEIGHT="51" WIDTH="116" VPOS="2255" HPOS="624" CONTENT="de" ID="tl_32_3" STYLEREFS="FONT0"/>
            <SP HEIGHT="51" WIDTH="19" VPOS="2255" HPOS="740"/>
            <String HEIGHT="51" WIDTH="193" VPOS="2255" HPOS="682" CONTENT="fêtes," ID="tl_32_4" STYLEREFS="FONT0"/>
            <SP HEIGHT="51" WIDTH="19" VPOS="2255" HPOS="875"/>
            <String HEIGHT="51" WIDTH="135" VPOS="2255" HPOS="817" CONTENT="qui" ID="tl_32_5" STYLEREFS="FONT0"/>
            <SP HEIGHT="51" WIDTH="19" VPOS="2255" HPOS="953"/>
            <String HEIGHT="51" WIDTH="116" VPOS="2255" HPOS="895" CONTENT="ne" ID="tl_32_6" STYLEREFS="FONT0"/>
            <SP HEIGHT="51" WIDTH="19" VPOS="2255" HPOS="1011"/>
            <String HEIGHT="51" WIDTH="135" VPOS="2255" HPOS="953" CONTENT="fût" ID="tl_32_7" STYLEREFS="FONT0"/>
            <SP HEIGHT="51" WIDTH="19" VPOS="2255" HPOS="1088"/>
            <String HEIGHT="51" WIDTH="193" VPOS="2255" HPOS="1030" CONTENT="marqué" ID="tl_32_8" STYLEREFS="FONT0"/>
            <SP HEIGHT="51" WIDTH="19" VPOS="2255" HPOS="1224"/>
            <String HEIGHT="51" WIDTH="135" VPOS="2255" HPOS="1166" CONTENT="par" ID="tl_32_9" STYLEREFS="FONT0"/>
            <SP HEIGHT="51" WIDTH="19" VPOS="2255" HPOS="1301"/>
            <String HEIGHT="51" WIDTH="135" VPOS="2255" HPOS="1243" CONTENT="des" ID="tl_32_10" STYLEREFS="FONT0"/>
            <SP HEIGHT="51" WIDTH="19" VPOS="2255" HPOS="1378"/>
            <String HEIGHT="51" WIDTH="271" VPOS="2255" HPOS="1320" CONTENT="supplices." ID="tl_32_11" STYLEREFS="FONT0"/>
            <SP HEIGHT="51" WIDTH="19" VPOS="2255" HPOS="1591"/>
            <String HEIGHT="51" WIDTH="77" VPOS="2255" HPOS="1514" CONTENT="Il" ID="tl_32_12" STYLEREFS="FONT0"/>
          </TextLine>
          <TextLine ID="tl_33" BASELINE="2348" HEIGHT="46" WIDTH="1144" VPOS="2302" HPOS="451">
            <String HEIGHT="46" WIDTH="312" VPOS="2302" HPOS="430" CONTENT="enveloppait" ID="tl_33_1" STYLEREFS="FONT0"/>
            <SP HEIGHT="46" WIDTH="21" VPOS="2302" HPOS="742"/>
            <String HEIGHT="46" WIDTH="166" VPOS="2302" HPOS="680" CONTENT="dans" ID="tl_33_2" STYLEREFS="FONT0"/>
            <SP HEIGHT="46" WIDTH="21" VPOS="2302" HPOS="846"/>
            <String HEIGHT="46" WIDTH="125" VPOS="2302" HPOS="784" CONTENT="la" ID="tl_33_3" STYLEREFS="FONT0"/>
            <SP HEIGHT="46" WIDTH="21" VPOS="2302" HPOS="909"/>
            <String HEIGHT="46" WIDTH="166" VPOS="2302" HPOS="846" CONTENT="même" ID="tl_33_4" STYLEREFS="FONT0"/>
            <SP HEIGHT="46" WIDTH="21" VPOS="2302" HPOS="1013"/>
            <String HEIGHT="46" WIDTH="333" VPOS="2302" HPOS="950" CONTENT="condamnation" ID="tl_33_5" STYLEREFS="FONT0"/>
            <SP HEIGHT="46" WIDTH="21" VPOS="2302" HPOS="1283"/>
            <String HEIGHT="46" WIDTH="146" VPOS="2302" HPOS="1221" CONTENT="les" ID="tl_33_6" STYLEREFS="FONT0"/>
            <SP HEIGHT="46" WIDTH="21" VPOS="2302" HPOS="1366"/>
            <String HEIGHT="46" WIDTH="208" VPOS="2302" HPOS="1304" CONTENT="femmes" ID="tl_33_7" STYLEREFS="FONT0"/>
            <SP HEIGHT="46" WIDTH="21" VPOS="2302" HPOS="1512"/>
            <String HEIGHT="46" WIDTH="125" VPOS="2302" HPOS="1449" CONTENT="et" ID="tl_33_8" STYLEREFS="FONT0"/>
            <SP HEIGHT="46" WIDTH="21" VPOS="2302" HPOS="1574"/>
            <String HEIGHT="46" WIDTH="104" VPOS="2302" HPOS="1491" CONTENT="les" ID="tl_33_9" STYLEREFS="FONT0"/>
          </TextLine>
          <TextLine ID="tl_34" BASELINE="2389" HEIGHT="46" WIDTH="1139" VPOS="2343" HPOS="454">
            <String HEIGHT="46" WIDTH="209" VPOS="2343" HPOS="435" CONTENT="enfants" ID="tl_34_1" STYLEREFS="FONT0"/>
            <SP HEIGHT="46" WIDTH="19" VPOS="2343" HPOS="644"/>
            <String HEIGHT="46" WIDTH="133" VPOS="2343" HPOS="587" CONTENT="des" ID="tl_34_2" STYLEREFS="FONT0"/>
            <SP HEIGHT="46" WIDTH="19" VPOS="2343" HPOS="720"/>
            <String HEIGHT="46" WIDTH="228" VPOS="2343" HPOS="663" CONTENT="accusés." ID="tl_34_3" STYLEREFS="FONT0"/>
            <SP HEIGHT="46" WIDTH="19" VPOS="2343" HPOS="891"/>
            <String HEIGHT="46" WIDTH="114" VPOS="2343" HPOS="834" CONTENT="On" ID="tl_34_4" STYLEREFS="FONT0"/>
            <SP HEIGHT="46" WIDTH="19" VPOS="2343" HPOS="948"/>
            <String HEIGHT="46" WIDTH="133" VPOS="2343" HPOS="891" CONTENT="les" ID="tl_34_5" STYLEREFS="FONT0"/>
            <SP HEIGHT="46" WIDTH="19" VPOS="2343" HPOS="1024"/>
            <String HEIGHT="46" WIDTH="304" VPOS="2343" HPOS="967" CONTENT="transportait" ID="tl_34_6" STYLEREFS="FONT0"/>
            <SP HEIGHT="46" WIDTH="19" VPOS="2343" HPOS="1270"/>
            <String HEIGHT="46" WIDTH="152" VPOS="2343" HPOS="1213" CONTENT="dans" ID="tl_34_7" STYLEREFS="FONT0"/>
            <SP HEIGHT="46" WIDTH="19" VPOS="2343" HPOS="1365"/>
            <String HEIGHT="46" WIDTH="133" VPOS="2343" HPOS="1308" CONTENT="des" ID="tl_34_8" STYLEREFS="FONT0"/>
            <SP HEIGHT="46" WIDTH="19" VPOS="2343" HPOS="1441"/>
            <String HEIGHT="46" WIDTH="152" VPOS="2343" HPOS="1384" CONTENT="iles" ID="tl_34_9" STYLEREFS="FONT0"/>
            <SP HEIGHT="46" WIDTH="19" VPOS="2343" HPOS="1536"/>
            <String HEIGHT="46" WIDTH="114" VPOS="2343" HPOS="1479" CONTENT="où" ID="tl_34_10" STYLEREFS="FONT0"/>
            <SP HEIGHT="46" WIDTH="19" VPOS="2343" HPOS="1593"/>
            <String HEIGHT="46" WIDTH="76" VPOS="2343" HPOS="1517" CONTENT="le" ID="tl_34_11" STYLEREFS="FONT0"/>
          </TextLine>
          <TextLine ID="tl_35" BASELINE="2443" HEIGHT="59" WIDTH="1138" VPOS="2384" HPOS="456">
            <String HEIGHT="59" WIDTH="131" VPOS="2384" HPOS="437" CONTENT="feu" ID="tl_35_1" STYLEREFS="FONT0"/>
            <SP HEIGHT="59" WIDTH="19" VPOS="2384" HPOS="568"/>
            <String HEIGHT="59" WIDTH="112" VPOS="2384" HPOS="512" CONTENT="et" ID="tl_35_2" STYLEREFS="FONT0"/>
            <SP HEIGHT="59" WIDTH="19" VPOS="2384" HPOS="624"/>
            <String HEIGHT="59" WIDTH="168" VPOS="2384" HPOS="568" CONTENT="l’eau" ID="tl_35_3" STYLEREFS="FONT0"/>
            <SP HEIGHT="59" WIDTH="19" VPOS="2384" HPOS="736"/>
            <String HEIGHT="59" WIDTH="149" VPOS="2384" HPOS="680" CONTENT="leur" ID="tl_35_4" STYLEREFS="FONT0"/>
            <SP HEIGHT="59" WIDTH="19" VPOS="2384" HPOS="829"/>
            <String HEIGHT="59" WIDTH="205" VPOS="2384" HPOS="773" CONTENT="étaient" ID="tl_35_5" STYLEREFS="FONT0"/>
            <SP HEIGHT="59" WIDTH="19" VPOS="2384" HPOS="978"/>
            <String HEIGHT="59" WIDTH="261" VPOS="2384" HPOS="922" CONTENT="interdits." ID="tl_35_6" STYLEREFS="FONT0"/>
            <SP HEIGHT="59" WIDTH="19" VPOS="2384" HPOS="1184"/>
            <String HEIGHT="59" WIDTH="243" VPOS="2384" HPOS="1128" CONTENT="(SUÈTONE," ID="tl_35_7" STYLEREFS="FONT0"/>
            <SP HEIGHT="59" WIDTH="19" VPOS="2384" HPOS="1370"/>
            <String HEIGHT="59" WIDTH="187" VPOS="2384" HPOS="1314" CONTENT="Vie" ID="tl_35_8" STYLEREFS="FONT2"/>
            <SP HEIGHT="59" WIDTH="19" VPOS="2384" HPOS="1501"/>
            <String HEIGHT="59" WIDTH="168" VPOS="2384" HPOS="1426" CONTENT="des" ID="tl_35_9" STYLEREFS="FONT2"/>
          </TextLine>
          <TextLine ID="tl_36" BASELINE="2484" HEIGHT="62" WIDTH="177" VPOS="2422" HPOS="451">
            <String HEIGHT="62" WIDTH="201" VPOS="2422" HPOS="427" CONTENT="Césars)" ID="tl_36_1" STYLEREFS="FONT2"/>
          </TextLine>
        </TextBlock>
        <TextBlock ID="r_10_8" HEIGHT="38" WIDTH="613" VPOS="2480" HPOS="546">
          <TextLine ID="tl_37" BASELINE="2541" HEIGHT="87" WIDTH="628" VPOS="2454" HPOS="538">
            <String HEIGHT="87" WIDTH="102" VPOS="2454" HPOS="521" CONTENT="H." ID="tl_37_1" STYLEREFS="FONT0"/>
            <SP HEIGHT="87" WIDTH="17" VPOS="2454" HPOS="623"/>
            <String HEIGHT="87" WIDTH="102" VPOS="2454" HPOS="572" CONTENT="2," ID="tl_37_2" STYLEREFS="FONT0"/>
            <SP HEIGHT="87" WIDTH="17" VPOS="2454" HPOS="674"/>
            <String HEIGHT="87" WIDTH="119" VPOS="2454" HPOS="623" CONTENT="53." ID="tl_37_3" STYLEREFS="FONT0"/>
            <SP HEIGHT="87" WIDTH="17" VPOS="2454" HPOS="742"/>
            <String HEIGHT="87" WIDTH="85" VPOS="2454" HPOS="691" CONTENT="—" ID="tl_37_4" STYLEREFS="FONT0"/>
            <SP HEIGHT="87" WIDTH="17" VPOS="2454" HPOS="776"/>
            <String HEIGHT="87" WIDTH="102" VPOS="2454" HPOS="725" CONTENT="L." ID="tl_37_5" STYLEREFS="FONT0"/>
            <SP HEIGHT="87" WIDTH="17" VPOS="2454" HPOS="827"/>
            <String HEIGHT="87" WIDTH="102" VPOS="2454" HPOS="776" CONTENT="4," ID="tl_37_6" STYLEREFS="FONT0"/>
            <SP HEIGHT="87" WIDTH="17" VPOS="2454" HPOS="877"/>
            <String HEIGHT="87" WIDTH="119" VPOS="2454" HPOS="827" CONTENT="16." ID="tl_37_7" STYLEREFS="FONT0"/>
            <SP HEIGHT="87" WIDTH="17" VPOS="2454" HPOS="945"/>
            <String HEIGHT="87" WIDTH="85" VPOS="2454" HPOS="894" CONTENT="—" ID="tl_37_8" STYLEREFS="FONT0"/>
            <SP HEIGHT="87" WIDTH="17" VPOS="2454" HPOS="979"/>
            <String HEIGHT="87" WIDTH="136" VPOS="2454" HPOS="928" CONTENT="Fig." ID="tl_37_9" STYLEREFS="FONT0"/>
            <SP HEIGHT="87" WIDTH="17" VPOS="2454" HPOS="1064"/>
            <String HEIGHT="87" WIDTH="119" VPOS="2454" HPOS="1013" CONTENT="gr." ID="tl_37_10" STYLEREFS="FONT0"/>
            <SP HEIGHT="87" WIDTH="17" VPOS="2454" HPOS="1132"/>
            <String HEIGHT="87" WIDTH="102" VPOS="2454" HPOS="1064" CONTENT="nat." ID="tl_37_11" STYLEREFS="FONT0"/>
          </TextLine>
        </TextBlock>
        <TextBlock ID="r_11_1" HEIGHT="43" WIDTH="282" VPOS="2513" HPOS="1261">
          <TextLine ID="tl_38" BASELINE="2582" HEIGHT="91" WIDTH="295" VPOS="2491" HPOS="1255">
            <String HEIGHT="91" WIDTH="184" VPOS="2491" HPOS="1237" CONTENT="(Salon" ID="tl_38_1" STYLEREFS="FONT0"/>
            <SP HEIGHT="91" WIDTH="18" VPOS="2491" HPOS="1421"/>
            <String HEIGHT="91" WIDTH="111" VPOS="2491" HPOS="1366" CONTENT="de" ID="tl_38_2" STYLEREFS="FONT0"/>
            <SP HEIGHT="91" WIDTH="18" VPOS="2491" HPOS="1476"/>
            <String HEIGHT="91" WIDTH="148" VPOS="2491" HPOS="1403" CONTENT="1850.)" ID="tl_38_3" STYLEREFS="FONT0"/>
          </TextLine>
        </TextBlock>
        <GraphicalElement ID="r_12" HEIGHT="4" WIDTH="110" VPOS="60" HPOS="778"/>
        <GraphicalElement ID="r_13" HEIGHT="3" WIDTH="176" VPOS="61" HPOS="150"/>
      </PrintSpace>
    </Page>
  </Layout>
</alto>
