1847 3131
612 320 292 64 PEINTURE.

1289 307 132 88 3

127 413 231 70 BAUDRY
289 413 554 70 (PAUL-JACQUES-AIMÉ),
773 413 208 70 né
912 413 115 70 à
935 413 485 70 Napoléon

185 464 335 76 (Vendée),
457 464 188 76 élève
582 464 125 76 de
645 464 251 76 Sartoris
833 464 125 76 et
896 464 125 76 de
959 464 272 76 Drolling,
1147 464 272 76 premier

184 532 224 64 grand
353 532 150 64 prix
446 532 112 64 de
502 532 150 64 Rome
596 532 337 64 (Histoire)
876 532 168 64 1850,
989 532 299 64 chevalier
1232 532 112 64 de
1269 532 150 64 la

188 575 446 89 Légion-d’Honneur
575 575 194 89 en
691 575 136 89 1861.

127 644 129 95 9.
192 644 129 95 La
257 644 237 95 Fortune
429 644 129 95 et
493 644 129 95 le
558 644 194 95 jeune
665 644 194 95 Enfant.

298 764 122 47 La
359 764 224 47 Fortune
522 764 204 47 passa,
664 764 265 47 l’éveilla
848 764 244 47 doucement,

299 795 144 56 Lui
382 795 227 56 disant:
547 795 144 56 mon
629 795 227 56 mignon,
794 795 124 56 je
856 795 165 56 vous
959 795 185 56 sauve
1082 795 124 56 la
1123 795 124 56 vie;

302 842 174 69 Soyez
418 842 136 69 une
495 842 174 69 autre
612 842 155 69 fois
709 842 155 69 plus
805 842 174 69 sage,
922 842 116 69 je
980 842 155 69 vous
1057 842 136 69 prie.

988 888 166 70 (LA
1059 888 284 70 FONTAINE.)

351 938 104 104 H.
403 938 104 104 1,
454 938 121 104 92.
524 938 86 104 —
558 938 104 104 L.
610 938 104 104 1,
662 938 121 104 46.
731 938 86 104 —
766 938 138 104 Fig.
852 938 121 104 gr.
904 938 104 104 nat.

1069 983 188 90 (Salon
1201 983 113 90 de
1239 983 151 90 1857.)

139 1089 215 71 BEAUME
289 1089 279 71 (JOSEPH),
503 1089 193 71 né
632 1089 107 71 à
675 1089 279 71 Marseille
890 1089 257 71 (Bouches

190 1144 256 72 élève
382 1144 128 72 de
446 1144 192 72 Gros,
574 1144 277 72 chevalier
787 1144 128 72 de
851 1144 128 72 la
915 1144 427 72 Légion-d’Honneur
1256 1144 171 72 en

161 1199 192 75 1836.

138 1255 153 90 10.
226 1255 328 90 Bénédiction
488 1255 131 90 et
554 1255 175 90 pose
663 1255 131 90 de
728 1255 131 90 la
794 1255 219 90 pierre
947 1255 350 90 fondamentale
1231 1255 131 90 du
1275 1255 153 90 monu-

282 1331 175 67 ment
391 1331 131 67 de
457 1331 197 67 Louis
588 1331 175 67 XVI,
698 1331 153 67 sur
785 1331 131 67 la
851 1331 197 67 place
982 1331 131 67 de
1048 1331 131 67 la
1091 1331 241 67 Concorde.

375 1395 113 73 H.
432 1395 169 73 1,05.
544 1395 94 73 —
582 1395 113 73 L.
638 1395 169 73 1,48.
751 1395 94 73 —
789 1395 150 73 Fig.
883 1395 113 73 de
920 1395 132 73 0,28.

141 1474 140 101 11.
221 1474 120 101 La
281 1474 200 101 sortie
420 1474 120 101 de
460 1474 220 101 l’église.

1068 1425 189 72 (Peint
1201 1425 114 72 en
1239 1425 152 72 1827.)

357 1565 100 75 H.
407 1565 150 75 0,92.
508 1565 83 75 —
541 1565 100 75 L.
591 1565 83 75 0
624 1565 117 75 76.
691 1565 83 75 —
725 1565 134 75 Fig.
808 1565 100 75 de
858 1565 100 75 0,
892 1565 83 75 60.

1075 1594 186 83 (Salon
1206 1594 112 83 de
1243 1594 149 83 1846.)

143 1675 259 80 BELLANGÉ
337 1675 625 80 (JOSEPH-LOUIS-HIPPOLYTE),
897 1675 194 80 né
1027 1675 108 80 à
1070 1675 215 80 Paris,
1199 1675 237 80 élève

197 1742 191 66 de
324 1742 191 66 Gros,
452 1742 276 66 chevalier
665 1742 128 66 de
728 1742 128 66 la
792 1742 425 66 Légion-d'Honneur
1154 1742 213 66 en
1281 1742 149 66 1834,

204 1792 225 84 officier
384 1792 150 84 en
474 1792 105 84 1861.

149 1869 171 67 12.
246 1869 268 67 Passage
441 1869 146 67 du
515 1869 366 67 Guadarrama,
808 1869 146 67 le
881 1869 146 67 22
954 1869 293 67 décembre
1149 1869 171 67 1868.

308 1949 340 53 «L’empereur
580 1949 204 53 donna
716 1949 362 53 sur-le-champ
1011 1949 204 53 ordre
1147 1949 113 53 à
1192 1949 249 53 l’armée
1350 1949 91 53 de

270 1984 198 61 partir
409 1984 158 61 dans
508 1984 119 61 le
567 1984 158 61 même
666 1984 178 61 jour,
784 1984 158 61 pour
883 1984 257 61 traverser
1081 1984 119 61 la
1140 1984 198 61 chaîne
1279 1984 119 61 de
1318 1984 119 61 mon-

269 2031 209 45 tagnes
415 2031 146 45 qui
499 2031 209 45 sépare
645 2031 125 45 la
707 2031 250 45 province
895 2031 125 45 de
958 2031 209 45 Madrid
1104 2031 125 45 de
1167 2031 188 45 celle
1292 2031 125 45 de
1334 2031 104 45 Sé-

269 2076 204 54 govie,
412 2076 123 54 en
473 2076 123 54 se
534 2076 266 54 dirigeant
739 2076 143 54 par
821 2076 123 54 le
882 2076 286 54 Guadarrama
1107 2076 327 54 c’est-à-dire
1352 2076 82 54 la

271 2125 181 41 route
392 2125 121 41 de
452 2125 201 41 Madrid
593 2125 121 41 au
653 2125 201 41 palais
794 2125 121 41 et
854 2125 221 41 couvent
1015 2125 121 41 de
1076 2125 302 41 l’Escurial.
1297 2125 141 41 L’em-

272 2156 192 55 pereur
406 2156 192 55 partit
540 2156 115 55 le
598 2156 249 55 lendemain
790 2156 192 55 matin,
924 2156 192 55 veille
1058 2156 115 55 de
1116 2156 173 55 Noël.
1231 2156 115 55 Il
1269 2156 173 55 faisait

272 2203 156 50 beau
369 2203 117 50 en
427 2203 233 50 partant,
602 2203 117 50 et
660 2203 117 50 le
719 2203 194 50 soleil
855 2203 156 50 nous
952 2203 272 50 accompagna
1166 2203 233 50 jusqu’au
1321 2203 117 50 pied

272 2240 130 50 de
337 2240 130 50 la
402 2240 281 50 montagne.
619 2240 173 50 Nous
727 2240 281 50 trouvâmes
943 2240 130 50 la
1008 2240 195 50 route
1138 2240 238 50 remplie
1290 2240 151 50 d’une

278 2287 229 47 profonde
450 2287 210 47 colonne
603 2287 306 47 d'infanterie
851 2287 134 47 qui
927 2287 267 47 gravissait
1137 2287 248 47 lentement
1309 2287 134 47 cette

275 2326 257 47 montagne,
473 2326 178 47 assez
592 2326 198 47 élevée
730 2326 158 47 pour
829 2326 257 47 conserver
1027 2326 119 47 de
1087 2326 119 47 la
1146 2326 178 47 neige
1245 2326 198 47 jusqu’au

277 2372 164 39 mois
379 2372 123 39 de
440 2372 184 39 juin.
563 2372 123 39 Il
624 2372 102 39 y
665 2372 184 39 avait
788 2372 123 39 en
850 2372 184 39 avant
972 2372 123 39 de
1034 2372 184 39 cette
1157 2372 287 39 infanterie
1361 2372 82 39 un

276 2410 192 54 convoi
410 2410 307 54 d’artillerie
659 2410 134 54 qui
736 2410 326 54 rétrogradait,
1004 2410 173 54 parce
1119 2410 173 54 qu’un
1234 2410 211 54 ouragan
1368 2410 77 54 de

279 2454 178 77 neige
398 2454 119 77 et
457 2454 119 77 de
517 2454 237 77 verglas,
695 2454 277 77 accompagné
912 2454 158 77 d’un
1011 2454 158 77 vent
1110 2454 297 77 effroyable,
1327 2454 119 77 ren

1188 2502 114 72 2
