1800 3136
803 335 284 74 PEINTURE

456 405 155 75 dait
552 405 116 75 le
610 405 213 75 passage
765 405 271 75 dangereux;
978 405 116 75 il
1036 405 213 75 faisait
1191 405 193 75 obscur
1326 405 174 75 comme
1442 405 97 75 à
1481 405 116 75 la
1519 405 97 75 fin

451 472 119 51 du
511 472 178 51 jour.
630 472 139 51 Les
709 472 218 51 paysans
868 472 258 51 espagnols
1066 472 159 51 nous
1165 472 238 51 disaient
1343 472 178 51 qu’il
1462 472 99 51 y
1482 472 139 51 avait

449 518 99 47 à
489 518 238 47 craindre
668 518 199 47 d’être
807 518 238 47 enseveli
985 518 159 47 sous
1085 518 119 47 la
1144 518 199 47 neige,
1283 518 179 47 comme
1403 518 159 47 cela
1482 518 139 47 était

451 552 198 60 arrivé
590 552 316 60 quelquefois.
846 552 158 60 Nous
945 552 119 60 ne
1004 552 158 60 nous
1103 552 277 60 rappelions
1321 552 138 60 pas
1400 552 217 60 d’avoir
1538 552 79 60 eu

452 602 181 48 aussi
573 602 181 48 froid
694 602 121 48 en
754 602 242 48 Pologne.
936 602 262 48 Cependant
1137 602 282 48 l’empereur
1359 602 181 48 était
1460 602 161 48 pressé

450 641 119 52 de
510 641 179 52 faire
629 641 198 52 passer
768 641 119 52 ce
827 641 198 52 défilé
966 641 99 52 à
1006 641 139 52 son
1085 641 198 52 armée,
1224 641 139 52 qui
1303 641 318 52 s’accumulait
1542 641 79 52 au

450 679 151 62 pied
545 679 113 62 de
601 679 113 62 la
658 679 246 62 montagne,
847 679 113 62 où
904 679 113 62 il
960 679 132 62 n’y
1036 679 170 62 avait
1149 679 189 62 aucune
1282 679 265 62 provision.
1490 679 113 62 Il
1527 679 95 62 fit

452 734 195 43 donner
588 734 214 43 l’ordre
744 734 175 43 qu’on
860 734 117 43 le
919 734 214 43 suivit,
1075 734 117 43 et
1133 734 175 43 qu’il
1250 734 195 43 allait
1386 734 234 43 lui-même
1542 734 78 43 se

452 766 192 52 mettre
586 766 96 52 à
624 766 115 52 la
682 766 153 52 tête
778 766 115 52 de
835 766 115 52 la
893 766 230 52 colonne.
1066 766 345 52 Effectivement,
1353 766 115 52 il
1411 766 173 52 passa
1507 766 115 52 avec

449 807 115 52 le
506 807 231 52 régiment
680 807 135 52 des
757 807 250 52 chasseurs
949 807 115 52 de
1007 807 115 52 sa
1064 807 173 52 garde
1180 807 96 52 à
1218 807 212 52 travers
1372 807 135 52 les
1449 807 173 52 rangs
1545 807 77 52 de

447 852 339 55 l’infanterie;
726 852 119 55 il
786 852 139 55 fit
865 852 219 55 ensuite
1025 852 199 55 former
1164 852 119 55 ce
1224 852 239 55 régiment
1403 852 119 55 en
1443 852 179 55 colonne

450 886 226 55 serrée,
615 886 247 55 occupant
800 886 185 55 toute
924 886 123 55 la
985 886 226 55 largeur
1150 886 123 55 du
1212 886 226 55 chemin;
1376 886 185 55 puis,
1479 886 144 55 ayant

454 935 153 49 fait
550 935 191 49 mettre
683 935 153 49 pied
779 935 96 49 à
817 935 172 49 terre
932 935 134 49 aux
1009 935 268 49 chasseurs,
1219 935 115 49 il
1277 935 115 49 se
1334 935 172 49 plaça
1430 935 191 49 lui

454 975 106 55 à
496 975 170 55 pied
602 975 255 55 derrière
794 975 127 55 le
857 975 234 55 premier
1027 975 234 55 peloton
1197 975 127 55 et
1261 975 149 55 fit
1346 975 276 55 commencer
1537 975 85 55 la

450 1015 234 50 marche.
620 1015 149 50 Les
705 1015 277 50 chasseurs
918 1015 298 50 marchaient
1152 1015 106 50 à
1195 1015 170 50 pied
1302 1015 277 50 pêle-mêle
1493 1015 128 50 avec

449 1063 188 50 leurs
575 1063 251 50 chevaux,
763 1063 167 50 dont
868 1063 126 50 la
930 1063 188 50 masse
1056 1063 230 50 rendait
1223 1063 272 50 l’ouragan
1433 1063 146 50 nul
1495 1063 126 50 pour

455 1104 161 49 ceux
555 1104 141 49 qui
636 1104 141 49 les
716 1104 281 49 suivaient,
937 1104 121 49 et
997 1104 121 49 en
1058 1104 161 49 même
1158 1104 181 49 temps
1279 1104 141 49 ils
1359 1104 261 49 foulaient
1540 1104 80 49 la

454 1156 178 54 neige
573 1156 119 54 de
632 1156 218 54 manière
791 1156 99 54 à
831 1156 238 54 indiquer
1009 1156 139 54 une
1088 1156 178 54 trace
1207 1156 158 54 bien
1306 1156 218 54 marquée
1465 1156 99 54 à
1484 1156 139 54 l’in

435 1187 215 53 fanterie.

501 1210 131 71 «Il
576 1210 131 71 n’y
651 1210 168 71 avait
763 1210 131 71 que
838 1210 112 71 le
894 1210 206 71 peloton
1043 1210 112 71 de
1100 1210 112 71 la
1156 1210 150 71 tête
1249 1210 131 71 qui
1324 1210 243 71 souffrait
1492 1210 131 71 beau-

455 1273 175 47 coup.
571 1273 272 47 L’empereur
785 1273 175 47 était
902 1273 156 47 bien
999 1273 214 47 fatigué
1154 1273 117 47 de
1213 1273 233 47 marcher,
1388 1273 156 47 mais
1485 1273 117 47 il
1524 1273 97 47 n’y

454 1318 172 43 avait
569 1318 191 43 aucune
703 1318 287 43 possibilité
932 1318 115 43 de
990 1318 115 43 se
1047 1318 172 43 tenir
1162 1318 96 43 à
1200 1318 210 43 cheval.
1353 1318 115 43 Je
1411 1318 230 43 marchais
1564 1318 57 43 a

454 1348 167 56 côté
558 1348 125 56 de
621 1348 167 56 lui;
725 1348 125 56 il
788 1348 167 56 prit
892 1348 146 56 mon
976 1348 167 56 bras
1080 1348 167 56 pour
1184 1348 250 56 s’aider,
1372 1348 125 56 et
1434 1348 125 56 le
1476 1348 146 56 garda

448 1405 252 44 jusqu’au
637 1405 168 44 pied
742 1405 126 44 de
804 1405 126 44 la
867 1405 252 44 montagne
1056 1405 126 44 de
1119 1405 231 44 l’autre
1287 1405 168 44 côté
1391 1405 126 44 du
1433 1405 189 44 Guadar-

455 1429 167 58 rama.
567 1429 111 58 Il
622 1429 167 58 avait
733 1429 111 58 le
789 1429 185 58 projet
919 1429 204 58 d’aller
1067 1429 111 58 ce
1123 1429 148 58 soir
1215 1429 204 58 jusqu’à
1345 1429 278 58 Villa

458 1476 148 52 mais
551 1476 111 52 il
607 1476 185 52 trouva
736 1476 148 52 tout
829 1476 111 52 le
885 1476 167 52 monde
996 1476 111 52 si
1052 1476 185 52 épuisé
1181 1476 111 52 et
1237 1476 111 52 le
1292 1476 167 52 froid
1404 1476 111 52 si
1441 1476 185 52 excessif

458 1522 180 49 qu’il
578 1522 200 49 arrêta
718 1522 100 49 à
758 1522 120 49 la
819 1522 200 49 maison
959 1522 120 49 de
1019 1522 180 49 poste
1139 1522 120 49 au
1199 1522 160 49 pied
1299 1522 120 49 de
1360 1522 120 49 la
1400 1522 220 49 montagne;

456 1557 150 53 elle
550 1557 112 53 se
606 1557 169 53 nomme
719 1557 244 53 Espinar.»
906 1557 300 53 (Mémoires
1150 1557 112 53 du
1206 1557 131 53 duc
1281 1557 112 53 de
1319 1557 262 53 Rovigo)

547 1614 104 74 H.
599 1614 104 74 1,
651 1614 122 74 62.
720 1614 87 74 —
755 1614 104 74 L.
807 1614 104 74 2,
859 1614 122 74 32.
929 1614 87 74 —
963 1614 139 74 Fig.
1050 1614 104 74 de
1102 1614 104 74 0,
1137 1614 87 74 24.

1263 1641 188 97 (Salon
1395 1641 113 97 de
1432 1641 150 97 1852.)

329 1721 153 78 13.
417 1721 131 78 Un
482 1721 175 78 jour
592 1721 131 78 de
657 1721 197 78 revue
789 1721 175 78 sous
898 1721 263 78 l’Empire
1073 1721 197 78 (1810).

499 1775 349 70 L’architecture
789 1775 97 70 a
828 1775 136 70 été
906 1775 233 70 exécutée
1080 1775 136 70 par
1157 1775 116 70 M.
1196 1775 194 70 Dauzats.

566 1847 111 79 H.
621 1847 166 79 1,00.
732 1847 92 79 —
768 1847 111 79 L.
824 1847 166 79 1,62.
934 1847 92 79 —
971 1847 148 79 Fig.
1064 1847 111 79 de
1119 1847 111 79 0,
1156 1847 92 79 25.

1252 1860 191 88 (Salon
1386 1860 115 88 de
1424 1860 153 88 1863.)

331 1939 215 97 BELLEL
481 1939 387 97 (JEAN-JOSEPH),
803 1939 193 97 né
932 1939 107 97 à
975 1939 215 97 Paris,
1125 1939 193 97 élève
1254 1939 129 97 de
1318 1939 129 97 M.
1361 1939 258 97 Justin

392 2021 288 82 Ouvrié,
619 2021 267 82 chevalier
824 2021 123 82 de
886 2021 123 82 la
947 2021 411 82 Légion-d’Honneur
1297 2021 206 82 en
1420 2021 144 82 1860.

332 2082 157 80 14.
421 2082 291 80 Solitude,
645 2082 246 80 paysage
801 2082 224 80 composé.

1236 2133 203 68 (Salon
1378 2133 122 68 de
1418 2133 162 68 1863.)

332 2182 197 90 BELLY
463 2182 591 90 (LÉON-AUGUSTE-ADOLPHE),
989 2182 197 90 né
1120 2182 109 90 à
1164 2182 306 90 Saint-Omer
1382 2182 241 90 (Pas

388 2255 376 71 de-Calais),
702 2255 188 71 élève
827 2255 125 71 de
890 2255 125 71 M.
953 2255 230 71 Troyon,
1120 2255 272 71 chevalier
1329 2255 125 71 de
1392 2255 125 71 la
1434 2255 188 71 Lé

393 2319 397 73 gion-d’Honneur
733 2319 189 73 en
847 2319 132 73 1862.

332 2377 148 78 15.
416 2377 254 78 Pèlerins
607 2377 212 78 allant
755 2377 106 78 à
797 2377 127 78 la
840 2377 190 78 Mecque.

543 2433 110 80 H.
598 2433 165 80 1,60.
707 2433 92 80 —
744 2433 110 80 L.
799 2433 165 80 2,40.
909 2433 92 80 —
945 2433 146 80 Fig.
1037 2433 110 80 de
1092 2433 110 80 0,
1128 2433 92 80 40.

1247 2457 196 82 (Salon
1385 2457 118 82 de
1424 2457 157 82 1861.)
