1862 3140
611 377 292 73 PEINTURE.

1277 369 132 77 5

126 478 286 80 BENOUVILLE
351 478 409 80 (FRANÇOIS-LÉON),
698 478 184 80 né
821 478 102 80 à
862 478 205 80 Paris,
1005 478 184 80 élève
1128 478 123 80 de
1189 478 123 80 M.
1230 478 184 80 Pi

177 535 230 72 cot,
344 535 230 72 premier
511 535 188 72 grand
637 535 167 72 prix
741 535 125 72 de
804 535 167 72 Rome
908 535 293 72 (Histoire)
1138 535 209 72 en
1264 535 146 72 1845,

180 603 323 53 chevalier
443 603 121 53 de
503 603 121 53 la
564 603 404 53 Legion-d’Honneur
908 603 202 53 en
1049 603 182 53 1855,
1150 603 263 53 mort

188 649 175 73 en
309 649 94 73 1859.

122 731 156 58 16.
211 731 201 58 Saint
345 731 268 58 François
546 731 290 58 d’Assise,
769 731 313 58 transporté
1015 731 246 58 mourant
1194 731 112 58 à
1216 731 201 58 Sainte

264 782 423 60 Marie-des-Anges,
624 782 191 60 bénit
751 782 127 60 la
814 782 191 60 ville
920 782 233 60 d’Assise.

341 824 103 101 H.
392 824 103 101 0,
444 824 120 101 95.
512 824 86 101 —
547 824 103 101 L.
598 824 103 101 2,
650 824 120 101 40.
718 824 86 101 —
753 824 137 101 Fig.
821 824 189 101 demi

1056 870 189 92 (Salon
1189 870 114 92 de
1227 870 152 92 1853.)

128 1000 190 77 BIARD
255 1000 317 77 (FRANÇOIS),
508 1000 190 77 né
634 1000 106 77 à
677 1000 169 77 Lyon
782 1000 253 77 (Rhône),
972 1000 190 77 élève
1099 1000 127 77 de
1141 1000 274 77 Révoit

180 1054 324 89 chevalier
443 1054 122 89 de
504 1054 122 89 la
565 1054 405 89 Légion-d’Honneur
909 1054 203 89 en
1030 1054 142 89 1838.

130 1114 149 90 17.
215 1114 128 90 Du
279 1114 234 90 Couëdic
449 1114 255 90 recevant
640 1114 149 90 les
725 1114 213 90 adieux
874 1114 128 90 de
937 1114 149 90 son
1001 1114 234 90 équipage.

294 1210 169 57 Dans
400 1210 127 57 la
463 1210 233 57 journée
632 1210 127 57 du
696 1210 106 57 7
738 1210 233 57 octobre
907 1210 190 57 1779,
1034 1210 127 57 un
1098 1210 296 57 engagement
1309 1210 106 57 eut

257 1240 135 66 lieu
341 1240 151 66 entre
442 1240 101 66 la
493 1240 185 66 frégate
627 1240 219 66 française
796 1240 151 66 la
896 1240 336 66 Surveillante
1182 1240 101 66 et
1233 1240 101 66 la
1267 1240 151 66 frégate

253 1299 212 53 anglaise
412 1299 159 53 le
518 1299 264 53 Quebec
729 1299 106 53 Le
782 1299 176 53 combat
906 1299 141 53 dura
994 1299 212 53 quatorze
1153 1299 194 53 heures,
1294 1299 106 53 et
1329 1299 88 53 fut

252 1338 148 45 des
336 1338 169 45 plus
442 1338 317 45 meurtriers.
696 1338 127 45 Du
759 1338 254 45 Couëdic,
950 1338 169 45 déjà
1055 1338 211 45 blessé
1204 1338 169 45 deux
1288 1338 127 45 fois

251 1378 119 49 se
311 1378 257 49 disposait
508 1378 99 49 à
548 1378 297 49 l’abordage,
785 1378 178 49 quand
904 1378 138 49 une
983 1378 257 49 troisième
1181 1378 237 49 blessure
1339 1378 79 49 le

259 1422 243 51 renversa.
446 1422 224 51 Quelques
615 1422 206 51 moments
764 1422 168 51 après
877 1422 168 51 le
989 1422 262 51 Quebec
1195 1422 150 51 prit
1288 1422 131 51 feu
1344 1422 75 51 et

255 1463 176 48 sauta,
379 1463 212 48 couvrant
537 1463 106 48 de
590 1463 123 48 ses
661 1463 176 48 débris
784 1463 229 48 enflammés
961 1463 106 48 le
1013 1463 141 48 pont
1102 1463 106 48 de
1155 1463 159 48 la
1243 1463 176 48 Sur

255 1504 400 61 veillante,
600 1504 109 61 et
655 1504 146 61 l’on
746 1504 200 61 parvint
891 1504 146 61 avec
982 1504 164 61 peine
1092 1504 91 61 à
1128 1504 182 61 sauver
1237 1504 182 61 quelques

231 1546 215 53 Anglais.

296 1559 210 71 Démâtée
449 1559 115 71 de
506 1559 134 71 ses
582 1559 172 71 trois
697 1559 172 71 mâts,
811 1559 115 71 la
868 1559 210 71 frégate
1021 1559 248 71 française
1212 1559 134 71 fut
1269 1559 153 71 remor-

256 1622 163 61 quée
358 1622 163 61 dans
460 1622 123 61 la
521 1622 163 61 baie
623 1622 123 61 de
685 1622 245 61 Camaret.
868 1622 123 61 La
930 1622 245 61 nouvelle
1114 1622 123 61 de
1175 1622 143 61 son
1236 1622 184 61 arrivée

255 1672 181 47 étant
376 1672 241 47 parvenue
556 1672 101 47 à
597 1672 201 47 Brest,
737 1672 141 47 MM.
818 1672 322 47 d’Orvilliers
1079 1672 121 47 et
1140 1672 281 47 Duchaffaut
1341 1672 80 47 se

258 1709 249 48 rendirent
449 1709 96 48 à
487 1709 153 48 bord
583 1709 153 48 pour
679 1709 210 48 honorer
832 1709 115 48 le
889 1709 230 48 vaillant
1061 1709 230 48 officier
1234 1709 134 48 qui
1291 1709 134 48 avait

258 1754 116 53 si
316 1754 330 53 glorieusement
587 1754 213 53 défendu
742 1754 136 53 son
820 1754 252 53 pavillon.
1014 1754 136 53 Ils
1091 1754 194 53 firent
1208 1754 213 53 remorquer

258 1796 100 79 à
298 1796 181 79 Brest
418 1796 120 79 le
479 1796 261 79 bâtiment,
679 1796 120 79 et
740 1796 261 79 donnèrent
940 1796 181 79 ordre
1061 1796 181 79 qu’on
1161 1796 261 79 transportât

256 1834 123 56 Du
317 1834 225 56 Couëdic
481 1834 102 56 à
501 1834 164 56 terre.

297 1875 125 56 Au
360 1875 208 56 moment
505 1875 125 56 où
567 1875 125 56 il
630 1875 187 56 parut
754 1875 145 56 sur
837 1875 125 56 le
900 1875 166 56 pont
1004 1875 125 56 de
1066 1875 125 56 la
1128 1875 229 56 frégate
1274 1875 145 56 qu’il

259 1923 116 40 ne
317 1923 194 40 devait
453 1923 155 40 plus
550 1923 213 40 revoir,
705 1923 136 40 les
783 1923 252 40 officiers
977 1923 116 40 et
1035 1923 233 40 matelots
1210 1923 136 40 lui
1268 1923 155 40 expri-

257 1959 198 69 mèrent
396 1959 158 69 leur
494 1959 356 69 reconnaissance
791 1959 158 69 pour
890 1959 119 69 la
949 1959 198 69 gloire
1087 1959 178 69 qu’il
1206 1959 158 69 leur
1285 1959 138 69 avait

235 2000 204 54 acquise.

300 2035 120 53 Du
360 2035 221 53 Couëdic
521 2035 201 53 mourut
661 2035 141 53 des
742 2035 201 53 suites
882 2035 120 53 de
942 2035 141 53 ses
1023 2035 261 53 blessures
1223 2035 120 53 le
1283 2035 100 53 7
1304 2035 120 53 jan-

261 2086 152 63 vier
356 2086 171 63 1780.
470 2086 228 63 (Extrait
641 2086 114 63 de
698 2086 114 63 la
755 2086 323 63 Biographie
1021 2086 133 63 des
1097 2086 190 63 marins
1211 2086 209 63 célè

258 2121 143 61 bres)

348 2162 103 104 H.
399 2162 103 104 1,
451 2162 120 104 32.
520 2162 86 104 —
554 2162 103 104 L.
606 2162 103 104 1,
657 2162 120 104 64.
726 2162 86 104 —
761 2162 138 104 Fig.
847 2162 103 104 0,
881 2162 86 104 50.

1064 2212 191 92 (Salon
1198 2212 115 92 de
1236 2212 134 92 1841.

139 2303 205 84 BODMER
283 2303 226 84 (KARL),
447 2303 185 84 né
570 2303 103 84 à
611 2303 205 84 Zurich
734 2303 308 84 (Suisse)

142 2387 145 74 18.
225 2387 269 74 Intérieur
432 2387 124 74 de
494 2387 186 74 forêt
619 2387 228 74 pendant
764 2387 207 74 l’hiver.

354 2454 103 83 H.
405 2454 103 83 0,
457 2454 121 83 82.
526 2454 86 83 —
561 2454 103 83 L.
612 2454 103 83 1,
647 2454 86 83 01.

1074 2508 185 78 (Salon
1203 2508 111 78 de
1240 2508 148 78 1850.)
