1767 3136
294 345 132 86 6

855 357 291 85 PEINTURE.

358 480 238 64 BONHEUR
531 480 194 64 (Mlle
661 480 216 64 ROSA),
812 480 216 64 née
963 480 108 64 à
1007 480 259 64 Bordeaux
1201 480 303 64 (Gironde),
1417 480 238 64 élève

416 527 185 57 de
540 527 144 57 son
622 527 165 57 père
726 527 227 57 Raymond
890 527 247 57 Bonheur,
1076 527 268 57 chevalier
1282 527 124 57 de
1344 527 124 57 la
1385 527 268 57 Légion

426 575 286 89 d’honneur
659 575 179 89 en
784 575 143 89 1865
856 575 107 89 (1).

356 653 164 74 19.
449 653 304 74 Labourage
683 653 328 74 nivernais;
941 653 140 74 le
988 653 257 74 sombrage.

578 715 103 74 H.
629 715 103 74 1,
681 715 121 74 32.
750 715 86 74 —
785 715 103 74 L.
836 715 103 74 2,
888 715 121 74 60.
957 715 86 74 —
991 715 138 74 Fig.
1078 715 103 74 de
1129 715 103 74 0,
1164 715 86 74 27.

353 802 160 70 20.
445 802 138 70 La
514 802 275 70 fenaison
697 802 298 70 (Auvergne).

574 858 106 82 H.
627 858 106 82 2,
681 858 124 82 12.
751 858 89 82 —
787 858 106 82 L.
840 858 106 82 4,
893 858 124 82 20.
964 858 89 82 —
999 858 142 82 Fig.
1070 858 195 82 demi

1300 747 185 88 (Salon
1429 747 111 88 de
1466 747 148 88 1849.)

1291 880 187 118 (Salon
1422 880 112 118 de
1460 880 150 118 1855.)

355 989 335 66 BOUGUEREAU
618 989 526 66 (ADOLPHE-WILLIAM),
1073 989 215 66 né
1216 989 120 66 à
1264 989 144 66 La
1312 989 335 66 Rochelle

410 1048 629 66 (Charente-Inférieure),
974 1048 195 66 élève
1105 1048 130 66 de
1170 1048 130 66 M.
1235 1048 217 66 Picot,
1365 1048 282 66 premier

413 1105 224 68 grand
582 1105 150 68 prix
675 1105 112 68 de
731 1105 150 68 Rome
825 1105 336 68 (Histoire)
1105 1105 168 68 1850,
1217 1105 299 68 chevalier
1460 1105 112 68 de
1497 1105 150 68 la

412 1149 455 70 Légion-d’Honneur
808 1149 198 70 en
927 1149 138 70 1859.

347 1221 169 92 21.
444 1221 290 92 Triomphe
661 1221 145 92 du
709 1221 218 92 Martyr.

525 1284 182 85 .....
646 1284 121 85 Le
707 1284 182 85 corps
828 1284 121 85 de
889 1284 202 85 sainte
1031 1284 202 85 Cécile
1172 1284 223 85 apporté
1334 1284 162 85 dans
1436 1284 142 85 les
1496 1284 142 85 Cata

448 1352 222 68 combes.

571 1417 102 67 H.
622 1417 102 67 3,
673 1417 119 67 43.
741 1417 85 67 —
776 1417 102 67 L.
827 1417 102 67 4,
878 1417 119 67 30.
946 1417 85 67 —
980 1417 136 67 Fig.
1066 1417 119 67 gr.
1117 1417 102 67 nat.

345 1501 162 64 22.
438 1501 301 64 Philomèle
669 1501 139 64 et
716 1501 209 64 Procné.

1275 1448 190 91 (Salon
1408 1448 114 91 de
1446 1448 152 91 1855.)

568 1539 110 94 H.
623 1539 165 94 1,60.
733 1539 92 94 —
769 1539 110 94 L.
824 1539 165 94 1,20.
934 1539 92 94 —
971 1539 183 94 Ovale,
1099 1539 147 94 fig.
1191 1539 128 94 gr.
1246 1539 110 94 nat.

1263 1614 196 62 (Peint
1401 1614 118 62 en
1440 1614 157 62 1861.)

352 1662 266 81 BOULANGER
556 1662 286 81 (CLÉMENT),
781 1662 184 81 né
903 1662 102 81 à
944 1662 184 81 Paris
1067 1662 204 81 en
1210 1662 184 81 1806,
1332 1662 225 81 mort
1476 1662 163 81 en

406 1743 162 53 1842
507 1743 101 53 à
527 1743 589 53 Magnesie

344 1793 154 72 23.
432 1793 307 72 Procession
673 1793 132 72 de
739 1793 132 72 la
805 1793 329 72 Gargouille,
1068 1793 110 72 à
1090 1793 176 72 Rouen.

517 1860 155 57 Tous
613 1860 136 57 les
691 1860 155 57 ans,
788 1860 97 57 à
827 1860 116 57 la
885 1860 329 57 Saint-Romain,
1156 1860 116 57 le
1214 1860 194 57 clergé
1349 1860 116 57 de
1408 1860 174 57 Rouen
1504 1860 136 57 usait

475 1905 160 55 d’un
575 1905 260 55 privilège
775 1905 140 55 qui
856 1905 280 55 consistait
1076 1905 100 55 à
1116 1905 200 55 donner
1256 1905 120 55 la
1316 1905 220 55 liberté
1477 1905 100 55 à
1517 1905 120 55 un
1557 1905 80 55 ou

474 1956 270 49 plusieurs
682 1956 270 49 condamnés
890 1956 104 49 à
932 1956 125 49 la
994 1956 187 49 peine
1119 1956 270 49 capitale.
1327 1956 125 49 Le
1389 1956 250 49 chapitre
1556 1956 83 49 et

476 1994 194 49 toutes
611 1994 136 49 les
689 1994 271 49 confréries
902 1994 116 49 se
960 1994 252 49 rendaient
1154 1994 97 49 n
1192 1994 194 49 grande
1328 1994 174 49 pompe
1444 1994 97 49 à
1483 1994 116 49 la
1522 1994 116 49 Tour

473 2037 380 47 Saint-Romain.
786 2037 157 47 Là,
875 2037 134 47 le
942 2037 291 47 condammé,
1166 2037 201 47 après
1300 2037 201 47 avoir
1435 2037 179 47 reçu
1524 2037 112 47 une

473 2083 310 44 exhortation,
725 2083 194 44 levait
860 2083 116 44 la
919 2083 175 44 chape
1035 2083 116 44 de
1093 2083 310 44 Saint-Romain
1345 2083 175 44 trois
1461 2083 155 44 fois
1539 2083 97 44 sur

472 2119 153 45 son
560 2119 241 45 épaule,
735 2119 285 45 cérémonie
954 2119 153 45 qui
1042 2119 329 45 déterminait
1304 2119 131 45 sa
1348 2119 285 45 délivrance.

474 2164 183 41 Alors
596 2164 142 41 ses
677 2164 163 41 fers
779 2164 224 41 étaient
941 2164 244 41 échangés
1125 2164 203 41 contre
1267 2164 142 41 des
1348 2164 285 41 guirlandes
1552 2164 81 41 de

475 2201 202 48 fleurs;
622 2201 129 48 et,
695 2201 202 48 conduit
842 2201 129 48 par
916 2201 184 48 quatre
1045 2201 184 48 jeunes
1173 2201 202 48 filles,
1320 2201 110 48 il
1376 2201 165 48 était
1486 2201 165 48 rendu
1578 2201 55 48 à

473 2243 141 58 ses
533 2243 202 58 parents.

566 2283 113 80 H.
623 2283 169 80 3,40.
735 2283 94 80 —
773 2283 113 80 L.
829 2283 169 80 2,29.
942 2283 94 80 —
979 2283 150 80 Fig.
1073 2283 113 80 de
1111 2283 131 80 0,50.

1270 2302 191 91 (Salon
1403 2302 114 91 de
1442 2302 153 91 1837.)

383 2424 130 66 (1)
458 2424 130 66 Mme
532 2424 223 66 Herbelin
700 2424 112 66 et
756 2424 149 66 Mlle
849 2424 317 66 Rosa-Bonheur,
1110 2424 168 66 ayant
1221 2424 186 66 obtenu
1352 2424 186 66 toutes
1482 2424 130 66 les
1538 2424 93 66 mé-

345 2472 191 47 dailles
484 2472 226 47 accordées
657 2472 87 47 à
692 2472 156 47 titre
796 2472 104 47 de
848 2472 278 47 récompenses,
1074 2472 122 47 ont
1144 2472 122 47 été
1213 2472 243 47 assimilées
1404 2472 104 47 en
1456 2472 156 47 1853,
1543 2472 87 47 par

345 2510 127 57 une
418 2510 218 57 décision
581 2510 237 57 spéciale,
763 2510 127 57 aux
836 2510 218 57 artistes
1000 2510 200 57 décorés
1145 2510 109 57 de
1200 2510 109 57 la
1236 2510 346 57 Légion
