1802 3125
612 338 290 91 PEINTURE.

1285 327 132 104 7

126 447 302 65 BRASCASSAT
364 447 583 65 (JACQUES-RAYMOND),né
882 447 108 65 à
925 447 259 65 Bordeaux
1097 447 324 65 (Gironde)

177 508 257 60 élève
369 508 128 60 de
433 508 150 60 Th.
519 508 235 60 Richard
690 508 128 60 et
754 508 300 60 d’Hersent;
990 508 278 60 chevalier
1204 508 128 60 de
1247 508 171 60 la

184 561 443 76 Légion-d’Honneur
569 561 193 76 en
704 561 173 76 1837,
819 561 250 76 membre
1012 561 116 76 de
1069 561 270 76 l’Institut
1262 561 154 76 en

147 607 188 59 1846.

121 656 161 95 24.
213 656 253 95 Paysage
397 656 138 95 et
443 656 230 95 animaux.

340 726 110 69 H.
395 726 110 69 0,
450 726 129 69 96.
524 726 92 69 —
560 726 110 69 L.
616 726 110 69 1,
652 726 74 69 30

1048 753 199 75 (Salon
1187 753 119 75 de
1227 753 159 75 1845.)

126 836 204 90 BREST
262 836 294 90 (FABIUS),
488 836 204 90 né
624 836 113 90 à
669 836 294 90 Marseille
873 836 543 90 (Bouches

184 902 195 77 élève
330 902 97 77 de
362 902 211 77 Loubon

123 958 156 86 25.
212 958 156 86 Les
301 958 201 86 bords
435 958 134 86 du
501 958 290 86 Bosphore,
724 958 111 86 à
769 958 201 86 Bebec
902 958 267 86 (Turquie
1081 958 267 86 d’Europe).

338 1030 118 66 H.
397 1030 177 66 1,50.
515 1030 98 66 —
555 1030 118 66 L.
594 1030 138 66 1,96.

1035 1031 201 108 (Salon
1175 1031 120 108 de
1216 1031 161 108 1863.)

131 1146 312 72 BRETON
388 1146 367 72 (JULES-ADOLPHE),
700 1146 165 72 né
810 1146 92 72 à
847 1146 257 72 Courrières
1030 1146 386 72 (Pas

179 1221 252 72 élève
368 1221 126 72 de
431 1221 126 72 F.
494 1221 231 72 Devigne
662 1221 126 72 et
725 1221 126 72 de
788 1221 273 72 Drelling,
998 1221 273 72 chevalier
1208 1221 126 72 de
1250 1221 168 72 la

180 1254 462 88 Légion-d’Honneur
582 1254 201 88 en
702 1254 141 88 1861.

126 1321 150 85 26.
211 1321 128 85 La
275 1321 321 85 bénédiction
532 1321 150 85 des
618 1321 171 85 blés
704 1321 235 85 (Artois).

343 1376 104 90 H.
395 1376 156 90 1,28.
499 1376 87 90 —
533 1376 104 90 L.
585 1376 156 90 3,18.
689 1376 87 90 —
724 1376 139 90 Fig.
810 1376 104 90 de
845 1376 121 90 0.46.

1039 1403 198 84 (Salon
1178 1403 119 84 de
1218 1403 159 84 1857.)

125 1451 147 70 27.
209 1451 126 70 Le
272 1451 210 70 rappel
419 1451 147 70 des
503 1451 273 70 glaneuses
693 1451 231 70 (Artois).

360 1510 110 92 H.
415 1510 110 92 0,
469 1510 128 92 90.
543 1510 91 92 —
579 1510 110 92 L.
634 1510 110 92 1,
689 1510 128 92 76.
762 1510 91 92 —
799 1510 146 92 Fig.
890 1510 110 92 0,
927 1510 91 92 50.

1044 1553 195 76 (Salon
1180 1553 117 76 de
1219 1553 156 76 1859.)

125 1580 152 94 28.
212 1580 130 94 Le
255 1580 152 94 soir.

341 1642 115 94 H.
398 1642 115 94 0,
456 1642 134 94 88.
532 1642 96 94 —
571 1642 115 94 L.
628 1642 115 94 1,
686 1642 134 94 06.
762 1642 96 94 —
801 1642 153 94 Fig.
897 1642 153 94 demi
973 1642 96 94 nat

1046 1687 194 92 (Salon
1182 1687 117 92 de
1221 1687 156 92 1861.)

126 1777 187 67 BRION
251 1777 291 67 (GUSTAVE),
480 1777 187 67 né
605 1777 104 67 à
647 1777 208 67 Rothau
792 1777 271 67 (Vosges),
1001 1777 187 67 élève
1126 1777 125 67 de
1188 1777 125 67 M.
1230 1777 187 67 Ga

179 1834 275 62 briel
385 1834 252 62 Guérin,
568 1834 298 62 chevalier
798 1834 137 62 de
866 1834 137 62 la
912 1834 504 62 Légion

190 1885 174 59 en
310 1885 94 59 1863.

129 1939 145 94 29.
212 1939 145 94 Les
295 1939 249 94 pèlerins
482 1939 125 94 de
544 1939 332 94 Sainte-Odile
794 1939 228 94 (Alsace).

344 2011 104 80 H.
396 2011 104 80 1,
448 2011 121 80 30.
517 2011 87 80 —
552 2011 104 80 L.
604 2011 104 80 2,
656 2011 121 80 00.
725 2011 87 80 —
759 2011 139 80 Fig.
829 2011 121 80 0,55.

1035 2030 199 88 (Salon
1174 2030 119 88 de
1214 2030 159 88 1863.)

127 2097 252 87 CABANEL
310 2097 367 87 (ALEXANDRE),
609 2097 206 87 né
746 2097 115 87 à
792 2097 344 87 Montpellier
1044 2097 367 87 (Hérault)

183 2183 250 61 élève
371 2183 125 61 de
433 2183 125 61 M.
496 2183 209 61 Picot,
642 2183 188 61 grand
767 2183 167 61 prix
872 2183 125 61 de
934 2183 167 61 Rome
1038 2183 292 61 (Histoire)
1247 2183 167 61 en

189 2227 165 59 1845,
298 2227 293 59 chevalier
536 2227 110 59 de
591 2227 110 59 la
646 2227 366 59 Légion-d’Honneur
957 2227 183 59 en
1085 2227 165 59 1855,
1176 2227 238 59 off

188 2274 167 72 cier
309 2274 152 72 en
400 2274 106 72 1864.

127 2348 143 70 30.
208 2348 346 70 Glorification
493 2348 122 70 de
554 2348 183 70 saint
656 2348 163 70 Louis.

294 2388 155 93 Sous
390 2388 116 93 la
448 2388 270 93 protection
661 2388 116 93 de
719 2388 116 93 la
777 2388 232 93 couronne
950 2388 116 93 du
1008 2388 212 93 Christ,
1163 2388 116 93 le
1221 2388 135 93 roi
1279 2388 135 93 saint

258 2452 169 47 Louis
371 2452 244 47 accueille
559 2452 132 47 les
634 2452 207 47 gloires
784 2452 113 47 et
841 2452 132 47 les
916 2452 207 47 misères
1066 2452 113 47 de
1123 2452 132 47 son
1179 2452 169 47 peuple.

297 2494 203 77 Auprès
439 2494 142 77 des
520 2494 203 77 degrés
662 2494 122 77 du
723 2494 183 77 trône
845 2494 163 77 sont
947 2494 203 77 plecés
1089 2494 142 77 les
1150 2494 264 77 personnages
