1810 3132
284 336 132 76 8

839 344 297 88 PEINTURE.

483 434 272 66 distingués
696 434 136 66 qui
774 434 136 66 ont
852 434 253 66 contribué
1046 434 97 66 à
1085 434 408 66 l’accomplissement
1434 434 117 66 de
1473 434 175 66 l’œuvre

485 488 116 57 du
543 488 174 57 saint
659 488 155 57 roi:
755 488 116 57 le
813 488 155 57 sire
910 488 116 57 de
968 488 271 57 Joinville,
1181 488 232 57 Philippe
1355 488 116 57 de
1394 488 251 57 Beaumanoir,

481 527 212 54 Pierre
629 527 276 54 Fontaine,
842 527 191 54 saint
969 527 212 54 Thomas
1117 527 255 54 d’Aquin,
1308 527 276 54 Guillaume
1499 527 149 54 d’Au-

483 565 225 58 vergne,
646 565 204 58 évêque
789 565 123 58 de
850 565 204 58 Paris,
993 565 245 58 Geoffroi
1177 565 123 58 de
1238 565 266 58 Beaulieu,
1443 565 204 58 Robert
1565 565 82 58 de

482 613 265 51 Sorbonne,
686 613 122 51 le
747 613 163 51 sire
849 613 122 51 de
910 613 204 51 Nesle,
1053 613 224 51 Etienne
1216 613 245 51 Boileau,
1399 613 245 51 l’auteur
1562 613 82 51 du

486 659 218 55 Livre
649 659 127 55 des
722 659 291 55 Métiers
958 659 109 55 et
1012 659 163 55 enfin
1121 659 145 55 l’un
1212 659 127 55 des
1285 659 254 55 chevaliers
1466 659 182 55 aveugles

479 697 160 73 pour
579 697 241 73 lesquels
760 697 200 73 furent
900 697 200 73 fondés
1040 697 140 73 les
1100 697 321 73 Quinze

569 756 117 67 H.
628 756 117 67 4,
667 756 98 67 44.

805 755 104 67 L.
857 755 104 67 4,
909 755 121 67 28.
978 755 87 67 —
1013 755 139 67 Fig.
1099 755 121 67 gr.
1151 755 104 67 nat.

1276 783 198 75 (Salon
1415 783 119 75 de
1454 783 158 75 1855.)

357 864 196 66 CABAT
488 864 262 66 (LOUIS),
684 864 196 66 né
815 864 109 66 à
859 864 218 66 Paris,
1012 864 196 66 élève
1142 864 131 66 de
1208 864 131 66 M.
1273 864 174 66 Cam.
1360 864 284 66 Flers,

412 916 291 61 chevalier
648 916 109 61 de
703 916 109 61 la
757 916 364 61 Légion-d’Honneur
1067 916 182 61 en
1194 916 164 61 1843,
1303 916 273 61 officier
1503 916 146 61 en

377 973 192 72 1855.

352 1029 156 76 31.
441 1029 246 76 L’étang
620 1029 134 76 de
664 1029 358 76 Ville

571 1090 106 74 H.
624 1090 106 74 0,
677 1090 124 74 73.
748 1090 88 74 —
783 1090 106 74 L.
836 1090 106 74 1,
872 1090 88 74 13.

1281 1126 192 90 (Salon
1415 1126 115 90 de
1454 1126 154 90 1834.)

349 1150 162 115 32.
441 1150 139 115 Un
511 1150 185 115 soir
603 1150 278 115 d’automne.

572 1237 111 89 H.
627 1237 111 89 0,
682 1237 129 89 97.
756 1237 92 89 —
793 1237 111 89 L.
848 1237 111 89 1,
885 1237 92 89 32.

1289 1263 188 85 (Salon
1421 1263 113 85 de
1459 1263 151 85 1852.)

352 1359 353 64 CHAMPMARTIN
635 1359 471 64 (CHARLES-ÉMILE),
1035 1359 212 64 né
1176 1359 118 64 à
1223 1359 259 64 Bourges
1388 1359 259 64 (Cher),

411 1406 260 75 élève
607 1406 130 75 de
672 1406 130 75 P.
737 1406 239 75 Guérin,
910 1406 282 75 chevalier
1127 1406 130 75 de
1192 1406 130 75 la
1236 1406 412 75 Légion

405 1466 154 64 neur

351 1513 152 74 33.
438 1513 239 74 Romulus
612 1513 130 74 et
677 1513 195 74 Rémus
807 1513 260 74 allaités
1002 1513 152 74 par
1089 1513 130 74 la
1132 1513 174 74 louve.

573 1578 102 77 H.
624 1578 102 77 1,
675 1578 119 77 26.
743 1578 85 77 —
777 1578 102 77 L.
828 1578 102 77 0,
879 1578 119 77 98.
948 1578 85 77 —
982 1578 136 77 Fig.
1067 1578 119 77 gr.
1118 1578 102 77 nat.

1285 1621 190 70 (Salon
1418 1621 114 70 de
1456 1621 152 70 1842.)

356 1682 287 99 CHASSÉRIAU
582 1682 308 99 (THÉODORE),
828 1682 185 99 né
951 1682 205 99 en
1095 1682 164 99 1819
1198 1682 164 99 à
1300 1682 205 99 Samana
1423 1682 226 99 (Amé

407 1773 275 61 rique
614 1773 321 61 espagnole)
866 1773 138 61 de
935 1773 252 61 parents
1118 1773 298 61 français,
1348 1773 206 61 élève
1462 1773 184 61 de

409 1825 168 79 M.
514 1825 230 79 Ingres,
681 1825 272 79 chavalier
891 1825 126 79 de
954 1825 126 79 la
1017 1825 419 79 Légion-d’Honneur
1373 1825 209 79 en
1498 1825 147 79 1849,

414 1868 182 76 mort
547 1868 166 76 en
646 1868 116 76 1856.

352 1937 170 68 34.
425 1937 316 68 Tépidarium.

526 1958 180 115 Salle
646 1958 120 115 où
706 1958 140 115 les
787 1958 201 115 femmes
927 1958 120 115 de
987 1958 201 115 Pompéi
1128 1958 241 115 venaient
1308 1958 120 115 se
1368 1958 221 115 reposer
1529 1958 120 115 et
1569 1958 80 115 se

484 2038 200 67 sêcher
624 2038 120 67 en
684 2038 220 67 sortant
843 2038 120 67 du
883 2038 140 67 bain.

574 2096 114 63 H.
631 2096 114 63 1,
688 2096 133 63 70.
764 2096 95 63 —
801 2096 114 63 L.
858 2096 114 63 2,
915 2096 133 63 50.
991 2096 95 63 —
1029 2096 152 63 Fig.
1105 2096 208 63 demi

1276 2099 194 129 (Salon
1411 2099 116 129 de
1450 2099 155 129 1853.)

355 2209 219 75 CHAVET
508 2209 285 75 (VICTOR),
727 2209 197 75 né
859 2209 109 75 à
903 2209 153 75 Aix
990 2209 504 75 (Bouches-du-Rhône),
1406 2209 241 75 élève

414 2264 173 72 de
529 2264 116 72 P.
587 2264 193 72 Revoil
722 2264 116 72 et
780 2264 116 72 de
837 2264 116 72 C.
895 2264 270 72 Roqueplan,
1107 2264 250 72 chevalier
1299 2264 116 72 de
1357 2264 116 72 la
1396 2264 250 72 Légion

414 2322 296 70 d’Honneur
654 2322 185 70 en
765 2322 129 70 1859.

353 2379 169 88 35.
450 2379 145 88 La
498 2379 266 88 dorreuse.

575 2433 108 80 H.
629 2433 108 80 0,
683 2433 127 80 35.
756 2433 90 80 —
792 2433 108 80 L.
846 2433 108 80 0,
900 2433 145 80 26.—
991 2433 145 80 Fig.
1081 2433 108 80 de
1135 2433 108 80 0,
1172 2433 90 80 30.

1261 2475 199 79 (Salon
1400 2475 119 79 de
1440 2475 159 79 1859.)
