1765 3123
289 352 146 90 10

826 374 299 65 PEINTURE.

468 461 244 74 passion,
651 461 142 74 est
732 461 183 74 porté
854 461 122 74 en
915 461 285 74 procession
1138 461 203 74 chaque
1281 461 183 74 année
1402 461 122 74 le
1463 461 163 74 soir
1545 461 81 74 du

444 515 354 64 vendredi

557 547 110 71 H.
612 547 110 71 1,
667 547 129 71 10.
740 547 92 71 —
777 547 110 71 L.
832 547 110 71 1,
887 547 129 71 40.
961 547 92 71 —
998 547 147 71 Fig.
1090 547 110 71 de
1126 547 129 71 0,35.

1252 598 196 82 (Salon
1389 598 117 82 de
1429 598 157 82 1861.)

334 678 216 71 COUDER
486 678 605 71 (LOUIS-CHARLES-AUGUSTE),
1026 678 194 71 né
1156 678 108 71 à
1199 678 216 71 Paris,
1350 678 194 71 élève
1458 678 173 71 de

392 739 252 73 David
581 739 126 73 et
644 739 126 73 de
707 739 273 73 Regnault,
917 739 273 73 chevalier
1127 739 126 73 de
1190 739 126 73 la
1232 739 399 73 Légion

391 797 229 70 neur,
563 797 191 70 membre
696 797 114 70 de
753 797 267 70 l’Institut
963 797 191 70 en
1096 797 172 70 1839,
1211 797 286 70 officier
1439 797 114 70 de
1478 797 153 70 la

393 850 450 70 Légion-d’Honneur
785 850 196 70 en
902 850 137 70 1844.

331 907 159 83 41.
422 907 136 83 Le
490 907 227 83 lévite
626 907 272 83 d’Ephraïm.

511 967 118 65 Un
570 967 196 65 lévite
707 967 118 65 de
766 967 118 65 la
825 967 176 65 tribu
943 967 118 65 de
1002 967 157 65 Juda
1100 967 216 65 s’était
1256 967 137 65 uni
1335 967 118 65 en
1394 967 196 65 secret
1511 967 118 65 avec

466 1025 136 49 une
543 1025 175 49 jeune
660 1025 175 49 fille
776 1025 116 49 de
834 1025 252 49 Bethléem,
1028 1025 116 49 au
1086 1025 194 49 mépris
1222 1025 116 49 de
1280 1025 116 49 la
1338 1025 136 49 loi
1416 1025 136 49 qui
1493 1025 116 49 le
1532 1025 97 49 lui

463 1071 282 46 défendait.
684 1071 121 46 Il
745 1071 181 46 avait
865 1071 201 46 emmené
1006 1071 121 46 sa
1067 1071 241 46 compagne
1248 1071 161 46 dans
1348 1071 141 46 les
1409 1071 221 46 montagnes

463 1109 268 49 d’Ephraïm,
673 1109 115 49 où
731 1109 115 49 il
788 1109 210 49 faisait
941 1109 115 49 sa
999 1109 268 49 résidence;
1209 1109 153 49 mais
1305 1109 230 49 celle-ci
1458 1109 172 49 l’ayant

464 1152 179 45 quitté
590 1152 144 45 pour
679 1152 233 45 retourner
859 1152 144 45 dans
948 1152 108 45 sa
1002 1152 215 45 famille,
1164 1152 108 45 le
1217 1152 179 45 lévite
1343 1152 179 45 l’alla
1451 1152 179 45 chercher

464 1199 116 48 et
522 1199 116 48 la
580 1199 252 48 redemanda
774 1199 97 48 à
812 1199 136 48 son
890 1199 174 48 père,
1006 1199 136 48 qui
1084 1199 136 48 lui
1161 1199 194 48 permit
1297 1199 116 48 de
1355 1199 116 48 la
1394 1199 232 48 reprendre.

462 1236 188 47 Après
587 1236 125 47 de
650 1236 271 47 touchants
858 1236 229 47 adieux,
1025 1236 146 47 les
1108 1236 208 47 jeunes
1254 1236 188 47 époux
1379 1236 229 47 partent
1525 1236 104 47 en-

464 1279 206 45 semble,
614 1279 112 45 et
670 1279 262 45 s’arrêtent
876 1279 94 45 à
914 1279 187 45 Gabaa,
1045 1279 169 45 ville
1158 1279 112 45 de
1214 1279 112 45 la
1270 1279 169 45 tribu
1382 1279 112 45 de
1420 1279 206 45 Benjamin,

460 1320 210 50 ennemie
613 1320 115 50 de
670 1320 115 50 la
728 1320 172 50 tribu
842 1320 115 50 du
900 1320 210 50 lévite,
1053 1320 172 50 parce
1167 1320 210 50 qu’elle
1320 1320 210 50 adorait
1473 1320 115 50 le
1511 1320 115 50 vrai

459 1360 188 49 Dieu.
584 1360 188 49 Aucun
709 1360 146 49 des
793 1360 271 49 habitants
1001 1360 125 49 ne
1063 1360 167 49 veut
1168 1360 167 49 leur
1272 1360 208 49 donner
1418 1360 125 49 un
1459 1360 167 49 asile;

462 1406 253 52 cependant
656 1406 117 52 un
714 1406 253 52 vieillard
909 1406 136 52 les
986 1406 194 52 reçoit
1123 1406 156 52 dans
1220 1406 117 52 sa
1278 1406 214 52 maison;
1434 1406 136 52 ils
1492 1406 136 52 comp-

464 1447 191 50 taient
597 1447 95 50 y
636 1447 191 50 passer
769 1447 114 50 la
826 1447 172 50 nuit,
941 1447 267 50 lorsqu’une
1150 1447 191 50 troupe
1284 1447 114 50 de
1341 1447 229 50 forcenés
1494 1447 133 50 vien-

464 1486 155 43 nent
560 1486 232 43 demander
735 1486 97 43 à
774 1486 194 43 grands
909 1486 155 43 cris
1006 1486 174 43 qu’on
1122 1486 155 43 leur
1219 1486 174 43 livre
1335 1486 116 43 le
1394 1486 213 43 lévite.
1529 1486 97 43 Son

462 1527 184 46 hôte,
584 1527 163 46 pour
686 1527 204 46 sauver
829 1527 122 46 le
890 1527 245 46 ministre
1074 1527 122 46 du
1135 1527 265 46 Seigneur,
1339 1527 184 46 offre
1462 1527 122 46 de
1503 1527 122 46 leur

463 1572 187 50 amener
594 1572 112 50 sa
651 1572 187 50 fille.
782 1572 112 50 Sa
838 1572 281 50 proposition
1063 1572 169 50 n’est
1175 1572 169 50 point
1288 1572 225 50 écoutée;
1456 1572 169 50 alors
1550 1572 75 50 le

460 1608 208 55 lévite
606 1608 187 55 livre
730 1608 104 55 à
772 1608 145 55 ces
855 1608 249 55 brigands
1042 1608 125 55 sa
1104 1608 249 55 compagne
1291 1608 166 55 bien
1395 1608 208 55 aimée,
1520 1608 104 55 qui

461 1648 232 54 succombe
635 1648 213 54 bientôt
790 1648 213 54 victime
945 1648 116 54 de
1003 1648 155 54 leur
1100 1648 155 54 rage
1197 1648 116 54 et
1255 1648 116 54 de
1313 1648 155 54 leur
1391 1648 232 54 brutalité.

461 1698 136 46 Les
538 1698 252 46 approches
732 1698 116 46 du
791 1698 155 46 jour
888 1698 175 46 ayant
1004 1698 233 46 dispersé
1179 1698 136 46 ces
1256 1698 252 46 barbares,
1431 1698 194 46 l’infor-

462 1737 171 49 tunée
576 1737 114 49 se
633 1737 190 49 traîne
766 1737 228 49 jusqu’au
937 1737 171 49 logis
1051 1737 114 49 du
1107 1737 266 49 vieillard;
1316 1737 152 49 elle
1411 1737 171 49 tombe
1525 1737 95 49 à
1544 1737 76 49 la

460 1786 187 43 porte,
591 1786 112 43 la
648 1786 150 43 face
741 1786 187 43 contre
872 1786 169 43 terre
985 1786 112 43 et
1041 1786 131 43 les
1116 1786 150 43 bras
1210 1786 206 43 étendus
1360 1786 131 43 sur
1435 1786 112 43 le
1472 1786 150 43 seuil,

459 1816 216 50 lorsque
617 1816 118 50 le
676 1816 216 50 lévite,
833 1816 157 50 prêt
931 1816 98 50 à
971 1816 216 50 sortir,
1128 1816 197 50 trouve
1266 1816 157 50 dans
1364 1816 138 50 cet
1443 1816 157 50 état
1522 1816 98 50 une

459 1865 197 51 épouse
597 1865 177 51 qu’il
715 1865 98 51 a
755 1865 217 51 pleurée
912 1865 177 51 toute
1030 1865 118 51 la
1089 1865 177 51 nuit.
1208 1865 138 51 Les
1286 1865 158 51 cris
1385 1865 177 51 qu’il
1483 1865 138 51 élève

456 1903 237 54 jusqu’au
634 1903 158 54 ciel
733 1903 257 54 annoncent
930 1903 138 54 son
1009 1903 276 54 désespoir.
1226 1903 257 54 Cependant
1424 1903 118 54 il
1463 1903 158 54 engage

457 1947 180 47 cette
577 1947 301 47 malheureuse
818 1947 100 47 à
858 1947 120 47 se
918 1947 201 47 lever,
1059 1947 160 47 elle
1159 1947 120 47 ne
1219 1947 201 47 répond
1359 1947 201 47 point;
1500 1947 120 47 il
1540 1947 80 47 la

458 1991 232 58 regarde,
632 1991 116 58 la
690 1991 213 58 touche;
845 1991 155 58 elle
942 1991 213 58 n’était
1096 1991 174 58 plus.
1213 1991 174 58 Alors
1329 1991 116 58 il
1387 1991 213 58 emporte
1522 1991 97 58 son

456 2029 184 46 corps
578 2029 164 46 dans
680 2029 123 46 sa
742 2029 225 46 maison,
905 2029 123 46 le
967 2029 184 46 coupe
1089 2029 123 46 en
1151 2029 266 46 morceaux,
1355 2029 184 46 qu’il
1457 2029 164 46 envoie

459 2068 135 62 aux
536 2068 174 62 douze
652 2068 213 62 tribus.
806 2068 155 62 Tout
903 2068 193 62 Israël
1038 2068 290 62 s’assemble,
1270 2068 116 62 le
1328 2068 193 62 lévite
1444 2068 174 62 demande

455 2110 291 47 vengeance,
684 2110 125 47 et
746 2110 145 47 une
829 2110 187 47 armée
954 2110 208 47 marche
1099 2110 208 47 contre
1245 2110 145 47 les
1307 2110 312 47 Benjaminites,

461 2152 215 55 auteurs
618 2152 117 55 de
677 2152 117 55 ce
735 2152 235 55 forfait.
912 2152 137 55 Ils
990 2152 157 55 sont
1088 2152 235 55 vaincus;
1264 2152 117 55 la
1322 2152 176 55 ville
1440 2152 117 55 de
1479 2152 137 55 Gabaa

460 2193 217 57 devient
618 2193 118 57 la
677 2193 177 57 proie
795 2193 138 57 des
874 2193 217 57 flammes
1031 2193 118 57 et
1090 2193 118 57 la
1149 2193 177 57 tribu
1268 2193 118 57 de
1327 2193 236 57 Benjamin
1484 2193 138 57 périt

457 2233 146 59 sous
548 2233 182 59 l’épée
657 2233 201 59 d’Israël.

498 2266 120 68 Le
558 2266 219 68 peintre
717 2266 100 68 a
757 2266 199 68 choisi
897 2266 120 68 le
957 2266 199 68 moment
1096 2266 120 68 où
1156 2266 120 68 le
1216 2266 199 68 lévite
1356 2266 239 68 retrouve
1515 2266 100 68 son

456 2318 193 56 épouse
591 2318 271 56 expirante;
804 2318 116 56 le
862 2318 155 56 jour
958 2318 232 56 commence
1133 2318 97 56 à
1171 2318 251 56 paraître;
1365 2318 116 56 on
1403 2318 213 56 aperçoit,

456 2367 157 59 dans
554 2367 118 59 le
613 2367 157 59 fond
711 2367 118 59 du
770 2367 235 59 tableau,
947 2367 137 59 les
1025 2367 255 59 coupables
1222 2367 314 59 Benjaminites
1477 2367 137 59 qui
1536 2367 78 59 se

435 2403 204 58 retirent.

543 2454 107 52 Ce
597 2454 215 52 tableau,
758 2454 179 52 exposé
883 2454 107 52 au
937 2454 161 52 salon
1044 2454 107 52 de
1097 2454 161 52 1817,
1205 2454 89 52 a
1240 2454 197 52 partagé
1384 2454 107 52 le
1437 2454 143 52 prix
1509 2454 107 52 avec

507 2487 105 66 le
560 2487 158 66 saint
665 2487 193 66 Etienne
806 2487 105 66 de
858 2487 105 66 M.
911 2487 140 66 Abel
999 2487 105 66 de
1034 2487 140 66 Pujol.

545 2526 101 81 H.
596 2526 101 81 3,
646 2526 118 81 60.
714 2526 84 81 —
748 2526 101 81 L.
798 2526 101 81 2,
849 2526 118 81 95.
917 2526 84 81 —
951 2526 135 81 Fig.
1035 2526 135 81 plus
1119 2526 118 81 gr.
1187 2526 118 81 que
1238 2526 101 81 nat.
