1829 3137
646 328 290 68 PEINTURE.

1326 323 134 82 11

175 425 190 67 COURT
302 425 422 67 (JOSEPH-DÉSIRÉ),
661 425 190 67 né
787 425 106 67 à
830 425 190 67 Rouen
935 425 528 67 (Seine

229 495 222 50 élève
395 495 111 50 de
450 495 166 50 Gros,
561 495 166 50 grand
672 495 148 50 prix
765 495 111 50 de
820 495 148 50 Rome
912 495 185 50 en
1042 495 166 50 1821,
1134 495 333 50 chevalier

228 530 167 65 de
340 530 111 65 la
395 530 371 65 Légion-d’Honneur
711 530 186 65 en
841 530 167 65 1838;
952 530 204 65 mort
1101 530 186 65 en
1212 530 130 65 1865.

167 607 166 68 42.
262 607 143 68 La
334 607 190 68 mort
452 607 143 68 de
500 607 190 68 César.

337 670 323 73 Marc-Antoine
600 670 162 73 fait
701 670 243 73 apporter
883 670 142 73 sur
964 670 121 73 la
1024 670 222 73 tribune
1186 670 142 73 aux
1247 670 222 73 harangues

299 733 111 50 le
354 733 167 50 corps
465 733 111 50 de
521 733 167 50 César
632 733 241 50 assassiné
817 733 148 50 dans
909 733 111 50 le
965 733 185 50 Sénat,
1094 733 111 50 et
1150 733 185 50 excite
1279 733 111 50 le
1316 733 148 50 peuple

296 775 209 48 romain
442 775 209 48 contre
588 775 146 48 les
672 775 292 48 meurtriers
901 775 125 48 en
964 775 146 48 lui
1048 775 250 48 montrant
1235 775 125 48 la
1277 775 188 48 tunique

295 817 339 49 ensanglantée
570 817 127 49 du
634 817 297 49 dictateur.
867 817 127 49 On
930 817 275 49 remarque,
1142 817 148 49 sur
1227 817 127 49 le
1269 817 191 49 devant,

297 859 193 70 Brutus
432 859 116 70 et
470 859 193 70 Cassius.

387 905 101 98 H.
438 905 101 98 4,
488 905 117 98 30.
555 905 84 98 —
589 905 101 98 L.
639 905 101 98 5,
689 905 117 98 22.
756 905 84 98 —
790 905 134 98 Fig.
874 905 134 98 plus
958 905 117 98 gr.
1025 905 117 98 que
1075 905 101 98 nat.

1077 974 211 74 .(Salon
1230 974 115 74 de
1269 974 153 74 1827.)

172 1071 229 77 COUTURE
339 1071 271 77 (THOMAS),
547 1071 187 77 né
672 1071 104 77 à
713 1071 208 77 Senlis
859 1071 229 77 (Oise),
1026 1071 187 77 élève
1151 1071 125 77 de
1213 1071 167 77 Gros
1296 1071 167 77 et

223 1150 186 55 de
347 1150 124 55 P.
409 1150 289 55 Delaroche,
637 1150 269 55 chevalier
843 1150 124 55 de
905 1150 124 55 la
967 1150 413 55 Légion-d’Honneur
1298 1150 165 55 en

193 1202 186 73 1848.

166 1268 159 96 43.
257 1268 159 96 Les
348 1268 250 96 Romains
530 1268 136 96 de
598 1268 136 96 la
643 1268 273 96 décadence.

300 1347 336 65 «.
468 1347 559 65 Sævior
804 1347 448 65 armis,

337 1404 249 52 «Luxuria
524 1404 270 52 incubuit,
732 1404 270 52 victumque
939 1404 291 52 ulciscitur
1147 1404 187 52 orbem.»

766 1445 264 87 (JUVÉNAL,
969 1445 203 87 satire
1091 1445 122 87 VI.)

325 1528 339 60 «..Plus
572 1528 278 60 cruel
757 1528 216 60 que
880 1528 185 60 la
973 1528 339 60 guerre,
1219 1528 185 60 le
1281 1528 185 60 vice

294 1552 183 80 s’est
416 1552 203 80 abattu
558 1552 142 80 sur
639 1552 183 80 Rome,
761 1552 122 80 et
822 1552 183 80 venge
944 1552 264 80 l’univers
1127 1552 203 80 vaincu.»

386 1621 102 70 H.
437 1621 102 70 4,
488 1621 118 70 60.
555 1621 85 70 —
589 1621 102 70 L.
640 1621 102 70 7,
691 1621 118 70 70.
758 1621 85 70 —
792 1621 135 70 Fig.
877 1621 118 70 gr.
927 1621 102 70 nat.

1102 1687 189 92 (Salon
1235 1687 114 92 de
1273 1687 152 92 1847.)

170 1778 209 82 CURZON
316 1778 334 82 (PAUL-ALFRED
587 1778 167 82 DE),
691 1778 188 82 né
817 1778 104 82 à
858 1778 250 82 Poitiers
1046 1778 271 82 (Vienne),
1234 1778 229 82 élève

226 1846 167 75 de
338 1846 223 75 Drolling
505 1846 112 75 et
561 1846 112 75 de
617 1846 112 75 M.
654 1846 223 75 Cabat

174 1919 156 70 44.
263 1919 201 70 Dante
397 1919 134 70 et
464 1919 268 70 Virgile,
664 1919 156 70 sur
753 1919 134 70 le
820 1919 223 70 rivage
976 1919 134 70 du
1043 1919 334 70 Purgatoire,
1289 1919 178 70 voient

269 1971 196 58 venir
400 1971 131 58 la
465 1971 218 58 barque
618 1971 152 58 des
705 1971 174 58 âmes
814 1971 152 58 que
901 1971 240 58 conduit
1075 1971 131 58 un
1119 1971 152 58 ange,

778 2029 178 88 (DANTE,
907 2029 372 88 Purgatoire,
1231 2029 97 88 c.
1263 2029 97 88 11).

388 2093 105 86 H.
440 2093 105 86 1,
492 2093 122 86 50.
562 2093 87 86 —
597 2093 105 86 L.
650 2093 87 86 2
685 2093 122 86 41.
755 2093 87 86 —
790 2093 140 86 Fig.
877 2093 105 86 de
930 2093 105 86 0,
965 2093 87 86 85.

1102 2151 189 82 (Salon
1234 2151 113 82 de
1272 2151 151 82 1857.)

168 2203 165 107 45.
239 2203 213 107 Psyché.

339 2318 161 78 Elle
440 2318 222 78 revient
601 2318 141 78 des
682 2318 202 78 enfers
823 2318 282 78 rapportant
1045 2318 101 78 à
1085 2318 181 78 Vénus
1206 2318 121 78 la
1266 2318 181 78 boite
1367 2318 101 78 que

303 2356 141 75 lui
383 2356 101 75 a
424 2356 201 75 donnée
544 2356 262 75 Proserpine.

389 2421 106 77 H.
442 2421 106 77 1,
495 2421 124 77 60.
566 2421 88 77 —
601 2421 106 77 L.
654 2421 106 77 0,
690 2421 88 77 90.

1074 2468 207 90 (Salon
1219 2468 124 90 de
1261 2468 166 90 1859.)

1131 2526 144 67 2*
