<alto xmlns:xsi="http://www.w3.org/2001/XMLSchema-instance" xmlns="http://www.loc.gov/standards/alto/ns-v2#" xmlns:page="http://schema.primaresearch.org/PAGE/gts/pagecontent/2013-07-15" xsi:schemaLocation="http://www.loc.gov/standards/alto/ns-v2# http://www.loc.gov/standards/alto/alto.xsd">
  <Description>
    <MeasurementUnit>mm10</MeasurementUnit>
    <sourceImageInformation>
         <fileName>42.jpg</fileName>
      </sourceImageInformation>
    <OCRProcessing ID="IdOcr">
      <ocrProcessingStep>
        <processingDateTime>2020-10-31T11:20:17.748+01:00</processingDateTime>
        <processingSoftware>
               <softwareCreator>CONTRIBUTORS</softwareCreator>
               <softwareName>pdfalto</softwareName>
               <softwareVersion>0.1</softwareVersion>
            </processingSoftware>
      </ocrProcessingStep>
    </OCRProcessing>
  </Description>
  <Styles>
   <TextStyle ID="FONT0" FONTFAMILY="unknown" FONTSIZE="unknown" FONTSTYLE=""/>
   <TextStyle ID="FONT1" FONTFAMILY="unknown" FONTSIZE="unknown" FONTSTYLE="bold"/>
   <TextStyle ID="FONT2" FONTFAMILY="unknown" FONTSIZE="unknown" FONTSTYLE="italics"/>
  </Styles>
  <Tags/>
  <Layout>
    <Page ID="Page1" PHYSICAL_IMG_NR="1" HEIGHT="3137" WIDTH="1787">
      <PrintSpace HEIGHT="2529" WIDTH="1784" VPOS="0" HPOS="3">
        <TextBlock ID="r_1_1" HEIGHT="42" WIDTH="57" VPOS="351" HPOS="322">
          <TextLine ID="tl_1" BASELINE="419" HEIGHT="95" WIDTH="71" VPOS="324" HPOS="315">
            <String HEIGHT="95" WIDTH="142" VPOS="324" HPOS="244" CONTENT="12" ID="tl_1_1" STYLEREFS="FONT0"/>
          </TextLine>
        </TextBlock>
        <TextBlock ID="r_2_1" HEIGHT="33" WIDTH="224" VPOS="362" HPOS="840">
          <TextLine ID="tl_2" BASELINE="419" HEIGHT="95" WIDTH="239" VPOS="324" HPOS="833">
            <String HEIGHT="95" WIDTH="292" VPOS="324" HPOS="780" CONTENT="PEINTURE." ID="tl_2_1" STYLEREFS="FONT0"/>
          </TextLine>
        </TextBlock>
        <TextBlock ID="r_3_1" HEIGHT="152" WIDTH="1255" VPOS="445" HPOS="325">
          <TextLine ID="tl_3" BASELINE="504" HEIGHT="77" WIDTH="1267" VPOS="427" HPOS="318">
            <String HEIGHT="77" WIDTH="253" VPOS="427" HPOS="297" CONTENT="DAUBIGNY" ID="tl_3_1" STYLEREFS="FONT0"/>
            <SP HEIGHT="77" WIDTH="21" VPOS="427" HPOS="550"/>
            <String HEIGHT="77" WIDTH="486" VPOS="427" HPOS="487" CONTENT="(CHARLES-FRANÇOIS)," ID="tl_3_2" STYLEREFS="FONT0"/>
            <SP HEIGHT="77" WIDTH="21" VPOS="427" HPOS="973"/>
            <String HEIGHT="77" WIDTH="190" VPOS="427" HPOS="909" CONTENT="né" ID="tl_3_3" STYLEREFS="FONT2"/>
            <SP HEIGHT="77" WIDTH="21" VPOS="427" HPOS="1099"/>
            <String HEIGHT="77" WIDTH="106" VPOS="427" HPOS="1036" CONTENT="à" ID="tl_3_4" STYLEREFS="FONT2"/>
            <SP HEIGHT="77" WIDTH="21" VPOS="427" HPOS="1142"/>
            <String HEIGHT="77" WIDTH="211" VPOS="427" HPOS="1078" CONTENT="Paris," ID="tl_3_5" STYLEREFS="FONT2"/>
            <SP HEIGHT="77" WIDTH="21" VPOS="427" HPOS="1289"/>
            <String HEIGHT="77" WIDTH="190" VPOS="427" HPOS="1226" CONTENT="élève" ID="tl_3_6" STYLEREFS="FONT2"/>
            <SP HEIGHT="77" WIDTH="21" VPOS="427" HPOS="1416"/>
            <String HEIGHT="77" WIDTH="127" VPOS="427" HPOS="1353" CONTENT="de" ID="tl_3_7" STYLEREFS="FONT2"/>
            <SP HEIGHT="77" WIDTH="21" VPOS="427" HPOS="1479"/>
            <String HEIGHT="77" WIDTH="190" VPOS="427" HPOS="1395" CONTENT="son" ID="tl_3_8" STYLEREFS="FONT2"/>
          </TextLine>
          <TextLine ID="tl_4" BASELINE="558" HEIGHT="69" WIDTH="1217" VPOS="489" HPOS="371">
            <String HEIGHT="69" WIDTH="219" VPOS="489" HPOS="351" CONTENT="père" ID="tl_4_1" STYLEREFS="FONT2"/>
            <SP HEIGHT="69" WIDTH="20" VPOS="489" HPOS="571"/>
            <String HEIGHT="69" WIDTH="120" VPOS="489" HPOS="511" CONTENT="et" ID="tl_4_2" STYLEREFS="FONT2"/>
            <SP HEIGHT="69" WIDTH="20" VPOS="489" HPOS="630"/>
            <String HEIGHT="69" WIDTH="120" VPOS="489" HPOS="571" CONTENT="de" ID="tl_4_3" STYLEREFS="FONT2"/>
            <SP HEIGHT="69" WIDTH="20" VPOS="489" HPOS="690"/>
            <String HEIGHT="69" WIDTH="120" VPOS="489" HPOS="630" CONTENT="P." ID="tl_4_4" STYLEREFS="FONT2"/>
            <SP HEIGHT="69" WIDTH="20" VPOS="489" HPOS="750"/>
            <String HEIGHT="69" WIDTH="279" VPOS="489" HPOS="690" CONTENT="Delaroche," ID="tl_4_5" STYLEREFS="FONT2"/>
            <SP HEIGHT="69" WIDTH="20" VPOS="489" HPOS="970"/>
            <String HEIGHT="69" WIDTH="259" VPOS="489" HPOS="910" CONTENT="chevalier" ID="tl_4_6" STYLEREFS="FONT2"/>
            <SP HEIGHT="69" WIDTH="20" VPOS="489" HPOS="1169"/>
            <String HEIGHT="69" WIDTH="120" VPOS="489" HPOS="1109" CONTENT="de" ID="tl_4_7" STYLEREFS="FONT2"/>
            <SP HEIGHT="69" WIDTH="20" VPOS="489" HPOS="1229"/>
            <String HEIGHT="69" WIDTH="120" VPOS="489" HPOS="1169" CONTENT="la" ID="tl_4_8" STYLEREFS="FONT2"/>
            <SP HEIGHT="69" WIDTH="20" VPOS="489" HPOS="1289"/>
            <String HEIGHT="69" WIDTH="379" VPOS="489" HPOS="1209" CONTENT="Légion" ID="tl_4_9" STYLEREFS="FONT2"/>
          </TextLine>
          <TextLine ID="tl_5" BASELINE="617" HEIGHT="74" WIDTH="322" VPOS="543" HPOS="370">
            <String HEIGHT="74" WIDTH="177" VPOS="543" HPOS="354" CONTENT="neur" ID="tl_5_1" STYLEREFS="FONT2"/>
            <SP HEIGHT="74" WIDTH="16" VPOS="543" HPOS="531"/>
            <String HEIGHT="74" WIDTH="161" VPOS="543" HPOS="483" CONTENT="en" ID="tl_5_2" STYLEREFS="FONT2"/>
            <SP HEIGHT="74" WIDTH="16" VPOS="543" HPOS="644"/>
            <String HEIGHT="74" WIDTH="113" VPOS="543" HPOS="579" CONTENT="1859." ID="tl_5_3" STYLEREFS="FONT0"/>
          </TextLine>
        </TextBlock>
        <TextBlock ID="r_3_2" HEIGHT="56" WIDTH="897" VPOS="629" HPOS="322">
          <TextLine ID="tl_6" BASELINE="694" HEIGHT="84" WIDTH="912" VPOS="610" HPOS="315">
            <String HEIGHT="84" WIDTH="127" VPOS="610" HPOS="294" CONTENT="46" ID="tl_6_1" STYLEREFS="FONT0"/>
            <SP HEIGHT="84" WIDTH="21" VPOS="610" HPOS="421"/>
            <String HEIGHT="84" WIDTH="212" VPOS="610" HPOS="357" CONTENT="Écluse" ID="tl_6_2" STYLEREFS="FONT0"/>
            <SP HEIGHT="84" WIDTH="21" VPOS="610" HPOS="570"/>
            <String HEIGHT="84" WIDTH="170" VPOS="610" HPOS="506" CONTENT="dans" ID="tl_6_3" STYLEREFS="FONT0"/>
            <SP HEIGHT="84" WIDTH="21" VPOS="610" HPOS="676"/>
            <String HEIGHT="84" WIDTH="127" VPOS="610" HPOS="612" CONTENT="la" ID="tl_6_4" STYLEREFS="FONT0"/>
            <SP HEIGHT="84" WIDTH="21" VPOS="610" HPOS="739"/>
            <String HEIGHT="84" WIDTH="212" VPOS="610" HPOS="676" CONTENT="vallée" ID="tl_6_5" STYLEREFS="FONT0"/>
            <SP HEIGHT="84" WIDTH="21" VPOS="610" HPOS="888"/>
            <String HEIGHT="84" WIDTH="276" VPOS="610" HPOS="824" CONTENT="d’Optevoz" ID="tl_6_6" STYLEREFS="FONT0"/>
            <SP HEIGHT="84" WIDTH="21" VPOS="610" HPOS="1100"/>
            <String HEIGHT="84" WIDTH="212" VPOS="610" HPOS="1015" CONTENT="(Isère.)" ID="tl_6_7" STYLEREFS="FONT0"/>
          </TextLine>
        </TextBlock>
        <TextBlock ID="r_3_3" HEIGHT="37" WIDTH="331" VPOS="694" HPOS="533">
          <TextLine ID="tl_7" BASELINE="750" HEIGHT="69" WIDTH="347" VPOS="681" HPOS="525">
            <String HEIGHT="69" WIDTH="99" VPOS="681" HPOS="508" CONTENT="H." ID="tl_7_1" STYLEREFS="FONT0"/>
            <SP HEIGHT="69" WIDTH="17" VPOS="681" HPOS="608"/>
            <String HEIGHT="69" WIDTH="99" VPOS="681" HPOS="558" CONTENT="0," ID="tl_7_2" STYLEREFS="FONT0"/>
            <SP HEIGHT="69" WIDTH="17" VPOS="681" HPOS="657"/>
            <String HEIGHT="69" WIDTH="116" VPOS="681" HPOS="608" CONTENT="90." ID="tl_7_3" STYLEREFS="FONT0"/>
            <SP HEIGHT="69" WIDTH="17" VPOS="681" HPOS="723"/>
            <String HEIGHT="69" WIDTH="83" VPOS="681" HPOS="674" CONTENT="—" ID="tl_7_4" STYLEREFS="FONT0"/>
            <SP HEIGHT="69" WIDTH="17" VPOS="681" HPOS="756"/>
            <String HEIGHT="69" WIDTH="99" VPOS="681" HPOS="707" CONTENT="L." ID="tl_7_5" STYLEREFS="FONT0"/>
            <SP HEIGHT="69" WIDTH="17" VPOS="681" HPOS="806"/>
            <String HEIGHT="69" WIDTH="99" VPOS="681" HPOS="756" CONTENT="1," ID="tl_7_6" STYLEREFS="FONT0"/>
            <SP HEIGHT="69" WIDTH="17" VPOS="681" HPOS="855"/>
            <String HEIGHT="69" WIDTH="83" VPOS="681" HPOS="789" CONTENT="60." ID="tl_7_7" STYLEREFS="FONT0"/>
          </TextLine>
        </TextBlock>
        <TextBlock ID="r_3_4" HEIGHT="42" WIDTH="288" VPOS="735" HPOS="1252">
          <TextLine ID="tl_8" BASELINE="800" HEIGHT="98" WIDTH="302" VPOS="702" HPOS="1245">
            <String HEIGHT="98" WIDTH="189" VPOS="702" HPOS="1226" CONTENT="(Salon" ID="tl_8_1" STYLEREFS="FONT0"/>
            <SP HEIGHT="98" WIDTH="19" VPOS="702" HPOS="1415"/>
            <String HEIGHT="98" WIDTH="113" VPOS="702" HPOS="1358" CONTENT="de" ID="tl_8_2" STYLEREFS="FONT0"/>
            <SP HEIGHT="98" WIDTH="19" VPOS="702" HPOS="1472"/>
            <String HEIGHT="98" WIDTH="151" VPOS="702" HPOS="1396" CONTENT="1855.)" ID="tl_8_3" STYLEREFS="FONT0"/>
          </TextLine>
        </TextBlock>
        <TextBlock ID="r_3_5" HEIGHT="49" WIDTH="391" VPOS="787" HPOS="321">
          <TextLine ID="tl_9" BASELINE="844" HEIGHT="71" WIDTH="406" VPOS="773" HPOS="313">
            <String HEIGHT="71" WIDTH="167" VPOS="773" HPOS="289" CONTENT="47." ID="tl_9_1" STYLEREFS="FONT0"/>
            <SP HEIGHT="71" WIDTH="24" VPOS="773" HPOS="456"/>
            <String HEIGHT="71" WIDTH="143" VPOS="773" HPOS="385" CONTENT="Le" ID="tl_9_2" STYLEREFS="FONT0"/>
            <SP HEIGHT="71" WIDTH="24" VPOS="773" HPOS="528"/>
            <String HEIGHT="71" WIDTH="287" VPOS="773" HPOS="432" CONTENT="Printemps." ID="tl_9_3" STYLEREFS="FONT0"/>
          </TextLine>
        </TextBlock>
        <TextBlock ID="r_3_6" HEIGHT="38" WIDTH="390" VPOS="848" HPOS="538">
          <TextLine ID="tl_10" BASELINE="912" HEIGHT="85" WIDTH="405" VPOS="827" HPOS="530">
            <String HEIGHT="85" WIDTH="116" VPOS="827" HPOS="511" CONTENT="H." ID="tl_10_1" STYLEREFS="FONT0"/>
            <SP HEIGHT="85" WIDTH="19" VPOS="827" HPOS="626"/>
            <String HEIGHT="85" WIDTH="116" VPOS="827" HPOS="569" CONTENT="0," ID="tl_10_2" STYLEREFS="FONT0"/>
            <SP HEIGHT="85" WIDTH="19" VPOS="827" HPOS="684"/>
            <String HEIGHT="85" WIDTH="135" VPOS="827" HPOS="626" CONTENT="95." ID="tl_10_3" STYLEREFS="FONT0"/>
            <SP HEIGHT="85" WIDTH="19" VPOS="827" HPOS="761"/>
            <String HEIGHT="85" WIDTH="96" VPOS="827" HPOS="704" CONTENT="—" ID="tl_10_4" STYLEREFS="FONT0"/>
            <SP HEIGHT="85" WIDTH="19" VPOS="827" HPOS="800"/>
            <String HEIGHT="85" WIDTH="116" VPOS="827" HPOS="742" CONTENT="L." ID="tl_10_5" STYLEREFS="FONT0"/>
            <SP HEIGHT="85" WIDTH="19" VPOS="827" HPOS="858"/>
            <String HEIGHT="85" WIDTH="116" VPOS="827" HPOS="800" CONTENT="1," ID="tl_10_6" STYLEREFS="FONT0"/>
            <SP HEIGHT="85" WIDTH="19" VPOS="827" HPOS="916"/>
            <String HEIGHT="85" WIDTH="96" VPOS="827" HPOS="839" CONTENT="93." ID="tl_10_7" STYLEREFS="FONT0"/>
          </TextLine>
        </TextBlock>
        <TextBlock ID="r_3_7" HEIGHT="45" WIDTH="302" VPOS="884" HPOS="1239">
          <TextLine ID="tl_11" BASELINE="940" HEIGHT="97" WIDTH="316" VPOS="843" HPOS="1232">
            <String HEIGHT="97" WIDTH="198" VPOS="843" HPOS="1212" CONTENT="(Salon" ID="tl_11_1" STYLEREFS="FONT0"/>
            <SP HEIGHT="97" WIDTH="20" VPOS="843" HPOS="1410"/>
            <String HEIGHT="97" WIDTH="119" VPOS="843" HPOS="1351" CONTENT="de" ID="tl_11_2" STYLEREFS="FONT0"/>
            <SP HEIGHT="97" WIDTH="20" VPOS="843" HPOS="1469"/>
            <String HEIGHT="97" WIDTH="158" VPOS="843" HPOS="1390" CONTENT="1857.)" ID="tl_11_3" STYLEREFS="FONT0"/>
          </TextLine>
        </TextBlock>
        <TextBlock ID="r_3_8" HEIGHT="106" WIDTH="1256" VPOS="951" HPOS="326">
          <TextLine ID="tl_12" BASELINE="1021" HEIGHT="98" WIDTH="1270" VPOS="923" HPOS="319">
            <String HEIGHT="98" WIDTH="241" VPOS="923" HPOS="297" CONTENT="DAUZATS" ID="tl_12_1" STYLEREFS="FONT0"/>
            <SP HEIGHT="98" WIDTH="22" VPOS="923" HPOS="538"/>
            <String HEIGHT="98" WIDTH="285" VPOS="923" HPOS="472" CONTENT="(ADRIEN)," ID="tl_12_2" STYLEREFS="FONT0"/>
            <SP HEIGHT="98" WIDTH="22" VPOS="923" HPOS="757"/>
            <String HEIGHT="98" WIDTH="197" VPOS="923" HPOS="691" CONTENT="né" ID="tl_12_3" STYLEREFS="FONT2"/>
            <SP HEIGHT="98" WIDTH="22" VPOS="923" HPOS="888"/>
            <String HEIGHT="98" WIDTH="109" VPOS="923" HPOS="823" CONTENT="à" ID="tl_12_4" STYLEREFS="FONT2"/>
            <SP HEIGHT="98" WIDTH="22" VPOS="923" HPOS="932"/>
            <String HEIGHT="98" WIDTH="263" VPOS="923" HPOS="866" CONTENT="Bordeaux" ID="tl_12_5" STYLEREFS="FONT2"/>
            <SP HEIGHT="98" WIDTH="22" VPOS="923" HPOS="1129"/>
            <String HEIGHT="98" WIDTH="307" VPOS="923" HPOS="1063" CONTENT="(Gironde)," ID="tl_12_6" STYLEREFS="FONT2"/>
            <SP HEIGHT="98" WIDTH="22" VPOS="923" HPOS="1370"/>
            <String HEIGHT="98" WIDTH="197" VPOS="923" HPOS="1304" CONTENT="élève" ID="tl_12_7" STYLEREFS="FONT2"/>
            <SP HEIGHT="98" WIDTH="22" VPOS="923" HPOS="1501"/>
            <String HEIGHT="98" WIDTH="175" VPOS="923" HPOS="1414" CONTENT="de" ID="tl_12_8" STYLEREFS="FONT2"/>
          </TextLine>
          <TextLine ID="tl_13" BASELINE="1053" HEIGHT="55" WIDTH="1122" VPOS="998" HPOS="373">
            <String HEIGHT="55" WIDTH="233" VPOS="998" HPOS="352" CONTENT="Gué," ID="tl_13_1" STYLEREFS="FONT2"/>
            <SP HEIGHT="55" WIDTH="21" VPOS="998" HPOS="585"/>
            <String HEIGHT="55" WIDTH="275" VPOS="998" HPOS="521" CONTENT="chevalier" ID="tl_13_2" STYLEREFS="FONT2"/>
            <SP HEIGHT="55" WIDTH="21" VPOS="998" HPOS="796"/>
            <String HEIGHT="55" WIDTH="127" VPOS="998" HPOS="733" CONTENT="de" ID="tl_13_3" STYLEREFS="FONT2"/>
            <SP HEIGHT="55" WIDTH="21" VPOS="998" HPOS="860"/>
            <String HEIGHT="55" WIDTH="127" VPOS="998" HPOS="796" CONTENT="la" ID="tl_13_4" STYLEREFS="FONT2"/>
            <SP HEIGHT="55" WIDTH="21" VPOS="998" HPOS="923"/>
            <String HEIGHT="55" WIDTH="423" VPOS="998" HPOS="860" CONTENT="Légion-d’Honneur" ID="tl_13_5" STYLEREFS="FONT2"/>
            <SP HEIGHT="55" WIDTH="21" VPOS="998" HPOS="1283"/>
            <String HEIGHT="55" WIDTH="212" VPOS="998" HPOS="1220" CONTENT="en" ID="tl_13_6" STYLEREFS="FONT2"/>
            <SP HEIGHT="55" WIDTH="21" VPOS="998" HPOS="1431"/>
            <String HEIGHT="55" WIDTH="148" VPOS="998" HPOS="1347" CONTENT="1837." ID="tl_13_7" STYLEREFS="FONT0"/>
          </TextLine>
        </TextBlock>
        <TextBlock ID="r_3_9" HEIGHT="46" WIDTH="1260" VPOS="1072" HPOS="322">
          <TextLine ID="tl_14" BASELINE="1124" HEIGHT="76" WIDTH="1273" VPOS="1048" HPOS="315">
            <String HEIGHT="76" WIDTH="162" VPOS="1048" HPOS="292" CONTENT="48." ID="tl_14_1" STYLEREFS="FONT0"/>
            <SP HEIGHT="76" WIDTH="23" VPOS="1048" HPOS="454"/>
            <String HEIGHT="76" WIDTH="139" VPOS="1048" HPOS="384" CONTENT="Le" ID="tl_14_2" STYLEREFS="FONT0"/>
            <SP HEIGHT="76" WIDTH="23" VPOS="1048" HPOS="523"/>
            <String HEIGHT="76" WIDTH="255" VPOS="1048" HPOS="454" CONTENT="couvent" ID="tl_14_3" STYLEREFS="FONT0"/>
            <SP HEIGHT="76" WIDTH="23" VPOS="1048" HPOS="708"/>
            <String HEIGHT="76" WIDTH="139" VPOS="1048" HPOS="639" CONTENT="de" ID="tl_14_4" STYLEREFS="FONT0"/>
            <SP HEIGHT="76" WIDTH="23" VPOS="1048" HPOS="778"/>
            <String HEIGHT="76" WIDTH="463" VPOS="1048" HPOS="708" CONTENT="Sainte-Catherine" ID="tl_14_5" STYLEREFS="FONT0"/>
            <SP HEIGHT="76" WIDTH="23" VPOS="1048" HPOS="1171"/>
            <String HEIGHT="76" WIDTH="139" VPOS="1048" HPOS="1102" CONTENT="au" ID="tl_14_6" STYLEREFS="FONT0"/>
            <SP HEIGHT="76" WIDTH="23" VPOS="1048" HPOS="1241"/>
            <String HEIGHT="76" WIDTH="185" VPOS="1048" HPOS="1171" CONTENT="mont" ID="tl_14_7" STYLEREFS="FONT0"/>
            <SP HEIGHT="76" WIDTH="23" VPOS="1048" HPOS="1357"/>
            <String HEIGHT="76" WIDTH="231" VPOS="1048" HPOS="1287" CONTENT="Sinaï," ID="tl_14_8" STYLEREFS="FONT0"/>
            <SP HEIGHT="76" WIDTH="23" VPOS="1048" HPOS="1519"/>
            <String HEIGHT="76" WIDTH="162" VPOS="1048" HPOS="1426" CONTENT="fonde" ID="tl_14_9" STYLEREFS="FONT0"/>
          </TextLine>
        </TextBlock>
        <TextBlock ID="r_3_10" HEIGHT="48" WIDTH="672" VPOS="1120" HPOS="462">
          <TextLine ID="tl_15" BASELINE="1168" HEIGHT="51" WIDTH="686" VPOS="1117" HPOS="455">
            <String HEIGHT="51" WIDTH="129" VPOS="1117" HPOS="434" CONTENT="en" ID="tl_15_1" STYLEREFS="FONT0"/>
            <SP HEIGHT="51" WIDTH="21" VPOS="1117" HPOS="562"/>
            <String HEIGHT="51" WIDTH="150" VPOS="1117" HPOS="498" CONTENT="527" ID="tl_15_2" STYLEREFS="FONT0"/>
            <SP HEIGHT="51" WIDTH="21" VPOS="1117" HPOS="648"/>
            <String HEIGHT="51" WIDTH="150" VPOS="1117" HPOS="584" CONTENT="par" ID="tl_15_3" STYLEREFS="FONT0"/>
            <SP HEIGHT="51" WIDTH="21" VPOS="1117" HPOS="734"/>
            <String HEIGHT="51" WIDTH="300" VPOS="1117" HPOS="669" CONTENT="l’empereur" ID="tl_15_4" STYLEREFS="FONT0"/>
            <SP HEIGHT="51" WIDTH="21" VPOS="1117" HPOS="970"/>
            <String HEIGHT="51" WIDTH="257" VPOS="1117" HPOS="884" CONTENT="Justinien." ID="tl_15_5" STYLEREFS="FONT0"/>
          </TextLine>
        </TextBlock>
        <TextBlock ID="r_3_11" HEIGHT="383" WIDTH="1133" VPOS="1193" HPOS="450">
          <TextLine ID="tl_16" BASELINE="1234" HEIGHT="79" WIDTH="1105" VPOS="1155" HPOS="483">
            <String HEIGHT="79" WIDTH="133" VPOS="1155" HPOS="464" CONTENT="Les" ID="tl_16_1" STYLEREFS="FONT0"/>
            <SP HEIGHT="79" WIDTH="19" VPOS="1155" HPOS="597"/>
            <String HEIGHT="79" WIDTH="286" VPOS="1155" HPOS="540" CONTENT="catholiques" ID="tl_16_2" STYLEREFS="FONT0"/>
            <SP HEIGHT="79" WIDTH="19" VPOS="1155" HPOS="826"/>
            <String HEIGHT="79" WIDTH="114" VPOS="1155" HPOS="769" CONTENT="en" ID="tl_16_3" STYLEREFS="FONT0"/>
            <SP HEIGHT="79" WIDTH="19" VPOS="1155" HPOS="883"/>
            <String HEIGHT="79" WIDTH="191" VPOS="1155" HPOS="826" CONTENT="furent" ID="tl_16_4" STYLEREFS="FONT0"/>
            <SP HEIGHT="79" WIDTH="19" VPOS="1155" HPOS="1016"/>
            <String HEIGHT="79" WIDTH="229" VPOS="1155" HPOS="959" CONTENT="expulsés" ID="tl_16_5" STYLEREFS="FONT0"/>
            <SP HEIGHT="79" WIDTH="19" VPOS="1155" HPOS="1188"/>
            <String HEIGHT="79" WIDTH="95" VPOS="1155" HPOS="1131" CONTENT="à" ID="tl_16_6" STYLEREFS="FONT0"/>
            <SP HEIGHT="79" WIDTH="19" VPOS="1155" HPOS="1226"/>
            <String HEIGHT="79" WIDTH="114" VPOS="1155" HPOS="1169" CONTENT="la" ID="tl_16_7" STYLEREFS="FONT0"/>
            <SP HEIGHT="79" WIDTH="19" VPOS="1155" HPOS="1283"/>
            <String HEIGHT="79" WIDTH="133" VPOS="1155" HPOS="1226" CONTENT="fin" ID="tl_16_8" STYLEREFS="FONT0"/>
            <SP HEIGHT="79" WIDTH="19" VPOS="1155" HPOS="1359"/>
            <String HEIGHT="79" WIDTH="114" VPOS="1155" HPOS="1302" CONTENT="du" ID="tl_16_9" STYLEREFS="FONT0"/>
            <SP HEIGHT="79" WIDTH="19" VPOS="1155" HPOS="1417"/>
            <String HEIGHT="79" WIDTH="152" VPOS="1155" HPOS="1359" CONTENT="XVIe" ID="tl_16_10" STYLEREFS="FONT0"/>
            <SP HEIGHT="79" WIDTH="19" VPOS="1155" HPOS="1512"/>
            <String HEIGHT="79" WIDTH="152" VPOS="1155" HPOS="1436" CONTENT="siècle" ID="tl_16_11" STYLEREFS="FONT0"/>
          </TextLine>
          <TextLine ID="tl_17" BASELINE="1284" HEIGHT="48" WIDTH="1142" VPOS="1236" HPOS="445">
            <String HEIGHT="48" WIDTH="154" VPOS="1236" HPOS="423" CONTENT="par" ID="tl_17_1" STYLEREFS="FONT0"/>
            <SP HEIGHT="48" WIDTH="22" VPOS="1236" HPOS="577"/>
            <String HEIGHT="48" WIDTH="154" VPOS="1236" HPOS="511" CONTENT="les" ID="tl_17_2" STYLEREFS="FONT0"/>
            <SP HEIGHT="48" WIDTH="22" VPOS="1236" HPOS="665"/>
            <String HEIGHT="48" WIDTH="286" VPOS="1236" HPOS="599" CONTENT="chrétiens" ID="tl_17_3" STYLEREFS="FONT0"/>
            <SP HEIGHT="48" WIDTH="22" VPOS="1236" HPOS="884"/>
            <String HEIGHT="48" WIDTH="220" VPOS="1236" HPOS="818" CONTENT="grecs." ID="tl_17_4" STYLEREFS="FONT0"/>
            <SP HEIGHT="48" WIDTH="22" VPOS="1236" HPOS="1038"/>
            <String HEIGHT="48" WIDTH="132" VPOS="1236" HPOS="972" CONTENT="Ce" ID="tl_17_5" STYLEREFS="FONT0"/>
            <SP HEIGHT="48" WIDTH="22" VPOS="1236" HPOS="1104"/>
            <String HEIGHT="48" WIDTH="242" VPOS="1236" HPOS="1038" CONTENT="couvent" ID="tl_17_6" STYLEREFS="FONT0"/>
            <SP HEIGHT="48" WIDTH="22" VPOS="1236" HPOS="1280"/>
            <String HEIGHT="48" WIDTH="264" VPOS="1236" HPOS="1214" CONTENT="renferme" ID="tl_17_7" STYLEREFS="FONT0"/>
            <SP HEIGHT="48" WIDTH="22" VPOS="1236" HPOS="1477"/>
            <String HEIGHT="48" WIDTH="198" VPOS="1236" HPOS="1389" CONTENT="environ" ID="tl_17_8" STYLEREFS="FONT0"/>
          </TextLine>
          <TextLine ID="tl_18" BASELINE="1321" HEIGHT="49" WIDTH="1147" VPOS="1272" HPOS="443">
            <String HEIGHT="49" WIDTH="246" VPOS="1272" HPOS="423" CONTENT="soixante" ID="tl_18_1" STYLEREFS="FONT0"/>
            <SP HEIGHT="49" WIDTH="20" VPOS="1272" HPOS="668"/>
            <String HEIGHT="49" WIDTH="205" VPOS="1272" HPOS="607" CONTENT="moines" ID="tl_18_2" STYLEREFS="FONT0"/>
            <SP HEIGHT="49" WIDTH="20" VPOS="1272" HPOS="812"/>
            <String HEIGHT="49" WIDTH="123" VPOS="1272" HPOS="750" CONTENT="et" ID="tl_18_3" STYLEREFS="FONT0"/>
            <SP HEIGHT="49" WIDTH="20" VPOS="1272" HPOS="873"/>
            <String HEIGHT="49" WIDTH="184" VPOS="1272" HPOS="812" CONTENT="trois" ID="tl_18_4" STYLEREFS="FONT0"/>
            <SP HEIGHT="49" WIDTH="20" VPOS="1272" HPOS="996"/>
            <String HEIGHT="49" WIDTH="184" VPOS="1272" HPOS="935" CONTENT="cents" ID="tl_18_5" STYLEREFS="FONT0"/>
            <SP HEIGHT="49" WIDTH="20" VPOS="1272" HPOS="1119"/>
            <String HEIGHT="49" WIDTH="328" VPOS="1272" HPOS="1057" CONTENT="domestiques;" ID="tl_18_6" STYLEREFS="FONT0"/>
            <SP HEIGHT="49" WIDTH="20" VPOS="1272" HPOS="1385"/>
            <String HEIGHT="49" WIDTH="123" VPOS="1272" HPOS="1324" CONTENT="il" ID="tl_18_7" STYLEREFS="FONT0"/>
            <SP HEIGHT="49" WIDTH="20" VPOS="1272" HPOS="1447"/>
            <String HEIGHT="49" WIDTH="143" VPOS="1272" HPOS="1385" CONTENT="n’y" ID="tl_18_8" STYLEREFS="FONT0"/>
            <SP HEIGHT="49" WIDTH="20" VPOS="1272" HPOS="1529"/>
            <String HEIGHT="49" WIDTH="102" VPOS="1272" HPOS="1467" CONTENT="a" ID="tl_18_9" STYLEREFS="FONT0"/>
            <SP HEIGHT="49" WIDTH="20" VPOS="1272" HPOS="1570"/>
            <String HEIGHT="49" WIDTH="102" VPOS="1272" HPOS="1488" CONTENT="pas" ID="tl_18_10" STYLEREFS="FONT0"/>
          </TextLine>
          <TextLine ID="tl_19" BASELINE="1357" HEIGHT="46" WIDTH="1147" VPOS="1311" HPOS="443">
            <String HEIGHT="46" WIDTH="125" VPOS="1311" HPOS="422" CONTENT="de" ID="tl_19_1" STYLEREFS="FONT0"/>
            <SP HEIGHT="46" WIDTH="21" VPOS="1311" HPOS="547"/>
            <String HEIGHT="46" WIDTH="209" VPOS="1311" HPOS="485" CONTENT="porte:" ID="tl_19_2" STYLEREFS="FONT0"/>
            <SP HEIGHT="46" WIDTH="21" VPOS="1311" HPOS="693"/>
            <String HEIGHT="46" WIDTH="146" VPOS="1311" HPOS="631" CONTENT="les" ID="tl_19_3" STYLEREFS="FONT0"/>
            <SP HEIGHT="46" WIDTH="21" VPOS="1311" HPOS="777"/>
            <String HEIGHT="46" WIDTH="209" VPOS="1311" HPOS="714" CONTENT="moines" ID="tl_19_4" STYLEREFS="FONT0"/>
            <SP HEIGHT="46" WIDTH="21" VPOS="1311" HPOS="923"/>
            <String HEIGHT="46" WIDTH="146" VPOS="1311" HPOS="860" CONTENT="ont" ID="tl_19_5" STYLEREFS="FONT0"/>
            <SP HEIGHT="46" WIDTH="21" VPOS="1311" HPOS="1006"/>
            <String HEIGHT="46" WIDTH="167" VPOS="1311" HPOS="944" CONTENT="pris" ID="tl_19_6" STYLEREFS="FONT0"/>
            <SP HEIGHT="46" WIDTH="21" VPOS="1311" HPOS="1110"/>
            <String HEIGHT="46" WIDTH="188" VPOS="1311" HPOS="1048" CONTENT="cette" ID="tl_19_7" STYLEREFS="FONT0"/>
            <SP HEIGHT="46" WIDTH="21" VPOS="1311" HPOS="1235"/>
            <String HEIGHT="46" WIDTH="313" VPOS="1311" HPOS="1173" CONTENT="précaution," ID="tl_19_8" STYLEREFS="FONT0"/>
            <SP HEIGHT="46" WIDTH="21" VPOS="1311" HPOS="1486"/>
            <String HEIGHT="46" WIDTH="188" VPOS="1311" HPOS="1402" CONTENT="quelque" ID="tl_19_9" STYLEREFS="FONT0"/>
          </TextLine>
          <TextLine ID="tl_20" BASELINE="1407" HEIGHT="52" WIDTH="1145" VPOS="1355" HPOS="443">
            <String HEIGHT="52" WIDTH="300" VPOS="1355" HPOS="424" CONTENT="inconvénient" ID="tl_20_1" STYLEREFS="FONT0"/>
            <SP HEIGHT="52" WIDTH="19" VPOS="1355" HPOS="725"/>
            <String HEIGHT="52" WIDTH="206" VPOS="1355" HPOS="668" CONTENT="qu’elle" ID="tl_20_2" STYLEREFS="FONT0"/>
            <SP HEIGHT="52" WIDTH="19" VPOS="1355" HPOS="875"/>
            <String HEIGHT="52" WIDTH="263" VPOS="1355" HPOS="818" CONTENT="présentât," ID="tl_20_3" STYLEREFS="FONT0"/>
            <SP HEIGHT="52" WIDTH="19" VPOS="1355" HPOS="1081"/>
            <String HEIGHT="52" WIDTH="150" VPOS="1355" HPOS="1025" CONTENT="afin" ID="tl_20_4" STYLEREFS="FONT0"/>
            <SP HEIGHT="52" WIDTH="19" VPOS="1355" HPOS="1175"/>
            <String HEIGHT="52" WIDTH="188" VPOS="1355" HPOS="1119" CONTENT="d’être" ID="tl_20_5" STYLEREFS="FONT0"/>
            <SP HEIGHT="52" WIDTH="19" VPOS="1355" HPOS="1306"/>
            <String HEIGHT="52" WIDTH="225" VPOS="1355" HPOS="1250" CONTENT="toujours" ID="tl_20_6" STYLEREFS="FONT0"/>
            <SP HEIGHT="52" WIDTH="19" VPOS="1355" HPOS="1475"/>
            <String HEIGHT="52" WIDTH="94" VPOS="1355" HPOS="1419" CONTENT="à" ID="tl_20_7" STYLEREFS="FONT0"/>
            <SP HEIGHT="52" WIDTH="19" VPOS="1355" HPOS="1513"/>
            <String HEIGHT="52" WIDTH="150" VPOS="1355" HPOS="1438" CONTENT="l’abri" ID="tl_20_8" STYLEREFS="FONT0"/>
          </TextLine>
          <TextLine ID="tl_21" BASELINE="1449" HEIGHT="52" WIDTH="1146" VPOS="1397" HPOS="443">
            <String HEIGHT="52" WIDTH="188" VPOS="1397" HPOS="422" CONTENT="d’une" ID="tl_21_1" STYLEREFS="FONT0"/>
            <SP HEIGHT="52" WIDTH="21" VPOS="1397" HPOS="610"/>
            <String HEIGHT="52" WIDTH="271" VPOS="1397" HPOS="547" CONTENT="surprise." ID="tl_21_2" STYLEREFS="FONT0"/>
            <SP HEIGHT="52" WIDTH="21" VPOS="1397" HPOS="818"/>
            <String HEIGHT="52" WIDTH="146" VPOS="1397" HPOS="756" CONTENT="Les" ID="tl_21_3" STYLEREFS="FONT0"/>
            <SP HEIGHT="52" WIDTH="21" VPOS="1397" HPOS="901"/>
            <String HEIGHT="52" WIDTH="271" VPOS="1397" HPOS="839" CONTENT="voyageurs" ID="tl_21_4" STYLEREFS="FONT0"/>
            <SP HEIGHT="52" WIDTH="21" VPOS="1397" HPOS="1110"/>
            <String HEIGHT="52" WIDTH="104" VPOS="1397" HPOS="1047" CONTENT="y" ID="tl_21_5" STYLEREFS="FONT0"/>
            <SP HEIGHT="52" WIDTH="21" VPOS="1397" HPOS="1151"/>
            <String HEIGHT="52" WIDTH="167" VPOS="1397" HPOS="1089" CONTENT="sont" ID="tl_21_6" STYLEREFS="FONT0"/>
            <SP HEIGHT="52" WIDTH="21" VPOS="1397" HPOS="1256"/>
            <String HEIGHT="52" WIDTH="292" VPOS="1397" HPOS="1193" CONTENT="introduits" ID="tl_21_7" STYLEREFS="FONT0"/>
            <SP HEIGHT="52" WIDTH="21" VPOS="1397" HPOS="1485"/>
            <String HEIGHT="52" WIDTH="146" VPOS="1397" HPOS="1422" CONTENT="par" ID="tl_21_8" STYLEREFS="FONT0"/>
            <SP HEIGHT="52" WIDTH="21" VPOS="1397" HPOS="1568"/>
            <String HEIGHT="52" WIDTH="104" VPOS="1397" HPOS="1485" CONTENT="une" ID="tl_21_9" STYLEREFS="FONT0"/>
          </TextLine>
          <TextLine ID="tl_22" BASELINE="1486" HEIGHT="50" WIDTH="1144" VPOS="1436" HPOS="444">
            <String HEIGHT="50" WIDTH="221" VPOS="1436" HPOS="424" CONTENT="fenêtre" ID="tl_22_1" STYLEREFS="FONT0"/>
            <SP HEIGHT="50" WIDTH="20" VPOS="1436" HPOS="645"/>
            <String HEIGHT="50" WIDTH="221" VPOS="1436" HPOS="584" CONTENT="abritée" ID="tl_22_2" STYLEREFS="FONT0"/>
            <SP HEIGHT="50" WIDTH="20" VPOS="1436" HPOS="805"/>
            <String HEIGHT="50" WIDTH="140" VPOS="1436" HPOS="745" CONTENT="par" ID="tl_22_3" STYLEREFS="FONT0"/>
            <SP HEIGHT="50" WIDTH="20" VPOS="1436" HPOS="886"/>
            <String HEIGHT="50" WIDTH="120" VPOS="1436" HPOS="825" CONTENT="un" ID="tl_22_4" STYLEREFS="FONT0"/>
            <SP HEIGHT="50" WIDTH="20" VPOS="1436" HPOS="946"/>
            <String HEIGHT="50" WIDTH="221" VPOS="1436" HPOS="886" CONTENT="auvent," ID="tl_22_5" STYLEREFS="FONT0"/>
            <SP HEIGHT="50" WIDTH="20" VPOS="1436" HPOS="1106"/>
            <String HEIGHT="50" WIDTH="120" VPOS="1436" HPOS="1046" CONTENT="au" ID="tl_22_6" STYLEREFS="FONT0"/>
            <SP HEIGHT="50" WIDTH="20" VPOS="1436" HPOS="1167"/>
            <String HEIGHT="50" WIDTH="181" VPOS="1436" HPOS="1106" CONTENT="moyen" ID="tl_22_7" STYLEREFS="FONT0"/>
            <SP HEIGHT="50" WIDTH="20" VPOS="1436" HPOS="1287"/>
            <String HEIGHT="50" WIDTH="181" VPOS="1436" HPOS="1227" CONTENT="d’une" ID="tl_22_8" STYLEREFS="FONT0"/>
            <SP HEIGHT="50" WIDTH="20" VPOS="1436" HPOS="1407"/>
            <String HEIGHT="50" WIDTH="181" VPOS="1436" HPOS="1347" CONTENT="corde" ID="tl_22_9" STYLEREFS="FONT0"/>
            <SP HEIGHT="50" WIDTH="20" VPOS="1436" HPOS="1528"/>
            <String HEIGHT="50" WIDTH="140" VPOS="1436" HPOS="1448" CONTENT="qu’on" ID="tl_22_10" STYLEREFS="FONT0"/>
          </TextLine>
          <TextLine ID="tl_23" BASELINE="1528" HEIGHT="48" WIDTH="1145" VPOS="1480" HPOS="444">
            <String HEIGHT="48" WIDTH="164" VPOS="1480" HPOS="424" CONTENT="leur" ID="tl_23_1" STYLEREFS="FONT0"/>
            <SP HEIGHT="48" WIDTH="20" VPOS="1480" HPOS="587"/>
            <String HEIGHT="48" WIDTH="204" VPOS="1480" HPOS="526" CONTENT="envoie" ID="tl_23_2" STYLEREFS="FONT0"/>
            <SP HEIGHT="48" WIDTH="20" VPOS="1480" HPOS="730"/>
            <String HEIGHT="48" WIDTH="164" VPOS="1480" HPOS="669" CONTENT="avec" ID="tl_23_3" STYLEREFS="FONT0"/>
            <SP HEIGHT="48" WIDTH="20" VPOS="1480" HPOS="832"/>
            <String HEIGHT="48" WIDTH="123" VPOS="1480" HPOS="771" CONTENT="un" ID="tl_23_4" STYLEREFS="FONT0"/>
            <SP HEIGHT="48" WIDTH="20" VPOS="1480" HPOS="894"/>
            <String HEIGHT="48" WIDTH="184" VPOS="1480" HPOS="832" CONTENT="bâton" ID="tl_23_5" STYLEREFS="FONT0"/>
            <SP HEIGHT="48" WIDTH="20" VPOS="1480" HPOS="1016"/>
            <String HEIGHT="48" WIDTH="123" VPOS="1480" HPOS="955" CONTENT="au" ID="tl_23_6" STYLEREFS="FONT0"/>
            <SP HEIGHT="48" WIDTH="20" VPOS="1480" HPOS="1078"/>
            <String HEIGHT="48" WIDTH="184" VPOS="1480" HPOS="1017" CONTENT="bout," ID="tl_23_7" STYLEREFS="FONT0"/>
            <SP HEIGHT="48" WIDTH="20" VPOS="1480" HPOS="1201"/>
            <String HEIGHT="48" WIDTH="123" VPOS="1480" HPOS="1139" CONTENT="ou" ID="tl_23_8" STYLEREFS="FONT0"/>
            <SP HEIGHT="48" WIDTH="20" VPOS="1480" HPOS="1262"/>
            <String HEIGHT="48" WIDTH="143" VPOS="1480" HPOS="1201" CONTENT="une" ID="tl_23_9" STYLEREFS="FONT0"/>
            <SP HEIGHT="48" WIDTH="20" VPOS="1480" HPOS="1344"/>
            <String HEIGHT="48" WIDTH="204" VPOS="1480" HPOS="1282" CONTENT="petite" ID="tl_23_10" STYLEREFS="FONT0"/>
            <SP HEIGHT="48" WIDTH="20" VPOS="1480" HPOS="1487"/>
            <String HEIGHT="48" WIDTH="184" VPOS="1480" HPOS="1405" CONTENT="caisse." ID="tl_23_11" STYLEREFS="FONT0"/>
          </TextLine>
          <TextLine ID="tl_24" BASELINE="1588" HEIGHT="68" WIDTH="361" VPOS="1520" HPOS="530">
            <String HEIGHT="68" WIDTH="103" VPOS="1520" HPOS="513" CONTENT="H." ID="tl_24_1" STYLEREFS="FONT0"/>
            <SP HEIGHT="68" WIDTH="17" VPOS="1520" HPOS="616"/>
            <String HEIGHT="68" WIDTH="103" VPOS="1520" HPOS="564" CONTENT="1," ID="tl_24_2" STYLEREFS="FONT0"/>
            <SP HEIGHT="68" WIDTH="17" VPOS="1520" HPOS="668"/>
            <String HEIGHT="68" WIDTH="120" VPOS="1520" HPOS="616" CONTENT="30." ID="tl_24_3" STYLEREFS="FONT0"/>
            <SP HEIGHT="68" WIDTH="17" VPOS="1520" HPOS="736"/>
            <String HEIGHT="68" WIDTH="86" VPOS="1520" HPOS="685" CONTENT="—" ID="tl_24_4" STYLEREFS="FONT0"/>
            <SP HEIGHT="68" WIDTH="17" VPOS="1520" HPOS="771"/>
            <String HEIGHT="68" WIDTH="103" VPOS="1520" HPOS="719" CONTENT="L." ID="tl_24_5" STYLEREFS="FONT0"/>
            <SP HEIGHT="68" WIDTH="17" VPOS="1520" HPOS="822"/>
            <String HEIGHT="68" WIDTH="103" VPOS="1520" HPOS="771" CONTENT="1," ID="tl_24_6" STYLEREFS="FONT0"/>
            <SP HEIGHT="68" WIDTH="17" VPOS="1520" HPOS="874"/>
            <String HEIGHT="68" WIDTH="86" VPOS="1520" HPOS="805" CONTENT="04." ID="tl_24_7" STYLEREFS="FONT0"/>
          </TextLine>
        </TextBlock>
        <TextBlock ID="r_3_12" HEIGHT="41" WIDTH="282" VPOS="1576" HPOS="1257">
          <TextLine ID="tl_25" BASELINE="1630" HEIGHT="71" WIDTH="297" VPOS="1559" HPOS="1249">
            <String HEIGHT="71" WIDTH="186" VPOS="1559" HPOS="1230" CONTENT="(Salon" ID="tl_25_1" STYLEREFS="FONT0"/>
            <SP HEIGHT="71" WIDTH="19" VPOS="1559" HPOS="1416"/>
            <String HEIGHT="71" WIDTH="111" VPOS="1559" HPOS="1360" CONTENT="de" ID="tl_25_2" STYLEREFS="FONT0"/>
            <SP HEIGHT="71" WIDTH="19" VPOS="1559" HPOS="1472"/>
            <String HEIGHT="71" WIDTH="149" VPOS="1559" HPOS="1398" CONTENT="1845.)" ID="tl_25_3" STYLEREFS="FONT0"/>
          </TextLine>
        </TextBlock>
        <TextBlock ID="r_3_13" HEIGHT="97" WIDTH="1254" VPOS="1642" HPOS="327">
          <TextLine ID="tl_26" BASELINE="1698" HEIGHT="84" WIDTH="1269" VPOS="1614" HPOS="319">
            <String HEIGHT="84" WIDTH="151" VPOS="1614" HPOS="297" CONTENT="49." ID="tl_26_1" STYLEREFS="FONT0"/>
            <SP HEIGHT="84" WIDTH="22" VPOS="1614" HPOS="448"/>
            <String HEIGHT="84" WIDTH="516" VPOS="1614" HPOS="384" CONTENT="Saint-Jean-des-Rois," ID="tl_26_2" STYLEREFS="FONT0"/>
            <SP HEIGHT="84" WIDTH="22" VPOS="1614" HPOS="900"/>
            <String HEIGHT="84" WIDTH="108" VPOS="1614" HPOS="835" CONTENT="à" ID="tl_26_3" STYLEREFS="FONT0"/>
            <SP HEIGHT="84" WIDTH="22" VPOS="1614" HPOS="943"/>
            <String HEIGHT="84" WIDTH="237" VPOS="1614" HPOS="878" CONTENT="Tolède," ID="tl_26_4" STYLEREFS="FONT0"/>
            <SP HEIGHT="84" WIDTH="22" VPOS="1614" HPOS="1115"/>
            <String HEIGHT="84" WIDTH="215" VPOS="1614" HPOS="1050" CONTENT="fondée" ID="tl_26_5" STYLEREFS="FONT0"/>
            <SP HEIGHT="84" WIDTH="22" VPOS="1614" HPOS="1265"/>
            <String HEIGHT="84" WIDTH="129" VPOS="1614" HPOS="1201" CONTENT="en" ID="tl_26_6" STYLEREFS="FONT0"/>
            <SP HEIGHT="84" WIDTH="22" VPOS="1614" HPOS="1330"/>
            <String HEIGHT="84" WIDTH="194" VPOS="1614" HPOS="1265" CONTENT="1477," ID="tl_26_7" STYLEREFS="FONT0"/>
            <SP HEIGHT="84" WIDTH="22" VPOS="1614" HPOS="1459"/>
            <String HEIGHT="84" WIDTH="151" VPOS="1614" HPOS="1394" CONTENT="par" ID="tl_26_8" STYLEREFS="FONT0"/>
            <SP HEIGHT="84" WIDTH="22" VPOS="1614" HPOS="1545"/>
            <String HEIGHT="84" WIDTH="129" VPOS="1614" HPOS="1459" CONTENT="Fer" SUBS_TYPE="HypPart1" SUBS_CONTENT="Ferdinand" ID="tl_26_9" STYLEREFS="FONT0"/>
            <HYP CONTENT="-"/>
          </TextLine>
          <TextLine ID="tl_27" BASELINE="1753" HEIGHT="68" WIDTH="1072" VPOS="1685" HPOS="416">
            <String HEIGHT="68" WIDTH="210" VPOS="1685" HPOS="395" CONTENT="dinand" SUBS_TYPE="HypPart2" SUBS_CONTENT="Ferdinand" ID="tl_27_1" STYLEREFS="FONT0"/>
            <SP HEIGHT="68" WIDTH="21" VPOS="1685" HPOS="605"/>
            <String HEIGHT="68" WIDTH="105" VPOS="1685" HPOS="542" CONTENT="V" ID="tl_27_2" STYLEREFS="FONT0"/>
            <SP HEIGHT="68" WIDTH="21" VPOS="1685" HPOS="647"/>
            <String HEIGHT="68" WIDTH="126" VPOS="1685" HPOS="584" CONTENT="et" ID="tl_27_3" STYLEREFS="FONT0"/>
            <SP HEIGHT="68" WIDTH="21" VPOS="1685" HPOS="710"/>
            <String HEIGHT="68" WIDTH="568" VPOS="1685" HPOS="647" CONTENT="Isabelle-la-Catholique." ID="tl_27_4" STYLEREFS="FONT0"/>
            <SP HEIGHT="68" WIDTH="21" VPOS="1685" HPOS="1215"/>
            <String HEIGHT="68" WIDTH="147" VPOS="1685" HPOS="1152" CONTENT="Vue" ID="tl_27_5" STYLEREFS="FONT0"/>
            <SP HEIGHT="68" WIDTH="21" VPOS="1685" HPOS="1299"/>
            <String HEIGHT="68" WIDTH="273" VPOS="1685" HPOS="1215" CONTENT="intérieure." ID="tl_27_6" STYLEREFS="FONT0"/>
          </TextLine>
        </TextBlock>
        <TextBlock ID="r_3_14" HEIGHT="38" WIDTH="372" VPOS="1764" HPOS="538">
          <TextLine ID="tl_28" BASELINE="1813" HEIGHT="66" WIDTH="386" VPOS="1747" HPOS="530">
            <String HEIGHT="66" WIDTH="110" VPOS="1747" HPOS="512" CONTENT="H." ID="tl_28_1" STYLEREFS="FONT0"/>
            <SP HEIGHT="66" WIDTH="18" VPOS="1747" HPOS="622"/>
            <String HEIGHT="66" WIDTH="110" VPOS="1747" HPOS="567" CONTENT="1," ID="tl_28_2" STYLEREFS="FONT0"/>
            <SP HEIGHT="66" WIDTH="18" VPOS="1747" HPOS="677"/>
            <String HEIGHT="66" WIDTH="129" VPOS="1747" HPOS="622" CONTENT="30." ID="tl_28_3" STYLEREFS="FONT0"/>
            <SP HEIGHT="66" WIDTH="18" VPOS="1747" HPOS="751"/>
            <String HEIGHT="66" WIDTH="92" VPOS="1747" HPOS="695" CONTENT="—" ID="tl_28_4" STYLEREFS="FONT0"/>
            <SP HEIGHT="66" WIDTH="18" VPOS="1747" HPOS="787"/>
            <String HEIGHT="66" WIDTH="110" VPOS="1747" HPOS="732" CONTENT="L." ID="tl_28_5" STYLEREFS="FONT0"/>
            <SP HEIGHT="66" WIDTH="18" VPOS="1747" HPOS="842"/>
            <String HEIGHT="66" WIDTH="110" VPOS="1747" HPOS="787" CONTENT="1," ID="tl_28_6" STYLEREFS="FONT0"/>
            <SP HEIGHT="66" WIDTH="18" VPOS="1747" HPOS="898"/>
            <String HEIGHT="66" WIDTH="92" VPOS="1747" HPOS="824" CONTENT="04." ID="tl_28_7" STYLEREFS="FONT0"/>
          </TextLine>
        </TextBlock>
        <TextBlock ID="r_3_15" HEIGHT="43" WIDTH="281" VPOS="1799" HPOS="1258">
          <TextLine ID="tl_29" BASELINE="1860" HEIGHT="75" WIDTH="294" VPOS="1785" HPOS="1252">
            <String HEIGHT="75" WIDTH="184" VPOS="1785" HPOS="1234" CONTENT="(Salon" ID="tl_29_1" STYLEREFS="FONT0"/>
            <SP HEIGHT="75" WIDTH="18" VPOS="1785" HPOS="1417"/>
            <String HEIGHT="75" WIDTH="110" VPOS="1785" HPOS="1362" CONTENT="de" ID="tl_29_2" STYLEREFS="FONT0"/>
            <SP HEIGHT="75" WIDTH="18" VPOS="1785" HPOS="1473"/>
            <String HEIGHT="75" WIDTH="147" VPOS="1785" HPOS="1399" CONTENT="1855.)" ID="tl_29_3" STYLEREFS="FONT0"/>
          </TextLine>
        </TextBlock>
        <TextBlock ID="r_3_16" HEIGHT="169" WIDTH="1252" VPOS="1863" HPOS="328">
          <TextLine ID="tl_30" BASELINE="1927" HEIGHT="85" WIDTH="1266" VPOS="1842" HPOS="321">
            <String HEIGHT="85" WIDTH="200" VPOS="1842" HPOS="299" CONTENT="DEBAY" ID="tl_30_1" STYLEREFS="FONT0"/>
            <SP HEIGHT="85" WIDTH="22" VPOS="1842" HPOS="499"/>
            <String HEIGHT="85" WIDTH="533" VPOS="1842" HPOS="432" CONTENT="(AUGUSTE-HYACINTHE)," ID="tl_30_2" STYLEREFS="FONT0"/>
            <SP HEIGHT="85" WIDTH="22" VPOS="1842" HPOS="965"/>
            <String HEIGHT="85" WIDTH="200" VPOS="1842" HPOS="898" CONTENT="né" ID="tl_30_3" STYLEREFS="FONT2"/>
            <SP HEIGHT="85" WIDTH="22" VPOS="1842" HPOS="1098"/>
            <String HEIGHT="85" WIDTH="111" VPOS="1842" HPOS="1032" CONTENT="à" ID="tl_30_4" STYLEREFS="FONT2"/>
            <SP HEIGHT="85" WIDTH="22" VPOS="1842" HPOS="1143"/>
            <String HEIGHT="85" WIDTH="222" VPOS="1842" HPOS="1076" CONTENT="Nantes" ID="tl_30_5" STYLEREFS="FONT2"/>
            <SP HEIGHT="85" WIDTH="22" VPOS="1842" HPOS="1298"/>
            <String HEIGHT="85" WIDTH="378" VPOS="1842" HPOS="1209" CONTENT="(Loire" ID="tl_30_6" STYLEREFS="FONT2"/>
          </TextLine>
          <TextLine ID="tl_31" BASELINE="1988" HEIGHT="69" WIDTH="1212" VPOS="1919" HPOS="372">
            <String HEIGHT="69" WIDTH="313" VPOS="1919" HPOS="351" CONTENT="rieure)," ID="tl_31_1" STYLEREFS="FONT2"/>
            <SP HEIGHT="69" WIDTH="21" VPOS="1919" HPOS="665"/>
            <String HEIGHT="69" WIDTH="188" VPOS="1919" HPOS="602" CONTENT="élève" ID="tl_31_2" STYLEREFS="FONT2"/>
            <SP HEIGHT="69" WIDTH="21" VPOS="1919" HPOS="790"/>
            <String HEIGHT="69" WIDTH="125" VPOS="1919" HPOS="727" CONTENT="de" ID="tl_31_3" STYLEREFS="FONT2"/>
            <SP HEIGHT="69" WIDTH="21" VPOS="1919" HPOS="853"/>
            <String HEIGHT="69" WIDTH="188" VPOS="1919" HPOS="790" CONTENT="Gros," ID="tl_31_4" STYLEREFS="FONT2"/>
            <SP HEIGHT="69" WIDTH="21" VPOS="1919" HPOS="978"/>
            <String HEIGHT="69" WIDTH="188" VPOS="1919" HPOS="915" CONTENT="grand" ID="tl_31_5" STYLEREFS="FONT2"/>
            <SP HEIGHT="69" WIDTH="21" VPOS="1919" HPOS="1103"/>
            <String HEIGHT="69" WIDTH="167" VPOS="1919" HPOS="1041" CONTENT="prix" ID="tl_31_6" STYLEREFS="FONT2"/>
            <SP HEIGHT="69" WIDTH="21" VPOS="1919" HPOS="1208"/>
            <String HEIGHT="69" WIDTH="125" VPOS="1919" HPOS="1145" CONTENT="de" ID="tl_31_7" STYLEREFS="FONT2"/>
            <SP HEIGHT="69" WIDTH="21" VPOS="1919" HPOS="1271"/>
            <String HEIGHT="69" WIDTH="167" VPOS="1919" HPOS="1208" CONTENT="Rome" ID="tl_31_8" STYLEREFS="FONT2"/>
            <SP HEIGHT="69" WIDTH="21" VPOS="1919" HPOS="1375"/>
            <String HEIGHT="69" WIDTH="209" VPOS="1919" HPOS="1312" CONTENT="en" ID="tl_31_9" STYLEREFS="FONT2"/>
            <SP HEIGHT="69" WIDTH="21" VPOS="1919" HPOS="1521"/>
            <String HEIGHT="69" WIDTH="146" VPOS="1919" HPOS="1438" CONTENT="1823," ID="tl_31_10" STYLEREFS="FONT0"/>
          </TextLine>
          <TextLine ID="tl_32" BASELINE="2037" HEIGHT="72" WIDTH="1209" VPOS="1965" HPOS="375">
            <String HEIGHT="72" WIDTH="280" VPOS="1965" HPOS="357" CONTENT="chevalier" ID="tl_32_1" STYLEREFS="FONT2"/>
            <SP HEIGHT="72" WIDTH="18" VPOS="1965" HPOS="638"/>
            <String HEIGHT="72" WIDTH="105" VPOS="1965" HPOS="585" CONTENT="de" ID="tl_32_2" STYLEREFS="FONT2"/>
            <SP HEIGHT="72" WIDTH="18" VPOS="1965" HPOS="690"/>
            <String HEIGHT="72" WIDTH="105" VPOS="1965" HPOS="638" CONTENT="la" ID="tl_32_3" STYLEREFS="FONT2"/>
            <SP HEIGHT="72" WIDTH="18" VPOS="1965" HPOS="743"/>
            <String HEIGHT="72" WIDTH="350" VPOS="1965" HPOS="690" CONTENT="Légion-d’Honneur" ID="tl_32_4" STYLEREFS="FONT2"/>
            <SP HEIGHT="72" WIDTH="18" VPOS="1965" HPOS="1041"/>
            <String HEIGHT="72" WIDTH="175" VPOS="1965" HPOS="988" CONTENT="en" ID="tl_32_5" STYLEREFS="FONT2"/>
            <SP HEIGHT="72" WIDTH="18" VPOS="1965" HPOS="1163"/>
            <String HEIGHT="72" WIDTH="158" VPOS="1965" HPOS="1111" CONTENT="1864;" ID="tl_32_6" STYLEREFS="FONT0"/>
            <SP HEIGHT="72" WIDTH="18" VPOS="1965" HPOS="1269"/>
            <String HEIGHT="72" WIDTH="193" VPOS="1965" HPOS="1216" CONTENT="mort" ID="tl_32_7" STYLEREFS="FONT2"/>
            <SP HEIGHT="72" WIDTH="18" VPOS="1965" HPOS="1409"/>
            <String HEIGHT="72" WIDTH="175" VPOS="1965" HPOS="1356" CONTENT="en" ID="tl_32_8" STYLEREFS="FONT2"/>
            <SP HEIGHT="72" WIDTH="18" VPOS="1965" HPOS="1531"/>
            <String HEIGHT="72" WIDTH="123" VPOS="1965" HPOS="1461" CONTENT="1865." ID="tl_32_9" STYLEREFS="FONT0"/>
          </TextLine>
        </TextBlock>
        <TextBlock ID="r_3_17" HEIGHT="55" WIDTH="1108" VPOS="2054" HPOS="325">
          <TextLine ID="tl_33" BASELINE="2115" HEIGHT="81" WIDTH="1121" VPOS="2034" HPOS="318">
            <String HEIGHT="81" WIDTH="148" VPOS="2034" HPOS="297" CONTENT="50." ID="tl_33_1" STYLEREFS="FONT0"/>
            <SP HEIGHT="81" WIDTH="21" VPOS="2034" HPOS="445"/>
            <String HEIGHT="81" WIDTH="233" VPOS="2034" HPOS="381" CONTENT="Lucrèce" ID="tl_33_2" STYLEREFS="FONT0"/>
            <SP HEIGHT="81" WIDTH="21" VPOS="2034" HPOS="614"/>
            <String HEIGHT="81" WIDTH="212" VPOS="2034" HPOS="551" CONTENT="portée" ID="tl_33_3" STYLEREFS="FONT0"/>
            <SP HEIGHT="81" WIDTH="21" VPOS="2034" HPOS="762"/>
            <String HEIGHT="81" WIDTH="148" VPOS="2034" HPOS="699" CONTENT="sur" ID="tl_33_4" STYLEREFS="FONT0"/>
            <SP HEIGHT="81" WIDTH="21" VPOS="2034" HPOS="847"/>
            <String HEIGHT="81" WIDTH="127" VPOS="2034" HPOS="783" CONTENT="la" ID="tl_33_5" STYLEREFS="FONT0"/>
            <SP HEIGHT="81" WIDTH="21" VPOS="2034" HPOS="910"/>
            <String HEIGHT="81" WIDTH="190" VPOS="2034" HPOS="847" CONTENT="place" ID="tl_33_6" STYLEREFS="FONT0"/>
            <SP HEIGHT="81" WIDTH="21" VPOS="2034" HPOS="1037"/>
            <String HEIGHT="81" WIDTH="254" VPOS="2034" HPOS="974" CONTENT="publique" ID="tl_33_7" STYLEREFS="FONT0"/>
            <SP HEIGHT="81" WIDTH="21" VPOS="2034" HPOS="1227"/>
            <String HEIGHT="81" WIDTH="127" VPOS="2034" HPOS="1164" CONTENT="de" ID="tl_33_8" STYLEREFS="FONT0"/>
            <SP HEIGHT="81" WIDTH="21" VPOS="2034" HPOS="1291"/>
            <String HEIGHT="81" WIDTH="233" VPOS="2034" HPOS="1206" CONTENT="Collatie." ID="tl_33_9" STYLEREFS="FONT0"/>
          </TextLine>
        </TextBlock>
        <TextBlock ID="r_3_18" HEIGHT="43" WIDTH="762" VPOS="2116" HPOS="557">
          <TextLine ID="tl_34" BASELINE="2186" HEIGHT="85" WIDTH="777" VPOS="2101" HPOS="549">
            <String HEIGHT="85" WIDTH="104" VPOS="2101" HPOS="532" CONTENT="H." ID="tl_34_1" STYLEREFS="FONT0"/>
            <SP HEIGHT="85" WIDTH="17" VPOS="2101" HPOS="635"/>
            <String HEIGHT="85" WIDTH="104" VPOS="2101" HPOS="584" CONTENT="4," ID="tl_34_2" STYLEREFS="FONT0"/>
            <SP HEIGHT="85" WIDTH="17" VPOS="2101" HPOS="687"/>
            <String HEIGHT="85" WIDTH="121" VPOS="2101" HPOS="635" CONTENT="22." ID="tl_34_3" STYLEREFS="FONT0"/>
            <SP HEIGHT="85" WIDTH="17" VPOS="2101" HPOS="756"/>
            <String HEIGHT="85" WIDTH="86" VPOS="2101" HPOS="704" CONTENT="—" ID="tl_34_4" STYLEREFS="FONT0"/>
            <SP HEIGHT="85" WIDTH="17" VPOS="2101" HPOS="791"/>
            <String HEIGHT="85" WIDTH="104" VPOS="2101" HPOS="739" CONTENT="L." ID="tl_34_5" STYLEREFS="FONT0"/>
            <SP HEIGHT="85" WIDTH="17" VPOS="2101" HPOS="843"/>
            <String HEIGHT="85" WIDTH="155" VPOS="2101" HPOS="791" CONTENT="5,86." ID="tl_34_6" STYLEREFS="FONT0"/>
            <SP HEIGHT="85" WIDTH="17" VPOS="2101" HPOS="946"/>
            <String HEIGHT="85" WIDTH="86" VPOS="2101" HPOS="894" CONTENT="—" ID="tl_34_7" STYLEREFS="FONT0"/>
            <SP HEIGHT="85" WIDTH="17" VPOS="2101" HPOS="981"/>
            <String HEIGHT="85" WIDTH="138" VPOS="2101" HPOS="929" CONTENT="Fig." ID="tl_34_8" STYLEREFS="FONT0"/>
            <SP HEIGHT="85" WIDTH="17" VPOS="2101" HPOS="1067"/>
            <String HEIGHT="85" WIDTH="138" VPOS="2101" HPOS="1015" CONTENT="plus" ID="tl_34_9" STYLEREFS="FONT0"/>
            <SP HEIGHT="85" WIDTH="17" VPOS="2101" HPOS="1153"/>
            <String HEIGHT="85" WIDTH="121" VPOS="2101" HPOS="1102" CONTENT="gr." ID="tl_34_10" STYLEREFS="FONT0"/>
            <SP HEIGHT="85" WIDTH="17" VPOS="2101" HPOS="1222"/>
            <String HEIGHT="85" WIDTH="121" VPOS="2101" HPOS="1171" CONTENT="que" ID="tl_34_11" STYLEREFS="FONT0"/>
            <SP HEIGHT="85" WIDTH="17" VPOS="2101" HPOS="1291"/>
            <String HEIGHT="85" WIDTH="104" VPOS="2101" HPOS="1222" CONTENT="nat." ID="tl_34_12" STYLEREFS="FONT0"/>
          </TextLine>
        </TextBlock>
        <TextBlock ID="r_3_19" HEIGHT="43" WIDTH="295" VPOS="2162" HPOS="1244">
          <TextLine ID="tl_35" BASELINE="2224" HEIGHT="85" WIDTH="310" VPOS="2139" HPOS="1236">
            <String HEIGHT="85" WIDTH="194" VPOS="2139" HPOS="1217" CONTENT="(Salon" ID="tl_35_1" STYLEREFS="FONT0"/>
            <SP HEIGHT="85" WIDTH="19" VPOS="2139" HPOS="1410"/>
            <String HEIGHT="85" WIDTH="116" VPOS="2139" HPOS="1352" CONTENT="de" ID="tl_35_2" STYLEREFS="FONT0"/>
            <SP HEIGHT="85" WIDTH="19" VPOS="2139" HPOS="1469"/>
            <String HEIGHT="85" WIDTH="155" VPOS="2139" HPOS="1391" CONTENT="1831.)" ID="tl_35_3" STYLEREFS="FONT0"/>
          </TextLine>
        </TextBlock>
        <TextBlock ID="r_3_20" HEIGHT="171" WIDTH="1250" VPOS="2230" HPOS="327">
          <TextLine ID="tl_36" BASELINE="2298" HEIGHT="91" WIDTH="1264" VPOS="2207" HPOS="321">
            <String HEIGHT="91" WIDTH="248" VPOS="2207" HPOS="298" CONTENT="DECAMPS" ID="tl_36_1" STYLEREFS="FONT0"/>
            <SP HEIGHT="91" WIDTH="23" VPOS="2207" HPOS="547"/>
            <String HEIGHT="91" WIDTH="542" VPOS="2207" HPOS="479" CONTENT="(ALEXANDRE-GABRIEL)," ID="tl_36_2" STYLEREFS="FONT0"/>
            <SP HEIGHT="91" WIDTH="23" VPOS="2207" HPOS="1021"/>
            <String HEIGHT="91" WIDTH="203" VPOS="2207" HPOS="953" CONTENT="né" ID="tl_36_3" STYLEREFS="FONT2"/>
            <SP HEIGHT="91" WIDTH="23" VPOS="2207" HPOS="1156"/>
            <String HEIGHT="91" WIDTH="113" VPOS="2207" HPOS="1088" CONTENT="à" ID="tl_36_4" STYLEREFS="FONT2"/>
            <SP HEIGHT="91" WIDTH="23" VPOS="2207" HPOS="1201"/>
            <String HEIGHT="91" WIDTH="226" VPOS="2207" HPOS="1134" CONTENT="Paris," ID="tl_36_5" STYLEREFS="FONT2"/>
            <SP HEIGHT="91" WIDTH="23" VPOS="2207" HPOS="1359"/>
            <String HEIGHT="91" WIDTH="226" VPOS="2207" HPOS="1292" CONTENT="en" ID="tl_36_6" STYLEREFS="FONT2"/>
            <SP HEIGHT="91" WIDTH="23" VPOS="2207" HPOS="1517"/>
            <String HEIGHT="91" WIDTH="158" VPOS="2207" HPOS="1427" CONTENT="1803," ID="tl_36_7" STYLEREFS="FONT0"/>
          </TextLine>
          <TextLine ID="tl_37" BASELINE="2345" HEIGHT="58" WIDTH="1211" VPOS="2287" HPOS="373">
            <String HEIGHT="58" WIDTH="234" VPOS="2287" HPOS="353" CONTENT="élève" ID="tl_37_1" STYLEREFS="FONT2"/>
            <SP HEIGHT="58" WIDTH="20" VPOS="2287" HPOS="588"/>
            <String HEIGHT="58" WIDTH="195" VPOS="2287" HPOS="529" CONTENT="d’Abel" ID="tl_37_2" STYLEREFS="FONT2"/>
            <SP HEIGHT="58" WIDTH="20" VPOS="2287" HPOS="725"/>
            <String HEIGHT="58" WIDTH="117" VPOS="2287" HPOS="666" CONTENT="de" ID="tl_37_3" STYLEREFS="FONT2"/>
            <SP HEIGHT="58" WIDTH="20" VPOS="2287" HPOS="783"/>
            <String HEIGHT="58" WIDTH="195" VPOS="2287" HPOS="725" CONTENT="Pujol;" ID="tl_37_4" STYLEREFS="FONT2"/>
            <SP HEIGHT="58" WIDTH="20" VPOS="2287" HPOS="920"/>
            <String HEIGHT="58" WIDTH="254" VPOS="2287" HPOS="861" CONTENT="chevalier" ID="tl_37_5" STYLEREFS="FONT2"/>
            <SP HEIGHT="58" WIDTH="20" VPOS="2287" HPOS="1115"/>
            <String HEIGHT="58" WIDTH="117" VPOS="2287" HPOS="1057" CONTENT="de" ID="tl_37_6" STYLEREFS="FONT2"/>
            <SP HEIGHT="58" WIDTH="20" VPOS="2287" HPOS="1174"/>
            <String HEIGHT="58" WIDTH="117" VPOS="2287" HPOS="1115" CONTENT="la" ID="tl_37_7" STYLEREFS="FONT2"/>
            <SP HEIGHT="58" WIDTH="20" VPOS="2287" HPOS="1232"/>
            <String HEIGHT="58" WIDTH="430" VPOS="2287" HPOS="1154" CONTENT="Légion" ID="tl_37_8" STYLEREFS="FONT2"/>
          </TextLine>
          <TextLine ID="tl_38" BASELINE="2402" HEIGHT="76" WIDTH="903" VPOS="2326" HPOS="378">
            <String HEIGHT="76" WIDTH="192" VPOS="2326" HPOS="363" CONTENT="en" ID="tl_38_1" STYLEREFS="FONT2"/>
            <SP HEIGHT="76" WIDTH="15" VPOS="2326" HPOS="556"/>
            <String HEIGHT="76" WIDTH="133" VPOS="2326" HPOS="511" CONTENT="1839," ID="tl_38_2" STYLEREFS="FONT0"/>
            <SP HEIGHT="76" WIDTH="15" VPOS="2326" HPOS="644"/>
            <String HEIGHT="76" WIDTH="222" VPOS="2326" HPOS="600" CONTENT="officier" ID="tl_38_3" STYLEREFS="FONT2"/>
            <SP HEIGHT="76" WIDTH="15" VPOS="2326" HPOS="822"/>
            <String HEIGHT="76" WIDTH="148" VPOS="2326" HPOS="778" CONTENT="en" ID="tl_38_4" STYLEREFS="FONT2"/>
            <SP HEIGHT="76" WIDTH="15" VPOS="2326" HPOS="926"/>
            <String HEIGHT="76" WIDTH="133" VPOS="2326" HPOS="881" CONTENT="1851;" ID="tl_38_5" STYLEREFS="FONT0"/>
            <SP HEIGHT="76" WIDTH="15" VPOS="2326" HPOS="1015"/>
            <String HEIGHT="76" WIDTH="163" VPOS="2326" HPOS="970" CONTENT="mort" ID="tl_38_6" STYLEREFS="FONT2"/>
            <SP HEIGHT="76" WIDTH="15" VPOS="2326" HPOS="1133"/>
            <String HEIGHT="76" WIDTH="148" VPOS="2326" HPOS="1089" CONTENT="en" ID="tl_38_7" STYLEREFS="FONT2"/>
            <SP HEIGHT="76" WIDTH="15" VPOS="2326" HPOS="1237"/>
            <String HEIGHT="76" WIDTH="104" VPOS="2326" HPOS="1177" CONTENT="1860." ID="tl_38_8" STYLEREFS="FONT0"/>
          </TextLine>
        </TextBlock>
        <TextBlock ID="r_3_21" HEIGHT="49" WIDTH="390" VPOS="2425" HPOS="328">
          <TextLine ID="tl_39" BASELINE="2485" HEIGHT="78" WIDTH="404" VPOS="2407" HPOS="321">
            <String HEIGHT="78" WIDTH="141" VPOS="2407" HPOS="301" CONTENT="51." ID="tl_39_1" STYLEREFS="FONT0"/>
            <SP HEIGHT="78" WIDTH="20" VPOS="2407" HPOS="442"/>
            <String HEIGHT="78" WIDTH="202" VPOS="2407" HPOS="382" CONTENT="Satil," ID="tl_39_2" STYLEREFS="FONT0"/>
            <SP HEIGHT="78" WIDTH="20" VPOS="2407" HPOS="584"/>
            <String HEIGHT="78" WIDTH="222" VPOS="2407" HPOS="503" CONTENT="esquisse." ID="tl_39_3" STYLEREFS="FONT0"/>
          </TextLine>
        </TextBlock>
        <TextBlock ID="r_3_22" HEIGHT="35" WIDTH="213" VPOS="2486" HPOS="545">
          <TextLine ID="tl_40" BASELINE="2544" HEIGHT="72" WIDTH="228" VPOS="2472" HPOS="537">
            <String HEIGHT="72" WIDTH="65" VPOS="2472" HPOS="526" CONTENT="H." ID="tl_40_1" STYLEREFS="FONT0"/>
            <SP HEIGHT="72" WIDTH="11" VPOS="2472" HPOS="591"/>
            <String HEIGHT="72" WIDTH="65" VPOS="2472" HPOS="559" CONTENT="0," ID="tl_40_2" STYLEREFS="FONT0"/>
            <SP HEIGHT="72" WIDTH="11" VPOS="2472" HPOS="624"/>
            <String HEIGHT="72" WIDTH="76" VPOS="2472" HPOS="591" CONTENT="45." ID="tl_40_3" STYLEREFS="FONT0"/>
            <SP HEIGHT="72" WIDTH="11" VPOS="2472" HPOS="667"/>
            <String HEIGHT="72" WIDTH="54" VPOS="2472" HPOS="635" CONTENT="—" ID="tl_40_4" STYLEREFS="FONT0"/>
            <SP HEIGHT="72" WIDTH="11" VPOS="2472" HPOS="689"/>
            <String HEIGHT="72" WIDTH="65" VPOS="2472" HPOS="656" CONTENT="L." ID="tl_40_5" STYLEREFS="FONT0"/>
            <SP HEIGHT="72" WIDTH="11" VPOS="2472" HPOS="722"/>
            <String HEIGHT="72" WIDTH="65" VPOS="2472" HPOS="689" CONTENT="0," ID="tl_40_6" STYLEREFS="FONT0"/>
            <SP HEIGHT="72" WIDTH="11" VPOS="2472" HPOS="754"/>
            <String HEIGHT="72" WIDTH="54" VPOS="2472" HPOS="711" CONTENT="80." ID="tl_40_7" STYLEREFS="FONT0"/>
          </TextLine>
        </TextBlock>
        <TextBlock ID="r_4_1" HEIGHT="32" WIDTH="142" VPOS="2483" HPOS="776"/>
        <GraphicalElement ID="r_5" HEIGHT="9" WIDTH="163" VPOS="62" HPOS="51"/>
        <GraphicalElement ID="r_6" HEIGHT="318" WIDTH="19" VPOS="81" HPOS="3"/>
        <GraphicalElement ID="r_7" HEIGHT="975" WIDTH="24" VPOS="0" HPOS="1763"/>
        <GraphicalElement ID="r_8" HEIGHT="154" WIDTH="6" VPOS="975" HPOS="1781"/>
      </PrintSpace>
    </Page>
  </Layout>
</alto>
