1844 3134
629 362 286 83 PEINTURE.

1292 370 142 63 13

141 450 157 97 52.
230 450 135 97 La
298 450 292 97 Caravane,
499 450 247 97 esquisse.

358 530 111 68 H.
414 530 111 68 0,
470 530 130 68 60.
544 530 93 68 —
581 530 111 68 L.
637 530 111 68 1,
674 530 93 68 00.

146 586 279 91 DEHODENCQ
360 586 279 91 (ALFRED),
575 586 193 91 né
704 586 107 91 à
747 586 215 91 Paris,
897 586 193 91 élève
1026 586 129 91 de
1090 586 129 91 L.
1133 586 301 91 Cogniet

141 667 162 71 53.
234 667 232 71 Course
396 667 139 71 de
466 667 278 71 taureaux
675 667 139 71 en
721 667 232 71 Espagne.

362 725 100 75 H.
412 725 100 75 1,
463 725 117 75 50.
529 725 84 75 —
563 725 100 75 L.
613 725 100 75 2,
663 725 117 75 08.
730 725 84 75 —
763 725 134 75 Fig.
847 725 100 75 de
897 725 100 75 0,
930 725 84 75 45.

1074 763 191 79 (Salon
1207 763 114 79 de
1246 763 153 79 1850.)

149 835 284 87 DELACROIX
367 835 655 87 (FERDINAND-VICTOR-EUGÈNE),
957 835 196 87 né
1088 835 109 87 à
1110 835 327 87 Charenton

207 913 272 65 (Seine),
424 913 181 65 en
551 913 163 65 1798,
660 913 217 65 élève
822 913 109 65 de
877 913 109 65 P.
931 913 199 65 Guérin,
1076 913 235 65 chevalier
1257 913 109 65 de
1293 913 145 65 la

208 979 389 48 Légion-d’Honneur
546 979 169 48 en
664 979 152 48 1831,
766 979 254 48 officier
969 979 169 48 en
1087 979 152 48 1846,
1172 979 270 48 comman

206 1013 186 63 deur
341 1013 169 63 en
460 1013 152 63 1855,
561 1013 220 63 membre
731 1013 102 63 de
781 1013 237 63 l’Institut
967 1013 169 63 en
1086 1013 152 63 1857,
1187 1013 186 63 mort
1306 1013 135 63 en

174 1066 189 74 1863.

152 1145 146 67 54.
236 1145 188 67 Dante
361 1145 125 67 et
423 1145 250 67 Virgile,
611 1145 250 67 conduits
799 1145 146 67 par
882 1145 250 67 Plégias,
1070 1145 292 67 traversent
1299 1145 125 67 le
1341 1145 104 67 lac

297 1204 141 68 qui
377 1204 221 68 entoure
538 1204 121 68 la
599 1204 181 68 ville
720 1204 262 68 infernale
921 1204 121 68 de
961 1204 141 68 Dité.

319 1268 138 70 Des
398 1268 257 70 coupables
596 1268 296 70 s’attachent
832 1268 99 70 à
872 1268 118 70 la
931 1268 197 70 barque
1069 1268 118 70 et
1128 1268 296 70 s’efforcent
1345 1268 99 70 d’y

281 1319 214 60 entrer.
436 1319 175 60 Dante
553 1319 253 60 reconnait
748 1319 175 60 parmi
865 1319 136 60 eux
942 1319 136 60 des
1001 1319 253 60 Florentins.

371 1360 106 75 H.
424 1360 106 75 1,
477 1360 124 75 80.
548 1360 88 75 —
583 1360 106 75 L.
636 1360 106 75 2,
689 1360 124 75 40.
760 1360 88 75 —
795 1360 141 75 Fig.
866 1360 194 75 demi

1088 1398 186 71 (Salon
1219 1398 112 71 de
1256 1398 149 71 1822.)

155 1449 151 91 55.
242 1449 195 91 Scène
372 1449 151 91 des
458 1449 281 91 massacres
674 1449 130 91 de
718 1449 151 91 Scio.

325 1516 135 71 Des
402 1516 232 71 familles
576 1516 232 71 grecques
750 1516 251 71 attendent
943 1516 116 71 la
1001 1516 155 71 mort
1098 1516 116 71 ou
1136 1516 271 71 l’esclavage.

375 1582 103 85 H.
426 1582 103 85 4.
478 1582 120 85 22.
546 1582 86 85 —
580 1582 103 85 L.
632 1582 103 85 3,
683 1582 120 85 52.
752 1582 86 85 —
786 1582 137 85 Fig.
872 1582 120 85 gr.
923 1582 103 85 nat.

162 1647 145 113 56.
245 1647 124 113 Le
307 1647 124 113 28
369 1647 227 113 juillet
513 1647 145 113 1830.

1093 1631 185 73 (Salon
1222 1631 111 73 de
1259 1631 148 73 1824.)

330 1741 118 70 La
389 1741 217 70 Liberté
547 1741 217 70 guidant
705 1741 118 70 le
744 1741 178 70 peuple.

379 1802 112 60 H.
435 1802 112 60 2,
492 1802 131 60 60.
566 1802 94 60 —
604 1802 112 60 L.
660 1802 112 60 3,
716 1802 131 60 25.
791 1802 94 60 —
828 1802 150 60 Fig.
922 1802 131 60 gr.
978 1802 112 60 nat.

1080 1842 195 84 (Salon
1216 1842 117 84 de
1255 1842 156 84 1831.)

261 1905 146 78 57.
344 1905 208 78 Femmes
490 1905 229 78 d’Alger
657 1905 167 78 dans
761 1905 167 78 leur
844 1905 292 78 appartement.

383 1965 101 88 H.
434 1965 101 88 1,
484 1965 118 88 77.
552 1965 84 88 —
586 1965 101 88 L.
636 1965 101 88 2,
687 1965 118 88 27.
754 1965 84 88 —
788 1965 135 88 Fig.
872 1965 118 88 gr.
923 1965 101 88 nat.

1087 1969 192 121 (Salon
1221 1969 115 121 de
1260 1969 154 121 1834.)

262 2037 132 99 58.
338 2037 151 99 Noce
432 2037 170 99 juive
545 2037 151 99 dans
639 2037 113 99 le
677 2037 151 99 Maroc.

334 2126 146 71 Les
417 2126 208 71 Maures
563 2126 125 71 et
626 2126 146 71 les
709 2126 187 71 Juifs
834 2126 167 71 sont
938 2126 292 71 confondus.
1167 2126 125 71 La
1230 2126 208 71 mariée
1355 2126 104 71 est

295 2185 236 51 enfermée
473 2185 158 51 dans
571 2185 138 51 les
650 2185 315 51 appartements
906 2185 296 51 intérieurs,
1143 2185 197 51 tandis
1281 2185 177 51 qu’on
1379 2185 79 51 se

297 2227 206 57 réjouit
447 2227 150 57 dans
541 2227 112 57 le
597 2227 169 57 reste
709 2227 112 57 de
766 2227 112 57 la
822 2227 206 57 maison.
972 2227 131 57 Des
1047 2227 187 57 Maures
1178 2227 112 57 de
1215 2227 244 57 distinction

298 2268 217 57 donnent
456 2268 118 57 de
515 2268 237 57 l’argent
693 2268 158 57 pour
791 2268 138 57 des
870 2268 256 57 musiciens
1068 2268 138 57 qui
1146 2268 197 57 jouent
1284 2268 118 57 de
1324 2268 138 57 leurs

298 2308 312 55 instruments
548 2308 125 55 et
610 2308 250 55 chantent
798 2308 167 55 sans
902 2308 333 55 discontinuer
1173 2308 125 55 le
1235 2308 167 55 jour
1339 2308 125 55 et
1381 2308 83 55 la

302 2354 186 48 nuit;
426 2354 145 48 les
509 2354 207 48 femmes
654 2354 166 48 sont
758 2354 145 48 les
840 2354 207 48 senles
985 2354 145 48 qui
1068 2354 248 48 prennent
1254 2354 166 48 part
1358 2354 103 48 à
1378 2354 83 48 la

302 2397 194 68 danse,
437 2397 116 68 ce
495 2397 232 68 qu’elles
670 2397 155 68 font
767 2397 155 68 tour
863 2397 97 68 à
902 2397 155 68 tour
999 2397 116 68 et
1057 2397 136 68 aux
1115 2397 349 68 applaudissements

301 2433 124 56 de
343 2433 289 56 l’assemblée.

393 2475 104 96 H.
445 2475 104 96 1,
496 2475 121 96 04.
565 2475 86 96 —
600 2475 104 96 L.
652 2475 86 96 ,
686 2475 121 96 40.
755 2475 86 96 —
790 2475 138 96 Fig.
876 2475 104 96 de
928 2475 104 96 0,
963 2475 86 96 43.

1098 2509 191 83 (Salon
1232 2509 115 83 de
1270 2509 153 83 1841.)
