1769 3134
290 360 148 82 14

833 359 290 88 PEINTURE.

345 454 250 102 DELAROCHE
537 454 212 102 (PAUL),
691 454 173 102 né
806 454 96 102 à
845 454 173 102 Paris
960 454 192 102 en
1095 454 173 102 1797,
1210 454 231 102 élève
1383 454 115 102 de
1422 454 212 102 Gros;

400 528 299 71 chevalier
643 528 112 71 de
699 528 112 71 la
755 528 374 71 Légion-d’Honneur
1073 528 187 71 en
1203 528 168 71 1828,
1315 528 243 71 membre
1484 528 149 71 de

398 582 318 71 l'Institut
660 582 187 71 en
791 582 168 71 1832,
903 582 280 71 officier
1127 582 112 71 de
1183 582 112 71 la
1220 582 411 71 Légion

402 631 200 81 en
555 631 138 81 1834;
647 631 169 81 mort
770 631 154 81 en
862 631 108 81 1856.

334 719 162 92 59.
426 719 254 92 Edouard
611 719 139 92 V,
681 719 162 92 roi
773 719 231 92 mineur
935 719 393 92 d’Angleterre,
1258 719 139 92 et
1328 719 277 92 Richard,
1512 719 116 92 duc

477 773 237 74 d’York,
650 773 151 74 son
736 773 194 74 frère
844 773 172 74 puiné.

504 842 151 82 Ces
591 842 173 82 deux
699 842 259 82 princes,
893 842 259 82 enfermés
1087 842 173 82 dans
1195 842 130 82 la
1260 842 173 82 Tour
1368 842 130 82 de
1411 842 216 82 Londres,

467 894 196 86 furent
605 894 235 86 étouffés
781 894 137 86 par
859 894 137 86 les
938 894 196 86 ordres
1075 894 118 86 de
1134 894 216 86 Richard
1291 894 157 86 III,
1389 894 157 86 leur
1467 894 157 86 oncle,

463 947 278 71 usurpateur
682 947 119 71 de
742 947 179 71 leurs
841 947 179 71 droits.

550 997 111 85 H.
605 997 111 85 1,
660 997 129 85 80.
734 997 92 85 —
771 997 111 85 L.
826 997 111 85 2,
881 997 129 85 12.
955 997 92 85 —
992 997 147 85 Fig.
1084 997 129 85 gr.
1139 997 111 85 nat.

1253 1055 194 73 (Salon
1388 1055 116 73 de
1427 1055 155 73 1831.)

330 1135 272 87 DESGOFFE
534 1135 520 87 (BLAISE-ALEXANDRE),
987 1135 204 87 né
1122 1135 113 87 à
1168 1135 226 87 Paris,
1326 1135 204 87 élève
1439 1135 181 87 de

387 1201 170 82 M.
501 1201 246 82 Hippolyte
671 1201 284 82 Flandrin

323 1270 147 92 60.
407 1270 168 92 Vase
512 1270 315 92 d’améthyste
763 1270 189 92 (XVIe
868 1270 210 92 siècle).

543 1361 106 70 H.
596 1361 106 70 0,
650 1361 124 70 35.
720 1361 89 70 —
756 1361 106 70 L.
809 1361 106 70 0,
844 1361 89 70 27.

1225 1368 203 99 (Salon
1367 1368 122 99 de
1407 1368 162 99 1859.)

326 1451 153 79 61.
414 1451 175 79 Vase
523 1451 131 79 de
588 1451 240 79 cristal
763 1451 131 79 de
829 1451 197 79 roche
960 1451 131 79 du
1025 1451 175 79 XVIe
1134 1451 240 79 siècle;
1309 1451 306 79 escarcelle
1528 1451 87 79 de

465 1517 203 73 Henri
601 1517 158 73 II;
691 1517 203 73 émaux
826 1517 135 73 de
894 1517 180 73 Jean
1006 1517 270 73 Limosin,
1187 1517 135 73 etc.

490 1589 196 59 Objets
627 1589 176 59 tirés
745 1589 137 59 des
823 1589 293 59 collections
1058 1589 117 59 du
1116 1589 176 59 musée
1234 1589 117 59 du
1273 1589 176 59 Louvre.

538 1645 113 82 H.
595 1645 113 82 1,
652 1645 132 82 26.
727 1645 95 82 —
765 1645 113 82 L.
822 1645 113 82 0,
859 1645 95 82 95.

1239 1693 193 99 (Saloa
1374 1693 116 99 de
1412 1693 154 99 1863.)

319 1799 304 68 DESJOBERT
553 1799 562 68 (LOUIS-EEMI-EUGÈNE),
1044 1799 211 68 né
1185 1799 117 68 à
1208 1799 398 68 Châteauroux

376 1854 288 67 (Indre),
606 1854 173 67 élève
722 1854 115 67 de
779 1854 230 67 Jolivard
952 1854 115 67 et
1010 1854 115 67 de
1067 1854 115 67 M.
1125 1854 250 67 d’Aligny;
1298 1854 307 67 chevalierr

373 1918 167 74 de
485 1918 111 74 la
540 1918 371 74 Légion-d’Honneur
856 1918 186 74 en
986 1918 167 74 1863;
1097 1918 204 74 mort
1246 1918 186 74 en
1357 1918 130 74 1863.

310 1971 155 90 62.
398 1971 155 90 Les
465 1971 309 90 Paysagistes.

524 2043 114 78 H.
581 2043 114 78 0,
638 2043 133 78 76.
714 2043 95 78 —
751 2043 114 78 L.
808 2043 114 78 0,
846 2043 95 78 60.

1231 2103 191 85 (Salon
1365 2103 115 85 de
1403 2103 153 85 1861.)

310 2202 210 70 DESNOS
457 2202 168 70 (Mme
562 2202 252 70 LOUISE),
751 2202 189 70 né
877 2202 105 70 à
919 2202 210 70 Paris,
1067 2202 189 70 élève
1193 2202 126 70 de
1256 2202 126 70 M.
1298 2202 294 70 Hersent

304 2280 155 81 63.
392 2280 265 81 Portrait
591 2280 133 81 de
657 2280 155 81 Mme
746 2280 265 81 Hersent,
945 2280 155 81 née
1011 2280 221 81 Mauduit.

520 2352 110 61 H.
575 2352 110 61 1,
630 2352 128 61 32.
703 2352 92 61 —
740 2352 110 61 L.
795 2352 110 61 1,
831 2352 92 61 00.

1210 2375 199 98 (Salon
1350 2375 120 98 de
1390 2375 160 98 1835.)

467 2444 192 93 Donné
595 2444 128 93 en
659 2444 192 93 1862,
787 2444 128 93 au
851 2444 192 93 musée
980 2444 128 93 du
1044 2444 321 93 Luxembourg,
1300 2444 150 93 par
1386 2444 150 93 Mme
1450 2444 128 93 d’A-

430 2520 184 74 nisy,
552 2520 184 74 nièce
675 2520 123 74 de
736 2520 143 74 Mme
798 2520 204 74 Hersent.
