1811 3122
607 323 816 106 PEINTURE.
1172 323 251 106 15

139 435 218 79 DEVÉRIA
298 435 258 79 (EEGÈNE),
496 435 178 79 né
615 435 99 79 à
654 435 198 79 Paris,
793 435 178 79 élève
912 435 119 79 de
971 435 238 79 Girodet,
1130 435 297 79 chevalier

191 508 171 56 de
305 508 114 56 la
362 508 379 56 Légion-d’Honneur
684 508 190 56 en
817 508 171 56 1838;
931 508 209 56 mort
1082 508 190 56 en
1196 508 133 56 1865.

133 562 161 89 64.
225 562 138 89 La
294 562 299 89 naissance
524 562 138 89 de
593 562 207 89 Henri
708 562 115 89 IV.

306 640 174 57 Henri
422 640 252 57 d’Albret,
615 640 174 57 après
731 640 174 57 avoir
847 640 194 57 frotté
983 640 135 57 les
1060 640 194 57 lèvres
1196 640 116 57 de
1234 640 194 57 l’enfant

263 689 153 56 avec
358 689 115 56 de
416 689 172 56 l’ail
530 689 115 56 et
588 689 134 56 lui
664 689 172 56 avoir
779 689 153 56 fait
874 689 172 56 boire
989 689 115 56 du
1046 689 134 56 vin
1122 689 115 56 de
1180 689 248 56 Jurançon,
1352 689 76 56 le

262 740 229 47 présenta
434 740 114 47 au
491 740 210 47 peuple,
643 740 114 47 et
700 740 133 47 lui
777 740 210 47 demanda
929 740 210 47 comment
1082 740 114 47 il
1120 740 305 47 s’appellerait;

262 772 125 53 on
325 772 250 53 répondit
513 772 188 53 d’une
638 772 167 53 voix
742 772 250 53 unanime:
930 772 209 53 HENRI,
1076 772 188 53 comme
1201 772 146 53 son
1264 772 167 53 grand

234 820 153 73 père.

355 843 105 108 H.
407 843 105 108 4,
459 843 122 108 84.
529 843 87 108 —
564 843 105 108 L.
617 843 105 108 3,
669 843 122 108 92.
739 843 87 108 —
774 843 140 108 Fig.
861 843 140 108 plus
949 843 122 108 gr.
1019 843 122 108 que
1071 843 105 108 nat.

1070 902 186 78 (Salon
1201 902 112 78 de
1238 902 149 78 1827.)

143 968 234 74 DROLLING
319 968 391 74 (MICHEL-MARTIN),
651 968 176 74 né
769 968 98 74 à
808 968 176 74 Paris
925 968 195 74 en
1062 968 176 74 1786,
1159 968 274 74 élève

195 1040 198 66 de
327 1040 220 66 David;
481 1040 198 66 grand
613 1040 176 66 prix
723 1040 132 66 de
789 1040 176 66 Rome
899 1040 308 66 (Histoire)
1141 1040 220 66 en
1273 1040 154 66 1810,

198 1096 313 59 chevalier
452 1096 117 59 de
511 1096 117 59 la
570 1096 391 59 Légion-d’Honneur
902 1096 195 59 en
1038 1096 176 59 1825,
1136 1096 293 59 membre

201 1147 164 78 de
310 1147 273 78 l’Institut;
529 1147 146 78 mort
620 1147 182 78 en
729 1147 128 78 1851.

144 1209 148 88 65.
229 1209 127 88 La
292 1209 212 88 Force,
441 1209 212 88 figure
568 1209 297 88 allégorique.

348 1279 109 73 H.
402 1279 109 73 1,
457 1279 128 73 34.
530 1279 91 73 —
567 1279 109 73 L.
621 1279 109 73 1,
658 1279 91 73 78.

306 1333 234 69 Tableau
476 1333 255 69 commandé
667 1333 128 69 en
731 1333 191 69 1817,
858 1333 170 69 pour
965 1333 213 69 dessus
1113 1333 128 69 de
1177 1333 191 69 porte
1283 1333 149 69 d’une

269 1386 172 66 salle
384 1386 115 66 du
441 1386 211 66 Conseil
594 1386 211 66 d’Etat,
747 1386 115 66 au
786 1386 172 66 Louvre.

1052 1434 198 67 (Salon
1191 1434 119 67 de
1231 1434 159 67 1819.)

150 1498 175 91 DUVAL
266 1498 117 91 LE
325 1498 175 91 CAMUS
442 1498 428 91 (JULES-ALEXANDRE),
812 1498 175 91 né
929 1498 97 91 à
968 1498 273 91 Paris
1162 1498 273 91 élève

204 1573 182 67 de
325 1573 242 67 Drolling
507 1573 121 67 et
567 1573 121 67 de
628 1573 161 67 Paul
729 1573 283 67 Delaroche;
951 1573 262 67 chevalier
1152 1573 121 67 de
1213 1573 121 67 la
1253 1573 182 67 Lé

202 1625 398 76 gion-d’Honneur
543 1625 190 76 en
657 1625 133 76 1859.

146 1683 160 94 66.
238 1683 251 94 Jacques
398 1683 229 94 Clément.

366 1769 106 82 H.
419 1769 106 82 2,
473 1769 124 82 17.
543 1769 89 82 —
579 1769 106 82 L.
632 1769 106 82 1,
685 1769 124 82 45.
756 1769 89 82 —
791 1769 142 82 Fig.
880 1769 124 82 gr.
933 1769 106 82 nat.

1065 1788 193 99 (Salon
1200 1788 116 99 de
1239 1788 155 99 1861.)

150 1900 266 77 FAUVELET
349 1900 244 77 (JEAN),
527 1900 200 77 né
660 1900 111 77 à
704 1900 266 77 Bordeaux
904 1900 310 77 (Gironde),
1148 1900 200 77 élève
1259 1900 177 77 de

202 1959 206 81 Lacour

150 2036 148 76 67.
234 2036 253 76 Ascanio,
424 2036 253 76 ciseleur
614 2036 274 76 florentin
825 2036 127 76 du
888 2036 169 76 XVIe
994 2036 232 76 siècle,
1163 2036 190 76 élève
1289 2036 127 76 et
1332 2036 106 76 ami

-36 2088 220 62 de
74 2088 477 62 Benvenuto
404 2088 367 62 Cellini.

365 2123 102 97 H.
416 2123 102 97 0,
467 2123 119 97 22.
535 2123 85 97 —
569 2123 102 97 L.
620 2123 102 97 0,
671 2123 119 97 16.
739 2123 85 97 —
773 2123 136 97 Fig.
858 2123 102 97 de
909 2123 102 97 0,
960 2123 119 97 16.
1028 2123 85 97 —
1062 2123 153 97 Peint
1164 2123 119 97 sur
1215 2123 119 97 bois.

1082 2205 197 75 (Salon
1220 2205 118 75 de
1260 2205 158 75 1850.)

154 2264 205 97 FICHEL
298 2264 267 97 (EUGÈNE),
503 2264 185 97 né
626 2264 103 97 à
667 2264 205 97 Paris,
811 2264 185 97 élève
934 2264 123 97 de
996 2264 164 97 Paul
1078 2264 328 97 Delaroche

154 2361 147 82 68.
238 2361 273 82 L’arrivée
448 2361 105 82 à
469 2361 252 82 l’auberge.

372 2420 107 98 H.
426 2420 107 98 0,
479 2420 125 98 31.
551 2420 89 98 —
587 2420 107 98 L.
640 2420 107 98 0,
694 2420 125 98 41.
765 2420 89 98 —
801 2420 143 98 Fig.
890 2420 107 98 de
944 2420 107 98 0,
980 2420 89 98 15.

1065 2444 194 119 (Salon
1200 2444 116 119 de
1239 2444 155 119 1863.)
