1783 3131
250 342 142 71 16

787 341 293 73 PEINTURE.

298 415 263 96 FLANDRIN
496 415 461 96 (JEAN-HIPPOLYTE),
891 415 198 96 né
1022 415 110 96 à
1066 415 176 96 Lyon
1176 415 263 96 (Rhône),
1352 415 241 96 élève

352 506 189 64 de
478 506 126 64 M.
541 506 231 64 Ingres;
709 506 231 64 premier
877 506 294 64 grand-prix
1107 506 126 64 de
1170 506 168 64 Rome
1254 506 336 64 (Histoire)

353 547 202 81 1832,
487 547 359 81 chevalier
778 547 134 81 de
846 547 134 81 la
913 547 448 81 Légion-d’Honneur
1294 547 224 81 en
1428 547 157 81 1841,

357 613 250 60 officier
557 613 167 60 en
674 613 150 60 1853,
774 613 217 60 membre
940 613 100 60 de
990 613 233 60 l’Institut
1174 613 167 60 en
1290 613 150 60 1853;
1373 613 217 60 mort

356 652 144 87 à
446 652 144 87 Rome
536 652 180 87 en
645 652 126 87 1864.

297 718 153 75 69.
385 718 218 75 Figure
516 718 218 75 d’étude.

515 772 106 77 H.
568 772 106 77 0,
621 772 123 77 98.
692 772 88 77 —
727 772 106 77 L.
780 772 106 77 1,
832 772 106 77 4.
885 772 88 77 —
920 772 141 77 Fig.
1009 772 123 77 gr.
1061 772 106 77 nat.

1221 811 193 83 (Salon
1356 811 116 83 de
1395 811 155 83 1855.)

299 874 272 95 FLANDRIN
503 874 363 95 (JEAN-PAUL),
798 874 204 95 né
934 874 113 95 à
980 874 181 95 Lyon
1093 874 272 95 (Rhône),
1297 874 204 95 élève
1411 874 181 95 de

352 955 185 76 M.
476 955 226 76 Ingres;
640 955 267 76 chevalier
846 955 123 76 de
908 955 123 76 la
970 955 412 76 Légion-d’Honneur
1320 955 206 76 en
1443 955 144 76 1852.

296 1000 156 93 70.
385 1000 290 93 Montagnes
608 1000 134 93 de
675 1000 134 93 la
742 1000 223 93 Sabine
876 1000 268 93 (paysage).

515 1072 103 99 H.
566 1072 103 99 2,
618 1072 120 99 00.
686 1072 86 99 —
721 1072 103 99 L.
772 1072 103 99 1,
824 1072 120 99 52.
892 1072 86 99 —
927 1072 137 99 Fig.
1012 1072 103 99 de
1064 1072 103 99 0,
1098 1072 86 99 22.

1226 1089 188 118 (Salon
1358 1089 113 118 de
1396 1089 151 118 1852.)

298 1199 187 90 FLERS
423 1199 291 90 (CAMILLE),
652 1199 187 90 né
777 1199 104 90 à
819 1199 208 90 Paris,
964 1199 187 90 élève
1089 1199 125 90 de
1152 1199 125 90 M.
1214 1199 208 90 Paris,
1339 1199 250 90 cheva

353 1248 211 79 tier
506 1248 115 79 de
563 1248 115 79 la
621 1248 383 79 Légion-d’Honneur
946 1248 191 79 en
1061 1248 134 79 1849.

296 1317 156 85 71.
385 1317 245 85 Paysage
563 1317 290 85 (environs
786 1317 134 85 de
830 1317 201 85 Paris).

515 1373 107 88 H.
569 1373 107 88 1,
622 1373 107 88 2.
676 1373 89 88 —
712 1373 107 88 L.
765 1373 107 88 1,
801 1373 89 88 46.

1225 1369 190 108 (Salon
1358 1369 114 108 de
1396 1369 152 108 1855.)

296 1490 285 74 FORESTIER
515 1490 416 74 (HENRI-JOSEPH),
866 1490 197 74 né
997 1490 110 74 à
1041 1490 416 74 Saint-Dominque,
1370 1490 219 74 pre

349 1567 216 55 mier
506 1567 177 55 grand
624 1567 157 55 prix
722 1567 118 55 de
781 1567 157 55 Rome
879 1567 196 55 en
1016 1567 177 55 1813,
1134 1567 314 55 chevalier
1389 1567 118 55 de
1428 1567 157 55 la

352 1606 451 83 Légion-d’Honneur
744 1606 196 83 en
862 1606 137 83 1832.

291 1687 165 80 72.
386 1687 212 80 Jésus
527 1687 259 80 -Christ
715 1687 330 80 guérissant
974 1687 141 80 un
1045 1687 212 80 jeune
1186 1687 212 80 homme
1327 1687 259 80 possédé
1492 1687 94 80 du

405 1736 217 64 démon.

515 1766 102 119 H.
566 1766 102 119 3,
617 1766 118 119 17.
684 1766 85 119 —
718 1766 102 119 L.
769 1766 102 119 2,
820 1766 118 119 14.
887 1766 85 119 —
921 1766 135 119 Fig.
1006 1766 118 119 gr.
1056 1766 102 119 nat.

1227 1818 186 78 (Salon
1358 1818 112 78 de
1395 1818 149 78 1827.)

300 1901 207 77 FORTIN
445 1901 290 77 (CHARLES),
674 1901 187 77 né
798 1901 104 77 à
839 1901 207 77 Paris,
985 1901 187 77 élève
1109 1901 124 77 de
1171 1901 270 77 Roqueplan
1379 1901 124 77 et
1420 1901 166 77 de

353 1957 184 78 M.
475 1957 225 78 Beaume,
639 1957 266 78 chevalier
844 1957 123 78 de
906 1957 123 78 la
967 1957 410 78 Légion-d’Honneur
1316 1957 205 78 en
1439 1957 143 78 1861.

301 2033 114 78 73.
366 2033 98 78 Le
399 2033 326 78 Benedicite

513 2092 104 80 H.
565 2092 104 80 0,
617 2092 121 80 60.
686 2092 87 80 —
721 2092 104 80 L.
773 2092 104 80 0,
807 2092 87 80 48.

1224 2119 188 85 (Salon
1356 2119 113 85 de
1393 2119 150 85 1855.)

296 2216 257 68 FRANÇAIS
488 2216 449 68 (LOUIS-FRANÇOIS),
873 2216 193 68 né
1001 2216 107 68 à
1044 2216 299 68 Plombières
1258 2216 321 68 (Vosges)

349 2281 243 77 élève
531 2281 122 77 de
592 2281 142 77 MM.
673 2281 203 77 Gigoux
815 2281 122 77 et
875 2281 203 77 Corot,
1017 2281 263 77 chevalier
1220 2281 122 77 de
1280 2281 122 77 la
1321 2281 263 77 Légion

350 2321 301 79 d’Honncur
595 2321 188 79 en
707 2321 132 79 1853.

292 2386 147 74 74.
376 2386 126 74 La
439 2386 147 74 fin
523 2386 126 74 de
565 2386 210 74 l’hiver.

514 2420 97 93 H.
562 2420 97 93 1,
611 2420 113 93 00.
676 2420 81 93 —
708 2420 97 93 L.
757 2420 97 93 0,
789 2420 81 93 92.

1229 2459 182 89 (Salon
1356 2459 109 89 de
1393 2459 146 89 1853.)
