1780 3143
258 327 150 101 20

804 330 292 97 PEINTURE.

439 413 132 94 et
505 413 220 94 nombre
659 413 308 94 d’enfants,
901 413 198 94 prend
1033 413 176 94 feu,
1142 413 242 94 pendant
1318 413 154 94 une
1384 413 220 94 tempête,

440 479 163 61 dans
542 479 123 61 la
603 479 163 61 baie
705 479 123 61 de
746 479 204 61 Biscaye.

482 499 148 85 Les
567 499 297 85 malheureux
800 499 276 85 passagers
1012 499 212 85 furent
1160 499 403 85 miraculeusement
1478 499 127 85 sau-

443 567 116 58 vés
510 567 116 58 par
576 567 99 58 le
625 567 149 58 brick
725 567 182 58 anglais
857 567 149 58 la
940 567 231 58 Cambria

480 597 127 61 Le
543 597 212 61 moment
692 597 297 61 représenté
925 597 148 61 est
1010 597 191 61 celui
1137 597 127 61 où
1201 597 191 61 l’une
1328 597 148 61 des
1392 597 212 61 embarca-

442 632 175 72 tions
558 632 194 72 reçoit
694 632 136 72 les
771 632 194 72 femmes
907 632 116 72 et
965 632 136 72 les
1043 632 213 72 enfants
1198 632 136 72 que
1275 632 194 72 l’état
1411 632 116 72 de
1469 632 116 72 la
1508 632 97 72 mer

439 699 266 50 obligeait
643 699 123 50 de
704 699 266 50 descendre
909 699 123 50 du
970 699 164 50 haut
1072 699 123 50 de
1134 699 123 50 la
1195 699 204 50 poupe,
1338 699 143 50 par
1420 699 123 50 le
1461 699 143 50 moyen

440 735 159 63 d’un
539 735 238 63 cordage,
718 735 198 63 auquel
857 735 119 63 on
916 735 139 63 les
996 735 258 63 attachait
1194 735 159 63 deux
1293 735 99 63 a
1313 735 139 63 deux.

533 786 103 95 H.
584 786 103 95 2,
635 786 120 95 64.
704 786 85 95 —
738 786 103 95 L.
789 786 103 95 4,
824 786 85 95 20.

1239 814 194 108 (Salon
1374 814 116 108 de
1413 814 155 108 1827.)

315 942 205 63 HÉBERT
458 942 594 63 (ERNEST-ANTOINE-AUGUSTE),
990 942 184 63 né
1113 942 102 63 à
1154 942 246 63 Grenoble
1317 942 287 63 (Isère)

364 1001 262 74 élève
560 1001 131 74 de
626 1001 196 74 David
757 1001 262 74 d’Angers
953 1001 131 74 et
1018 1001 131 74 de
1084 1001 131 74 P.
1149 1001 305 74 Delaroche,
1367 1001 240 74 grand

365 1053 201 82 prix
511 1053 109 82 de
565 1053 146 82 Rome
657 1053 274 82 (Histoire),
875 1053 182 82 en
1003 1053 164 82 1839,
1113 1053 292 82 chevalier
1350 1053 109 82 de
1404 1053 109 82 la
1441 1053 164 82 Lé

365 1108 411 82 gion-d’Honneur
718 1108 196 82 en
835 1108 137 82 1853.

309 1181 157 79 88.
398 1181 134 79 La
443 1181 246 79 Mal’aria.

476 1240 243 97 Famille
653 1240 288 97 italienne
874 1240 221 97 fuyant
1029 1240 133 97 la
1095 1240 288 97 contagion
1316 1240 288 97 (campagne
1516 1240 88 97 de

404 1301 205 82 Rome).

530 1368 99 74 H.
580 1368 99 74 1,
630 1368 116 74 35.
696 1368 83 74 —
729 1368 99 74 L.
779 1368 99 74 1,
829 1368 116 74 92.
895 1368 83 74 —
928 1368 133 74 Fig.
1011 1368 99 74 de
1061 1368 99 74 0,
1094 1368 83 74 65.

1242 1398 189 116 (Salon
1374 1398 113 116 de
1412 1398 151 116 1850.)

308 1456 157 105 89.
397 1456 135 105 Le
465 1456 225 105 baiser
622 1456 135 105 de
667 1456 180 105 Judas.

529 1545 102 72 H.
580 1545 102 72 2,
631 1545 119 72 55.
699 1545 85 72 —
733 1545 102 72 L.
784 1545 102 72 1,
835 1545 119 72 86.
903 1545 85 72 —
937 1545 136 72 Fig.
1022 1545 119 72 gr.
1073 1545 102 72 nat.

1247 1587 186 104 (Salon
1377 1587 111 104 de
1415 1587 149 104 1853.)

307 1670 153 63 90.
395 1670 153 63 Les
482 1670 328 63 Cervarolles
723 1670 394 63 (États

529 1724 107 93 H.
583 1724 107 93 2,
636 1724 125 93 88.
708 1724 89 93 —
743 1724 107 93 L.
797 1724 107 93 1,
833 1724 89 93 75.

1218 1784 199 83 (Salon
1357 1784 119 83 de
1397 1784 159 83 1859.)

308 1873 254 100 HÉDOUIN
493 1873 300 100 (EDMOND),
724 1873 208 100 né
862 1873 115 100 à
908 1873 462 100 Boulogne-sur-Mer
1278 1873 323 100 (Pas

370 1941 285 84 Calais),
598 1941 171 84 élève
712 1941 114 84 de
769 1941 114 84 M.
827 1941 228 84 Célestin
979 1941 285 84 Nanteuil

308 2022 162 69 91.
400 2022 300 69 Glaneuses
631 2022 116 69 à
678 2022 347 69 Chambaudoin
932 2022 254 69 (Loiret).

526 2091 102 85 H.
577 2091 102 85 1,
628 2091 119 85 52.
696 2091 85 85 —
731 2091 102 85 L.
782 2091 102 85 2,
833 2091 119 85 60.
901 2091 85 85 —
935 2091 136 85 Fig.
1020 2091 102 85 de
1072 2091 102 85 0,
1106 2091 85 85 35.

1221 2104 196 105 (Salon
1358 2104 117 105 de
1398 2104 157 105 1857.)

310 2213 283 75 HEILBUTHI
528 2213 348 75 (FERDINAND),
811 2213 196 75 né
941 2213 109 75 à
985 2213 261 75 Hambourg
1181 2213 218 75 (ville
1311 2213 283 75 hanséa

364 2280 281 92 tique);
585 2280 261 92 chevalier
786 2280 121 92 de
846 2280 121 92 la
906 2280 402 92 Légion-d’Honneur
1248 2280 201 92 en
1368 2280 141 92 1861.

305 2357 168 80 92.
401 2357 144 80 Le
449 2357 384 80 Mont

517 2425 118 109 H.
576 2425 118 109 1,
636 2425 118 109 8.
695 2425 99 109 —
734 2425 118 109 L.
793 2425 118 109 1,
833 2425 99 109 32.

1230 2455 188 121 (Salon
1362 2455 113 121 de
1400 2455 151 121 1861.)
