1811 3125
633 325 292 84 PEINTURE.

1294 309 150 93 21

152 420 165 79 HEIM
255 420 453 79 (FRANÇOIS-JOSEPH),
646 420 185 79 né
770 420 103 79 à
811 420 226 79 Belfort
976 420 329 79 (Haut-Rhin),
1223 420 226 79 élève

208 476 167 67 de
319 476 222 67 Vincent;
485 476 167 67 grand
596 476 148 67 prix
689 476 111 67 de
744 476 148 67 Rome
837 476 185 67 en
966 476 167 67 1807,
1077 476 296 67 chevalier
1299 476 148 67 de

207 537 174 63 la
323 537 387 63 Légion-d’Honneur
652 537 193 63 en
787 537 174 63 1825,
903 537 252 63 membre
1097 537 116 63 de
1135 537 310 63 l’Institut

209 597 191 70 en
356 597 132 70 1829,
444 597 220 70 officier
620 597 147 70 en
708 597 103 70 1855.

153 659 128 68 93.
226 659 164 68 Sujet
335 659 146 68 tiré
426 659 109 68 de
481 659 310 68 l'Histoire
736 659 128 68 des
809 659 255 68 Juifs
1010 659 128 68 par
1065 659 182 68 JOSÈPHe.

317 730 147 50 Sur
401 730 126 50 la
464 730 147 50 foi
547 730 147 50 des
631 730 168 50 faux
736 730 293 50 prophêtes,
966 730 126 50 un
1029 730 209 50 nombre
1155 730 293 50 considérable

278 769 249 53 d’hommes,
469 769 115 53 de
527 769 192 53 femmes
661 769 115 53 et
718 769 249 53 d’enfants
910 769 249 53 s’étaient
1101 769 230 53 réfugiés
1274 769 153 53 dans
1350 769 96 53 une

278 813 143 54 des
359 813 184 54 cours
482 813 123 54 du
544 813 205 54 temple
687 813 123 54 de
748 813 287 54 Jérusalem,
973 813 225 54 croyant
1137 813 164 54 être
1219 813 225 54 épargnés;

274 860 159 49 mais
373 860 139 49 ils
453 860 199 49 furent
592 860 159 49 tous
691 860 278 49 massacrés.
910 860 119 49 Un
969 860 159 49 Juif
1069 860 218 49 cherche
1228 860 99 49 à
1247 860 199 49 défendre

279 896 119 53 sa
339 896 178 53 femme
457 896 119 53 et
517 896 138 53 son
596 896 198 53 enfant
734 896 257 53 renversés
932 896 138 53 par
1011 896 119 53 un
1070 896 198 53 soldat
1209 896 237 53 furieux,
1367 896 79 53 et

280 937 191 51 foulés
413 937 133 51 aux
490 937 172 51 pieds
604 937 114 51 de
661 937 133 51 son
718 937 172 51 cheval.

366 986 105 81 H.
418 986 105 81 3,
470 986 122 81 92.
540 986 87 81 —
575 986 105 81 L.
628 986 105 81 4,
680 986 122 81 60.
750 986 87 81 —
785 986 140 81 Fig.
872 986 140 81 plus
960 986 122 81 gr.
1030 986 122 81 que
1082 986 105 81 nat.

1086 1036 186 78 (Salon
1216 1036 111 78 de
1254 1036 149 78 1824.)

153 1109 159 82 94.
244 1109 136 82 Le
312 1109 159 82 roi
403 1109 249 82 Charles
584 1109 113 82 X
629 1109 340 82 distribuant
901 1109 159 82 des
992 1109 340 82 récompenses
1264 1109 159 82 aux
1332 1109 113 82 ar

301 1172 199 60 tistes
441 1172 100 60 à
480 1172 120 60 la
540 1172 139 60 fin
620 1172 120 60 de
680 1172 319 60 l’exposition
939 1172 120 60 de
979 1172 139 60 1824.

317 1224 123 59 Le
378 1224 205 59 moment
521 1224 287 59 représenté
747 1224 143 59 est
829 1224 184 59 celui
951 1224 123 59 où
1013 1224 287 59 Cartellier
1238 1224 205 59 reçoit
1361 1224 82 59 du

276 1271 144 57 roi
359 1271 123 57 le
420 1271 205 57 cordon
564 1271 123 57 de
625 1271 349 57 Saint-Michel;
913 1271 185 57 Carle
1036 1271 205 57 Vernet
1179 1271 185 57 vient
1302 1271 123 57 de
1343 1271 103 57 re-

275 1315 190 67 cevoir
408 1315 114 67 le
446 1315 133 67 sien.

369 1351 103 92 H.
420 1351 103 92 1,
472 1351 120 92 72.
540 1351 86 92 —
574 1351 103 92 L.
625 1351 103 92 2,
677 1351 120 92 58.
745 1351 86 92 —
779 1351 137 92 Fig.
865 1351 103 92 de
916 1351 103 92 0,
950 1351 86 92 54.

1086 1385 186 92 (Salon
1216 1385 111 92 de
1254 1385 149 92 1827.)

154 1483 218 63 HERSENT
313 1483 238 63 (LOUIS),
492 1483 179 63 né
611 1483 99 63 à
650 1483 198 63 Paris,
789 1483 198 63 en
928 1483 179 63 1777,
1047 1483 238 63 élève
1226 1483 119 63 de
1265 1483 179 63 Re

202 1546 304 64 gnault:
441 1546 282 64 chevalier
658 1546 130 64 de
723 1546 130 64 la
788 1546 434 64 Légion-d’Honneur
1157 1546 217 64 en
1287 1546 152 64 1819,

208 1589 217 95 membre
375 1589 100 95 de
426 1589 234 95 l’Institut
609 1589 167 95 en
726 1589 150 95 1822,
827 1589 251 95 officier
1027 1589 167 95 en
1144 1589 150 95 1824,
1228 1589 217 95 mort

212 1640 173 91 en
332 1640 93 91 1860.

149 1700 162 64 95.
241 1700 162 64 Les
334 1700 301 64 religieux
565 1700 139 64 du
635 1700 185 64 mont
750 1700 393 64 Saint-Gothard
1074 1700 254 64 donnant
1259 1700 162 64 des
1328 1700 116 64 se

292 1764 199 60 cours
424 1764 110 60 à
469 1764 155 60 une
557 1764 243 60 famille
734 1764 155 60 que
822 1764 155 60 des
911 1764 265 60 brigands
1110 1764 155 60 ont
1176 1764 265 60 dépouillée

294 1812 186 64 dans
410 1812 139 64 la
456 1812 256 64 montagne.

349 1870 101 68 H.
400 1870 101 68 1,
450 1870 118 68 34.
518 1870 84 68 —
551 1870 101 68 L.
602 1870 101 68 1,
653 1870 118 68 38.
720 1870 84 68 —
754 1870 135 68 Fig.
838 1870 101 68 0,
872 1870 84 68 60.

152 1936 249 91 HERSENT
334 1936 544 91 (LOUISE-MARIE-JEANNE
810 1936 272 91 MAUDUIT,
1014 1936 204 91 Mme),
1150 1936 227 91 née
1286 1936 159 91 à

211 2000 197 80 Paris
359 2000 164 80 en
474 2000 148 80 1784,
572 2000 197 80 morte
720 2000 164 80 en
819 2000 115 80 1862.

150 2077 146 76 96.
234 2077 188 76 Louis
359 2077 146 76 XIV
443 2077 272 76 bénissant
652 2077 146 76 son
735 2077 230 76 arrière
881 2077 272 76 petit

315 2135 132 66 Ce
381 2135 287 66 monarque,
602 2135 243 66 sachant
778 2135 199 66 qu’il
911 2135 243 66 n’avait
1087 2135 176 66 plus
1197 2135 154 66 que
1286 2135 154 66 peu
1352 2135 88 66 de

273 2183 162 56 jours
381 2183 90 56 à
417 2183 180 56 vivre,
543 2183 144 56 fait
633 2183 162 56 venir
741 2183 126 56 son
813 2183 198 56 arrière
957 2183 252 56 petit-fils
1155 2183 126 56 qui
1227 2183 144 56 doit
1299 2183 144 56 néces-

278 2232 248 49 sairement
468 2232 133 49 lui
545 2232 248 49 succéder,
735 2232 133 49 et,
811 2232 171 49 après
926 2232 133 49 lui
1002 2232 171 49 avoir
1116 2232 210 49 adressé
1269 2232 133 49 les
1326 2232 114 49 plus

276 2274 178 39 sages
395 2274 336 39 exhortations,
671 2274 138 39 lui
750 2274 178 39 donne
869 2274 119 39 sa
928 2274 316 39 bénédiction.
1185 2274 138 39 Mme
1264 2274 119 39 de
1304 2274 138 39 Main-

279 2316 180 50 tenon
399 2316 240 50 soutient
579 2316 260 50 l’auguste
779 2316 280 50 vieillard,
1000 2316 120 50 et
1060 2316 140 50 Mme
1140 2316 120 50 la
1200 2316 240 50 duchesse
1360 2316 80 50 de

278 2353 280 84 Ventadour,
498 2353 300 84 gouvernante
738 2353 120 84 du
798 2353 180 84 jeune
917 2353 220 84 prince,
1077 2353 280 84 l’approche
1297 2353 120 84 de
1337 2353 100 84 son

259 2387 213 60 bisaïeul.

367 2436 115 86 H.
424 2436 115 86 0,
482 2436 134 86 95.
559 2436 96 86 —
597 2436 115 86 L.
655 2436 115 86 1,
713 2436 134 86 16.
789 2436 96 86 —
828 2436 154 86 Fig.
924 2436 154 86 dem.
1001 2436 115 86 nat.

1063 2474 196 75 (Salon
1201 2474 118 75 de
1240 2474 157 75 1824.)
