1785 3123
257 328 148 75 22

801 328 293 85 PEINTURE.

307 424 151 77 97.
394 424 259 77 Portrait
588 424 129 77 de
652 424 151 77 Mme
738 424 129 77 de
803 424 215 77 Fumel,
954 424 302 77 supérieure
1191 424 259 77 générale
1385 424 151 77 des
1449 424 151 77 Dames

455 485 125 66 de
518 485 355 66 l'institution
810 485 125 66 du
852 485 439 66 Saint

537 536 107 63 H.
591 536 107 63 0,
644 536 125 63 58.
716 536 89 63 —
752 536 107 63 L.
806 536 107 63 0,
859 536 125 63 48.
931 536 89 63 —
967 536 143 63 Fig.
1056 536 107 63 en
1110 536 161 63 buste
1217 536 107 63 de
1271 536 125 63 gr.
1325 536 107 63 nat.

479 589 220 59 (Exposé
639 589 120 59 au
699 589 180 59 Salon
820 589 120 59 de
880 589 180 59 1819,
1000 589 120 59 et
1060 589 180 59 légué
1180 589 140 59 aux
1260 589 200 59 Musées
1381 589 220 59 impériaux

433 637 147 65 par
517 637 147 65 Mme
601 637 126 65 Ve
664 637 231 65 Hersent
832 637 126 65 en
874 637 168 65 1862).

311 690 191 80 HESSE
438 690 635 80 (ALEXANDRE-JEAN-BAPTISTE),
1009 690 191 80 né
1136 690 106 80 à
1179 690 212 80 Paris,
1327 690 191 80 élève
1433 690 169 80 de

367 755 246 62 Gros;
551 755 266 62 chevalier
756 755 123 62 de
817 755 123 62 la
879 755 410 62 Légion-d’Honneur
1227 755 205 62 en
1350 755 143 62 1842.

307 816 166 96 98.
402 816 284 96 Triomphe
615 816 142 96 de
662 816 213 96 Pisani.

481 890 138 56 «En
560 890 178 56 1379,
679 890 217 56 Vittore
837 890 217 56 Pisani,
995 890 138 56 qui
1074 890 277 56 commandait
1291 890 119 56 la
1350 890 198 56 flotte
1469 890 138 56 véni-

439 938 204 56 tienne,
587 938 167 56 ayant
698 938 130 56 été
771 938 185 56 défait
901 938 130 56 par
975 938 130 56 les
1049 938 185 56 Génois
1179 938 93 56 à
1216 938 111 56 la
1271 938 222 56 bataille
1438 938 111 56 de
1475 938 130 56 Pola,

442 984 133 54 fut
518 984 133 54 mis
594 984 114 54 en
652 984 191 54 prison
785 984 133 54 par
861 984 172 54 ordre
976 984 114 54 du
1033 984 172 54 sénat
1147 984 114 54 de
1205 984 210 54 Venise;
1357 984 153 54 mais
1433 984 172 54 bientôt

438 1025 119 56 de
498 1025 238 56 nouveaux
676 1025 257 56 désastres
874 1025 238 56 éprouvés
1052 1025 139 56 par
1131 1025 119 56 la
1190 1025 297 56 république,
1428 1025 119 56 et
1467 1025 139 56 l’ap-

441 1067 198 57 proche
580 1067 138 57 des
659 1067 217 57 ennemis
817 1067 138 57 qui
896 1067 217 57 vinrent
1054 1067 217 57 bloquer
1212 1067 119 57 la
1271 1067 198 57 ville,
1390 1067 217 57 amenèrent

439 1109 134 54 une
515 1109 229 54 réaction
687 1109 115 54 en
745 1109 191 54 faveur
878 1109 115 54 de
936 1109 267 54 l’illustre
1146 1109 287 54 prisonnier.
1375 1109 229 54 Oubliant
1528 1109 76 54 la

438 1146 233 44 dernière
613 1146 214 44 défaite
768 1146 117 44 de
826 1146 194 44 Pisani
962 1146 156 44 pour
1060 1146 117 44 ne
1118 1146 117 44 se
1176 1146 233 44 rappeler
1351 1146 136 44 que
1429 1146 136 44 ses
1487 1146 117 44 vic-

440 1190 200 56 toires,
585 1190 109 56 le
640 1190 182 56 peuple
768 1190 164 56 court
877 1190 91 56 à
913 1190 109 56 sa
968 1190 200 56 prison,
1113 1190 164 56 brise
1223 1190 127 56 ses
1295 1190 146 56 fers
1387 1190 109 56 et
1441 1190 109 56 le
1478 1190 127 56 porte

437 1232 121 48 en
497 1232 241 48 triomphe
678 1232 121 48 en
738 1232 261 48 demandant
940 1232 101 48 à
980 1232 221 48 marcher
1141 1232 161 48 sous
1241 1232 141 48 les
1322 1232 201 48 ordres
1462 1232 121 48 de
1502 1232 101 48 son

440 1277 174 42 ancien
561 1277 156 42 chef.
666 1277 104 42 En
718 1277 226 42 entendant
891 1277 156 42 crier
996 1277 104 42 de
1048 1277 139 42 tous
1135 1277 174 42 côtés:
1256 1277 191 42 Vive
1378 1277 226 42 Pisan

441 1311 103 59 il
492 1311 103 59 se
544 1311 205 59 retourne
697 1311 137 59 vers
783 1311 103 59 le
834 1311 171 59 peuple
954 1311 103 59 et
1005 1311 120 59 lui
1074 1311 137 59 dit:
1159 1311 154 59 De
1262 1311 154 59 vrais
1347 1311 257 59 Vénitiens

438 1360 171 59 ne
552 1360 210 59 doivent
705 1360 171 59 crier
819 1360 133 59 que
895 1360 152 59 vive
990 1360 171 59 saint
1105 1360 267 59 Marc!»
1314 1360 191 59 (MARIN
1429 1360 171 59 SANUTO,

441 1393 196 67 MICHELI
584 1393 107 67 et
637 1393 160 67 DARU,
744 1393 267 67 Histoire
958 1393 107 67 de
994 1393 249 67 Venise)

529 1439 103 58 H.
580 1439 103 58 1,
632 1439 120 58 70.
700 1439 86 58 —
734 1439 103 58 L.
786 1439 103 58 2,
837 1439 120 58 52.
906 1439 86 58 —
940 1439 137 58 Fig.
1026 1439 103 58 de
1077 1439 103 58 0,
1111 1439 86 58 52.

1232 1474 194 82 (Sa’en
1368 1474 117 82 de
1407 1474 156 82 1847.)

311 1544 179 92 HESSE
430 1544 437 92 (NICOLAS-AUGUSTE),
808 1544 179 92 né
927 1544 99 92 à
967 1544 199 92 Paris,
1106 1544 179 92 élève
1225 1544 119 92 de
1285 1544 179 92 Gros,
1384 1544 219 92 grand

366 1626 206 65 prix
516 1626 112 65 de
572 1626 150 65 Rome
666 1626 187 65 en
797 1626 169 65 1818,
909 1626 300 65 chevalier
1153 1626 112 65 de
1209 1626 112 65 la
1265 1626 225 65 Légion-d
1415 1626 187 65 Hon

367 1679 178 75 neur
496 1679 162 75 en
594 1679 113 75 1840.

305 1748 163 90 99.
398 1748 420 90 Évanouissement
748 1748 140 90 de
818 1748 140 90 la
864 1748 210 90 Vierge.

480 1812 114 69 La
537 1812 209 69 Vierge,
689 1812 95 69 à
727 1812 114 69 la
784 1812 133 69 vue
860 1812 114 69 de
917 1812 133 69 son
993 1812 152 69 Fils
1087 1812 133 69 qui
1163 1812 114 69 va
1220 1812 285 69 disparaître
1448 1812 152 69 dans
1524 1812 76 69 le

434 1870 262 66 sépulcre,
635 1870 221 66 vaincue
796 1870 141 66 par
877 1870 121 66 la
937 1870 241 66 douleur,
1118 1870 181 66 tombe
1239 1870 241 66 évanouie
1420 1870 161 66 dans
1500 1870 101 66 les

437 1916 159 47 bras
536 1916 119 47 de
596 1916 377 47 Marie-Madeleine
913 1916 119 47 et
972 1916 119 47 de
1032 1916 218 47 l’autre
1170 1916 159 47 Marie.

528 1962 106 66 H.
581 1962 106 66 1,
634 1962 123 66 17.
704 1962 88 66 —
740 1962 106 66 L.
792 1962 106 66 0,
845 1962 123 66 90.
916 1962 88 66 —
951 1962 141 66 Fig.
1021 1962 194 66 demi

1234 1998 189 81 (Salon
1367 1998 114 81 de
1405 1998 152 81 1845.)

311 2085 172 67 HUET
418 2085 236 67 (PAUL),
589 2085 193 67 né
718 2085 107 67 à
761 2085 215 67 Paris,
911 2085 193 67 élève
1040 2085 129 67 de
1104 2085 215 67 Guérin
1255 2085 129 67 et
1319 2085 129 67 de
1362 2085 236 67 Gros;

362 2150 324 56 chevalier
625 2150 122 56 de
686 2150 122 56 la
747 2150 405 56 Légion-d’Honneur
1091 2150 203 56 en
1213 2150 142 56 1841.

306 2195 184 93 100.
421 2195 207 93 Calme
559 2195 138 93 du
628 2195 230 93 matin;
790 2195 299 93 intérieur
1020 2195 138 93 de
1066 2195 161 93 forêt

523 2274 105 96 H.
575 2274 105 96 0,
627 2274 122 96 55.
697 2274 87 96 —
732 2274 105 96 L.
785 2274 105 96 0,
820 2274 87 96 84.

1242 2316 184 87 (Salon
1370 2316 110 87 de
1407 2316 147 87 1852.)

310 2364 182 84 101.
424 2364 319 84 Inondation
675 2364 114 84 à
697 2364 319 84 Saint

527 2438 103 79 H.
578 2438 103 79 2,
629 2438 120 79 04.
698 2438 85 79 —
732 2438 103 79 L.
783 2438 103 79 3,
818 2438 85 79 04.

1243 2472 184 80 (Salon
1371 2472 110 80 de
1408 2472 147 80 1855.)
