1820 3134
632 324 295 90 PEINTURE.

1290 322 152 92 23

149 421 231 74 INGRES
310 421 692 74 (JEAN-AUGUSTIN-DOMINIQUE),
933 421 208 74 né
1072 421 115 74 à
1095 421 346 74 Montauban

200 480 554 68 (Tarn-et-Garonne),
687 480 199 68 élève
820 480 133 68 de
887 480 222 68 David;
1042 480 199 68 grand
1175 480 177 68 prix
1264 480 177 68 de

203 529 220 68 Rome
363 529 200 68 en
503 529 180 68 1801,
622 529 319 68 chevalier
882 529 120 68 de
942 529 120 68 la
982 529 459 68 Légion

203 588 244 64 membre
391 588 113 64 de
447 588 263 64 l’Institut
654 588 188 64 en
785 588 169 64 1825,
898 588 282 64 officier
1123 588 113 64 de
1179 588 113 64 la
1217 588 225 64 Légion

203 643 296 58 d’Honneur
443 643 185 58 en
572 643 166 58 1833,
683 643 296 58 directeur
923 643 111 58 de
979 643 259 58 l’Académie
1182 643 111 58 de
1219 643 222 58 France

203 690 163 56 à
304 690 163 56 Rome
406 690 203 56 en
548 690 183 56 1834,
670 690 346 56 commandeur
955 690 122 56 de
1016 690 122 56 la
1057 690 386 56 Légion

205 756 182 64 neur
338 756 165 64 en
453 756 149 64 1845,
552 756 347 64 grand-officier
849 756 165 64 en
948 756 116 64 1855.

147 807 173 99 102.
255 807 346 99 Jésus-Christ
536 807 194 99 donne
666 807 108 99 à
709 807 194 99 saint
839 807 216 99 Pierre
990 807 151 99 les
1077 807 194 99 clefs
1206 807 130 99 du
1250 807 194 99 paradis

287 891 137 52 en
356 891 275 52 présence
562 891 160 52 des
653 891 275 52 apôtres,
859 891 137 52 et
905 891 137 52 dit:

313 927 226 74 «XVIII.
477 927 123 74 Et
538 927 144 74 moi
620 927 185 74 aussi
743 927 123 74 je
805 927 164 74 vous
907 927 144 74 dis
989 927 144 74 que
1071 927 164 74 vous
1174 927 164 74 êtes
1256 927 185 74 Pierre,

275 987 115 52 et
332 987 134 52 que
409 987 134 52 sur
486 987 173 52 cette
601 987 192 52 pierre
735 987 115 52 je
793 987 211 52 bâtirai
946 987 134 52 mon
1023 987 211 52 église,
1176 987 115 52 et
1234 987 134 52 les
1292 987 153 52 portes

275 1034 117 65 de
333 1034 215 65 l’enfer
489 1034 117 65 ne
548 1034 293 65 prévaudront
782 1034 176 65 point
899 1034 195 65 contre
1016 1034 137 65 elle.

313 1093 199 51 «XIX.
446 1093 133 51 Et
512 1093 133 51 je
579 1093 177 51 vous
690 1093 266 51 donnerai
889 1093 155 51 les
978 1093 199 51 clefs
1111 1093 133 51 du
1177 1093 244 51 royaume
1332 1093 111 51 des

272 1130 202 63 cieux;
413 1130 121 63 et
473 1130 161 63 tout
574 1130 121 63 ce
635 1130 141 63 que
715 1130 161 63 vous
816 1130 202 63 lierez
957 1130 141 63 sur
1038 1130 121 63 la
1098 1130 181 63 terre
1219 1130 161 63 sera
1300 1130 141 63 aussi

274 1168 139 77 lié
353 1168 158 77 dans
452 1168 139 77 les
512 1168 178 77 cieux.»

525 1227 354 71 i(Évangile
828 1227 152 71 selon
929 1227 152 71 saint
1030 1227 202 71 Mathieu,
1182 1227 152 71 chap.
1266 1227 135 71 XVII.)

367 1291 100 81 H.
417 1291 100 81 2,
467 1291 116 81 78.
533 1291 83 81 —
567 1291 100 81 L.
616 1291 100 81 2,
666 1291 116 81 15.
732 1291 83 81 —
766 1291 133 81 Fig.
849 1291 116 81 gr.
898 1291 100 81 nat.

934 1321 203 87 (Peint
1076 1321 101 87 à
1116 1321 162 87 Rome
1218 1321 122 87 en
1258 1321 142 87 1820)

147 1417 180 79 103.
259 1417 202 79 Roger
394 1417 292 79 délivrant
596 1417 270 79 Angélique.

315 1495 208 58 Roger,
461 1495 188 58 monté
586 1495 146 58 sur
670 1495 125 58 un
732 1495 334 58 hippogriffe,
1003 1495 208 58 plonge
1149 1495 125 58 sa
1212 1495 188 58 lance
1316 1495 125 58 dans

275 1541 113 65 la
332 1541 188 65 gueule
463 1541 113 65 du
520 1541 207 65 monstre
670 1541 132 65 qui
745 1541 188 65 estsur
877 1541 113 65 le
933 1541 169 65 point
1046 1541 113 65 de
1103 1541 207 65 dévorer
1234 1541 207 65 Angélique

274 1589 246 62 enchaînée
464 1589 95 62 à
502 1589 114 62 un
558 1589 209 62 rocher.
710 1589 190 62 (Sujet
843 1589 152 62 tiré
938 1589 114 62 de
976 1589 246 62 l’ARIOSTE.)

365 1634 110 81 H.
420 1634 110 81 1,
475 1634 128 81 43.
548 1634 92 81 —
585 1634 110 81 L.
640 1634 110 81 1,
695 1634 110 81 90
749 1634 92 81 —
786 1634 110 81 Fi
841 1634 92 81 .
859 1634 202 81 demi

1070 1680 193 98 (Salon
1205 1680 116 98 de
1244 1680 155 98 1819.)

148 1799 171 85 104.
255 1799 300 85 Chérubini;
490 1799 257 85 portrait
662 1799 278 85 historique.

316 1858 130 71 La
381 1858 173 71 muse
489 1858 130 71 de
554 1858 130 71 la
619 1858 238 71 musique
792 1858 195 71 étend
922 1858 130 71 sa
987 1858 173 71 main
1095 1858 324 71 protectrice
1333 1858 108 71 au-

276 1921 198 44 dessus
415 1921 119 44 de
475 1921 119 44 la
534 1921 159 44 tête
633 1921 119 44 du
673 1921 278 44 compositeur.

367 1959 104 101 H.
419 1959 104 101 1,
471 1959 122 101 05.
541 1959 87 101 —
575 1959 104 101 L.
628 1959 104 101 0,
680 1959 122 101 94.
749 1959 87 101 —
784 1959 157 101 Buste
888 1959 122 101 gr.
941 1959 104 101 nat.

1082 2011 189 92 (Peint
1214 2011 113 92 en
1252 2011 151 92 1842.)

150 2092 181 98 105.
264 2092 227 98 Homère
400 2092 204 98 déifié.

317 2185 212 62 Homère
465 2185 212 62 reçoit
614 2185 276 62 l’hommage
826 2185 127 62 de
889 2185 170 62 tous
996 2185 148 62 les
1080 2185 212 62 grands
1229 2185 212 62 hommes
1356 2185 85 62 de

271 2235 130 51 la
336 2235 217 51 Grèce,
488 2235 130 51 de
553 2235 173 51 Rome
661 2235 130 51 et
726 2235 152 51 des
813 2235 195 51 temps
943 2235 282 51 modernes.
1159 2235 282 51 L’Univers
1354 2235 87 51 le

275 2277 253 56 couronne;
469 2277 233 56 Hérodote
644 2277 156 56 fait
741 2277 175 56 fumer
858 2277 253 56 l’encens;
1052 2277 233 56 l’Iliade
1227 2277 117 56 et
1266 2277 175 56 l’Odys-

278 2318 132 68 sée
354 2318 151 68 sont
448 2318 94 68 à
486 2318 132 68 ses
542 2318 151 68 pieds.

368 2375 102 74 H.
419 2375 102 74 3,
470 2375 119 74 86.
538 2375 85 74 —
571 2375 102 74 L.
622 2375 102 74 5,
673 2375 119 74 15.
741 2375 85 74 —
775 2375 136 74 Fig.
859 2375 119 74 gr.
910 2375 102 74 nat.

263 2437 224 59 (Tableau
432 2437 206 59 exécuté
581 2437 150 59 pour
675 2437 112 59 le
731 2437 206 59 plafond
880 2437 112 59 de
936 2437 112 59 la
992 2437 224 59 neuvième
1161 2437 168 59 salle
1273 2437 112 59 du
1310 2437 131 59 musée

222 2484 201 63 Charles
368 2484 110 63 X,
423 2484 110 63 au
478 2484 201 63 Louvre,
624 2484 219 63 inauguré
788 2484 110 63 en
825 2484 146 63 1827.)
