1795 3136
247 311 154 100 24

786 335 301 80 PEINTURE.

304 428 219 77 ISABEY
457 428 591 77 (LOUIS-GABRIEL-EUGÈNE),
983 428 197 77 né
1114 428 109 77 à
1158 428 219 77 Paris,
1311 428 197 77 élève
1421 428 175 77 de

355 500 207 59 son
500 500 165 59 père
603 500 124 59 J.
665 500 124 59 B.
728 500 227 59 Isabey;
893 500 269 59 chevalier
1100 500 124 59 de
1162 500 124 59 la
1203 500 393 59 Légion

360 533 169 72 neur
482 533 154 72 en
590 533 138 72 1832,
682 533 230 72 officier
866 533 154 72 en
959 533 107 72 1852.

298 595 195 96 106.
419 595 389 96 Embarquement
736 595 146 96 de
809 595 243 96 Ruyter
979 595 146 96 et
1052 595 268 96 William
1247 595 146 96 de
1296 595 170 96 Witt.

520 693 103 71 H.
571 693 103 71 2,
623 693 120 71 20.
692 693 86 71 —
726 693 103 71 L.
778 693 103 71 3,
829 693 120 71 30.
898 693 86 71 —
932 693 137 71 Fig.
1018 693 103 71 de
1070 693 103 71 0,
1104 693 86 71 18.

1224 719 194 116 (Salon
1359 719 116 116 de
1398 719 155 116 1850.)

295 788 179 77 107.
407 788 157 77 Vue
496 788 201 77 prise
630 788 157 77 sur
720 788 134 77 la
787 788 179 77 côte
899 788 134 77 de
944 788 269 77 Normandie.

518 878 108 72 H.
572 878 108 72 1,
626 878 108 72 23
680 878 90 72 —
716 878 108 72 L.
770 878 108 72 1,
806 878 90 72 70.

1222 899 194 102 (Salon
1358 899 117 102 de
1397 899 156 102 1831.)

295 954 187 106 108.
411 954 210 106 Plage
551 954 117 106 à
598 954 210 106 marée
714 954 187 106 basse.

515 1049 102 69 H.
566 1049 102 69 1,
617 1049 119 69 25.
685 1049 85 69 —
719 1049 102 69 L.
770 1049 102 69 1,
804 1049 85 69 72.

1231 1084 188 92 (Salon
1363 1084 113 92 de
1401 1084 151 92 1833.)

296 1176 242 70 JACQUAND
477 1176 302 70 (CLAUDIUS),
719 1176 181 70 né
840 1176 101 70 à
880 1176 161 70 Lyon
981 1176 242 70 (Rhône),
1163 1176 181 70 élève
1284 1176 121 70 de
1324 1176 262 70 l’Ecole

349 1236 192 75 de
476 1236 192 75 Lyon,
604 1236 277 75 chevalier
817 1236 128 75 de
881 1236 128 75 la
945 1236 426 75 Légion-d’Honneur
1307 1236 213 75 en
1435 1236 149 75 1839.

291 1301 190 85 109.
410 1301 190 85 Mort
529 1301 333 85 d’Adélaïde
791 1301 143 85 de
838 1301 286 85 Comminges.

463 1367 127 74 Le
526 1367 191 74 comte
653 1367 127 74 et
717 1367 254 74 Adélaïde
907 1367 127 74 de
971 1367 275 74 Comminges
1183 1367 233 74 avaient
1352 1367 191 74 conçu
1458 1367 127 74 l’un

422 1436 163 49 pour
524 1436 225 49 l’autre
687 1436 123 49 un
748 1436 204 49 ardent
891 1436 204 49 amour,
1034 1436 163 49 mais
1137 1436 143 49 des
1218 1436 204 49 haines
1361 1436 123 49 de
1402 1436 184 49 famille

417 1481 198 55 furent
556 1481 119 55 un
615 1481 238 55 obstacle
793 1481 99 55 à
833 1481 158 55 leur
932 1481 198 55 union.
1070 1481 139 55 Une
1150 1481 198 55 fausse
1288 1481 238 55 nouvelle
1466 1481 119 55 de
1506 1481 79 55 la

416 1523 164 46 mort
519 1523 288 46 d’Adélaïde
745 1523 267 46 détermina
951 1523 123 46 le
1013 1523 185 46 comte
1136 1523 123 46 de
1197 1523 267 46 Comminges
1403 1523 103 46 à
1444 1523 123 46 se
1485 1523 103 46 re-

418 1561 166 55 tirer
528 1561 148 55 dans
621 1561 111 55 un
676 1561 203 55 couvent
824 1561 111 55 de
880 1561 111 55 la
935 1561 203 55 Trappe.
1083 1561 166 55 Trois
1194 1561 129 55 ans
1268 1561 185 55 après,
1397 1561 111 55 le
1434 1561 148 55 hasard

415 1606 271 43 conduisit
623 1606 250 43 Adélaïde
811 1606 167 43 dans
915 1606 187 43 cette
1040 1606 271 43 retraite:
1248 1606 125 43 au
1310 1606 208 43 moment
1456 1606 125 43 de
1498 1606 83 43 la

420 1643 196 56 prière,
563 1643 143 56 elle
652 1643 214 56 reconnut
812 1643 107 56 la
866 1643 143 56 voix
955 1643 107 56 de
1009 1643 125 56 son
1080 1643 160 56 amant
1187 1643 107 56 et
1240 1643 143 56 prit
1329 1643 107 56 la
1365 1643 214 56 résolution

419 1689 106 50 de
472 1689 158 50 finir
578 1689 123 50 ses
648 1689 158 50 jours
754 1689 176 50 auprès
877 1689 106 50 de
930 1689 141 50 lui.
1018 1689 123 50 Les
1088 1689 246 50 austérités
1282 1689 106 50 du
1335 1689 194 50 cloître
1458 1689 123 50 abrés

417 1731 197 52 gèrent
555 1731 355 52 insensiblement
851 1731 138 52 ses
930 1731 197 52 jours,
1068 1731 118 52 et
1127 1731 118 52 ce
1186 1731 118 52 ne
1245 1731 138 52 fut
1324 1731 177 52 qu’au
1422 1731 158 52 moment

416 1773 122 49 de
477 1773 122 49 sa
538 1773 163 49 mort
640 1773 143 49 que
721 1773 143 49 son
803 1773 183 49 amant
925 1773 122 49 la
966 1773 224 49 reconnut.

507 1813 102 74 H.
558 1813 102 74 0,
609 1813 119 74 90.
677 1813 85 74 —
711 1813 102 74 L.
762 1813 102 74 1,
813 1813 119 74 12.
882 1813 85 74 —
916 1813 136 74 Fig.
1001 1813 102 74 de
1052 1813 102 74 9,
1086 1813 85 74 53.

1213 1860 189 75 (Salon
1345 1860 113 75 de
1383 1860 151 75 1831.)

284 1949 178 58 110.
395 1949 267 58 L’amende
595 1949 289 58 honorable
818 1949 178 58 dans
929 1949 133 58 un
996 1949 245 58 couvent
1174 1949 156 58 des
1263 1949 222 58 frères
1396 1949 178 58 cheva

429 2000 211 59 liers,
576 2000 232 59 ermites
745 2000 126 59 de
787 2000 337 59 Saint

501 2050 106 65 H.
554 2050 106 65 1,
608 2050 124 65 80.
679 2050 89 65 —
714 2050 106 65 L.
767 2050 106 65 2,
821 2050 124 65 30.
891 2050 89 65 —
927 2050 142 65 Fig.
998 2050 195 65 demi

1205 2091 191 102 (Salon
1339 2091 115 102 de
1377 2091 153 102 1853.)

286 2174 170 73 111.
392 2174 255 73 Dernière
583 2174 255 73 entrevue
774 2174 127 73 de
838 2174 234 73 Charles
1008 2174 149 73 Ier
1093 2174 170 73 avec
1199 2174 149 73 ses
1263 2174 212 73 enfants.

450 2245 241 59 C’étaient
636 2245 111 59 la
691 2245 241 59 princesse
877 2245 259 59 Élisabeth,
1080 2245 111 59 le
1136 2245 130 59 duc
1210 2245 111 59 de
1266 2245 241 59 Glocester
1451 2245 111 59 et
1488 2245 74 59 le

408 2291 139 54 duc
488 2291 258 54 d’York...
686 2291 219 54 Prenant
845 2291 139 54 sur
925 2291 139 54 ses
1004 2291 199 54 genoux
1144 2291 119 54 le
1203 2291 179 54 petit
1322 2291 139 54 duc
1402 2291 119 54 de
1442 2291 119 54 Glo-

407 2337 218 61 cester:
566 2337 99 61 «
606 2337 139 61 Mon
685 2337 218 61 enfant,
844 2337 139 61 lui
923 2337 199 61 dit-il
1063 2337 278 61 gravement,
1281 2337 139 61 ils
1360 2337 159 61 vont
1440 2337 119 61 cou-

409 2378 140 69 per
489 2378 120 69 la
549 2378 160 69 tête
649 2378 100 69 à
689 2378 140 69 ton
750 2378 220 69 père!...»

499 2435 110 85 H.
554 2435 91 85 2
590 2435 128 85 15.
663 2435 91 85 —
700 2435 110 85 L.
755 2435 110 85 1,
809 2435 128 85 55.
883 2435 91 85 —
919 2435 146 85 Fig.
1010 2435 128 85 gr.
1065 2435 110 85 nat.

1194 2482 194 76 (Salon
1330 2482 117 76 de
1369 2482 156 76 1855.)
