1765 3115
824 320 299 89 PEINTURE.

287 309 152 84 26

338 416 130 90 LA
403 416 216 90 BOUÈRE
554 416 281 90 (TANCREDE
770 416 173 90 DE),
878 416 194 90 né
1008 416 108 90 à
1051 416 216 90 Angers
1181 416 453 90 (Maine

395 482 326 67 chevalier
660 482 122 67 de
721 482 122 67 la
782 482 408 67 Légion-d’Honneur
1128 482 204 67 en
1250 482 143 67 1823.

334 545 187 74 118.
450 545 163 74 Vue
544 545 140 74 du
614 545 233 74 palais
777 545 140 74 de
847 545 257 74 Karnak,
1034 545 117 74 à
1057 545 210 74 Thèbes.

555 609 101 90 H.
606 609 101 90 1,
657 609 118 90 00.
724 609 85 90 —
758 609 101 90 L.
809 609 101 90 1,
842 609 85 90 97.

1280 658 184 101 (Salon
1409 658 111 101 de
1446 658 148 101 1841.)

334 778 255 64 LAEMLEIN
525 778 339 64 (ALEXANDRE),
801 778 191 64 né
928 778 106 64 à
970 778 276 64 Hokenfeld
1182 778 297 64 (Bavière),
1395 778 233 64 élève

394 823 140 73 de
488 823 93 73 M.
519 823 187 73 Picot

331 899 185 74 119.
446 899 138 74 La
492 899 231 74 Charité.

532 964 111 78 H.
588 964 111 78 2,
644 964 130 78 25.
718 964 93 78 —
755 964 111 78 L.
810 964 111 78 1,
866 964 130 78 40.
940 964 93 78 —
977 964 148 78 Fig.
1069 964 130 78 gr.
1125 964 111 78 nat.

1246 977 198 99 (Salon
1385 977 119 99 de
1424 977 158 99 1846.)

330 1081 242 85 LAMBINET
512 1081 242 85 (EMILE),
694 1081 182 85 né
815 1081 101 85 à
855 1081 283 85 Versailles
1077 1081 404 85 (Seine-et-Oise),
1401 1081 222 85 élève

384 1135 171 77 de
498 1135 228 77 Drolling
669 1135 114 77 et
726 1135 228 77 d’Horace
878 1135 247 77 Vernet

326 1195 195 74 120.
423 1195 244 74 Paysage.

546 1250 101 72 H.
597 1250 101 72 0,
647 1250 118 72 94.
714 1250 84 72 —
748 1250 101 72 L.
798 1250 101 72 1,
832 1250 84 72 50.

1259 1295 188 75 (Salon
1391 1295 113 75 de
1428 1295 150 75 1855.)

325 1379 268 67 LANDELLE
526 1379 313 67 (CHARLES),
771 1379 201 67 né
905 1379 112 67 à
950 1379 201 67 Laval
1084 1379 313 67 (Mayenne),
1330 1379 201 67 élève
1441 1379 179 67 de

376 1438 138 71 P
445 1438 321 71 Delaroche,
698 1438 299 71 chevalier
927 1438 138 71 de
996 1438 138 71 la
1065 1438 459 71 Légion-d’Honneur
1432 1438 184 71 en

346 1489 192 70 1855.

322 1550 175 74 121.
432 1550 131 74 Le
497 1550 373 74 pressentiment
804 1550 131 74 de
870 1550 131 74 la
914 1550 197 74 Vierge.

545 1611 104 69 H.
597 1611 104 69 1,
649 1611 122 69 43.
719 1611 87 69 —
753 1611 104 69 L.
806 1611 104 69 1,
858 1611 122 69 18.
928 1611 87 69 —
962 1611 139 69 Fig.
1049 1611 122 69 gr.
1102 1611 104 69 nat.

1228 1623 202 117 (Salon
1369 1623 121 117 de
1410 1623 162 117 1859.)

321 1738 215 77 LANOUE
471 1738 473 77 (FÉLIX-RIPPOLYTE),
879 1738 193 77 né
1008 1738 107 77 à
1051 1738 301 77 Versailles
1266 1738 344 77 (Seine

379 1808 262 52 Oise),
580 1808 181 52 élève
701 1808 121 52 de
761 1808 121 52 V.
822 1808 201 52 Bertin
963 1808 121 52 et
1023 1808 242 52 d’Horace
1204 1808 221 52 Vernet;
1345 1808 262 52 premier

371 1868 247 57 grand
557 1868 165 57 prix
659 1868 123 57 de
721 1868 165 57 Rome
824 1868 267 57 (Paysage)
1030 1868 206 57 en
1153 1868 144 57 1841.

316 1918 173 60 122.
425 1918 151 60 Vue
511 1918 130 60 de
576 1918 130 60 la
641 1918 195 60 forêt
771 1918 130 60 de
835 1918 173 60 pins
944 1918 130 60 du
1008 1918 216 60 Gombo,
1160 1918 260 60 cascines
1354 1918 130 60 de
1398 1918 151 60 Pise.

531 1979 130 86 H.
596 1979 152 86 0,8
683 1979 108 86 —
726 1979 130 86 L.
791 1979 130 86 1,
835 1979 108 86 42.

1228 2010 198 78 (Salon
1367 2010 119 78 de
1406 2010 158 78 1861.)

314 2079 219 80 LAPITO
467 2079 438 80 (LOUIS-AUGUSTE),
840 2079 197 80 né
972 2079 110 80 à
1015 2079 329 80 Saint-Maur,
1278 2079 175 80 près
1366 2079 241 80 Paris

367 2150 244 54 élève
549 2150 122 54 de
610 2150 142 54 MM.
692 2150 162 54 Heim
793 2150 122 54 et
854 2150 244 54 Watelet,
1037 2150 264 54 chevalier
1240 2150 122 54 de
1301 2150 122 54 la
1341 2150 264 54 Légion

371 2204 294 71 d'Honneur
609 2204 184 71 en
719 2204 129 71 1836.

314 2269 172 80 123.
421 2269 150 80 Vue
507 2269 193 80 prise
636 2269 172 80 dans
743 2269 129 80 la
807 2269 193 80 forêt
936 2269 129 80 de
1001 2269 387 80 Fontainebleau,
1323 2269 172 80 lieu
1430 2269 150 80 dit
1495 2269 107 80 les

464 2327 469 77 Quatre

531 2399 105 66 H.
583 2399 105 66 1,
635 2399 122 66 07.
705 2399 87 66 —
740 2399 105 66 L.
792 2399 105 66 1,
827 2399 87 66 62.

1230 2423 194 79 (Salon
1366 2423 117 79 de
1405 2423 156 79 1846.)
