<alto xmlns:xsi="http://www.w3.org/2001/XMLSchema-instance" xmlns="http://www.loc.gov/standards/alto/ns-v2#" xmlns:page="http://schema.primaresearch.org/PAGE/gts/pagecontent/2013-07-15" xsi:schemaLocation="http://www.loc.gov/standards/alto/ns-v2# http://www.loc.gov/standards/alto/alto.xsd">
  <Description>
    <MeasurementUnit>pixel</MeasurementUnit>
    <sourceImageInformation>
         <fileName>59.jpg</fileName>
      </sourceImageInformation>
    <OCRProcessing ID="IdOcr">
      <ocrProcessingStep>
        <processingDateTime>2020-10-31T11:20:23.111+01:00</processingDateTime>
        <processingSoftware>
               <softwareCreator>CONTRIBUTORS</softwareCreator>
               <softwareName>pdfalto</softwareName>
               <softwareVersion>0.1</softwareVersion>
            </processingSoftware>
      </ocrProcessingStep>
    </OCRProcessing>
  </Description>
  <Styles>
   <TextStyle ID="FONT0" FONTFAMILY="unknown" FONTSIZE="unknown" FONTSTYLE=""/>
   <TextStyle ID="FONT1" FONTFAMILY="unknown" FONTSIZE="unknown" FONTSTYLE="bold"/>
   <TextStyle ID="FONT2" FONTFAMILY="unknown" FONTSIZE="unknown" FONTSTYLE="italics"/>
  </Styles>
  <Tags/>
  <Layout>
    <Page ID="Page1" PHYSICAL_IMG_NR="1" HEIGHT="3131" WIDTH="1799">
      <PrintSpace HEIGHT="3007" WIDTH="1703" VPOS="45" HPOS="1">
        <TextBlock ID="r_1_1" HEIGHT="31" WIDTH="222" VPOS="349" HPOS="708">
          <TextLine ID="tl_1" BASELINE="398" HEIGHT="82" WIDTH="235" VPOS="316" HPOS="701">
            <String HEIGHT="82" WIDTH="287" VPOS="316" HPOS="649" CONTENT="PEINTURE." ID="tl_1_1" STYLEREFS="FONT0"/>
          </TextLine>
        </TextBlock>
        <TextBlock ID="r_2_1" HEIGHT="44" WIDTH="58" VPOS="335" HPOS="1391">
          <TextLine ID="tl_2" BASELINE="396" HEIGHT="82" WIDTH="73" VPOS="314" HPOS="1384">
            <String HEIGHT="82" WIDTH="146" VPOS="314" HPOS="1311" CONTENT="29" ID="tl_2_1" STYLEREFS="FONT0"/>
          </TextLine>
        </TextBlock>
        <TextBlock ID="r_2_2" HEIGHT="114" WIDTH="1253" VPOS="431" HPOS="195">
          <TextLine ID="tl_3" BASELINE="503" HEIGHT="86" WIDTH="1267" VPOS="417" HPOS="188">
            <String HEIGHT="86" WIDTH="253" VPOS="417" HPOS="165" CONTENT="MARCHAL" ID="tl_3_1" STYLEREFS="FONT0"/>
            <SP HEIGHT="86" WIDTH="23" VPOS="417" HPOS="418"/>
            <String HEIGHT="86" WIDTH="530" VPOS="417" HPOS="349" CONTENT="(CHARLES-FRANÇOIS)," ID="tl_3_2" STYLEREFS="FONT0"/>
            <SP HEIGHT="86" WIDTH="23" VPOS="417" HPOS="879"/>
            <String HEIGHT="86" WIDTH="207" VPOS="417" HPOS="810" CONTENT="né" ID="tl_3_3" STYLEREFS="FONT2"/>
            <SP HEIGHT="86" WIDTH="23" VPOS="417" HPOS="1017"/>
            <String HEIGHT="86" WIDTH="115" VPOS="417" HPOS="948" CONTENT="à" ID="tl_3_4" STYLEREFS="FONT2"/>
            <SP HEIGHT="86" WIDTH="23" VPOS="417" HPOS="1063"/>
            <String HEIGHT="86" WIDTH="230" VPOS="417" HPOS="994" CONTENT="Paris," ID="tl_3_5" STYLEREFS="FONT2"/>
            <SP HEIGHT="86" WIDTH="23" VPOS="417" HPOS="1225"/>
            <String HEIGHT="86" WIDTH="207" VPOS="417" HPOS="1156" CONTENT="élève" ID="tl_3_6" STYLEREFS="FONT2"/>
            <SP HEIGHT="86" WIDTH="23" VPOS="417" HPOS="1363"/>
            <String HEIGHT="86" WIDTH="184" VPOS="417" HPOS="1271" CONTENT="de" ID="tl_3_7" STYLEREFS="FONT2"/>
          </TextLine>
          <TextLine ID="tl_4" BASELINE="563" HEIGHT="83" WIDTH="683" VPOS="480" HPOS="242">
            <String HEIGHT="83" WIDTH="285" VPOS="480" HPOS="223" CONTENT="Drolling" ID="tl_4_1" STYLEREFS="FONT2"/>
            <SP HEIGHT="83" WIDTH="19" VPOS="480" HPOS="508"/>
            <String HEIGHT="83" WIDTH="114" VPOS="480" HPOS="451" CONTENT="et" ID="tl_4_2" STYLEREFS="FONT2"/>
            <SP HEIGHT="83" WIDTH="19" VPOS="480" HPOS="565"/>
            <String HEIGHT="83" WIDTH="114" VPOS="480" HPOS="508" CONTENT="de" ID="tl_4_3" STYLEREFS="FONT2"/>
            <SP HEIGHT="83" WIDTH="19" VPOS="480" HPOS="621"/>
            <String HEIGHT="83" WIDTH="114" VPOS="480" HPOS="565" CONTENT="M." ID="tl_4_4" STYLEREFS="FONT2"/>
            <SP HEIGHT="83" WIDTH="19" VPOS="480" HPOS="678"/>
            <String HEIGHT="83" WIDTH="133" VPOS="480" HPOS="621" CONTENT="Fr." ID="tl_4_5" STYLEREFS="FONT2"/>
            <SP HEIGHT="83" WIDTH="19" VPOS="480" HPOS="754"/>
            <String HEIGHT="83" WIDTH="247" VPOS="480" HPOS="678" CONTENT="Dubois" ID="tl_4_6" STYLEREFS="FONT2"/>
          </TextLine>
        </TextBlock>
        <TextBlock ID="r_2_3" HEIGHT="48" WIDTH="732" VPOS="569" HPOS="195">
          <TextLine ID="tl_5" BASELINE="618" HEIGHT="60" WIDTH="747" VPOS="558" HPOS="188">
            <String HEIGHT="60" WIDTH="176" VPOS="558" HPOS="166" CONTENT="134." ID="tl_5_1" STYLEREFS="FONT0"/>
            <SP HEIGHT="60" WIDTH="22" VPOS="558" HPOS="342"/>
            <String HEIGHT="60" WIDTH="132" VPOS="558" HPOS="276" CONTENT="Le" ID="tl_5_2" STYLEREFS="FONT0"/>
            <SP HEIGHT="60" WIDTH="22" VPOS="558" HPOS="408"/>
            <String HEIGHT="60" WIDTH="220" VPOS="558" HPOS="342" CONTENT="Choral" ID="tl_5_3" STYLEREFS="FONT0"/>
            <SP HEIGHT="60" WIDTH="22" VPOS="558" HPOS="562"/>
            <String HEIGHT="60" WIDTH="132" VPOS="558" HPOS="496" CONTENT="de" ID="tl_5_4" STYLEREFS="FONT0"/>
            <SP HEIGHT="60" WIDTH="22" VPOS="558" HPOS="627"/>
            <String HEIGHT="60" WIDTH="220" VPOS="558" HPOS="562" CONTENT="Luther" ID="tl_5_5" STYLEREFS="FONT0"/>
            <SP HEIGHT="60" WIDTH="22" VPOS="558" HPOS="781"/>
            <String HEIGHT="60" WIDTH="242" VPOS="558" HPOS="693" CONTENT="(Alsace)." ID="tl_5_6" STYLEREFS="FONT0"/>
          </TextLine>
        </TextBlock>
        <TextBlock ID="r_2_4" HEIGHT="38" WIDTH="610" VPOS="629" HPOS="405">
          <TextLine ID="tl_6" BASELINE="683" HEIGHT="74" WIDTH="624" VPOS="609" HPOS="397">
            <String HEIGHT="74" WIDTH="107" VPOS="609" HPOS="379" CONTENT="H." ID="tl_6_1" STYLEREFS="FONT0"/>
            <SP HEIGHT="74" WIDTH="18" VPOS="609" HPOS="486"/>
            <String HEIGHT="74" WIDTH="107" VPOS="609" HPOS="433" CONTENT="1," ID="tl_6_2" STYLEREFS="FONT0"/>
            <SP HEIGHT="74" WIDTH="18" VPOS="609" HPOS="540"/>
            <String HEIGHT="74" WIDTH="125" VPOS="609" HPOS="486" CONTENT="10." ID="tl_6_3" STYLEREFS="FONT0"/>
            <SP HEIGHT="74" WIDTH="18" VPOS="609" HPOS="611"/>
            <String HEIGHT="74" WIDTH="89" VPOS="609" HPOS="557" CONTENT="—" ID="tl_6_4" STYLEREFS="FONT0"/>
            <SP HEIGHT="74" WIDTH="18" VPOS="609" HPOS="647"/>
            <String HEIGHT="74" WIDTH="107" VPOS="609" HPOS="593" CONTENT="L." ID="tl_6_5" STYLEREFS="FONT0"/>
            <SP HEIGHT="74" WIDTH="18" VPOS="609" HPOS="700"/>
            <String HEIGHT="74" WIDTH="107" VPOS="609" HPOS="647" CONTENT="1," ID="tl_6_6" STYLEREFS="FONT0"/>
            <SP HEIGHT="74" WIDTH="18" VPOS="609" HPOS="754"/>
            <String HEIGHT="74" WIDTH="125" VPOS="609" HPOS="700" CONTENT="72." ID="tl_6_7" STYLEREFS="FONT0"/>
            <SP HEIGHT="74" WIDTH="18" VPOS="609" HPOS="825"/>
            <String HEIGHT="74" WIDTH="89" VPOS="609" HPOS="771" CONTENT="—" ID="tl_6_8" STYLEREFS="FONT0"/>
            <SP HEIGHT="74" WIDTH="18" VPOS="609" HPOS="861"/>
            <String HEIGHT="74" WIDTH="143" VPOS="609" HPOS="807" CONTENT="Fig." ID="tl_6_9" STYLEREFS="FONT0"/>
            <SP HEIGHT="74" WIDTH="18" VPOS="609" HPOS="950"/>
            <String HEIGHT="74" WIDTH="107" VPOS="609" HPOS="896" CONTENT="0," ID="tl_6_10" STYLEREFS="FONT0"/>
            <SP HEIGHT="74" WIDTH="18" VPOS="609" HPOS="1003"/>
            <String HEIGHT="74" WIDTH="89" VPOS="609" HPOS="932" CONTENT="60." ID="tl_6_11" STYLEREFS="FONT0"/>
          </TextLine>
        </TextBlock>
        <TextBlock ID="r_2_5" HEIGHT="45" WIDTH="977" VPOS="674" HPOS="430">
          <TextLine ID="tl_7" BASELINE="751" HEIGHT="80" WIDTH="991" VPOS="671" HPOS="423">
            <String HEIGHT="80" WIDTH="233" VPOS="671" HPOS="365" CONTENT="" ID="tl_7_1" STYLEREFS="FONT0"/>
            <SP HEIGHT="80" WIDTH="58" VPOS="671" HPOS="598"/>
            <String HEIGHT="80" WIDTH="583" VPOS="671" HPOS="423" CONTENT="(Salon" ID="tl_7_2" STYLEREFS="FONT0"/>
            <SP HEIGHT="80" WIDTH="58" VPOS="671" HPOS="1006"/>
            <String HEIGHT="80" WIDTH="350" VPOS="671" HPOS="831" CONTENT="de" ID="tl_7_3" STYLEREFS="FONT0"/>
            <SP HEIGHT="80" WIDTH="58" VPOS="671" HPOS="1181"/>
            <String HEIGHT="80" WIDTH="466" VPOS="671" HPOS="948" CONTENT="1863.)" ID="tl_7_4" STYLEREFS="FONT0"/>
          </TextLine>
        </TextBlock>
        <TextBlock ID="r_2_6" HEIGHT="110" WIDTH="1258" VPOS="775" HPOS="193">
          <TextLine ID="tl_8" BASELINE="831" HEIGHT="96" WIDTH="1272" VPOS="735" HPOS="186">
            <String HEIGHT="96" WIDTH="209" VPOS="735" HPOS="165" CONTENT="MATOUT" ID="tl_8_1" STYLEREFS="FONT0"/>
            <SP HEIGHT="96" WIDTH="21" VPOS="735" HPOS="374"/>
            <String HEIGHT="96" WIDTH="250" VPOS="735" HPOS="311" CONTENT="(LOUIS)," ID="tl_8_2" STYLEREFS="FONT0"/>
            <SP HEIGHT="96" WIDTH="21" VPOS="735" HPOS="561"/>
            <String HEIGHT="96" WIDTH="188" VPOS="735" HPOS="499" CONTENT="né" ID="tl_8_3" STYLEREFS="FONT2"/>
            <SP HEIGHT="96" WIDTH="21" VPOS="735" HPOS="686"/>
            <String HEIGHT="96" WIDTH="104" VPOS="735" HPOS="624" CONTENT="à" ID="tl_8_4" STYLEREFS="FONT2"/>
            <SP HEIGHT="96" WIDTH="21" VPOS="735" HPOS="728"/>
            <String HEIGHT="96" WIDTH="313" VPOS="735" HPOS="666" CONTENT="Charleville" ID="tl_8_5" STYLEREFS="FONT2"/>
            <SP HEIGHT="96" WIDTH="21" VPOS="735" HPOS="978"/>
            <String HEIGHT="96" WIDTH="313" VPOS="735" HPOS="916" CONTENT="(Ardennes)," ID="tl_8_6" STYLEREFS="FONT2"/>
            <SP HEIGHT="96" WIDTH="21" VPOS="735" HPOS="1229"/>
            <String HEIGHT="96" WIDTH="313" VPOS="735" HPOS="1145" CONTENT="chevalier" ID="tl_8_7" STYLEREFS="FONT2"/>
          </TextLine>
          <TextLine ID="tl_9" BASELINE="915" HEIGHT="96" WIDTH="727" VPOS="819" HPOS="237">
            <String HEIGHT="96" WIDTH="172" VPOS="819" HPOS="218" CONTENT="de" ID="tl_9_1" STYLEREFS="FONT2"/>
            <SP HEIGHT="96" WIDTH="19" VPOS="819" HPOS="390"/>
            <String HEIGHT="96" WIDTH="115" VPOS="819" HPOS="333" CONTENT="la" ID="tl_9_2" STYLEREFS="FONT2"/>
            <SP HEIGHT="96" WIDTH="19" VPOS="819" HPOS="447"/>
            <String HEIGHT="96" WIDTH="383" VPOS="819" HPOS="390" CONTENT="Légion-d’Honneur" ID="tl_9_3" STYLEREFS="FONT2"/>
            <SP HEIGHT="96" WIDTH="19" VPOS="819" HPOS="773"/>
            <String HEIGHT="96" WIDTH="191" VPOS="819" HPOS="715" CONTENT="en" ID="tl_9_4" STYLEREFS="FONT2"/>
            <SP HEIGHT="96" WIDTH="19" VPOS="819" HPOS="907"/>
            <String HEIGHT="96" WIDTH="134" VPOS="819" HPOS="830" CONTENT="1857." ID="tl_9_5" STYLEREFS="FONT0"/>
          </TextLine>
        </TextBlock>
        <TextBlock ID="r_2_7" HEIGHT="52" WIDTH="951" VPOS="909" HPOS="191">
          <TextLine ID="tl_10" BASELINE="960" HEIGHT="54" WIDTH="965" VPOS="906" HPOS="183">
            <String HEIGHT="54" WIDTH="184" VPOS="906" HPOS="160" CONTENT="135." ID="tl_10_1" STYLEREFS="FONT0"/>
            <SP HEIGHT="54" WIDTH="23" VPOS="906" HPOS="344"/>
            <String HEIGHT="54" WIDTH="207" VPOS="906" HPOS="275" CONTENT="Femme" ID="tl_10_2" STYLEREFS="FONT0"/>
            <SP HEIGHT="54" WIDTH="23" VPOS="906" HPOS="482"/>
            <String HEIGHT="54" WIDTH="138" VPOS="906" HPOS="413" CONTENT="de" ID="tl_10_3" STYLEREFS="FONT0"/>
            <SP HEIGHT="54" WIDTH="23" VPOS="906" HPOS="551"/>
            <String HEIGHT="54" WIDTH="253" VPOS="906" HPOS="482" CONTENT="Boghari" ID="tl_10_4" STYLEREFS="FONT0"/>
            <SP HEIGHT="54" WIDTH="23" VPOS="906" HPOS="734"/>
            <String HEIGHT="54" WIDTH="184" VPOS="906" HPOS="666" CONTENT="tuée" ID="tl_10_5" STYLEREFS="FONT0"/>
            <SP HEIGHT="54" WIDTH="23" VPOS="906" HPOS="849"/>
            <String HEIGHT="54" WIDTH="161" VPOS="906" HPOS="780" CONTENT="par" ID="tl_10_6" STYLEREFS="FONT0"/>
            <SP HEIGHT="54" WIDTH="23" VPOS="906" HPOS="941"/>
            <String HEIGHT="54" WIDTH="161" VPOS="906" HPOS="872" CONTENT="une" ID="tl_10_7" STYLEREFS="FONT0"/>
            <SP HEIGHT="54" WIDTH="23" VPOS="906" HPOS="1033"/>
            <String HEIGHT="54" WIDTH="207" VPOS="906" HPOS="941" CONTENT="lionne." ID="tl_10_8" STYLEREFS="FONT0"/>
          </TextLine>
        </TextBlock>
        <TextBlock ID="r_2_8" HEIGHT="37" WIDTH="611" VPOS="972" HPOS="406">
          <TextLine ID="tl_11" BASELINE="1037" HEIGHT="80" WIDTH="626" VPOS="957" HPOS="399">
            <String HEIGHT="80" WIDTH="102" VPOS="957" HPOS="382" CONTENT="H." ID="tl_11_1" STYLEREFS="FONT0"/>
            <SP HEIGHT="80" WIDTH="17" VPOS="957" HPOS="484"/>
            <String HEIGHT="80" WIDTH="102" VPOS="957" HPOS="433" CONTENT="1," ID="tl_11_2" STYLEREFS="FONT0"/>
            <SP HEIGHT="80" WIDTH="17" VPOS="957" HPOS="534"/>
            <String HEIGHT="80" WIDTH="118" VPOS="957" HPOS="484" CONTENT="45." ID="tl_11_3" STYLEREFS="FONT0"/>
            <SP HEIGHT="80" WIDTH="17" VPOS="957" HPOS="602"/>
            <String HEIGHT="80" WIDTH="85" VPOS="957" HPOS="551" CONTENT="—" ID="tl_11_4" STYLEREFS="FONT0"/>
            <SP HEIGHT="80" WIDTH="17" VPOS="957" HPOS="636"/>
            <String HEIGHT="80" WIDTH="102" VPOS="957" HPOS="585" CONTENT="L." ID="tl_11_5" STYLEREFS="FONT0"/>
            <SP HEIGHT="80" WIDTH="17" VPOS="957" HPOS="687"/>
            <String HEIGHT="80" WIDTH="102" VPOS="957" HPOS="636" CONTENT="1," ID="tl_11_6" STYLEREFS="FONT0"/>
            <SP HEIGHT="80" WIDTH="17" VPOS="957" HPOS="737"/>
            <String HEIGHT="80" WIDTH="118" VPOS="957" HPOS="687" CONTENT="70." ID="tl_11_7" STYLEREFS="FONT0"/>
            <SP HEIGHT="80" WIDTH="17" VPOS="957" HPOS="805"/>
            <String HEIGHT="80" WIDTH="85" VPOS="957" HPOS="754" CONTENT="—" ID="tl_11_8" STYLEREFS="FONT0"/>
            <SP HEIGHT="80" WIDTH="17" VPOS="957" HPOS="839"/>
            <String HEIGHT="80" WIDTH="135" VPOS="957" HPOS="788" CONTENT="Fig." ID="tl_11_9" STYLEREFS="FONT0"/>
            <SP HEIGHT="80" WIDTH="17" VPOS="957" HPOS="923"/>
            <String HEIGHT="80" WIDTH="118" VPOS="957" HPOS="873" CONTENT="gr." ID="tl_11_10" STYLEREFS="FONT0"/>
            <SP HEIGHT="80" WIDTH="17" VPOS="957" HPOS="991"/>
            <String HEIGHT="80" WIDTH="102" VPOS="957" HPOS="923" CONTENT="nat." ID="tl_11_11" STYLEREFS="FONT0"/>
          </TextLine>
        </TextBlock>
        <TextBlock ID="r_2_9" HEIGHT="39" WIDTH="295" VPOS="1006" HPOS="1112">
          <TextLine ID="tl_12" BASELINE="1056" HEIGHT="69" WIDTH="309" VPOS="987" HPOS="1105">
            <String HEIGHT="69" WIDTH="193" VPOS="987" HPOS="1086" CONTENT="(Salon" ID="tl_12_1" STYLEREFS="FONT0"/>
            <SP HEIGHT="69" WIDTH="19" VPOS="987" HPOS="1279"/>
            <String HEIGHT="69" WIDTH="116" VPOS="987" HPOS="1221" CONTENT="de" ID="tl_12_2" STYLEREFS="FONT0"/>
            <SP HEIGHT="69" WIDTH="19" VPOS="987" HPOS="1337"/>
            <String HEIGHT="69" WIDTH="155" VPOS="987" HPOS="1260" CONTENT="1855.)" ID="tl_12_3" STYLEREFS="FONT0"/>
          </TextLine>
        </TextBlock>
        <TextBlock ID="r_3_1" HEIGHT="164" WIDTH="1255" VPOS="1100" HPOS="194">
          <TextLine ID="tl_13" BASELINE="1153" HEIGHT="75" WIDTH="1266" VPOS="1078" HPOS="188">
            <String HEIGHT="75" WIDTH="243" VPOS="1078" HPOS="164" CONTENT="MERCEY" ID="tl_13_1" STYLEREFS="FONT0"/>
            <SP HEIGHT="75" WIDTH="24" VPOS="1078" HPOS="407"/>
            <String HEIGHT="75" WIDTH="317" VPOS="1078" HPOS="334" CONTENT="(FRÉDÉRIC" ID="tl_13_2" STYLEREFS="FONT0"/>
            <SP HEIGHT="75" WIDTH="24" VPOS="1078" HPOS="651"/>
            <String HEIGHT="75" WIDTH="317" VPOS="1078" HPOS="578" CONTENT="BOURGEOIS" ID="tl_13_3" STYLEREFS="FONT0"/>
            <SP HEIGHT="75" WIDTH="24" VPOS="1078" HPOS="894"/>
            <String HEIGHT="75" WIDTH="195" VPOS="1078" HPOS="821" CONTENT="DE)," ID="tl_13_4" STYLEREFS="FONT0"/>
            <SP HEIGHT="75" WIDTH="24" VPOS="1078" HPOS="1016"/>
            <String HEIGHT="75" WIDTH="219" VPOS="1078" HPOS="943" CONTENT="né" ID="tl_13_5" STYLEREFS="FONT2"/>
            <SP HEIGHT="75" WIDTH="24" VPOS="1078" HPOS="1162"/>
            <String HEIGHT="75" WIDTH="122" VPOS="1078" HPOS="1089" CONTENT="à" ID="tl_13_6" STYLEREFS="FONT2"/>
            <SP HEIGHT="75" WIDTH="24" VPOS="1078" HPOS="1211"/>
            <String HEIGHT="75" WIDTH="219" VPOS="1078" HPOS="1138" CONTENT="Paris" ID="tl_13_7" STYLEREFS="FONT2"/>
            <SP HEIGHT="75" WIDTH="24" VPOS="1078" HPOS="1357"/>
            <String HEIGHT="75" WIDTH="195" VPOS="1078" HPOS="1259" CONTENT="en" ID="tl_13_8" STYLEREFS="FONT2"/>
          </TextLine>
          <TextLine ID="tl_14" BASELINE="1202" HEIGHT="60" WIDTH="1216" VPOS="1142" HPOS="240">
            <String HEIGHT="60" WIDTH="185" VPOS="1142" HPOS="219" CONTENT="1804," ID="tl_14_1" STYLEREFS="FONT0"/>
            <SP HEIGHT="60" WIDTH="21" VPOS="1142" HPOS="405"/>
            <String HEIGHT="60" WIDTH="247" VPOS="1142" HPOS="343" CONTENT="élève" ID="tl_14_2" STYLEREFS="FONT2"/>
            <SP HEIGHT="60" WIDTH="21" VPOS="1142" HPOS="590"/>
            <String HEIGHT="60" WIDTH="124" VPOS="1142" HPOS="529" CONTENT="de" ID="tl_14_3" STYLEREFS="FONT2"/>
            <SP HEIGHT="60" WIDTH="21" VPOS="1142" HPOS="652"/>
            <String HEIGHT="60" WIDTH="227" VPOS="1142" HPOS="590" CONTENT="Bertin," ID="tl_14_4" STYLEREFS="FONT2"/>
            <SP HEIGHT="60" WIDTH="21" VPOS="1142" HPOS="817"/>
            <String HEIGHT="60" WIDTH="268" VPOS="1142" HPOS="755" CONTENT="chevalier" ID="tl_14_5" STYLEREFS="FONT2"/>
            <SP HEIGHT="60" WIDTH="21" VPOS="1142" HPOS="1023"/>
            <String HEIGHT="60" WIDTH="124" VPOS="1142" HPOS="961" CONTENT="de" ID="tl_14_6" STYLEREFS="FONT2"/>
            <SP HEIGHT="60" WIDTH="21" VPOS="1142" HPOS="1085"/>
            <String HEIGHT="60" WIDTH="124" VPOS="1142" HPOS="1023" CONTENT="la" ID="tl_14_7" STYLEREFS="FONT2"/>
            <SP HEIGHT="60" WIDTH="21" VPOS="1142" HPOS="1147"/>
            <String HEIGHT="60" WIDTH="392" VPOS="1142" HPOS="1064" CONTENT="Légion" ID="tl_14_8" STYLEREFS="FONT2"/>
          </TextLine>
          <TextLine ID="tl_15" BASELINE="1271" HEIGHT="55" WIDTH="1030" VPOS="1216" HPOS="238">
            <String HEIGHT="55" WIDTH="172" VPOS="1216" HPOS="222" CONTENT="neur" ID="tl_15_1" STYLEREFS="FONT2"/>
            <SP HEIGHT="55" WIDTH="16" VPOS="1216" HPOS="394"/>
            <String HEIGHT="55" WIDTH="156" VPOS="1216" HPOS="347" CONTENT="en" ID="tl_15_2" STYLEREFS="FONT2"/>
            <SP HEIGHT="55" WIDTH="16" VPOS="1216" HPOS="503"/>
            <String HEIGHT="55" WIDTH="140" VPOS="1216" HPOS="456" CONTENT="1843," ID="tl_15_3" STYLEREFS="FONT0"/>
            <SP HEIGHT="55" WIDTH="16" VPOS="1216" HPOS="597"/>
            <String HEIGHT="55" WIDTH="234" VPOS="1216" HPOS="550" CONTENT="officier" ID="tl_15_4" STYLEREFS="FONT2"/>
            <SP HEIGHT="55" WIDTH="16" VPOS="1216" HPOS="784"/>
            <String HEIGHT="55" WIDTH="156" VPOS="1216" HPOS="737" CONTENT="en" ID="tl_15_5" STYLEREFS="FONT2"/>
            <SP HEIGHT="55" WIDTH="16" VPOS="1216" HPOS="893"/>
            <String HEIGHT="55" WIDTH="140" VPOS="1216" HPOS="847" CONTENT="1855," ID="tl_15_6" STYLEREFS="FONT0"/>
            <SP HEIGHT="55" WIDTH="16" VPOS="1216" HPOS="987"/>
            <String HEIGHT="55" WIDTH="172" VPOS="1216" HPOS="940" CONTENT="mort" ID="tl_15_7" STYLEREFS="FONT2"/>
            <SP HEIGHT="55" WIDTH="16" VPOS="1216" HPOS="1112"/>
            <String HEIGHT="55" WIDTH="156" VPOS="1216" HPOS="1065" CONTENT="en" ID="tl_15_8" STYLEREFS="FONT2"/>
            <SP HEIGHT="55" WIDTH="16" VPOS="1216" HPOS="1221"/>
            <String HEIGHT="55" WIDTH="109" VPOS="1216" HPOS="1159" CONTENT="1860." ID="tl_15_9" STYLEREFS="FONT0"/>
          </TextLine>
        </TextBlock>
        <TextBlock ID="r_3_2" HEIGHT="40" WIDTH="447" VPOS="1287" HPOS="190">
          <TextLine ID="tl_16" BASELINE="1353" HEIGHT="82" WIDTH="461" VPOS="1271" HPOS="183">
            <String HEIGHT="82" WIDTH="168" VPOS="1271" HPOS="162" CONTENT="136." ID="tl_16_1" STYLEREFS="FONT0"/>
            <SP HEIGHT="82" WIDTH="21" VPOS="1271" HPOS="330"/>
            <String HEIGHT="82" WIDTH="231" VPOS="1271" HPOS="267" CONTENT="Lisière" ID="tl_16_2" STYLEREFS="FONT0"/>
            <SP HEIGHT="82" WIDTH="21" VPOS="1271" HPOS="497"/>
            <String HEIGHT="82" WIDTH="126" VPOS="1271" HPOS="434" CONTENT="de" ID="tl_16_3" STYLEREFS="FONT0"/>
            <SP HEIGHT="82" WIDTH="21" VPOS="1271" HPOS="560"/>
            <String HEIGHT="82" WIDTH="168" VPOS="1271" HPOS="476" CONTENT="forêt." ID="tl_16_4" STYLEREFS="FONT0"/>
          </TextLine>
        </TextBlock>
        <TextBlock ID="r_4_1" HEIGHT="38" WIDTH="339" VPOS="1349" HPOS="404">
          <TextLine ID="tl_17" BASELINE="1410" HEIGHT="80" WIDTH="352" VPOS="1330" HPOS="398">
            <String HEIGHT="80" WIDTH="101" VPOS="1330" HPOS="381" CONTENT="H." ID="tl_17_1" STYLEREFS="FONT0"/>
            <SP HEIGHT="80" WIDTH="17" VPOS="1330" HPOS="482"/>
            <String HEIGHT="80" WIDTH="101" VPOS="1330" HPOS="432" CONTENT="0," ID="tl_17_2" STYLEREFS="FONT0"/>
            <SP HEIGHT="80" WIDTH="17" VPOS="1330" HPOS="532"/>
            <String HEIGHT="80" WIDTH="117" VPOS="1330" HPOS="482" CONTENT="61." ID="tl_17_3" STYLEREFS="FONT0"/>
            <SP HEIGHT="80" WIDTH="17" VPOS="1330" HPOS="599"/>
            <String HEIGHT="80" WIDTH="84" VPOS="1330" HPOS="549" CONTENT="—" ID="tl_17_4" STYLEREFS="FONT0"/>
            <SP HEIGHT="80" WIDTH="17" VPOS="1330" HPOS="633"/>
            <String HEIGHT="80" WIDTH="101" VPOS="1330" HPOS="582" CONTENT="L." ID="tl_17_5" STYLEREFS="FONT0"/>
            <SP HEIGHT="80" WIDTH="17" VPOS="1330" HPOS="683"/>
            <String HEIGHT="80" WIDTH="101" VPOS="1330" HPOS="633" CONTENT="0," ID="tl_17_6" STYLEREFS="FONT0"/>
            <SP HEIGHT="80" WIDTH="17" VPOS="1330" HPOS="733"/>
            <String HEIGHT="80" WIDTH="84" VPOS="1330" HPOS="666" CONTENT="95." ID="tl_17_7" STYLEREFS="FONT0"/>
          </TextLine>
        </TextBlock>
        <TextBlock ID="r_5_1" HEIGHT="44" WIDTH="302" VPOS="1386" HPOS="1102">
          <TextLine ID="tl_18" BASELINE="1450" HEIGHT="90" WIDTH="316" VPOS="1360" HPOS="1095">
            <String HEIGHT="90" WIDTH="198" VPOS="1360" HPOS="1075" CONTENT="(Salon" ID="tl_18_1" STYLEREFS="FONT0"/>
            <SP HEIGHT="90" WIDTH="20" VPOS="1360" HPOS="1273"/>
            <String HEIGHT="90" WIDTH="119" VPOS="1360" HPOS="1214" CONTENT="de" ID="tl_18_2" STYLEREFS="FONT0"/>
            <SP HEIGHT="90" WIDTH="20" VPOS="1360" HPOS="1332"/>
            <String HEIGHT="90" WIDTH="158" VPOS="1360" HPOS="1253" CONTENT="1839.)" ID="tl_18_3" STYLEREFS="FONT0"/>
          </TextLine>
        </TextBlock>
        <TextBlock ID="r_6_1" HEIGHT="111" WIDTH="1253" VPOS="1478" HPOS="191">
          <TextLine ID="tl_19" BASELINE="1533" HEIGHT="89" WIDTH="1267" VPOS="1444" HPOS="184">
            <String HEIGHT="89" WIDTH="187" VPOS="1444" HPOS="163" CONTENT="MERLE" ID="tl_19_1" STYLEREFS="FONT0"/>
            <SP HEIGHT="89" WIDTH="21" VPOS="1444" HPOS="350"/>
            <String HEIGHT="89" WIDTH="270" VPOS="1444" HPOS="288" CONTENT="(HUGUES)," ID="tl_19_2" STYLEREFS="FONT0"/>
            <SP HEIGHT="89" WIDTH="21" VPOS="1444" HPOS="558"/>
            <String HEIGHT="89" WIDTH="187" VPOS="1444" HPOS="496" CONTENT="né" ID="tl_19_3" STYLEREFS="FONT2"/>
            <SP HEIGHT="89" WIDTH="21" VPOS="1444" HPOS="682"/>
            <String HEIGHT="89" WIDTH="104" VPOS="1444" HPOS="620" CONTENT="à" ID="tl_19_4" STYLEREFS="FONT2"/>
            <SP HEIGHT="89" WIDTH="21" VPOS="1444" HPOS="724"/>
            <String HEIGHT="89" WIDTH="395" VPOS="1444" HPOS="662" CONTENT="Saint-Marcellin" ID="tl_19_5" STYLEREFS="FONT2"/>
            <SP HEIGHT="89" WIDTH="21" VPOS="1444" HPOS="1056"/>
            <String HEIGHT="89" WIDTH="249" VPOS="1444" HPOS="994" CONTENT="(Isère)," ID="tl_19_6" STYLEREFS="FONT2"/>
            <SP HEIGHT="89" WIDTH="21" VPOS="1444" HPOS="1243"/>
            <String HEIGHT="89" WIDTH="187" VPOS="1444" HPOS="1181" CONTENT="élève" ID="tl_19_7" STYLEREFS="FONT2"/>
            <SP HEIGHT="89" WIDTH="21" VPOS="1444" HPOS="1368"/>
            <String HEIGHT="89" WIDTH="166" VPOS="1444" HPOS="1285" CONTENT="de" ID="tl_19_8" STYLEREFS="FONT2"/>
          </TextLine>
          <TextLine ID="tl_20" BASELINE="1595" HEIGHT="71" WIDTH="351" VPOS="1524" HPOS="238">
            <String HEIGHT="71" WIDTH="150" VPOS="1524" HPOS="221" CONTENT="M." ID="tl_20_1" STYLEREFS="FONT2"/>
            <SP HEIGHT="71" WIDTH="17" VPOS="1524" HPOS="372"/>
            <String HEIGHT="71" WIDTH="100" VPOS="1524" HPOS="322" CONTENT="L." ID="tl_20_2" STYLEREFS="FONT2"/>
            <SP HEIGHT="71" WIDTH="17" VPOS="1524" HPOS="422"/>
            <String HEIGHT="71" WIDTH="234" VPOS="1524" HPOS="355" CONTENT="Cogniet" ID="tl_20_3" STYLEREFS="FONT2"/>
          </TextLine>
        </TextBlock>
        <TextBlock ID="r_6_2" HEIGHT="41" WIDTH="444" VPOS="1598" HPOS="190">
          <TextLine ID="tl_21" BASELINE="1665" HEIGHT="82" WIDTH="457" VPOS="1583" HPOS="183">
            <String HEIGHT="82" WIDTH="192" VPOS="1583" HPOS="159" CONTENT="137." ID="tl_21_1" STYLEREFS="FONT0"/>
            <SP HEIGHT="82" WIDTH="24" VPOS="1583" HPOS="351"/>
            <String HEIGHT="82" WIDTH="168" VPOS="1583" HPOS="279" CONTENT="Une" ID="tl_21_2" STYLEREFS="FONT0"/>
            <SP HEIGHT="82" WIDTH="24" VPOS="1583" HPOS="448"/>
            <String HEIGHT="82" WIDTH="289" VPOS="1583" HPOS="351" CONTENT="mendiante." ID="tl_21_3" STYLEREFS="FONT0"/>
          </TextLine>
        </TextBlock>
        <TextBlock ID="r_6_3" HEIGHT="39" WIDTH="878" VPOS="1660" HPOS="403">
          <TextLine ID="tl_22" BASELINE="1705" HEIGHT="53" WIDTH="892" VPOS="1652" HPOS="396">
            <String HEIGHT="53" WIDTH="109" VPOS="1652" HPOS="378" CONTENT="H." ID="tl_22_1" STYLEREFS="FONT0"/>
            <SP HEIGHT="53" WIDTH="18" VPOS="1652" HPOS="487"/>
            <String HEIGHT="53" WIDTH="109" VPOS="1652" HPOS="432" CONTENT="1," ID="tl_22_2" STYLEREFS="FONT0"/>
            <SP HEIGHT="53" WIDTH="18" VPOS="1652" HPOS="542"/>
            <String HEIGHT="53" WIDTH="127" VPOS="1652" HPOS="487" CONTENT="12." ID="tl_22_3" STYLEREFS="FONT0"/>
            <SP HEIGHT="53" WIDTH="18" VPOS="1652" HPOS="614"/>
            <String HEIGHT="53" WIDTH="91" VPOS="1652" HPOS="560" CONTENT="—" ID="tl_22_4" STYLEREFS="FONT0"/>
            <SP HEIGHT="53" WIDTH="18" VPOS="1652" HPOS="651"/>
            <String HEIGHT="53" WIDTH="109" VPOS="1652" HPOS="596" CONTENT="L." ID="tl_22_5" STYLEREFS="FONT0"/>
            <SP HEIGHT="53" WIDTH="18" VPOS="1652" HPOS="705"/>
            <String HEIGHT="53" WIDTH="109" VPOS="1652" HPOS="651" CONTENT="0," ID="tl_22_6" STYLEREFS="FONT0"/>
            <SP HEIGHT="53" WIDTH="18" VPOS="1652" HPOS="760"/>
            <String HEIGHT="53" WIDTH="127" VPOS="1652" HPOS="705" CONTENT="80." ID="tl_22_7" STYLEREFS="FONT0"/>
            <SP HEIGHT="53" WIDTH="18" VPOS="1652" HPOS="833"/>
            <String HEIGHT="53" WIDTH="91" VPOS="1652" HPOS="778" CONTENT="—" ID="tl_22_8" STYLEREFS="FONT0"/>
            <SP HEIGHT="53" WIDTH="18" VPOS="1652" HPOS="869"/>
            <String HEIGHT="53" WIDTH="146" VPOS="1652" HPOS="815" CONTENT="Fig." ID="tl_22_9" STYLEREFS="FONT0"/>
            <SP HEIGHT="53" WIDTH="18" VPOS="1652" HPOS="960"/>
            <String HEIGHT="53" WIDTH="109" VPOS="1652" HPOS="906" CONTENT="en" ID="tl_22_10" STYLEREFS="FONT0"/>
            <SP HEIGHT="53" WIDTH="18" VPOS="1652" HPOS="1015"/>
            <String HEIGHT="53" WIDTH="164" VPOS="1652" HPOS="960" CONTENT="buste" ID="tl_22_11" STYLEREFS="FONT0"/>
            <SP HEIGHT="53" WIDTH="18" VPOS="1652" HPOS="1124"/>
            <String HEIGHT="53" WIDTH="109" VPOS="1652" HPOS="1070" CONTENT="de" ID="tl_22_12" STYLEREFS="FONT0"/>
            <SP HEIGHT="53" WIDTH="18" VPOS="1652" HPOS="1179"/>
            <String HEIGHT="53" WIDTH="127" VPOS="1652" HPOS="1124" CONTENT="gr." ID="tl_22_13" STYLEREFS="FONT0"/>
            <SP HEIGHT="53" WIDTH="18" VPOS="1652" HPOS="1252"/>
            <String HEIGHT="53" WIDTH="109" VPOS="1652" HPOS="1179" CONTENT="nat." ID="tl_22_14" STYLEREFS="FONT0"/>
          </TextLine>
        </TextBlock>
        <TextBlock ID="r_6_4" HEIGHT="43" WIDTH="309" VPOS="1708" HPOS="1093">
          <TextLine ID="tl_23" BASELINE="1770" HEIGHT="88" WIDTH="323" VPOS="1682" HPOS="1086">
            <String HEIGHT="88" WIDTH="202" VPOS="1682" HPOS="1066" CONTENT="(Salon" ID="tl_23_1" STYLEREFS="FONT0"/>
            <SP HEIGHT="88" WIDTH="20" VPOS="1682" HPOS="1268"/>
            <String HEIGHT="88" WIDTH="121" VPOS="1682" HPOS="1207" CONTENT="de" ID="tl_23_2" STYLEREFS="FONT0"/>
            <SP HEIGHT="88" WIDTH="20" VPOS="1682" HPOS="1328"/>
            <String HEIGHT="88" WIDTH="162" VPOS="1682" HPOS="1248" CONTENT="1861.)" ID="tl_23_3" STYLEREFS="FONT0"/>
          </TextLine>
        </TextBlock>
        <TextBlock ID="r_6_5" HEIGHT="111" WIDTH="1255" VPOS="1802" HPOS="191">
          <TextLine ID="tl_24" BASELINE="1860" HEIGHT="84" WIDTH="1270" VPOS="1776" HPOS="183">
            <String HEIGHT="84" WIDTH="272" VPOS="1776" HPOS="160" CONTENT="MONGINOT" ID="tl_24_1" STYLEREFS="FONT0"/>
            <SP HEIGHT="84" WIDTH="23" VPOS="1776" HPOS="432"/>
            <String HEIGHT="84" WIDTH="318" VPOS="1776" HPOS="364" CONTENT="(CHARLES)," ID="tl_24_2" STYLEREFS="FONT0"/>
            <SP HEIGHT="84" WIDTH="23" VPOS="1776" HPOS="682"/>
            <String HEIGHT="84" WIDTH="204" VPOS="1776" HPOS="614" CONTENT="né" ID="tl_24_3" STYLEREFS="FONT2"/>
            <SP HEIGHT="84" WIDTH="23" VPOS="1776" HPOS="818"/>
            <String HEIGHT="84" WIDTH="113" VPOS="1776" HPOS="750" CONTENT="à" ID="tl_24_4" STYLEREFS="FONT2"/>
            <SP HEIGHT="84" WIDTH="23" VPOS="1776" HPOS="863"/>
            <String HEIGHT="84" WIDTH="249" VPOS="1776" HPOS="795" CONTENT="Brienne" ID="tl_24_5" STYLEREFS="FONT2"/>
            <SP HEIGHT="84" WIDTH="23" VPOS="1776" HPOS="1045"/>
            <String HEIGHT="84" WIDTH="249" VPOS="1776" HPOS="977" CONTENT="(Aube)," ID="tl_24_6" STYLEREFS="FONT2"/>
            <SP HEIGHT="84" WIDTH="23" VPOS="1776" HPOS="1226"/>
            <String HEIGHT="84" WIDTH="204" VPOS="1776" HPOS="1158" CONTENT="élève" ID="tl_24_7" STYLEREFS="FONT2"/>
            <SP HEIGHT="84" WIDTH="23" VPOS="1776" HPOS="1362"/>
            <String HEIGHT="84" WIDTH="181" VPOS="1776" HPOS="1272" CONTENT="de" ID="tl_24_8" STYLEREFS="FONT2"/>
          </TextLine>
          <TextLine ID="tl_25" BASELINE="1948" HEIGHT="95" WIDTH="368" VPOS="1853" HPOS="236">
            <String HEIGHT="95" WIDTH="158" VPOS="1853" HPOS="218" CONTENT="M." ID="tl_25_1" STYLEREFS="FONT2"/>
            <SP HEIGHT="95" WIDTH="18" VPOS="1853" HPOS="376"/>
            <String HEIGHT="95" WIDTH="105" VPOS="1853" HPOS="324" CONTENT="T." ID="tl_25_2" STYLEREFS="FONT2"/>
            <SP HEIGHT="95" WIDTH="18" VPOS="1853" HPOS="429"/>
            <String HEIGHT="95" WIDTH="245" VPOS="1853" HPOS="359" CONTENT="Couture" ID="tl_25_3" STYLEREFS="FONT2"/>
          </TextLine>
        </TextBlock>
        <TextBlock ID="r_6_6" HEIGHT="40" WIDTH="415" VPOS="1946" HPOS="191">
          <TextLine ID="tl_26" BASELINE="2012" HEIGHT="78" WIDTH="429" VPOS="1934" HPOS="184">
            <String HEIGHT="78" WIDTH="191" VPOS="1934" HPOS="160" CONTENT="138." ID="tl_26_1" STYLEREFS="FONT0"/>
            <SP HEIGHT="78" WIDTH="24" VPOS="1934" HPOS="351"/>
            <String HEIGHT="78" WIDTH="238" VPOS="1934" HPOS="279" CONTENT="Nature" ID="tl_26_2" STYLEREFS="FONT0"/>
            <SP HEIGHT="78" WIDTH="24" VPOS="1934" HPOS="518"/>
            <String HEIGHT="78" WIDTH="191" VPOS="1934" HPOS="422" CONTENT="morte." ID="tl_26_3" STYLEREFS="FONT0"/>
          </TextLine>
        </TextBlock>
        <TextBlock ID="r_6_7" HEIGHT="34" WIDTH="345" VPOS="2020" HPOS="402">
          <TextLine ID="tl_27" BASELINE="2089" HEIGHT="89" WIDTH="360" VPOS="2000" HPOS="395">
            <String HEIGHT="89" WIDTH="103" VPOS="2000" HPOS="378" CONTENT="H." ID="tl_27_1" STYLEREFS="FONT0"/>
            <SP HEIGHT="89" WIDTH="17" VPOS="2000" HPOS="481"/>
            <String HEIGHT="89" WIDTH="103" VPOS="2000" HPOS="429" CONTENT="2," ID="tl_27_2" STYLEREFS="FONT0"/>
            <SP HEIGHT="89" WIDTH="17" VPOS="2000" HPOS="532"/>
            <String HEIGHT="89" WIDTH="120" VPOS="2000" HPOS="481" CONTENT="00." ID="tl_27_3" STYLEREFS="FONT0"/>
            <SP HEIGHT="89" WIDTH="17" VPOS="2000" HPOS="601"/>
            <String HEIGHT="89" WIDTH="86" VPOS="2000" HPOS="549" CONTENT="—" ID="tl_27_4" STYLEREFS="FONT0"/>
            <SP HEIGHT="89" WIDTH="17" VPOS="2000" HPOS="635"/>
            <String HEIGHT="89" WIDTH="103" VPOS="2000" HPOS="584" CONTENT="L." ID="tl_27_5" STYLEREFS="FONT0"/>
            <SP HEIGHT="89" WIDTH="17" VPOS="2000" HPOS="686"/>
            <String HEIGHT="89" WIDTH="103" VPOS="2000" HPOS="635" CONTENT="2," ID="tl_27_6" STYLEREFS="FONT0"/>
            <SP HEIGHT="89" WIDTH="17" VPOS="2000" HPOS="738"/>
            <String HEIGHT="89" WIDTH="86" VPOS="2000" HPOS="669" CONTENT="60." ID="tl_27_7" STYLEREFS="FONT0"/>
          </TextLine>
        </TextBlock>
        <TextBlock ID="r_6_8" HEIGHT="41" WIDTH="300" VPOS="2072" HPOS="1102">
          <TextLine ID="tl_28" BASELINE="2138" HEIGHT="102" WIDTH="314" VPOS="2036" HPOS="1095">
            <String HEIGHT="102" WIDTH="196" VPOS="2036" HPOS="1075" CONTENT="(Salon" ID="tl_28_1" STYLEREFS="FONT0"/>
            <SP HEIGHT="102" WIDTH="20" VPOS="2036" HPOS="1272"/>
            <String HEIGHT="102" WIDTH="118" VPOS="2036" HPOS="1213" CONTENT="de" ID="tl_28_2" STYLEREFS="FONT0"/>
            <SP HEIGHT="102" WIDTH="20" VPOS="2036" HPOS="1331"/>
            <String HEIGHT="102" WIDTH="157" VPOS="2036" HPOS="1252" CONTENT="1853.)" ID="tl_28_3" STYLEREFS="FONT0"/>
          </TextLine>
        </TextBlock>
        <TextBlock ID="r_7_1" HEIGHT="120" WIDTH="1255" VPOS="2176" HPOS="190">
          <TextLine ID="tl_29" BASELINE="2247" HEIGHT="94" WIDTH="1268" VPOS="2153" HPOS="184">
            <String HEIGHT="94" WIDTH="275" VPOS="2153" HPOS="163" CONTENT="MONTESSUY" ID="tl_29_1" STYLEREFS="FONT0"/>
            <SP HEIGHT="94" WIDTH="21" VPOS="2153" HPOS="438"/>
            <String HEIGHT="94" WIDTH="317" VPOS="2153" HPOS="374" CONTENT="(FRANÇOIS)," ID="tl_29_2" STYLEREFS="FONT0"/>
            <SP HEIGHT="94" WIDTH="21" VPOS="2153" HPOS="691"/>
            <String HEIGHT="94" WIDTH="190" VPOS="2153" HPOS="628" CONTENT="né" ID="tl_29_3" STYLEREFS="FONT2"/>
            <SP HEIGHT="94" WIDTH="21" VPOS="2153" HPOS="818"/>
            <String HEIGHT="94" WIDTH="106" VPOS="2153" HPOS="755" CONTENT="à" ID="tl_29_4" STYLEREFS="FONT2"/>
            <SP HEIGHT="94" WIDTH="21" VPOS="2153" HPOS="860"/>
            <String HEIGHT="94" WIDTH="169" VPOS="2153" HPOS="797" CONTENT="Lyon" ID="tl_29_5" STYLEREFS="FONT2"/>
            <SP HEIGHT="94" WIDTH="21" VPOS="2153" HPOS="966"/>
            <String HEIGHT="94" WIDTH="254" VPOS="2153" HPOS="903" CONTENT="(Rhône)," ID="tl_29_6" STYLEREFS="FONT2"/>
            <SP HEIGHT="94" WIDTH="21" VPOS="2153" HPOS="1156"/>
            <String HEIGHT="94" WIDTH="190" VPOS="2153" HPOS="1093" CONTENT="élève" ID="tl_29_7" STYLEREFS="FONT2"/>
            <SP HEIGHT="94" WIDTH="21" VPOS="2153" HPOS="1283"/>
            <String HEIGHT="94" WIDTH="254" VPOS="2153" HPOS="1198" CONTENT="d’Her" ID="tl_29_8" STYLEREFS="FONT2"/>
          </TextLine>
          <TextLine ID="tl_30" BASELINE="2315" HEIGHT="89" WIDTH="468" VPOS="2226" HPOS="238">
            <String HEIGHT="89" WIDTH="184" VPOS="2226" HPOS="221" CONTENT="sent" ID="tl_30_1" STYLEREFS="FONT2"/>
            <SP HEIGHT="89" WIDTH="17" VPOS="2226" HPOS="405"/>
            <String HEIGHT="89" WIDTH="100" VPOS="2226" HPOS="355" CONTENT="et" ID="tl_30_2" STYLEREFS="FONT2"/>
            <SP HEIGHT="89" WIDTH="17" VPOS="2226" HPOS="455"/>
            <String HEIGHT="89" WIDTH="100" VPOS="2226" HPOS="405" CONTENT="de" ID="tl_30_3" STYLEREFS="FONT2"/>
            <SP HEIGHT="89" WIDTH="17" VPOS="2226" HPOS="505"/>
            <String HEIGHT="89" WIDTH="100" VPOS="2226" HPOS="455" CONTENT="M." ID="tl_30_4" STYLEREFS="FONT2"/>
            <SP HEIGHT="89" WIDTH="17" VPOS="2226" HPOS="556"/>
            <String HEIGHT="89" WIDTH="217" VPOS="2226" HPOS="489" CONTENT="Ingres" ID="tl_30_5" STYLEREFS="FONT2"/>
          </TextLine>
        </TextBlock>
        <TextBlock ID="r_7_2" HEIGHT="57" WIDTH="1208" VPOS="2316" HPOS="192">
          <TextLine ID="tl_31" BASELINE="2370" HEIGHT="70" WIDTH="1223" VPOS="2300" HPOS="184">
            <String HEIGHT="70" WIDTH="178" VPOS="2300" HPOS="162" CONTENT="139." ID="tl_31_1" STYLEREFS="FONT0"/>
            <SP HEIGHT="70" WIDTH="22" VPOS="2300" HPOS="340"/>
            <String HEIGHT="70" WIDTH="133" VPOS="2300" HPOS="273" CONTENT="La" ID="tl_31_2" STYLEREFS="FONT0"/>
            <SP HEIGHT="70" WIDTH="22" VPOS="2300" HPOS="406"/>
            <String HEIGHT="70" WIDTH="222" VPOS="2300" HPOS="340" CONTENT="Madone" ID="tl_31_3" STYLEREFS="FONT0"/>
            <SP HEIGHT="70" WIDTH="22" VPOS="2300" HPOS="562"/>
            <String HEIGHT="70" WIDTH="156" VPOS="2300" HPOS="495" CONTENT="des" ID="tl_31_4" STYLEREFS="FONT0"/>
            <SP HEIGHT="70" WIDTH="22" VPOS="2300" HPOS="651"/>
            <String HEIGHT="70" WIDTH="222" VPOS="2300" HPOS="584" CONTENT="grâces" ID="tl_31_5" STYLEREFS="FONT0"/>
            <SP HEIGHT="70" WIDTH="22" VPOS="2300" HPOS="807"/>
            <String HEIGHT="70" WIDTH="111" VPOS="2300" HPOS="740" CONTENT="à" ID="tl_31_6" STYLEREFS="FONT0"/>
            <SP HEIGHT="70" WIDTH="22" VPOS="2300" HPOS="851"/>
            <String HEIGHT="70" WIDTH="133" VPOS="2300" HPOS="784" CONTENT="la" ID="tl_31_7" STYLEREFS="FONT0"/>
            <SP HEIGHT="70" WIDTH="22" VPOS="2300" HPOS="918"/>
            <String HEIGHT="70" WIDTH="245" VPOS="2300" HPOS="851" CONTENT="Cervara" ID="tl_31_8" STYLEREFS="FONT0"/>
            <SP HEIGHT="70" WIDTH="22" VPOS="2300" HPOS="1096"/>
            <String HEIGHT="70" WIDTH="400" VPOS="2300" HPOS="1007" CONTENT="(États" ID="tl_31_9" STYLEREFS="FONT0"/>
          </TextLine>
        </TextBlock>
        <TextBlock ID="r_7_3" HEIGHT="42" WIDTH="637" VPOS="2393" HPOS="404">
          <TextLine ID="tl_32" BASELINE="2454" HEIGHT="83" WIDTH="651" VPOS="2371" HPOS="397">
            <String HEIGHT="83" WIDTH="109" VPOS="2371" HPOS="379" CONTENT="H." ID="tl_32_1" STYLEREFS="FONT0"/>
            <SP HEIGHT="83" WIDTH="18" VPOS="2371" HPOS="487"/>
            <String HEIGHT="83" WIDTH="109" VPOS="2371" HPOS="433" CONTENT="0," ID="tl_32_2" STYLEREFS="FONT0"/>
            <SP HEIGHT="83" WIDTH="18" VPOS="2371" HPOS="542"/>
            <String HEIGHT="83" WIDTH="127" VPOS="2371" HPOS="487" CONTENT="50." ID="tl_32_3" STYLEREFS="FONT0"/>
            <SP HEIGHT="83" WIDTH="18" VPOS="2371" HPOS="614"/>
            <String HEIGHT="83" WIDTH="109" VPOS="2371" HPOS="560" CONTENT="L." ID="tl_32_4" STYLEREFS="FONT0"/>
            <SP HEIGHT="83" WIDTH="18" VPOS="2371" HPOS="668"/>
            <String HEIGHT="83" WIDTH="109" VPOS="2371" HPOS="614" CONTENT="0," ID="tl_32_5" STYLEREFS="FONT0"/>
            <SP HEIGHT="83" WIDTH="18" VPOS="2371" HPOS="722"/>
            <String HEIGHT="83" WIDTH="127" VPOS="2371" HPOS="668" CONTENT="61." ID="tl_32_6" STYLEREFS="FONT0"/>
            <SP HEIGHT="83" WIDTH="18" VPOS="2371" HPOS="795"/>
            <String HEIGHT="83" WIDTH="90" VPOS="2371" HPOS="741" CONTENT="—" ID="tl_32_7" STYLEREFS="FONT0"/>
            <SP HEIGHT="83" WIDTH="18" VPOS="2371" HPOS="831"/>
            <String HEIGHT="83" WIDTH="145" VPOS="2371" HPOS="777" CONTENT="Fig." ID="tl_32_8" STYLEREFS="FONT0"/>
            <SP HEIGHT="83" WIDTH="18" VPOS="2371" HPOS="921"/>
            <String HEIGHT="83" WIDTH="109" VPOS="2371" HPOS="867" CONTENT="de" ID="tl_32_9" STYLEREFS="FONT0"/>
            <SP HEIGHT="83" WIDTH="18" VPOS="2371" HPOS="976"/>
            <String HEIGHT="83" WIDTH="109" VPOS="2371" HPOS="921" CONTENT="0," ID="tl_32_10" STYLEREFS="FONT0"/>
            <SP HEIGHT="83" WIDTH="18" VPOS="2371" HPOS="1030"/>
            <String HEIGHT="83" WIDTH="90" VPOS="2371" HPOS="958" CONTENT="28." ID="tl_32_11" STYLEREFS="FONT0"/>
          </TextLine>
        </TextBlock>
        <TextBlock ID="r_8_1" HEIGHT="45" WIDTH="300" VPOS="2446" HPOS="1108">
          <TextLine ID="tl_33" BASELINE="2507" HEIGHT="86" WIDTH="315" VPOS="2421" HPOS="1101">
            <String HEIGHT="86" WIDTH="197" VPOS="2421" HPOS="1081" CONTENT="(Salon" ID="tl_33_1" STYLEREFS="FONT0"/>
            <SP HEIGHT="86" WIDTH="20" VPOS="2421" HPOS="1278"/>
            <String HEIGHT="86" WIDTH="118" VPOS="2421" HPOS="1219" CONTENT="de" ID="tl_33_2" STYLEREFS="FONT0"/>
            <SP HEIGHT="86" WIDTH="20" VPOS="2421" HPOS="1337"/>
            <String HEIGHT="86" WIDTH="158" VPOS="2421" HPOS="1259" CONTENT="1853.)" ID="tl_33_3" STYLEREFS="FONT0"/>
          </TextLine>
        </TextBlock>
        <GraphicalElement ID="r_9" HEIGHT="12" WIDTH="1697" VPOS="46" HPOS="1"/>
        <GraphicalElement ID="r_10" HEIGHT="2579" WIDTH="7" VPOS="45" HPOS="1"/>
        <GraphicalElement ID="r_11" HEIGHT="173" WIDTH="1" VPOS="2664" HPOS="5"/>
        <GraphicalElement ID="r_12" HEIGHT="140" WIDTH="2" VPOS="2912" HPOS="5"/>
        <GraphicalElement ID="r_13" HEIGHT="2651" WIDTH="8" VPOS="58" HPOS="1696"/>
        <GraphicalElement ID="r_14" HEIGHT="8" WIDTH="180" VPOS="49" HPOS="878"/>
      </PrintSpace>
    </Page>
  </Layout>
</alto>
