<alto xmlns:xsi="http://www.w3.org/2001/XMLSchema-instance" xmlns="http://www.loc.gov/standards/alto/ns-v2#" xmlns:page="http://schema.primaresearch.org/PAGE/gts/pagecontent/2013-07-15" xsi:schemaLocation="http://www.loc.gov/standards/alto/ns-v2# http://www.loc.gov/standards/alto/alto.xsd">
  <Description>
    <MeasurementUnit>pixel</MeasurementUnit>
    <sourceImageInformation>
         <fileName>60.jpg</fileName>
      </sourceImageInformation>
    <OCRProcessing ID="IdOcr">
      <ocrProcessingStep>
        <processingDateTime>2020-10-31T11:20:23.39+01:00</processingDateTime>
        <processingSoftware>
               <softwareCreator>CONTRIBUTORS</softwareCreator>
               <softwareName>pdfalto</softwareName>
               <softwareVersion>0.1</softwareVersion>
            </processingSoftware>
      </ocrProcessingStep>
    </OCRProcessing>
  </Description>
  <Styles>
   <TextStyle ID="FONT0" FONTFAMILY="unknown" FONTSIZE="unknown" FONTSTYLE=""/>
   <TextStyle ID="FONT1" FONTFAMILY="unknown" FONTSIZE="unknown" FONTSTYLE="bold"/>
   <TextStyle ID="FONT2" FONTFAMILY="unknown" FONTSIZE="unknown" FONTSTYLE="italics"/>
  </Styles>
  <Tags/>
  <Layout>
    <Page ID="Page1" PHYSICAL_IMG_NR="1" HEIGHT="3131" WIDTH="1772">
      <PrintSpace HEIGHT="2912" WIDTH="1761" VPOS="54" HPOS="11">
        <TextBlock ID="r_1_1" HEIGHT="44" WIDTH="61" VPOS="347" HPOS="319">
          <TextLine ID="tl_1" BASELINE="403" HEIGHT="74" WIDTH="75" VPOS="329" HPOS="312">
            <String HEIGHT="74" WIDTH="150" VPOS="329" HPOS="237" CONTENT="30" ID="tl_1_1" STYLEREFS="FONT0"/>
          </TextLine>
        </TextBlock>
        <TextBlock ID="r_2_1" HEIGHT="33" WIDTH="233" VPOS="364" HPOS="837">
          <TextLine ID="tl_2" BASELINE="414" HEIGHT="70" WIDTH="246" VPOS="344" HPOS="831">
            <String HEIGHT="70" WIDTH="301" VPOS="344" HPOS="776" CONTENT="PEINTURE." ID="tl_2_1" STYLEREFS="FONT0"/>
          </TextLine>
        </TextBlock>
        <TextBlock ID="r_3_1" HEIGHT="99" WIDTH="1257" VPOS="445" HPOS="320">
          <TextLine ID="tl_3" BASELINE="518" HEIGHT="82" WIDTH="1271" VPOS="436" HPOS="313">
            <String HEIGHT="82" WIDTH="379" VPOS="436" HPOS="294" CONTENT="MONVOISIN" ID="tl_3_1" STYLEREFS="FONT1"/>
            <SP HEIGHT="82" WIDTH="19" VPOS="436" HPOS="673"/>
            <String HEIGHT="82" WIDTH="417" VPOS="436" HPOS="617" CONTENT="(RAYMOND-AUGUSTE)," ID="tl_3_2" STYLEREFS="FONT0"/>
            <SP HEIGHT="82" WIDTH="19" VPOS="436" HPOS="1034"/>
            <String HEIGHT="82" WIDTH="209" VPOS="436" HPOS="977" CONTENT="néjà" ID="tl_3_3" STYLEREFS="FONT2"/>
            <SP HEIGHT="82" WIDTH="19" VPOS="436" HPOS="1186"/>
            <String HEIGHT="82" WIDTH="228" VPOS="436" HPOS="1129" CONTENT="Bordeaux" ID="tl_3_4" STYLEREFS="FONT2"/>
            <SP HEIGHT="82" WIDTH="19" VPOS="436" HPOS="1356"/>
            <String HEIGHT="82" WIDTH="304" VPOS="436" HPOS="1280" CONTENT="(Gironde)" ID="tl_3_5" STYLEREFS="FONT2"/>
          </TextLine>
          <TextLine ID="tl_4" BASELINE="564" HEIGHT="73" WIDTH="444" VPOS="491" HPOS="367">
            <String HEIGHT="73" WIDTH="205" VPOS="491" HPOS="350" CONTENT="élève" ID="tl_4_1" STYLEREFS="FONT2"/>
            <SP HEIGHT="73" WIDTH="17" VPOS="491" HPOS="555"/>
            <String HEIGHT="73" WIDTH="102" VPOS="491" HPOS="504" CONTENT="de" ID="tl_4_2" STYLEREFS="FONT2"/>
            <SP HEIGHT="73" WIDTH="17" VPOS="491" HPOS="606"/>
            <String HEIGHT="73" WIDTH="102" VPOS="491" HPOS="555" CONTENT="P." ID="tl_4_3" STYLEREFS="FONT2"/>
            <SP HEIGHT="73" WIDTH="17" VPOS="491" HPOS="657"/>
            <String HEIGHT="73" WIDTH="222" VPOS="491" HPOS="589" CONTENT="Guérin" ID="tl_4_4" STYLEREFS="FONT2"/>
          </TextLine>
        </TextBlock>
        <TextBlock ID="r_3_2" HEIGHT="52" WIDTH="418" VPOS="566" HPOS="318">
          <TextLine ID="tl_5" BASELINE="634" HEIGHT="81" WIDTH="432" VPOS="553" HPOS="312">
            <String HEIGHT="81" WIDTH="173" VPOS="553" HPOS="290" CONTENT="140." ID="tl_5_1" STYLEREFS="FONT0"/>
            <SP HEIGHT="81" WIDTH="22" VPOS="553" HPOS="463"/>
            <String HEIGHT="81" WIDTH="367" VPOS="553" HPOS="377" CONTENT="L’escarpolette." ID="tl_5_2" STYLEREFS="FONT0"/>
          </TextLine>
        </TextBlock>
        <TextBlock ID="r_3_3" HEIGHT="40" WIDTH="665" VPOS="630" HPOS="534">
          <TextLine ID="tl_6" BASELINE="691" HEIGHT="76" WIDTH="678" VPOS="615" HPOS="528">
            <String HEIGHT="76" WIDTH="107" VPOS="615" HPOS="510" CONTENT="H." ID="tl_6_1" STYLEREFS="FONT0"/>
            <SP HEIGHT="76" WIDTH="18" VPOS="615" HPOS="617"/>
            <String HEIGHT="76" WIDTH="107" VPOS="615" HPOS="564" CONTENT="1," ID="tl_6_2" STYLEREFS="FONT0"/>
            <SP HEIGHT="76" WIDTH="18" VPOS="615" HPOS="671"/>
            <String HEIGHT="76" WIDTH="125" VPOS="615" HPOS="617" CONTENT="26." ID="tl_6_3" STYLEREFS="FONT0"/>
            <SP HEIGHT="76" WIDTH="18" VPOS="615" HPOS="742"/>
            <String HEIGHT="76" WIDTH="89" VPOS="615" HPOS="689" CONTENT="—" ID="tl_6_4" STYLEREFS="FONT0"/>
            <SP HEIGHT="76" WIDTH="18" VPOS="615" HPOS="778"/>
            <String HEIGHT="76" WIDTH="107" VPOS="615" HPOS="724" CONTENT="L." ID="tl_6_5" STYLEREFS="FONT0"/>
            <SP HEIGHT="76" WIDTH="18" VPOS="615" HPOS="831"/>
            <String HEIGHT="76" WIDTH="107" VPOS="615" HPOS="778" CONTENT="1," ID="tl_6_6" STYLEREFS="FONT0"/>
            <SP HEIGHT="76" WIDTH="18" VPOS="615" HPOS="885"/>
            <String HEIGHT="76" WIDTH="125" VPOS="615" HPOS="831" CONTENT="02." ID="tl_6_7" STYLEREFS="FONT0"/>
            <SP HEIGHT="76" WIDTH="18" VPOS="615" HPOS="956"/>
            <String HEIGHT="76" WIDTH="89" VPOS="615" HPOS="903" CONTENT="—" ID="tl_6_8" STYLEREFS="FONT0"/>
            <SP HEIGHT="76" WIDTH="18" VPOS="615" HPOS="992"/>
            <String HEIGHT="76" WIDTH="143" VPOS="615" HPOS="938" CONTENT="Fig." ID="tl_6_9" STYLEREFS="FONT0"/>
            <SP HEIGHT="76" WIDTH="18" VPOS="615" HPOS="1081"/>
            <String HEIGHT="76" WIDTH="196" VPOS="615" HPOS="1010" CONTENT="demi" ID="tl_6_10" STYLEREFS="FONT0"/>
          </TextLine>
        </TextBlock>
        <TextBlock ID="r_3_4" HEIGHT="41" WIDTH="287" VPOS="670" HPOS="1250">
          <TextLine ID="tl_7" BASELINE="737" HEIGHT="83" WIDTH="300" VPOS="654" HPOS="1243">
            <String HEIGHT="83" WIDTH="188" VPOS="654" HPOS="1224" CONTENT="(Salox" ID="tl_7_1" STYLEREFS="FONT0"/>
            <SP HEIGHT="83" WIDTH="19" VPOS="654" HPOS="1412"/>
            <String HEIGHT="83" WIDTH="113" VPOS="654" HPOS="1356" CONTENT="de" ID="tl_7_2" STYLEREFS="FONT0"/>
            <SP HEIGHT="83" WIDTH="19" VPOS="654" HPOS="1468"/>
            <String HEIGHT="83" WIDTH="150" VPOS="654" HPOS="1393" CONTENT="1840.)" ID="tl_7_3" STYLEREFS="FONT0"/>
          </TextLine>
        </TextBlock>
        <TextBlock ID="r_3_5" HEIGHT="60" WIDTH="1198" VPOS="749" HPOS="321">
          <TextLine ID="tl_8" BASELINE="832" HEIGHT="99" WIDTH="1211" VPOS="733" HPOS="315">
            <String HEIGHT="99" WIDTH="220" VPOS="733" HPOS="293" CONTENT="MORAIN" ID="tl_8_1" STYLEREFS="FONT0"/>
            <SP HEIGHT="99" WIDTH="22" VPOS="733" HPOS="513"/>
            <String HEIGHT="99" WIDTH="286" VPOS="733" HPOS="447" CONTENT="(PIERRE)," ID="tl_8_2" STYLEREFS="FONT0"/>
            <SP HEIGHT="99" WIDTH="22" VPOS="733" HPOS="733"/>
            <String HEIGHT="99" WIDTH="198" VPOS="733" HPOS="667" CONTENT="né" ID="tl_8_3" STYLEREFS="FONT2"/>
            <SP HEIGHT="99" WIDTH="22" VPOS="733" HPOS="865"/>
            <String HEIGHT="99" WIDTH="110" VPOS="733" HPOS="799" CONTENT="à" ID="tl_8_4" STYLEREFS="FONT2"/>
            <SP HEIGHT="99" WIDTH="22" VPOS="733" HPOS="909"/>
            <String HEIGHT="99" WIDTH="264" VPOS="733" HPOS="843" CONTENT="Morannes" ID="tl_8_5" STYLEREFS="FONT2"/>
            <SP HEIGHT="99" WIDTH="22" VPOS="733" HPOS="1108"/>
            <String HEIGHT="99" WIDTH="506" VPOS="733" HPOS="1020" CONTENT="(Maine" ID="tl_8_6" STYLEREFS="FONT2"/>
          </TextLine>
        </TextBlock>
        <TextBlock ID="r_3_6" HEIGHT="51" WIDTH="591" VPOS="815" HPOS="319">
          <TextLine ID="tl_9" BASELINE="876" HEIGHT="74" WIDTH="605" VPOS="802" HPOS="311">
            <String HEIGHT="74" WIDTH="173" VPOS="802" HPOS="289" CONTENT="141." ID="tl_9_1" STYLEREFS="FONT0"/>
            <SP HEIGHT="74" WIDTH="22" VPOS="802" HPOS="462"/>
            <String HEIGHT="74" WIDTH="130" VPOS="802" HPOS="397" CONTENT="Le" ID="tl_9_2" STYLEREFS="FONT0"/>
            <SP HEIGHT="74" WIDTH="22" VPOS="802" HPOS="527"/>
            <String HEIGHT="74" WIDTH="216" VPOS="802" HPOS="462" CONTENT="chemin" ID="tl_9_3" STYLEREFS="FONT0"/>
            <SP HEIGHT="74" WIDTH="22" VPOS="802" HPOS="678"/>
            <String HEIGHT="74" WIDTH="130" VPOS="802" HPOS="614" CONTENT="de" ID="tl_9_4" STYLEREFS="FONT0"/>
            <SP HEIGHT="74" WIDTH="22" VPOS="802" HPOS="743"/>
            <String HEIGHT="74" WIDTH="130" VPOS="802" HPOS="678" CONTENT="la" ID="tl_9_5" STYLEREFS="FONT0"/>
            <SP HEIGHT="74" WIDTH="22" VPOS="802" HPOS="808"/>
            <String HEIGHT="74" WIDTH="194" VPOS="802" HPOS="722" CONTENT="gloire." ID="tl_9_6" STYLEREFS="FONT0"/>
          </TextLine>
        </TextBlock>
        <TextBlock ID="r_3_7" HEIGHT="77" WIDTH="1129" VPOS="876" HPOS="447">
          <TextLine ID="tl_10" BASELINE="933" HEIGHT="66" WIDTH="1103" VPOS="867" HPOS="481">
            <String HEIGHT="66" WIDTH="225" VPOS="867" HPOS="461" CONTENT="L’Étude" ID="tl_10_1" STYLEREFS="FONT0"/>
            <SP HEIGHT="66" WIDTH="20" VPOS="867" HPOS="685"/>
            <String HEIGHT="66" WIDTH="327" VPOS="867" HPOS="624" CONTENT="personnifiée" ID="tl_10_2" STYLEREFS="FONT0"/>
            <SP HEIGHT="66" WIDTH="20" VPOS="867" HPOS="951"/>
            <String HEIGHT="66" WIDTH="143" VPOS="867" HPOS="890" CONTENT="par" ID="tl_10_3" STYLEREFS="FONT0"/>
            <SP HEIGHT="66" WIDTH="20" VPOS="867" HPOS="1033"/>
            <String HEIGHT="66" WIDTH="123" VPOS="867" HPOS="971" CONTENT="un" ID="tl_10_4" STYLEREFS="FONT0"/>
            <SP HEIGHT="66" WIDTH="20" VPOS="867" HPOS="1094"/>
            <String HEIGHT="66" WIDTH="184" VPOS="867" HPOS="1033" CONTENT="jeune" ID="tl_10_5" STYLEREFS="FONT0"/>
            <SP HEIGHT="66" WIDTH="20" VPOS="867" HPOS="1216"/>
            <String HEIGHT="66" WIDTH="225" VPOS="867" HPOS="1155" CONTENT="artiste" ID="tl_10_6" STYLEREFS="FONT0"/>
            <SP HEIGHT="66" WIDTH="20" VPOS="867" HPOS="1380"/>
            <String HEIGHT="66" WIDTH="123" VPOS="867" HPOS="1318" CONTENT="se" ID="tl_10_7" STYLEREFS="FONT0"/>
            <SP HEIGHT="66" WIDTH="20" VPOS="867" HPOS="1441"/>
            <String HEIGHT="66" WIDTH="225" VPOS="867" HPOS="1359" CONTENT="disposant" ID="tl_10_8" STYLEREFS="FONT0"/>
          </TextLine>
          <TextLine ID="tl_11" BASELINE="971" HEIGHT="60" WIDTH="215" VPOS="911" HPOS="440">
            <String HEIGHT="60" WIDTH="117" VPOS="911" HPOS="420" CONTENT="au" ID="tl_11_1" STYLEREFS="FONT0"/>
            <SP HEIGHT="60" WIDTH="20" VPOS="911" HPOS="538"/>
            <String HEIGHT="60" WIDTH="195" VPOS="911" HPOS="460" CONTENT="travail." ID="tl_11_2" STYLEREFS="FONT0"/>
          </TextLine>
        </TextBlock>
        <TextBlock ID="r_3_8" HEIGHT="41" WIDTH="629" VPOS="973" HPOS="537">
          <TextLine ID="tl_12" BASELINE="1033" HEIGHT="80" WIDTH="643" VPOS="953" HPOS="530">
            <String HEIGHT="80" WIDTH="104" VPOS="953" HPOS="513" CONTENT="H." ID="tl_12_1" STYLEREFS="FONT0"/>
            <SP HEIGHT="80" WIDTH="17" VPOS="953" HPOS="617"/>
            <String HEIGHT="80" WIDTH="104" VPOS="953" HPOS="565" CONTENT="0," ID="tl_12_2" STYLEREFS="FONT0"/>
            <SP HEIGHT="80" WIDTH="17" VPOS="953" HPOS="669"/>
            <String HEIGHT="80" WIDTH="122" VPOS="953" HPOS="617" CONTENT="82." ID="tl_12_3" STYLEREFS="FONT0"/>
            <SP HEIGHT="80" WIDTH="17" VPOS="953" HPOS="739"/>
            <String HEIGHT="80" WIDTH="87" VPOS="953" HPOS="686" CONTENT="—" ID="tl_12_4" STYLEREFS="FONT0"/>
            <SP HEIGHT="80" WIDTH="17" VPOS="953" HPOS="773"/>
            <String HEIGHT="80" WIDTH="104" VPOS="953" HPOS="721" CONTENT="L." ID="tl_12_5" STYLEREFS="FONT0"/>
            <SP HEIGHT="80" WIDTH="17" VPOS="953" HPOS="825"/>
            <String HEIGHT="80" WIDTH="104" VPOS="953" HPOS="773" CONTENT="0," ID="tl_12_6" STYLEREFS="FONT0"/>
            <SP HEIGHT="80" WIDTH="17" VPOS="953" HPOS="878"/>
            <String HEIGHT="80" WIDTH="122" VPOS="953" HPOS="825" CONTENT="64." ID="tl_12_7" STYLEREFS="FONT0"/>
            <SP HEIGHT="80" WIDTH="17" VPOS="953" HPOS="947"/>
            <String HEIGHT="80" WIDTH="87" VPOS="953" HPOS="895" CONTENT="—" ID="tl_12_8" STYLEREFS="FONT0"/>
            <SP HEIGHT="80" WIDTH="17" VPOS="953" HPOS="982"/>
            <String HEIGHT="80" WIDTH="139" VPOS="953" HPOS="930" CONTENT="Fig." ID="tl_12_9" STYLEREFS="FONT0"/>
            <SP HEIGHT="80" WIDTH="17" VPOS="953" HPOS="1069"/>
            <String HEIGHT="80" WIDTH="122" VPOS="953" HPOS="1017" CONTENT="gr." ID="tl_12_10" STYLEREFS="FONT0"/>
            <SP HEIGHT="80" WIDTH="17" VPOS="953" HPOS="1138"/>
            <String HEIGHT="80" WIDTH="104" VPOS="953" HPOS="1069" CONTENT="nat." ID="tl_12_11" STYLEREFS="FONT0"/>
          </TextLine>
        </TextBlock>
        <TextBlock ID="r_3_9" HEIGHT="45" WIDTH="306" VPOS="1011" HPOS="1229">
          <TextLine ID="tl_13" BASELINE="1066" HEIGHT="73" WIDTH="320" VPOS="993" HPOS="1222">
            <String HEIGHT="73" WIDTH="200" VPOS="993" HPOS="1202" CONTENT="(Salon" ID="tl_13_1" STYLEREFS="FONT0"/>
            <SP HEIGHT="73" WIDTH="20" VPOS="993" HPOS="1402"/>
            <String HEIGHT="73" WIDTH="120" VPOS="993" HPOS="1342" CONTENT="de" ID="tl_13_2" STYLEREFS="FONT0"/>
            <SP HEIGHT="73" WIDTH="20" VPOS="993" HPOS="1462"/>
            <String HEIGHT="73" WIDTH="160" VPOS="993" HPOS="1382" CONTENT="1855.)" ID="tl_13_3" STYLEREFS="FONT0"/>
          </TextLine>
        </TextBlock>
        <TextBlock ID="r_3_10" HEIGHT="158" WIDTH="1258" VPOS="1094" HPOS="322">
          <TextLine ID="tl_14" BASELINE="1167" HEIGHT="92" WIDTH="1272" VPOS="1075" HPOS="314">
            <String HEIGHT="92" WIDTH="223" VPOS="1075" HPOS="292" CONTENT="MULLER" ID="tl_14_1" STYLEREFS="FONT0"/>
            <SP HEIGHT="92" WIDTH="22" VPOS="1075" HPOS="515"/>
            <String HEIGHT="92" WIDTH="446" VPOS="1075" HPOS="448" CONTENT="(CHARLES-LOUIS)," ID="tl_14_2" STYLEREFS="FONT0"/>
            <SP HEIGHT="92" WIDTH="22" VPOS="1075" HPOS="894"/>
            <String HEIGHT="92" WIDTH="201" VPOS="1075" HPOS="827" CONTENT="né" ID="tl_14_3" STYLEREFS="FONT2"/>
            <SP HEIGHT="92" WIDTH="22" VPOS="1075" HPOS="1028"/>
            <String HEIGHT="92" WIDTH="112" VPOS="1075" HPOS="961" CONTENT="à" ID="tl_14_4" STYLEREFS="FONT2"/>
            <SP HEIGHT="92" WIDTH="22" VPOS="1075" HPOS="1073"/>
            <String HEIGHT="92" WIDTH="223" VPOS="1075" HPOS="1006" CONTENT="Paris," ID="tl_14_5" STYLEREFS="FONT2"/>
            <SP HEIGHT="92" WIDTH="22" VPOS="1075" HPOS="1229"/>
            <String HEIGHT="92" WIDTH="201" VPOS="1075" HPOS="1162" CONTENT="élève" ID="tl_14_6" STYLEREFS="FONT2"/>
            <SP HEIGHT="92" WIDTH="22" VPOS="1075" HPOS="1363"/>
            <String HEIGHT="92" WIDTH="134" VPOS="1075" HPOS="1296" CONTENT="de" ID="tl_14_7" STYLEREFS="FONT2"/>
            <SP HEIGHT="92" WIDTH="22" VPOS="1075" HPOS="1430"/>
            <String HEIGHT="92" WIDTH="245" VPOS="1075" HPOS="1341" CONTENT="Gros," ID="tl_14_8" STYLEREFS="FONT2"/>
          </TextLine>
          <TextLine ID="tl_15" BASELINE="1226" HEIGHT="71" WIDTH="1221" VPOS="1155" HPOS="367">
            <String HEIGHT="71" WIDTH="292" VPOS="1155" HPOS="349" CONTENT="chevalier" ID="tl_15_1" STYLEREFS="FONT2"/>
            <SP HEIGHT="71" WIDTH="18" VPOS="1155" HPOS="640"/>
            <String HEIGHT="71" WIDTH="109" VPOS="1155" HPOS="586" CONTENT="de" ID="tl_15_2" STYLEREFS="FONT2"/>
            <SP HEIGHT="71" WIDTH="18" VPOS="1155" HPOS="695"/>
            <String HEIGHT="71" WIDTH="109" VPOS="1155" HPOS="640" CONTENT="la" ID="tl_15_3" STYLEREFS="FONT2"/>
            <SP HEIGHT="71" WIDTH="18" VPOS="1155" HPOS="750"/>
            <String HEIGHT="71" WIDTH="364" VPOS="1155" HPOS="695" CONTENT="Légion-d’Honneur" ID="tl_15_4" STYLEREFS="FONT2"/>
            <SP HEIGHT="71" WIDTH="18" VPOS="1155" HPOS="1060"/>
            <String HEIGHT="71" WIDTH="182" VPOS="1155" HPOS="1005" CONTENT="en" ID="tl_15_5" STYLEREFS="FONT2"/>
            <SP HEIGHT="71" WIDTH="18" VPOS="1155" HPOS="1187"/>
            <String HEIGHT="71" WIDTH="164" VPOS="1155" HPOS="1132" CONTENT="1849," ID="tl_15_6" STYLEREFS="FONT0"/>
            <SP HEIGHT="71" WIDTH="18" VPOS="1155" HPOS="1296"/>
            <String HEIGHT="71" WIDTH="273" VPOS="1155" HPOS="1242" CONTENT="officier" ID="tl_15_7" STYLEREFS="FONT2"/>
            <SP HEIGHT="71" WIDTH="18" VPOS="1155" HPOS="1515"/>
            <String HEIGHT="71" WIDTH="146" VPOS="1155" HPOS="1442" CONTENT="en" ID="tl_15_8" STYLEREFS="FONT2"/>
          </TextLine>
          <TextLine ID="tl_16" BASELINE="1258" HEIGHT="69" WIDTH="807" VPOS="1189" HPOS="375">
            <String HEIGHT="69" WIDTH="173" VPOS="1189" HPOS="356" CONTENT="1859," ID="tl_16_1" STYLEREFS="FONT0"/>
            <SP HEIGHT="69" WIDTH="19" VPOS="1189" HPOS="529"/>
            <String HEIGHT="69" WIDTH="250" VPOS="1189" HPOS="471" CONTENT="membre" ID="tl_16_2" STYLEREFS="FONT2"/>
            <SP HEIGHT="69" WIDTH="19" VPOS="1189" HPOS="721"/>
            <String HEIGHT="69" WIDTH="115" VPOS="1189" HPOS="663" CONTENT="de" ID="tl_16_3" STYLEREFS="FONT2"/>
            <SP HEIGHT="69" WIDTH="19" VPOS="1189" HPOS="779"/>
            <String HEIGHT="69" WIDTH="269" VPOS="1189" HPOS="721" CONTENT="l’Institut" ID="tl_16_4" STYLEREFS="FONT2"/>
            <SP HEIGHT="69" WIDTH="19" VPOS="1189" HPOS="990"/>
            <String HEIGHT="69" WIDTH="192" VPOS="1189" HPOS="932" CONTENT="en" ID="tl_16_5" STYLEREFS="FONT2"/>
            <SP HEIGHT="69" WIDTH="19" VPOS="1189" HPOS="1124"/>
            <String HEIGHT="69" WIDTH="135" VPOS="1189" HPOS="1048" CONTENT="1864." ID="tl_16_6" STYLEREFS="FONT0"/>
          </TextLine>
        </TextBlock>
        <TextBlock ID="r_3_11" HEIGHT="55" WIDTH="1019" VPOS="1266" HPOS="322">
          <TextLine ID="tl_17" BASELINE="1315" HEIGHT="59" WIDTH="1032" VPOS="1256" HPOS="315">
            <String HEIGHT="59" WIDTH="172" VPOS="1256" HPOS="294" CONTENT="142." ID="tl_17_1" STYLEREFS="FONT0"/>
            <SP HEIGHT="59" WIDTH="22" VPOS="1256" HPOS="466"/>
            <String HEIGHT="59" WIDTH="194" VPOS="1256" HPOS="401" CONTENT="Appel" ID="tl_17_2" STYLEREFS="FONT0"/>
            <SP HEIGHT="59" WIDTH="22" VPOS="1256" HPOS="595"/>
            <String HEIGHT="59" WIDTH="151" VPOS="1256" HPOS="530" CONTENT="des" ID="tl_17_3" STYLEREFS="FONT0"/>
            <SP HEIGHT="59" WIDTH="22" VPOS="1256" HPOS="681"/>
            <String HEIGHT="59" WIDTH="280" VPOS="1256" HPOS="616" CONTENT="dernières" ID="tl_17_4" STYLEREFS="FONT0"/>
            <SP HEIGHT="59" WIDTH="22" VPOS="1256" HPOS="896"/>
            <String HEIGHT="59" WIDTH="258" VPOS="1256" HPOS="831" CONTENT="victimes" ID="tl_17_5" STYLEREFS="FONT0"/>
            <SP HEIGHT="59" WIDTH="22" VPOS="1256" HPOS="1089"/>
            <String HEIGHT="59" WIDTH="129" VPOS="1256" HPOS="1025" CONTENT="de" ID="tl_17_6" STYLEREFS="FONT0"/>
            <SP HEIGHT="59" WIDTH="22" VPOS="1256" HPOS="1154"/>
            <String HEIGHT="59" WIDTH="129" VPOS="1256" HPOS="1089" CONTENT="la" ID="tl_17_7" STYLEREFS="FONT0"/>
            <SP HEIGHT="59" WIDTH="22" VPOS="1256" HPOS="1218"/>
            <String HEIGHT="59" WIDTH="215" VPOS="1256" HPOS="1132" CONTENT="terreur." ID="tl_17_8" STYLEREFS="FONT0"/>
          </TextLine>
        </TextBlock>
        <TextBlock ID="r_3_12" HEIGHT="752" WIDTH="1136" VPOS="1331" HPOS="447">
          <TextLine ID="tl_18" BASELINE="1383" HEIGHT="61" WIDTH="1105" VPOS="1322" HPOS="484">
            <String HEIGHT="61" WIDTH="123" VPOS="1322" HPOS="464" CONTENT="On" ID="tl_18_1" STYLEREFS="FONT0"/>
            <SP HEIGHT="61" WIDTH="20" VPOS="1322" HPOS="586"/>
            <String HEIGHT="61" WIDTH="246" VPOS="1322" HPOS="525" CONTENT="remarque" ID="tl_18_2" STYLEREFS="FONT0"/>
            <SP HEIGHT="61" WIDTH="20" VPOS="1322" HPOS="770"/>
            <String HEIGHT="61" WIDTH="184" VPOS="1322" HPOS="709" CONTENT="M.-C." ID="tl_18_3" STYLEREFS="FONT0"/>
            <SP HEIGHT="61" WIDTH="20" VPOS="1322" HPOS="893"/>
            <String HEIGHT="61" WIDTH="327" VPOS="1322" HPOS="832" CONTENT="Lepelletier," ID="tl_18_4" STYLEREFS="FONT0"/>
            <SP HEIGHT="61" WIDTH="20" VPOS="1322" HPOS="1159"/>
            <String HEIGHT="61" WIDTH="327" VPOS="1322" HPOS="1098" CONTENT="ex-princesse" ID="tl_18_5" STYLEREFS="FONT0"/>
            <SP HEIGHT="61" WIDTH="20" VPOS="1322" HPOS="1425"/>
            <String HEIGHT="61" WIDTH="123" VPOS="1322" HPOS="1364" CONTENT="de" ID="tl_18_6" STYLEREFS="FONT0"/>
            <SP HEIGHT="61" WIDTH="20" VPOS="1322" HPOS="1487"/>
            <String HEIGHT="61" WIDTH="184" VPOS="1322" HPOS="1405" CONTENT="Chimay;" ID="tl_18_7" STYLEREFS="FONT0"/>
          </TextLine>
          <TextLine ID="tl_19" BASELINE="1408" HEIGHT="38" WIDTH="1149" VPOS="1370" HPOS="442">
            <String HEIGHT="38" WIDTH="121" VPOS="1370" HPOS="422" CONTENT="G." ID="tl_19_1" STYLEREFS="FONT0"/>
            <SP HEIGHT="38" WIDTH="20" VPOS="1370" HPOS="543"/>
            <String HEIGHT="38" WIDTH="343" VPOS="1370" HPOS="482" CONTENT="Montalembert," ID="tl_19_2" STYLEREFS="FONT0"/>
            <SP HEIGHT="38" WIDTH="20" VPOS="1370" HPOS="825"/>
            <String HEIGHT="38" WIDTH="302" VPOS="1370" HPOS="765" CONTENT="ex-marquis," ID="tl_19_3" STYLEREFS="FONT0"/>
            <SP HEIGHT="38" WIDTH="20" VPOS="1370" HPOS="1067"/>
            <String HEIGHT="38" WIDTH="262" VPOS="1370" HPOS="1006" CONTENT="capitaine" ID="tl_19_4" STYLEREFS="FONT0"/>
            <SP HEIGHT="38" WIDTH="20" VPOS="1370" HPOS="1268"/>
            <String HEIGHT="38" WIDTH="121" VPOS="1370" HPOS="1208" CONTENT="au" ID="tl_19_5" STYLEREFS="FONT0"/>
            <SP HEIGHT="38" WIDTH="20" VPOS="1370" HPOS="1329"/>
            <String HEIGHT="38" WIDTH="262" VPOS="1370" HPOS="1268" CONTENT="ci-devant" ID="tl_19_6" STYLEREFS="FONT0"/>
            <SP HEIGHT="38" WIDTH="20" VPOS="1370" HPOS="1531"/>
            <String HEIGHT="38" WIDTH="141" VPOS="1370" HPOS="1450" CONTENT="régi" SUBS_TYPE="HypPart1" SUBS_CONTENT="régiment" ID="tl_19_7" STYLEREFS="FONT0"/>
            <HYP CONTENT="-"/>
          </TextLine>
          <TextLine ID="tl_20" BASELINE="1464" HEIGHT="53" WIDTH="1144" VPOS="1411" HPOS="444">
            <String HEIGHT="53" WIDTH="166" VPOS="1411" HPOS="423" CONTENT="ment" SUBS_TYPE="HypPart2" SUBS_CONTENT="régiment" ID="tl_20_1" STYLEREFS="FONT0"/>
            <SP HEIGHT="53" WIDTH="21" VPOS="1411" HPOS="590"/>
            <String HEIGHT="53" WIDTH="125" VPOS="1411" HPOS="527" CONTENT="du" ID="tl_20_2" STYLEREFS="FONT0"/>
            <SP HEIGHT="53" WIDTH="21" VPOS="1411" HPOS="652"/>
            <String HEIGHT="53" WIDTH="166" VPOS="1411" HPOS="590" CONTENT="roi;" ID="tl_20_3" STYLEREFS="FONT0"/>
            <SP HEIGHT="53" WIDTH="21" VPOS="1411" HPOS="756"/>
            <String HEIGHT="53" WIDTH="187" VPOS="1411" HPOS="694" CONTENT="C.-F." ID="tl_20_4" STYLEREFS="FONT0"/>
            <SP HEIGHT="53" WIDTH="21" VPOS="1411" HPOS="881"/>
            <String HEIGHT="53" WIDTH="229" VPOS="1411" HPOS="818" CONTENT="Rougeot" ID="tl_20_5" STYLEREFS="FONT0"/>
            <SP HEIGHT="53" WIDTH="21" VPOS="1411" HPOS="1047"/>
            <String HEIGHT="53" WIDTH="125" VPOS="1411" HPOS="985" CONTENT="de" ID="tl_20_6" STYLEREFS="FONT0"/>
            <SP HEIGHT="53" WIDTH="21" VPOS="1411" HPOS="1110"/>
            <String HEIGHT="53" WIDTH="270" VPOS="1411" HPOS="1047" CONTENT="Montcrif," ID="tl_20_7" STYLEREFS="FONT0"/>
            <SP HEIGHT="53" WIDTH="21" VPOS="1411" HPOS="1318"/>
            <String HEIGHT="53" WIDTH="354" VPOS="1411" HPOS="1234" CONTENT="garde" ID="tl_20_8" STYLEREFS="FONT0"/>
          </TextLine>
          <TextLine ID="tl_21" BASELINE="1493" HEIGHT="41" WIDTH="1147" VPOS="1452" HPOS="443">
            <String HEIGHT="41" WIDTH="123" VPOS="1452" HPOS="423" CONTENT="P." ID="tl_21_1" STYLEREFS="FONT0"/>
            <SP HEIGHT="41" WIDTH="20" VPOS="1452" HPOS="545"/>
            <String HEIGHT="41" WIDTH="205" VPOS="1452" HPOS="484" CONTENT="Durand" ID="tl_21_2" STYLEREFS="FONT0"/>
            <SP HEIGHT="41" WIDTH="20" VPOS="1452" HPOS="689"/>
            <String HEIGHT="41" WIDTH="143" VPOS="1452" HPOS="627" CONTENT="Puy" ID="tl_21_3" STYLEREFS="FONT0"/>
            <SP HEIGHT="41" WIDTH="20" VPOS="1452" HPOS="771"/>
            <String HEIGHT="41" WIDTH="123" VPOS="1452" HPOS="709" CONTENT="de" ID="tl_21_4" STYLEREFS="FONT0"/>
            <SP HEIGHT="41" WIDTH="20" VPOS="1452" HPOS="832"/>
            <String HEIGHT="41" WIDTH="246" VPOS="1452" HPOS="771" CONTENT="Vériune," ID="tl_21_5" STYLEREFS="FONT0"/>
            <SP HEIGHT="41" WIDTH="20" VPOS="1452" HPOS="1017"/>
            <String HEIGHT="41" WIDTH="266" VPOS="1452" HPOS="955" CONTENT="ex-maître" ID="tl_21_6" STYLEREFS="FONT0"/>
            <SP HEIGHT="41" WIDTH="20" VPOS="1452" HPOS="1221"/>
            <String HEIGHT="41" WIDTH="143" VPOS="1452" HPOS="1160" CONTENT="des" ID="tl_21_7" STYLEREFS="FONT0"/>
            <SP HEIGHT="41" WIDTH="20" VPOS="1452" HPOS="1303"/>
            <String HEIGHT="41" WIDTH="246" VPOS="1452" HPOS="1242" CONTENT="comptes;" ID="tl_21_8" STYLEREFS="FONT0"/>
            <SP HEIGHT="41" WIDTH="20" VPOS="1452" HPOS="1488"/>
            <String HEIGHT="41" WIDTH="123" VPOS="1452" HPOS="1426" CONTENT="M." ID="tl_21_9" STYLEREFS="FONT0"/>
            <SP HEIGHT="41" WIDTH="20" VPOS="1452" HPOS="1549"/>
            <String HEIGHT="41" WIDTH="123" VPOS="1452" HPOS="1467" CONTENT="Bar" SUBS_TYPE="HypPart1" SUBS_CONTENT="Barkos," ID="tl_21_10" STYLEREFS="FONT0"/>
            <HYP CONTENT="-"/>
          </TextLine>
          <TextLine ID="tl_22" BASELINE="1545" HEIGHT="54" WIDTH="1147" VPOS="1491" HPOS="441">
            <String HEIGHT="54" WIDTH="173" VPOS="1491" HPOS="419" CONTENT="kos," SUBS_TYPE="HypPart2" SUBS_CONTENT="Barkos," ID="tl_22_1" STYLEREFS="FONT0"/>
            <SP HEIGHT="54" WIDTH="22" VPOS="1491" HPOS="592"/>
            <String HEIGHT="54" WIDTH="195" VPOS="1491" HPOS="528" CONTENT="femme" ID="tl_22_2" STYLEREFS="FONT0"/>
            <SP HEIGHT="54" WIDTH="22" VPOS="1491" HPOS="722"/>
            <String HEIGHT="54" WIDTH="130" VPOS="1491" HPOS="657" CONTENT="de" ID="tl_22_3" STYLEREFS="FONT0"/>
            <SP HEIGHT="54" WIDTH="22" VPOS="1491" HPOS="787"/>
            <String HEIGHT="54" WIDTH="151" VPOS="1491" HPOS="722" CONTENT="Puy" ID="tl_22_4" STYLEREFS="FONT0"/>
            <SP HEIGHT="54" WIDTH="22" VPOS="1491" HPOS="874"/>
            <String HEIGHT="54" WIDTH="130" VPOS="1491" HPOS="809" CONTENT="de" ID="tl_22_5" STYLEREFS="FONT0"/>
            <SP HEIGHT="54" WIDTH="22" VPOS="1491" HPOS="939"/>
            <String HEIGHT="54" WIDTH="260" VPOS="1491" HPOS="874" CONTENT="Vériune;" ID="tl_22_6" STYLEREFS="FONT0"/>
            <SP HEIGHT="54" WIDTH="22" VPOS="1491" HPOS="1134"/>
            <String HEIGHT="54" WIDTH="195" VPOS="1491" HPOS="1069" CONTENT="P.-F." ID="tl_22_7" STYLEREFS="FONT0"/>
            <SP HEIGHT="54" WIDTH="22" VPOS="1491" HPOS="1263"/>
            <String HEIGHT="54" WIDTH="325" VPOS="1491" HPOS="1198" CONTENT="Stainville," ID="tl_22_8" STYLEREFS="FONT0"/>
            <SP HEIGHT="54" WIDTH="22" VPOS="1491" HPOS="1523"/>
            <String HEIGHT="54" WIDTH="151" VPOS="1491" HPOS="1437" CONTENT="femme" ID="tl_22_9" STYLEREFS="FONT0"/>
          </TextLine>
          <TextLine ID="tl_23" BASELINE="1581" HEIGHT="43" WIDTH="1145" VPOS="1538" HPOS="444">
            <String HEIGHT="43" WIDTH="125" VPOS="1538" HPOS="423" CONTENT="de" ID="tl_23_1" STYLEREFS="FONT0"/>
            <SP HEIGHT="43" WIDTH="21" VPOS="1538" HPOS="548"/>
            <String HEIGHT="43" WIDTH="250" VPOS="1538" HPOS="486" CONTENT="Grimaldi" ID="tl_23_2" STYLEREFS="FONT0"/>
            <SP HEIGHT="43" WIDTH="21" VPOS="1538" HPOS="735"/>
            <String HEIGHT="43" WIDTH="229" VPOS="1538" HPOS="673" CONTENT="Monaco," ID="tl_23_3" STYLEREFS="FONT0"/>
            <SP HEIGHT="43" WIDTH="21" VPOS="1538" HPOS="902"/>
            <String HEIGHT="43" WIDTH="354" VPOS="1538" HPOS="840" CONTENT="ex-princesse;" ID="tl_23_4" STYLEREFS="FONT0"/>
            <SP HEIGHT="43" WIDTH="21" VPOS="1538" HPOS="1193"/>
            <String HEIGHT="43" WIDTH="250" VPOS="1538" HPOS="1131" CONTENT="J.-L.-M." ID="tl_23_5" STYLEREFS="FONT0"/>
            <SP HEIGHT="43" WIDTH="21" VPOS="1538" HPOS="1381"/>
            <String HEIGHT="43" WIDTH="250" VPOS="1538" HPOS="1318" CONTENT="Aucanne," ID="tl_23_6" STYLEREFS="FONT0"/>
            <SP HEIGHT="43" WIDTH="21" VPOS="1538" HPOS="1568"/>
            <String HEIGHT="43" WIDTH="104" VPOS="1538" HPOS="1485" CONTENT="ex" SUBS_TYPE="HypPart1" SUBS_CONTENT="exmaître" ID="tl_23_7" STYLEREFS="FONT0"/>
            <HYP CONTENT="-"/>
          </TextLine>
          <TextLine ID="tl_24" BASELINE="1628" HEIGHT="52" WIDTH="1144" VPOS="1576" HPOS="443">
            <String HEIGHT="52" WIDTH="220" VPOS="1576" HPOS="421" CONTENT="maître" SUBS_TYPE="HypPart2" SUBS_CONTENT="exmaître" ID="tl_24_1" STYLEREFS="FONT0"/>
            <SP HEIGHT="52" WIDTH="22" VPOS="1576" HPOS="641"/>
            <String HEIGHT="52" WIDTH="154" VPOS="1576" HPOS="575" CONTENT="des" ID="tl_24_2" STYLEREFS="FONT0"/>
            <SP HEIGHT="52" WIDTH="22" VPOS="1576" HPOS="729"/>
            <String HEIGHT="52" WIDTH="264" VPOS="1576" HPOS="663" CONTENT="comptes," ID="tl_24_3" STYLEREFS="FONT0"/>
            <SP HEIGHT="52" WIDTH="22" VPOS="1576" HPOS="927"/>
            <String HEIGHT="52" WIDTH="352" VPOS="1576" HPOS="861" CONTENT="ex-capitaine" ID="tl_24_4" STYLEREFS="FONT0"/>
            <SP HEIGHT="52" WIDTH="22" VPOS="1576" HPOS="1213"/>
            <String HEIGHT="52" WIDTH="132" VPOS="1576" HPOS="1147" CONTENT="de" ID="tl_24_5" STYLEREFS="FONT0"/>
            <SP HEIGHT="52" WIDTH="22" VPOS="1576" HPOS="1279"/>
            <String HEIGHT="52" WIDTH="308" VPOS="1576" HPOS="1213" CONTENT="cavalerie;" ID="tl_24_6" STYLEREFS="FONT0"/>
            <SP HEIGHT="52" WIDTH="22" VPOS="1576" HPOS="1521"/>
            <String HEIGHT="52" WIDTH="154" VPOS="1576" HPOS="1433" CONTENT="André" ID="tl_24_7" STYLEREFS="FONT0"/>
          </TextLine>
          <TextLine ID="tl_25" BASELINE="1672" HEIGHT="51" WIDTH="1144" VPOS="1621" HPOS="443">
            <String HEIGHT="51" WIDTH="275" VPOS="1621" HPOS="420" CONTENT="Chénier," ID="tl_25_1" STYLEREFS="FONT0"/>
            <SP HEIGHT="51" WIDTH="23" VPOS="1621" HPOS="695"/>
            <String HEIGHT="51" WIDTH="206" VPOS="1621" HPOS="626" CONTENT="homme" ID="tl_25_2" STYLEREFS="FONT0"/>
            <SP HEIGHT="51" WIDTH="23" VPOS="1621" HPOS="832"/>
            <String HEIGHT="51" WIDTH="137" VPOS="1621" HPOS="763" CONTENT="de" ID="tl_25_3" STYLEREFS="FONT0"/>
            <SP HEIGHT="51" WIDTH="23" VPOS="1621" HPOS="901"/>
            <String HEIGHT="51" WIDTH="275" VPOS="1621" HPOS="832" CONTENT="lettres;" ID="tl_25_4" STYLEREFS="FONT0"/>
            <SP HEIGHT="51" WIDTH="23" VPOS="1621" HPOS="1107"/>
            <String HEIGHT="51" WIDTH="206" VPOS="1621" HPOS="1038" CONTENT="J.-A." ID="tl_25_5" STYLEREFS="FONT0"/>
            <SP HEIGHT="51" WIDTH="23" VPOS="1621" HPOS="1244"/>
            <String HEIGHT="51" WIDTH="275" VPOS="1621" HPOS="1175" CONTENT="Roucher," ID="tl_25_6" STYLEREFS="FONT0"/>
            <SP HEIGHT="51" WIDTH="23" VPOS="1621" HPOS="1450"/>
            <String HEIGHT="51" WIDTH="206" VPOS="1621" HPOS="1381" CONTENT="homme" ID="tl_25_7" STYLEREFS="FONT0"/>
            <SP HEIGHT="51" WIDTH="23" VPOS="1621" HPOS="1587"/>
            <String HEIGHT="51" WIDTH="92" VPOS="1621" HPOS="1495" CONTENT="de" ID="tl_25_8" STYLEREFS="FONT0"/>
          </TextLine>
          <TextLine ID="tl_26" BASELINE="1710" HEIGHT="54" WIDTH="1143" VPOS="1656" HPOS="441">
            <String HEIGHT="54" WIDTH="249" VPOS="1656" HPOS="420" CONTENT="lettres;" ID="tl_26_1" STYLEREFS="FONT0"/>
            <SP HEIGHT="54" WIDTH="21" VPOS="1656" HPOS="670"/>
            <String HEIGHT="54" WIDTH="145" VPOS="1656" HPOS="607" CONTENT="Mme" ID="tl_26_2" STYLEREFS="FONT0"/>
            <SP HEIGHT="54" WIDTH="21" VPOS="1656" HPOS="753"/>
            <String HEIGHT="54" WIDTH="125" VPOS="1656" HPOS="690" CONTENT="A." ID="tl_26_3" STYLEREFS="FONT0"/>
            <SP HEIGHT="54" WIDTH="21" VPOS="1656" HPOS="815"/>
            <String HEIGHT="54" WIDTH="208" VPOS="1656" HPOS="753" CONTENT="Leroy," ID="tl_26_4" STYLEREFS="FONT0"/>
            <SP HEIGHT="54" WIDTH="21" VPOS="1656" HPOS="961"/>
            <String HEIGHT="54" WIDTH="229" VPOS="1656" HPOS="898" CONTENT="actrice" ID="tl_26_5" STYLEREFS="FONT0"/>
            <SP HEIGHT="54" WIDTH="21" VPOS="1656" HPOS="1127"/>
            <String HEIGHT="54" WIDTH="125" VPOS="1656" HPOS="1064" CONTENT="de" ID="tl_26_6" STYLEREFS="FONT0"/>
            <SP HEIGHT="54" WIDTH="21" VPOS="1656" HPOS="1189"/>
            <String HEIGHT="54" WIDTH="125" VPOS="1656" HPOS="1127" CONTENT="la" ID="tl_26_7" STYLEREFS="FONT0"/>
            <SP HEIGHT="54" WIDTH="21" VPOS="1656" HPOS="1251"/>
            <String HEIGHT="54" WIDTH="416" VPOS="1656" HPOS="1168" CONTENT="Comédie" ID="tl_26_8" STYLEREFS="FONT0"/>
          </TextLine>
          <TextLine ID="tl_27" BASELINE="1753" HEIGHT="49" WIDTH="1142" VPOS="1704" HPOS="441">
            <String HEIGHT="49" WIDTH="240" VPOS="1704" HPOS="421" CONTENT="A.-M.-F." ID="tl_27_1" STYLEREFS="FONT0"/>
            <SP HEIGHT="49" WIDTH="20" VPOS="1704" HPOS="661"/>
            <String HEIGHT="49" WIDTH="280" VPOS="1704" HPOS="601" CONTENT="Piercourt," ID="tl_27_2" STYLEREFS="FONT0"/>
            <SP HEIGHT="49" WIDTH="20" VPOS="1704" HPOS="882"/>
            <String HEIGHT="49" WIDTH="180" VPOS="1704" HPOS="822" CONTENT="veuve" ID="tl_27_3" STYLEREFS="FONT0"/>
            <SP HEIGHT="49" WIDTH="20" VPOS="1704" HPOS="1002"/>
            <String HEIGHT="49" WIDTH="120" VPOS="1704" HPOS="942" CONTENT="de" ID="tl_27_4" STYLEREFS="FONT0"/>
            <SP HEIGHT="49" WIDTH="20" VPOS="1704" HPOS="1062"/>
            <String HEIGHT="49" WIDTH="240" VPOS="1704" HPOS="1002" CONTENT="Narbonne" ID="tl_27_5" STYLEREFS="FONT0"/>
            <SP HEIGHT="49" WIDTH="20" VPOS="1704" HPOS="1242"/>
            <String HEIGHT="49" WIDTH="200" VPOS="1704" HPOS="1182" CONTENT="Pelet," ID="tl_27_6" STYLEREFS="FONT0"/>
            <SP HEIGHT="49" WIDTH="20" VPOS="1704" HPOS="1383"/>
            <String HEIGHT="49" WIDTH="280" VPOS="1704" HPOS="1303" CONTENT="ex" ID="tl_27_7" STYLEREFS="FONT0"/>
          </TextLine>
          <TextLine ID="tl_28" BASELINE="1802" HEIGHT="58" WIDTH="1141" VPOS="1744" HPOS="443">
            <String HEIGHT="58" WIDTH="236" VPOS="1744" HPOS="423" CONTENT="C.-J.-F." ID="tl_28_1" STYLEREFS="FONT0"/>
            <SP HEIGHT="58" WIDTH="20" VPOS="1744" HPOS="659"/>
            <String HEIGHT="58" WIDTH="275" VPOS="1744" HPOS="600" CONTENT="Manneville" ID="tl_28_2" STYLEREFS="FONT0"/>
            <SP HEIGHT="58" WIDTH="20" VPOS="1744" HPOS="876"/>
            <String HEIGHT="58" WIDTH="118" VPOS="1744" HPOS="817" CONTENT="de" ID="tl_28_3" STYLEREFS="FONT0"/>
            <SP HEIGHT="58" WIDTH="20" VPOS="1744" HPOS="935"/>
            <String HEIGHT="58" WIDTH="216" VPOS="1744" HPOS="876" CONTENT="Colbert" ID="tl_28_4" STYLEREFS="FONT0"/>
            <SP HEIGHT="58" WIDTH="20" VPOS="1744" HPOS="1092"/>
            <String HEIGHT="58" WIDTH="118" VPOS="1744" HPOS="1033" CONTENT="de" ID="tl_28_5" STYLEREFS="FONT0"/>
            <SP HEIGHT="58" WIDTH="20" VPOS="1744" HPOS="1151"/>
            <String HEIGHT="58" WIDTH="295" VPOS="1744" HPOS="1092" CONTENT="Maulvriers," ID="tl_28_6" STYLEREFS="FONT0"/>
            <SP HEIGHT="58" WIDTH="20" VPOS="1744" HPOS="1387"/>
            <String HEIGHT="58" WIDTH="275" VPOS="1744" HPOS="1309" CONTENT="ex" ID="tl_28_7" STYLEREFS="FONT0"/>
          </TextLine>
          <TextLine ID="tl_29" BASELINE="1837" HEIGHT="51" WIDTH="1140" VPOS="1786" HPOS="443">
            <String HEIGHT="51" WIDTH="174" VPOS="1786" HPOS="424" CONTENT="J.-F." ID="tl_29_1" STYLEREFS="FONT0"/>
            <SP HEIGHT="51" WIDTH="19" VPOS="1786" HPOS="598"/>
            <String HEIGHT="51" WIDTH="193" VPOS="1786" HPOS="540" CONTENT="Antié," ID="tl_29_2" STYLEREFS="FONT0"/>
            <SP HEIGHT="51" WIDTH="19" VPOS="1786" HPOS="733"/>
            <String HEIGHT="51" WIDTH="135" VPOS="1786" HPOS="675" CONTENT="dit" ID="tl_29_3" STYLEREFS="FONT0"/>
            <SP HEIGHT="51" WIDTH="19" VPOS="1786" HPOS="810"/>
            <String HEIGHT="51" WIDTH="232" VPOS="1786" HPOS="752" CONTENT="Léonard," ID="tl_29_4" STYLEREFS="FONT0"/>
            <SP HEIGHT="51" WIDTH="19" VPOS="1786" HPOS="984"/>
            <String HEIGHT="51" WIDTH="232" VPOS="1786" HPOS="926" CONTENT="coiffeur" ID="tl_29_5" STYLEREFS="FONT0"/>
            <SP HEIGHT="51" WIDTH="19" VPOS="1786" HPOS="1158"/>
            <String HEIGHT="51" WIDTH="116" VPOS="1786" HPOS="1100" CONTENT="de" ID="tl_29_6" STYLEREFS="FONT0"/>
            <SP HEIGHT="51" WIDTH="19" VPOS="1786" HPOS="1216"/>
            <String HEIGHT="51" WIDTH="116" VPOS="1786" HPOS="1158" CONTENT="la" ID="tl_29_7" STYLEREFS="FONT0"/>
            <SP HEIGHT="51" WIDTH="19" VPOS="1786" HPOS="1274"/>
            <String HEIGHT="51" WIDTH="193" VPOS="1786" HPOS="1216" CONTENT="reine;" ID="tl_29_8" STYLEREFS="FONT0"/>
            <SP HEIGHT="51" WIDTH="19" VPOS="1786" HPOS="1409"/>
            <String HEIGHT="51" WIDTH="116" VPOS="1786" HPOS="1351" CONTENT="T." ID="tl_29_9" STYLEREFS="FONT0"/>
            <SP HEIGHT="51" WIDTH="19" VPOS="1786" HPOS="1467"/>
            <String HEIGHT="51" WIDTH="193" VPOS="1786" HPOS="1390" CONTENT="Meynier," ID="tl_29_10" STYLEREFS="FONT0"/>
          </TextLine>
          <TextLine ID="tl_30" BASELINE="1874" HEIGHT="47" WIDTH="1141" VPOS="1827" HPOS="444">
            <String HEIGHT="47" WIDTH="251" VPOS="1827" HPOS="425" CONTENT="ex-prêtre" ID="tl_30_1" STYLEREFS="FONT0"/>
            <SP HEIGHT="47" WIDTH="19" VPOS="1827" HPOS="676"/>
            <String HEIGHT="47" WIDTH="116" VPOS="1827" HPOS="618" CONTENT="de" ID="tl_30_2" STYLEREFS="FONT0"/>
            <SP HEIGHT="47" WIDTH="19" VPOS="1827" HPOS="734"/>
            <String HEIGHT="47" WIDTH="309" VPOS="1827" HPOS="676" CONTENT="l’Hôtel-Dieu" ID="tl_30_3" STYLEREFS="FONT0"/>
            <SP HEIGHT="47" WIDTH="19" VPOS="1827" HPOS="985"/>
            <String HEIGHT="47" WIDTH="116" VPOS="1827" HPOS="927" CONTENT="de" ID="tl_30_4" STYLEREFS="FONT0"/>
            <SP HEIGHT="47" WIDTH="19" VPOS="1827" HPOS="1044"/>
            <String HEIGHT="47" WIDTH="193" VPOS="1827" HPOS="985" CONTENT="Paris:" ID="tl_30_5" STYLEREFS="FONT0"/>
            <SP HEIGHT="47" WIDTH="19" VPOS="1827" HPOS="1179"/>
            <String HEIGHT="47" WIDTH="174" VPOS="1827" HPOS="1121" CONTENT="F.-A." ID="tl_30_6" STYLEREFS="FONT0"/>
            <SP HEIGHT="47" WIDTH="19" VPOS="1827" HPOS="1295"/>
            <String HEIGHT="47" WIDTH="213" VPOS="1827" HPOS="1237" CONTENT="Seguin," ID="tl_30_7" STYLEREFS="FONT0"/>
            <SP HEIGHT="47" WIDTH="19" VPOS="1827" HPOS="1450"/>
            <String HEIGHT="47" WIDTH="213" VPOS="1827" HPOS="1372" CONTENT="chimiste;" ID="tl_30_8" STYLEREFS="FONT0"/>
          </TextLine>
          <TextLine ID="tl_31" BASELINE="1916" HEIGHT="52" WIDTH="1137" VPOS="1864" HPOS="444">
            <String HEIGHT="52" WIDTH="120" VPOS="1864" HPOS="424" CONTENT="F." ID="tl_31_1" STYLEREFS="FONT0"/>
            <SP HEIGHT="52" WIDTH="20" VPOS="1864" HPOS="544"/>
            <String HEIGHT="52" WIDTH="219" VPOS="1864" HPOS="484" CONTENT="Trenck," ID="tl_31_2" STYLEREFS="FONT0"/>
            <SP HEIGHT="52" WIDTH="20" VPOS="1864" HPOS="703"/>
            <String HEIGHT="52" WIDTH="259" VPOS="1864" HPOS="643" CONTENT="ex-baron;" ID="tl_31_3" STYLEREFS="FONT0"/>
            <SP HEIGHT="52" WIDTH="20" VPOS="1864" HPOS="903"/>
            <String HEIGHT="52" WIDTH="120" VPOS="1864" HPOS="843" CONTENT="A." ID="tl_31_4" STYLEREFS="FONT0"/>
            <SP HEIGHT="52" WIDTH="20" VPOS="1864" HPOS="963"/>
            <String HEIGHT="52" WIDTH="219" VPOS="1864" HPOS="903" CONTENT="Leguay," ID="tl_31_5" STYLEREFS="FONT0"/>
            <SP HEIGHT="52" WIDTH="20" VPOS="1864" HPOS="1122"/>
            <String HEIGHT="52" WIDTH="259" VPOS="1864" HPOS="1062" CONTENT="capitaine" ID="tl_31_6" STYLEREFS="FONT0"/>
            <SP HEIGHT="52" WIDTH="20" VPOS="1864" HPOS="1322"/>
            <String HEIGHT="52" WIDTH="120" VPOS="1864" HPOS="1262" CONTENT="au" ID="tl_31_7" STYLEREFS="FONT0"/>
            <SP HEIGHT="52" WIDTH="20" VPOS="1864" HPOS="1382"/>
            <String HEIGHT="52" WIDTH="140" VPOS="1864" HPOS="1322" CONTENT="23e" ID="tl_31_8" STYLEREFS="FONT0"/>
            <SP HEIGHT="52" WIDTH="20" VPOS="1864" HPOS="1461"/>
            <String HEIGHT="52" WIDTH="199" VPOS="1864" HPOS="1382" CONTENT="régiment" ID="tl_31_9" STYLEREFS="FONT0"/>
          </TextLine>
          <TextLine ID="tl_32" BASELINE="1960" HEIGHT="47" WIDTH="1142" VPOS="1913" HPOS="443">
            <String HEIGHT="47" WIDTH="127" VPOS="1913" HPOS="422" CONTENT="de" ID="tl_32_1" STYLEREFS="FONT0"/>
            <SP HEIGHT="47" WIDTH="21" VPOS="1913" HPOS="549"/>
            <String HEIGHT="47" WIDTH="275" VPOS="1913" HPOS="485" CONTENT="chasseurs" ID="tl_32_2" STYLEREFS="FONT0"/>
            <SP HEIGHT="47" WIDTH="21" VPOS="1913" HPOS="760"/>
            <String HEIGHT="47" WIDTH="106" VPOS="1913" HPOS="697" CONTENT="à" ID="tl_32_3" STYLEREFS="FONT0"/>
            <SP HEIGHT="47" WIDTH="21" VPOS="1913" HPOS="803"/>
            <String HEIGHT="47" WIDTH="233" VPOS="1913" HPOS="739" CONTENT="cheval;" ID="tl_32_4" STYLEREFS="FONT0"/>
            <SP HEIGHT="47" WIDTH="21" VPOS="1913" HPOS="972"/>
            <String HEIGHT="47" WIDTH="254" VPOS="1913" HPOS="908" CONTENT="C.-F.-J." ID="tl_32_5" STYLEREFS="FONT0"/>
            <SP HEIGHT="47" WIDTH="21" VPOS="1913" HPOS="1162"/>
            <String HEIGHT="47" WIDTH="338" VPOS="1913" HPOS="1099" CONTENT="Saint-Simon," ID="tl_32_6" STYLEREFS="FONT0"/>
            <SP HEIGHT="47" WIDTH="21" VPOS="1913" HPOS="1437"/>
            <String HEIGHT="47" WIDTH="233" VPOS="1913" HPOS="1352" CONTENT="ex" ID="tl_32_7" STYLEREFS="FONT0"/>
          </TextLine>
          <TextLine ID="tl_33" BASELINE="1994" HEIGHT="44" WIDTH="1140" VPOS="1950" HPOS="444">
            <String HEIGHT="44" WIDTH="241" VPOS="1950" HPOS="422" CONTENT="d’Agde;" ID="tl_33_1" STYLEREFS="FONT0"/>
            <SP HEIGHT="44" WIDTH="22" VPOS="1950" HPOS="663"/>
            <String HEIGHT="44" WIDTH="153" VPOS="1950" HPOS="597" CONTENT="Mme" ID="tl_33_2" STYLEREFS="FONT0"/>
            <SP HEIGHT="44" WIDTH="22" VPOS="1950" HPOS="751"/>
            <String HEIGHT="44" WIDTH="219" VPOS="1950" HPOS="685" CONTENT="Sabine" ID="tl_33_3" STYLEREFS="FONT0"/>
            <SP HEIGHT="44" WIDTH="22" VPOS="1950" HPOS="904"/>
            <String HEIGHT="44" WIDTH="307" VPOS="1950" HPOS="839" CONTENT="Viriville," ID="tl_33_4" STYLEREFS="FONT0"/>
            <SP HEIGHT="44" WIDTH="22" VPOS="1950" HPOS="1146"/>
            <String HEIGHT="44" WIDTH="197" VPOS="1950" HPOS="1080" CONTENT="femme" ID="tl_33_5" STYLEREFS="FONT0"/>
            <SP HEIGHT="44" WIDTH="22" VPOS="1950" HPOS="1277"/>
            <String HEIGHT="44" WIDTH="132" VPOS="1950" HPOS="1211" CONTENT="de" ID="tl_33_6" STYLEREFS="FONT0"/>
            <SP HEIGHT="44" WIDTH="22" VPOS="1950" HPOS="1343"/>
            <String HEIGHT="44" WIDTH="307" VPOS="1950" HPOS="1277" CONTENT="l’ex-comte" ID="tl_33_7" STYLEREFS="FONT0"/>
            <SP HEIGHT="44" WIDTH="22" VPOS="1950" HPOS="1584"/>
            <String HEIGHT="44" WIDTH="88" VPOS="1950" HPOS="1496" CONTENT="de" ID="tl_33_8" STYLEREFS="FONT0"/>
          </TextLine>
          <TextLine ID="tl_34" BASELINE="2047" HEIGHT="58" WIDTH="1143" VPOS="1989" HPOS="441">
            <String HEIGHT="58" WIDTH="265" VPOS="1989" HPOS="421" CONTENT="Périgord;" ID="tl_34_1" STYLEREFS="FONT0"/>
            <SP HEIGHT="58" WIDTH="20" VPOS="1989" HPOS="686"/>
            <String HEIGHT="58" WIDTH="245" VPOS="1989" HPOS="625" CONTENT="F.-R.-R." ID="tl_34_2" STYLEREFS="FONT0"/>
            <SP HEIGHT="58" WIDTH="20" VPOS="1989" HPOS="870"/>
            <String HEIGHT="58" WIDTH="286" VPOS="1989" HPOS="808" CONTENT="Bessejouls" ID="tl_34_3" STYLEREFS="FONT0"/>
            <SP HEIGHT="58" WIDTH="20" VPOS="1989" HPOS="1094"/>
            <String HEIGHT="58" WIDTH="122" VPOS="1989" HPOS="1033" CONTENT="de" ID="tl_34_4" STYLEREFS="FONT0"/>
            <SP HEIGHT="58" WIDTH="20" VPOS="1989" HPOS="1155"/>
            <String HEIGHT="58" WIDTH="306" VPOS="1989" HPOS="1094" CONTENT="Roquelaure," ID="tl_34_5" STYLEREFS="FONT0"/>
            <SP HEIGHT="58" WIDTH="20" VPOS="1989" HPOS="1400"/>
            <String HEIGHT="58" WIDTH="265" VPOS="1989" HPOS="1319" CONTENT="ex" ID="tl_34_6" STYLEREFS="FONT0"/>
          </TextLine>
          <TextLine ID="tl_35" BASELINE="2090" HEIGHT="57" WIDTH="796" VPOS="2033" HPOS="440">
            <String HEIGHT="57" WIDTH="156" VPOS="2033" HPOS="423" CONTENT="(Voir" ID="tl_35_1" STYLEREFS="FONT0"/>
            <SP HEIGHT="57" WIDTH="17" VPOS="2033" HPOS="578"/>
            <String HEIGHT="57" WIDTH="104" VPOS="2033" HPOS="527" CONTENT="au" ID="tl_35_2" STYLEREFS="FONT0"/>
            <SP HEIGHT="57" WIDTH="17" VPOS="2033" HPOS="630"/>
            <String HEIGHT="57" WIDTH="329" VPOS="2033" HPOS="578" CONTENT="Moniteur" ID="tl_35_3" STYLEREFS="FONT2"/>
            <SP HEIGHT="57" WIDTH="17" VPOS="2033" HPOS="907"/>
            <String HEIGHT="57" WIDTH="104" VPOS="2033" HPOS="855" CONTENT="du" ID="tl_35_4" STYLEREFS="FONT0"/>
            <SP HEIGHT="57" WIDTH="17" VPOS="2033" HPOS="959"/>
            <String HEIGHT="57" WIDTH="87" VPOS="2033" HPOS="907" CONTENT="7" ID="tl_35_5" STYLEREFS="FONT0"/>
            <SP HEIGHT="57" WIDTH="17" VPOS="2033" HPOS="994"/>
            <String HEIGHT="57" WIDTH="104" VPOS="2033" HPOS="942" CONTENT="au" ID="tl_35_6" STYLEREFS="FONT0"/>
            <SP HEIGHT="57" WIDTH="17" VPOS="2033" HPOS="1046"/>
            <String HEIGHT="57" WIDTH="87" VPOS="2033" HPOS="994" CONTENT="9" ID="tl_35_7" STYLEREFS="FONT0"/>
            <SP HEIGHT="57" WIDTH="17" VPOS="2033" HPOS="1080"/>
            <String HEIGHT="57" WIDTH="225" VPOS="2033" HPOS="1011" CONTENT="thermidor.)" ID="tl_35_8" STYLEREFS="FONT0"/>
          </TextLine>
        </TextBlock>
        <TextBlock ID="r_3_13" HEIGHT="37" WIDTH="617" VPOS="2090" HPOS="540">
          <TextLine ID="tl_36" BASELINE="2147" HEIGHT="78" WIDTH="630" VPOS="2069" HPOS="534">
            <String HEIGHT="78" WIDTH="102" VPOS="2069" HPOS="517" CONTENT="H." ID="tl_36_1" STYLEREFS="FONT0"/>
            <SP HEIGHT="78" WIDTH="17" VPOS="2069" HPOS="619"/>
            <String HEIGHT="78" WIDTH="102" VPOS="2069" HPOS="568" CONTENT="4," ID="tl_36_2" STYLEREFS="FONT0"/>
            <SP HEIGHT="78" WIDTH="17" VPOS="2069" HPOS="670"/>
            <String HEIGHT="78" WIDTH="119" VPOS="2069" HPOS="619" CONTENT="37." ID="tl_36_3" STYLEREFS="FONT0"/>
            <SP HEIGHT="78" WIDTH="17" VPOS="2069" HPOS="738"/>
            <String HEIGHT="78" WIDTH="85" VPOS="2069" HPOS="687" CONTENT="—" ID="tl_36_4" STYLEREFS="FONT0"/>
            <SP HEIGHT="78" WIDTH="17" VPOS="2069" HPOS="772"/>
            <String HEIGHT="78" WIDTH="102" VPOS="2069" HPOS="721" CONTENT="L." ID="tl_36_5" STYLEREFS="FONT0"/>
            <SP HEIGHT="78" WIDTH="17" VPOS="2069" HPOS="823"/>
            <String HEIGHT="78" WIDTH="102" VPOS="2069" HPOS="772" CONTENT="8," ID="tl_36_6" STYLEREFS="FONT0"/>
            <SP HEIGHT="78" WIDTH="17" VPOS="2069" HPOS="875"/>
            <String HEIGHT="78" WIDTH="119" VPOS="2069" HPOS="823" CONTENT="20." ID="tl_36_7" STYLEREFS="FONT0"/>
            <SP HEIGHT="78" WIDTH="17" VPOS="2069" HPOS="943"/>
            <String HEIGHT="78" WIDTH="85" VPOS="2069" HPOS="892" CONTENT="—" ID="tl_36_8" STYLEREFS="FONT0"/>
            <SP HEIGHT="78" WIDTH="17" VPOS="2069" HPOS="977"/>
            <String HEIGHT="78" WIDTH="136" VPOS="2069" HPOS="926" CONTENT="Fig." ID="tl_36_9" STYLEREFS="FONT0"/>
            <SP HEIGHT="78" WIDTH="17" VPOS="2069" HPOS="1062"/>
            <String HEIGHT="78" WIDTH="119" VPOS="2069" HPOS="1011" CONTENT="gr." ID="tl_36_10" STYLEREFS="FONT0"/>
            <SP HEIGHT="78" WIDTH="17" VPOS="2069" HPOS="1130"/>
            <String HEIGHT="78" WIDTH="102" VPOS="2069" HPOS="1062" CONTENT="nat." ID="tl_36_11" STYLEREFS="FONT0"/>
          </TextLine>
        </TextBlock>
        <TextBlock ID="r_3_14" HEIGHT="41" WIDTH="280" VPOS="2126" HPOS="1254">
          <TextLine ID="tl_37" BASELINE="2182" HEIGHT="77" WIDTH="294" VPOS="2105" HPOS="1246">
            <String HEIGHT="77" WIDTH="184" VPOS="2105" HPOS="1228" CONTENT="(Salon" ID="tl_37_1" STYLEREFS="FONT0"/>
            <SP HEIGHT="77" WIDTH="18" VPOS="2105" HPOS="1411"/>
            <String HEIGHT="77" WIDTH="110" VPOS="2105" HPOS="1356" CONTENT="de" ID="tl_37_2" STYLEREFS="FONT0"/>
            <SP HEIGHT="77" WIDTH="18" VPOS="2105" HPOS="1467"/>
            <String HEIGHT="77" WIDTH="147" VPOS="2105" HPOS="1393" CONTENT="1850.)" ID="tl_37_3" STYLEREFS="FONT0"/>
          </TextLine>
        </TextBlock>
        <TextBlock ID="r_3_15" HEIGHT="170" WIDTH="1252" VPOS="2204" HPOS="325">
          <TextLine ID="tl_38" BASELINE="2259" HEIGHT="75" WIDTH="1266" VPOS="2184" HPOS="318">
            <String HEIGHT="75" WIDTH="225" VPOS="2184" HPOS="298" CONTENT="NAIGEON" ID="tl_38_1" STYLEREFS="FONT0"/>
            <SP HEIGHT="75" WIDTH="20" VPOS="2184" HPOS="522"/>
            <String HEIGHT="75" WIDTH="286" VPOS="2184" HPOS="461" CONTENT="(ELZIDOR)," ID="tl_38_2" STYLEREFS="FONT0"/>
            <SP HEIGHT="75" WIDTH="20" VPOS="2184" HPOS="747"/>
            <String HEIGHT="75" WIDTH="184" VPOS="2184" HPOS="686" CONTENT="né" ID="tl_38_3" STYLEREFS="FONT2"/>
            <SP HEIGHT="75" WIDTH="20" VPOS="2184" HPOS="869"/>
            <String HEIGHT="75" WIDTH="102" VPOS="2184" HPOS="808" CONTENT="à" ID="tl_38_4" STYLEREFS="FONT2"/>
            <SP HEIGHT="75" WIDTH="20" VPOS="2184" HPOS="910"/>
            <String HEIGHT="75" WIDTH="204" VPOS="2184" HPOS="849" CONTENT="Paris," ID="tl_38_5" STYLEREFS="FONT2"/>
            <SP HEIGHT="75" WIDTH="20" VPOS="2184" HPOS="1053"/>
            <String HEIGHT="75" WIDTH="184" VPOS="2184" HPOS="992" CONTENT="élève" ID="tl_38_6" STYLEREFS="FONT2"/>
            <SP HEIGHT="75" WIDTH="20" VPOS="2184" HPOS="1176"/>
            <String HEIGHT="75" WIDTH="123" VPOS="2184" HPOS="1114" CONTENT="de" ID="tl_38_7" STYLEREFS="FONT2"/>
            <SP HEIGHT="75" WIDTH="20" VPOS="2184" HPOS="1237"/>
            <String HEIGHT="75" WIDTH="184" VPOS="2184" HPOS="1176" CONTENT="Gros;" ID="tl_38_8" STYLEREFS="FONT2"/>
            <SP HEIGHT="75" WIDTH="20" VPOS="2184" HPOS="1359"/>
            <String HEIGHT="75" WIDTH="306" VPOS="2184" HPOS="1278" CONTENT="chevalier" ID="tl_38_9" STYLEREFS="FONT2"/>
          </TextLine>
          <TextLine ID="tl_39" BASELINE="2314" HEIGHT="63" WIDTH="1210" VPOS="2251" HPOS="372">
            <String HEIGHT="63" WIDTH="170" VPOS="2251" HPOS="353" CONTENT="de" ID="tl_39_1" STYLEREFS="FONT2"/>
            <SP HEIGHT="63" WIDTH="19" VPOS="2251" HPOS="523"/>
            <String HEIGHT="63" WIDTH="113" VPOS="2251" HPOS="467" CONTENT="la" ID="tl_39_2" STYLEREFS="FONT2"/>
            <SP HEIGHT="63" WIDTH="19" VPOS="2251" HPOS="580"/>
            <String HEIGHT="63" WIDTH="378" VPOS="2251" HPOS="523" CONTENT="Légion-d’Honneur" ID="tl_39_3" STYLEREFS="FONT2"/>
            <SP HEIGHT="63" WIDTH="19" VPOS="2251" HPOS="901"/>
            <String HEIGHT="63" WIDTH="189" VPOS="2251" HPOS="845" CONTENT="en" ID="tl_39_4" STYLEREFS="FONT2"/>
            <SP HEIGHT="63" WIDTH="19" VPOS="2251" HPOS="1034"/>
            <String HEIGHT="63" WIDTH="170" VPOS="2251" HPOS="977" CONTENT="1843," ID="tl_39_5" STYLEREFS="FONT0"/>
            <SP HEIGHT="63" WIDTH="19" VPOS="2251" HPOS="1147"/>
            <String HEIGHT="63" WIDTH="359" VPOS="2251" HPOS="1090" CONTENT="conservateur" ID="tl_39_6" STYLEREFS="FONT2"/>
            <SP HEIGHT="63" WIDTH="19" VPOS="2251" HPOS="1450"/>
            <String HEIGHT="63" WIDTH="208" VPOS="2251" HPOS="1374" CONTENT="hono" ID="tl_39_7" STYLEREFS="FONT2"/>
          </TextLine>
          <TextLine ID="tl_40" BASELINE="2375" HEIGHT="67" WIDTH="948" VPOS="2308" HPOS="372">
            <String HEIGHT="67" WIDTH="253" VPOS="2308" HPOS="351" CONTENT="naire" ID="tl_40_1" STYLEREFS="FONT2"/>
            <SP HEIGHT="67" WIDTH="21" VPOS="2308" HPOS="604"/>
            <String HEIGHT="67" WIDTH="126" VPOS="2308" HPOS="541" CONTENT="du" ID="tl_40_2" STYLEREFS="FONT2"/>
            <SP HEIGHT="67" WIDTH="21" VPOS="2308" HPOS="667"/>
            <String HEIGHT="67" WIDTH="190" VPOS="2308" HPOS="604" CONTENT="Musée" ID="tl_40_3" STYLEREFS="FONT2"/>
            <SP HEIGHT="67" WIDTH="21" VPOS="2308" HPOS="793"/>
            <String HEIGHT="67" WIDTH="253" VPOS="2308" HPOS="730" CONTENT="impérial" ID="tl_40_4" STYLEREFS="FONT2"/>
            <SP HEIGHT="67" WIDTH="21" VPOS="2308" HPOS="983"/>
            <String HEIGHT="67" WIDTH="126" VPOS="2308" HPOS="920" CONTENT="du" ID="tl_40_5" STYLEREFS="FONT2"/>
            <SP HEIGHT="67" WIDTH="21" VPOS="2308" HPOS="1046"/>
            <String HEIGHT="67" WIDTH="358" VPOS="2308" HPOS="962" CONTENT="Luxembourg" ID="tl_40_6" STYLEREFS="FONT2"/>
          </TextLine>
        </TextBlock>
        <TextBlock ID="r_3_16" HEIGHT="56" WIDTH="1076" VPOS="2379" HPOS="323">
          <TextLine ID="tl_41" BASELINE="2437" HEIGHT="73" WIDTH="1089" VPOS="2364" HPOS="316">
            <String HEIGHT="73" WIDTH="182" VPOS="2364" HPOS="293" CONTENT="143." ID="tl_41_1" STYLEREFS="FONT0"/>
            <SP HEIGHT="73" WIDTH="23" VPOS="2364" HPOS="475"/>
            <String HEIGHT="73" WIDTH="159" VPOS="2364" HPOS="407" CONTENT="Les" ID="tl_41_2" STYLEREFS="FONT0"/>
            <SP HEIGHT="73" WIDTH="23" VPOS="2364" HPOS="566"/>
            <String HEIGHT="73" WIDTH="295" VPOS="2364" HPOS="498" CONTENT="Vendanges" ID="tl_41_3" STYLEREFS="FONT0"/>
            <SP HEIGHT="73" WIDTH="23" VPOS="2364" HPOS="792"/>
            <String HEIGHT="73" WIDTH="113" VPOS="2364" HPOS="724" CONTENT="à" ID="tl_41_4" STYLEREFS="FONT0"/>
            <SP HEIGHT="73" WIDTH="23" VPOS="2364" HPOS="838"/>
            <String HEIGHT="73" WIDTH="227" VPOS="2364" HPOS="770" CONTENT="Amalfi" ID="tl_41_5" STYLEREFS="FONT0"/>
            <SP HEIGHT="73" WIDTH="23" VPOS="2364" HPOS="997"/>
            <String HEIGHT="73" WIDTH="272" VPOS="2364" HPOS="929" CONTENT="(royaume" ID="tl_41_6" STYLEREFS="FONT0"/>
            <SP HEIGHT="73" WIDTH="23" VPOS="2364" HPOS="1201"/>
            <String HEIGHT="73" WIDTH="136" VPOS="2364" HPOS="1133" CONTENT="de" ID="tl_41_7" STYLEREFS="FONT0"/>
            <SP HEIGHT="73" WIDTH="23" VPOS="2364" HPOS="1269"/>
            <String HEIGHT="73" WIDTH="227" VPOS="2364" HPOS="1178" CONTENT="Naples)." ID="tl_41_8" STYLEREFS="FONT0"/>
          </TextLine>
        </TextBlock>
        <TextBlock ID="r_3_17" HEIGHT="41" WIDTH="703" VPOS="2441" HPOS="537">
          <TextLine ID="tl_42" BASELINE="2513" HEIGHT="86" WIDTH="715" VPOS="2427" HPOS="531">
            <String HEIGHT="86" WIDTH="113" VPOS="2427" HPOS="512" CONTENT="H." ID="tl_42_1" STYLEREFS="FONT0"/>
            <SP HEIGHT="86" WIDTH="19" VPOS="2427" HPOS="625"/>
            <String HEIGHT="86" WIDTH="113" VPOS="2427" HPOS="569" CONTENT="1," ID="tl_42_2" STYLEREFS="FONT0"/>
            <SP HEIGHT="86" WIDTH="19" VPOS="2427" HPOS="682"/>
            <String HEIGHT="86" WIDTH="132" VPOS="2427" HPOS="625" CONTENT="49." ID="tl_42_3" STYLEREFS="FONT0"/>
            <SP HEIGHT="86" WIDTH="19" VPOS="2427" HPOS="757"/>
            <String HEIGHT="86" WIDTH="94" VPOS="2427" HPOS="700" CONTENT="—" ID="tl_42_4" STYLEREFS="FONT0"/>
            <SP HEIGHT="86" WIDTH="19" VPOS="2427" HPOS="794"/>
            <String HEIGHT="86" WIDTH="113" VPOS="2427" HPOS="738" CONTENT="L." ID="tl_42_5" STYLEREFS="FONT0"/>
            <SP HEIGHT="86" WIDTH="19" VPOS="2427" HPOS="851"/>
            <String HEIGHT="86" WIDTH="113" VPOS="2427" HPOS="794" CONTENT="2," ID="tl_42_6" STYLEREFS="FONT0"/>
            <SP HEIGHT="86" WIDTH="19" VPOS="2427" HPOS="907"/>
            <String HEIGHT="86" WIDTH="132" VPOS="2427" HPOS="851" CONTENT="00." ID="tl_42_7" STYLEREFS="FONT0"/>
            <SP HEIGHT="86" WIDTH="19" VPOS="2427" HPOS="983"/>
            <String HEIGHT="86" WIDTH="94" VPOS="2427" HPOS="926" CONTENT="—" ID="tl_42_8" STYLEREFS="FONT0"/>
            <SP HEIGHT="86" WIDTH="19" VPOS="2427" HPOS="1020"/>
            <String HEIGHT="86" WIDTH="151" VPOS="2427" HPOS="964" CONTENT="Fig." ID="tl_42_9" STYLEREFS="FONT0"/>
            <SP HEIGHT="86" WIDTH="19" VPOS="2427" HPOS="1114"/>
            <String HEIGHT="86" WIDTH="207" VPOS="2427" HPOS="1039" CONTENT="demi" ID="tl_42_10" STYLEREFS="FONT0"/>
          </TextLine>
        </TextBlock>
        <TextBlock ID="r_3_18" HEIGHT="47" WIDTH="299" VPOS="2486" HPOS="1226">
          <TextLine ID="tl_43" BASELINE="2545" HEIGHT="77" WIDTH="314" VPOS="2468" HPOS="1218">
            <String HEIGHT="77" WIDTH="196" VPOS="2468" HPOS="1198" CONTENT="(Salon" ID="tl_43_1" STYLEREFS="FONT0"/>
            <SP HEIGHT="77" WIDTH="20" VPOS="2468" HPOS="1395"/>
            <String HEIGHT="77" WIDTH="118" VPOS="2468" HPOS="1336" CONTENT="de" ID="tl_43_2" STYLEREFS="FONT0"/>
            <SP HEIGHT="77" WIDTH="20" VPOS="2468" HPOS="1454"/>
            <String HEIGHT="77" WIDTH="157" VPOS="2468" HPOS="1375" CONTENT="1857.)" ID="tl_43_3" STYLEREFS="FONT0"/>
          </TextLine>
        </TextBlock>
        <GraphicalElement ID="r_4" HEIGHT="9" WIDTH="473" VPOS="57" HPOS="1299"/>
        <GraphicalElement ID="r_5" HEIGHT="9" WIDTH="503" VPOS="54" HPOS="195"/>
        <GraphicalElement ID="r_6" HEIGHT="3" WIDTH="207" VPOS="60" HPOS="1024"/>
        <GraphicalElement ID="r_7" HEIGHT="2891" WIDTH="30" VPOS="75" HPOS="11"/>
        <GraphicalElement ID="r_8" HEIGHT="676" WIDTH="8" VPOS="190" HPOS="48"/>
      </PrintSpace>
    </Page>
  </Layout>
</alto>
