1844 3128
665 355 296 82 PEINTURE.

1341 328 134 107 31

186 438 197 93 NAZON
317 438 459 93 (FRANÇOIS-HENRI),
711 438 197 93 né
843 438 109 93 à
886 438 263 93 Réalmont
1083 438 241 93 (Tarn),
1236 438 241 93 élève

249 516 144 69 de
345 516 96 69 M.
377 516 207 69 Gleyre

188 577 177 58 144.
298 577 199 58 Bords
431 577 132 58 de
497 577 309 58 l’Aveyron,
740 577 177 58 soir
828 577 265 58 d’automne.

404 631 111 76 H.
460 631 111 76 0,
516 631 130 76 88.
590 631 93 76 —
627 631 111 76 L.
683 631 111 76 1,
720 631 93 76 42.

1108 645 193 93 (Salon
1243 645 116 93 de
1282 645 155 93 1863.)

188 739 194 70 ODIER
318 739 495 70 (ÉDOUARD-ALEXANDRE)
748 739 108 70 ,
791 739 194 70 né
920 739 108 70 à
963 739 301 70 Rambourgi,
1199 739 194 70 élève
1307 739 172 70 de

243 787 185 76 M.
367 787 227 76 Ingres,
532 787 268 76 chevalier
738 787 124 76 de
800 787 124 76 la
862 787 412 76 Légion-d’Honneur
1212 787 206 76 en
1336 787 144 76 1846.

188 852 189 83 145.
306 852 260 83 Épisode
495 852 142 83 de
543 852 212 83 Moscou.

359 920 114 59 Un
416 920 191 59 dragon
550 920 114 59 de
607 920 114 59 la
664 920 172 59 garde
778 920 267 59 impériale,
988 920 191 59 épuisé
1122 920 133 59 par
1198 920 133 59 ses
1255 920 229 59 blessures,

315 974 276 49 s’achemine
532 974 316 49 péniblement,
789 974 276 49 s’appuyant
1006 974 138 49 sur
1085 974 138 49 son
1144 974 178 49 cheval.

408 1011 102 79 H.
459 1011 102 79 2,
510 1011 119 79 58.
578 1011 85 79 —
612 1011 102 79 L.
663 1011 102 79 1,
714 1011 119 79 96.
781 1011 85 79 —
815 1011 136 79 Fig.
900 1011 119 79 gr.
951 1011 102 79 nat.

1123 1042 189 75 (Salon
1255 1042 113 75 de
1293 1042 151 75 1833.)

195 1119 192 68 OUVRIÉ
329 1119 385 68 (PIERRE-JUSTIN),
657 1119 173 68 né
772 1119 96 68 à
811 1119 192 68 Paris,
945 1119 173 68 élève
1061 1119 192 68 d’Abel
1195 1119 115 68 de
1234 1119 250 68 Pujol,

248 1188 189 61 de
374 1188 126 61 M.
437 1188 126 61 le
500 1188 189 61 baron
626 1188 210 61 Taylor
773 1188 126 61 et
836 1188 126 61 de
898 1188 126 61 M.
961 1188 294 61 Châtillon;
1171 1188 315 61 chevalier

247 1237 181 64 de
367 1237 120 64 la
428 1237 402 64 Légion-d’Honneur
769 1237 201 64 en
889 1237 141 64 1854.

194 1298 175 80 146.
304 1298 131 80 Le
369 1298 263 80 Monument
567 1298 131 80 de
632 1298 373 80 Walter-Scott,
939 1298 329 80 Calton-Hill
1202 1298 131 80 et
1268 1298 131 80 la
1312 1298 175 80 Canon-

331 1345 212 61 gate,
472 1345 118 61 à
495 1345 282 61 Edimbourg.

409 1395 112 85 H.
465 1395 112 85 0,
521 1395 130 85 88.
596 1395 93 85 —
633 1395 112 85 L.
689 1395 112 85 1,
726 1395 93 85 38.

1109 1426 196 71 (Salon
1247 1426 118 71 de
1286 1426 157 71 1863.)

196 1487 291 89 PENGUILLY
419 1487 112 89 L
464 1487 246 89 HARIDON
643 1487 291 89 (OCTAVE),
867 1487 201 89 né
1001 1487 112 89 à
1046 1487 224 89 Paris,
1202 1487 201 89 élève
1314 1487 179 89 de

252 1558 320 78 Charlet;
508 1558 278 78 chevalier
721 1558 128 78 de
785 1558 128 78 la
849 1558 427 78 Légion-d’Honneur
1212 1558 214 78 en
1341 1558 149 78 1851;

255 1613 219 79 officier
431 1613 146 79 en
519 1613 102 79 1862.

199 1664 175 109 147.
309 1664 197 109 Halte
440 1664 131 109 de
505 1664 284 109 cavaliers
724 1664 263 109 flamands
921 1664 153 109 par
1009 1664 153 109 une
1096 1664 241 109 matinée
1249 1664 219 109 d’hiver.

416 1742 103 72 H.
467 1742 103 72 0,
519 1742 120 72 47.
587 1742 86 72 —
621 1742 103 72 L.
673 1742 103 72 0,
724 1742 120 72 56.
793 1742 86 72 —
827 1742 137 72 Fig.
913 1742 103 72 de
964 1742 103 72 0,
998 1742 86 72 11.

1134 1761 188 89 (Salon
1266 1761 113 89 de
1303 1761 150 89 1850.)

200 1830 379 103 PHILIPPOTEAUX
512 1830 624 103 (HENRI--EMMANUEL-FÉLIX),
1069 1830 201 103 né
1202 1830 111 103 à
1225 1830 267 103 Paris,

253 1898 244 61 élève
436 1898 122 61 de
497 1898 122 61 M.
558 1898 122 61 L.
619 1898 244 61 Cogniet,
803 1898 265 61 chevalier
1006 1898 122 61 de
1067 1898 122 61 la
1108 1898 387 61 Légion

259 1955 173 70 neur
385 1955 157 70 en
479 1955 110 70 1846.

204 2011 185 82 148.
319 2011 208 82 Louis
458 2011 138 82 XV
527 2011 277 82 visitant
735 2011 138 82 le
804 2011 208 82 champ
942 2011 138 82 de
1011 2011 277 82 bataille
1219 2011 138 82 de
1265 2011 231 82 Fontenoy

367 2070 185 74 (mai
459 2070 185 74 1745).

420 2135 111 70 H.
475 2135 111 70 1,
530 2135 129 70 95.
604 2135 92 70 —
641 2135 111 70 L.
696 2135 111 70 3,
751 2135 129 70 10.
825 2135 92 70 —
862 2135 147 70 Fig.
935 2135 203 70 demi

1141 2151 186 83 (Salon
1271 2151 111 83 de
1309 2151 149 83 1840.)

205 2235 201 57 PLACE
338 2235 267 57 (HENRI),
539 2235 201 57 né
673 2235 111 57 à
717 2235 223 57 Paris,
873 2235 290 57 chevalier
1096 2235 134 57 de
1163 2235 134 57 la
1207 2235 290 57 Légion

259 2290 293 72 d’Honneur
497 2290 183 72 en
607 2290 128 72 1854.

204 2348 174 82 149.
313 2348 240 82 Marine,
487 2348 240 82 falaise
662 2348 131 82 de
705 2348 218 82 Douvres.

616 2412 95 67 (
654 2412 171 67 Donné
768 2412 133 67 par
825 2412 227 67 l’auteur.)

423 2462 112 63 H.
479 2462 112 63 0,
535 2462 130 63 72.
609 2462 93 63 —
647 2462 112 63 L.
702 2462 112 63 1,
740 2462 74 63 12

1119 2493 200 79 (Salon
1259 2493 120 79 de
1299 2493 160 79 1849.)
