1751 3134
278 358 154 79 32

822 368 290 77 PEINTURE.

334 472 360 67 ROBERT-FLEURY
631 472 445 67 (JOSEPH-NICOLAS),
1012 472 191 67 né
1139 472 106 67 à
1182 472 212 67 Paris,
1309 472 318 67 chevalier

387 525 174 61 de
503 525 116 61 la
560 525 386 61 Légion-d’Honneur
889 525 193 61 en
1024 525 174 61 1836,
1139 525 290 61 officier
1371 525 193 61 en
1487 525 135 61 1849,

387 572 239 74 membre
570 572 110 74 de
626 572 257 74 l’Institut
828 572 184 74 en
938 572 129 74 1850.

329 655 177 55 150.
440 655 199 55 Scène
572 655 133 55 de
639 655 133 55 la
683 655 421 55 Saint

500 711 201 62 Brion,
640 711 281 62 gouverneur
861 711 120 62 du
921 711 201 62 prince
1061 711 120 62 de
1122 711 201 62 Conti,
1262 711 140 62 est
1342 711 241 62 massacré
1503 711 120 62 dans

454 755 130 60 les
529 755 149 60 bras
622 755 112 60 de
678 755 130 60 son
733 755 149 60 élève.

544 802 106 59 H.
597 802 106 59 1,
650 802 124 59 62.
721 802 88 59 —
756 802 106 59 L.
809 802 106 59 1,
862 802 124 59 30.
933 802 88 59 —
968 802 141 59 Fig.
1039 802 194 59 demi

1259 836 187 81 (Salon
1390 836 112 81 de
1428 836 150 81 1833.)

323 884 186 76 151.
439 884 279 76 Colloque
648 884 139 76 de
718 884 232 76 Poissy
880 884 139 76 en
926 884 163 76 1561.

494 950 166 68 Cette
604 950 276 68 conférence,
825 950 147 68 dont
917 950 110 68 le
972 950 129 68 but
1046 950 166 68 était
1156 950 239 68 d’apaiser
1340 950 129 68 les
1395 950 221 68 différends

448 998 178 58 entre
567 998 139 58 les
646 998 297 58 protestants
884 998 119 58 et
943 998 139 58 les
1022 998 317 58 catholiques,
1280 998 139 58 eut
1359 998 158 58 lieu
1458 998 119 58 en
1497 998 119 58 pré-

446 1050 181 44 sence
567 1050 121 44 de
627 1050 262 44 Catherine
828 1050 121 44 de
889 1050 221 44 Médicis
1050 1050 121 44 et
1110 1050 121 44 du
1170 1050 181 44 jeune
1291 1050 141 44 roi
1372 1050 221 44 Charles
1512 1050 101 44 IX.

446 1092 241 44 Théodore
627 1092 121 44 de
687 1092 161 44 Bèze
787 1092 181 44 porta
908 1092 121 44 la
968 1092 201 44 parole
1109 1092 161 44 pour
1209 1092 141 44 les
1270 1092 281 44 protestants.

539 1138 103 68 H.
590 1138 103 68 0,
642 1138 120 68 92.
711 1138 86 68 —
745 1138 103 68 L.
797 1138 103 68 1,
848 1138 120 68 30.
917 1138 86 68 —
951 1138 137 68 Fig.
1037 1138 103 68 de
1089 1138 103 68 0,
1123 1138 86 68 48.

1261 1186 183 80 (Salon
1389 1186 110 80 de
1425 1186 146 80 1840.)

318 1231 189 71 152.
437 1231 189 71 Jane
531 1231 189 71 Shore.

485 1294 277 69 Condamnée
697 1294 191 69 comme
825 1294 255 69 sorcière
1016 1294 128 69 et
1080 1294 277 69 adultère,
1293 1294 170 69 elle
1399 1294 149 69 est
1463 1294 149 69 pour-

440 1342 192 60 suivie
574 1342 153 60 dans
670 1342 134 60 les
746 1342 153 60 rues
842 1342 115 60 de
899 1342 211 60 Londres
1053 1342 115 60 et
1110 1342 230 60 insultée
1282 1342 134 60 par
1359 1342 115 60 la
1397 1342 211 60 populace.

533 1383 101 81 H.
584 1383 101 81 2,
634 1383 118 81 03.
702 1383 84 81 —
736 1383 101 81 L.
786 1383 101 81 1,
837 1383 118 81 50.
904 1383 84 81 —
938 1383 135 81 Fig.
1022 1383 118 81 gr.
1073 1383 101 81 nat.

1239 1423 193 68 (Salon
1374 1423 116 68 de
1412 1423 154 68 1850.)

311 1475 185 61 153.
426 1475 254 61 Pillage
611 1475 208 61 d’une
750 1475 231 61 maison
912 1475 185 61 dans
1027 1475 139 61 le
1097 1475 254 61 Judecca
1281 1475 139 61 de
1351 1475 254 61 Venise,
1513 1475 92 61 au

477 1535 230 67 moyen
604 1535 153 67 âge.

484 1559 184 86 .....
606 1559 163 86 Sous
708 1559 122 86 le
769 1559 224 86 moindre
933 1559 265 86 prétexte,
1137 1559 122 86 on
1198 1559 224 86 courait
1361 1559 122 86 au
1402 1559 204 86 quartier

437 1632 138 46 des
516 1632 198 46 Juifs,
655 1632 119 46 on
714 1632 218 46 entrait
872 1632 158 46 dans
971 1632 178 46 leurs
1090 1632 237 46 maisons,
1268 1632 119 46 on
1327 1632 218 46 pillait
1466 1632 138 46 leurs

438 1679 263 71 richesses,
645 1679 113 71 et
701 1679 169 71 leurs
814 1679 244 71 débiteurs
1002 1679 282 71 reprenaient
1227 1679 132 71 les
1302 1679 188 71 titres
1434 1679 113 71 de
1471 1679 132 71 leurs

417 1719 181 72 dettes.

529 1762 106 75 H.
582 1762 106 75 2,
635 1762 123 75 44.
705 1762 88 75 —
741 1762 106 75 L.
793 1762 106 75 2,
846 1762 123 75 40.
916 1762 88 75 —
952 1762 123 75 Fig
1022 1762 106 75 de
1075 1762 106 75 0,
1110 1762 88 75 85.

1250 1774 185 97 (Salon
1379 1774 111 97 de
1416 1774 148 97 1855.)

309 1889 187 65 ROEHN
434 1889 416 65 (ALPHONSE-JEAN),
788 1889 187 65 né
912 1889 104 65 à
954 1889 208 65 Paris,
1100 1889 187 65 élève
1225 1889 125 65 de
1287 1889 166 65 Gros
1391 1889 125 65 et
1433 1889 166 65 de

369 1939 310 73 Regnault;
621 1939 155 73 mort
718 1939 194 73 en
834 1939 136 73 1864.

306 1997 186 68 154.
422 1997 139 68 Le
468 1997 302 68 braconnier.

528 2052 105 79 H.
580 2052 105 79 0,
632 2052 122 79 51.
702 2052 87 79 —
737 2052 105 79 L.
789 2052 105 79 0,
842 2052 122 79 62.
911 2052 87 79 —
946 2052 140 79 Fig.
1034 2052 105 79 de
1086 2052 105 79 0,
1121 2052 87 79 22.

1245 2084 185 90 (Salon
1374 2084 111 90 de
1411 2084 148 90 1850.)

305 2201 300 54 ROQUEPLAN
535 2201 323 54 (CAMILLE),
789 2201 207 54 né
927 2201 115 54 à
974 2201 300 54 Mallemort
1181 2201 415 54 (Bouches

362 2243 278 58 Rhône),
581 2243 179 58 élève
700 2243 119 58 de
760 2243 159 58 Gros
859 2243 119 58 et
919 2243 199 58 d’Abel
1058 2243 119 58 de
1118 2243 199 58 Pujol,
1257 2243 259 58 chevalier
1436 2243 159 58 de

363 2297 152 74 la
465 2297 338 74 Légion-d’Honneur
752 2297 169 74 en
870 2297 152 74 1832,
972 2297 254 74 officier
1174 2297 169 74 en
1293 2297 152 74 1852,
1377 2297 220 74 mort

365 2355 175 67 en
486 2355 94 67 1855.

302 2419 185 69 155.
417 2419 254 69 Marine;
602 2419 162 69 vue
695 2419 208 69 prise
834 2419 162 69 sur
926 2419 162 69 les
1019 2419 208 69 côtes
1157 2419 139 69 de
1204 2419 277 69 Normandie.

524 2477 103 75 H.
575 2477 103 75 1,
626 2477 120 75 04.
695 2477 85 75 —
729 2477 103 75 L.
780 2477 103 75 1,
815 2477 85 75 58.

1233 2509 187 82 (Salon
1364 2509 112 82 de
1402 2509 150 82 1831.)
