1811 3131
661 352 292 80 PEINTURE.

1329 335 140 81 33

178 440 179 103 156.
290 440 157 103 Une
379 440 202 103 Fille
492 440 179 103 d’Eve.

396 507 112 59 H.
452 507 112 59 1,
508 507 131 59 47.
583 507 93 59 —
620 507 112 59 L.
676 507 112 59 0,
732 507 131 59 84.
807 507 93 59 —
845 507 149 59 Fig.
938 507 149 59 dem.
1013 507 93 59 nat

1096 543 195 86 (Salon
1232 543 117 86 de
1271 543 156 86 1855.)

178 648 259 80 ROUSSEAU
373 648 324 80 (PHILIPPE),
632 648 194 80 né
761 648 108 80 à
805 648 216 80 Paris,
956 648 194 80 élève
1085 648 130 80 de
1150 648 173 80 Gros
1258 648 130 80 et
1301 648 173 80 de

233 713 284 62 Bertin,
456 713 263 62 chevalier
658 713 122 62 de
719 713 122 62 la
780 713 405 62 Légion-d’Honneur
1124 713 203 62 en
1245 713 142 62 1852.

175 779 198 70 157.
299 779 148 70 Un
348 779 272 70 importun.

357 830 120 70 Un
417 830 180 70 chien
537 830 219 70 griffon
696 830 279 70 interrompt
916 830 120 70 le
955 830 140 70 repas

312 887 125 64 ses
366 887 160 64 petits.

397 909 105 106 H.
449 909 105 106 1,
501 909 122 106 00.
571 909 87 106 —
606 909 105 106 L.
658 909 105 106 1,
693 909 87 106 32.

1084 817 186 94 d’une
1208 817 207 94 chatte
1353 817 124 94 et
1394 817 83 94 de

1110 949 189 88 (Salon
1243 949 114 88 de
1281 949 152 88 1850.)

181 1030 166 58 158.
285 1030 250 58 Cigognes
473 1030 229 58 faisant
639 1030 125 58 la
701 1030 208 58 sieste
847 1030 125 58 au
909 1030 166 58 bord
1014 1030 166 58 d’un
1097 1030 187 58 bassin.

397 1092 105 70 H.
450 1092 105 70 2.
503 1092 123 70 24.
573 1092 88 70 —
608 1092 105 70 L.
660 1092 105 70 1,
695 1092 88 70 42.

1115 1111 189 95 (Salon
1248 1111 114 95 de
1286 1111 152 95 1855.)

183 1161 174 79 159.
292 1161 261 79 Chevreau
488 1161 261 79 broutant
683 1161 152 79 des
748 1161 196 79 fleurs.

398 1226 103 74 H.
449 1226 103 74 2,
501 1226 120 74 24.
570 1226 86 74 —
604 1226 103 74 L.
656 1226 103 74 1,
690 1226 86 74 42.

1115 1252 189 74 (Salon
1248 1252 114 74 de
1286 1252 152 74 1855.)

182 1320 243 101 ROUSSEAU
364 1320 304 101 (THÉODORE),
607 1320 182 101 né
728 1320 101 101 à
769 1320 202 101 Paris,
910 1320 263 101 chevalier
1113 1320 121 101 de
1173 1320 121 101 la
1214 1320 263 101 Légion

233 1404 299 71 à'Honneur
476 1404 187 71 en
588 1404 131 71 1852.

180 1467 165 58 160.
284 1467 206 58 Sortie
428 1467 124 58 de
490 1467 186 58 forêt
614 1467 103 58 à
655 1467 351 58 Fontainebleau
944 1467 248 58 (coucher
1129 1467 124 58 de
1171 1467 206 58 soleil).

398 1529 104 64 H.
450 1529 104 64 1,
502 1529 121 64 42.
571 1529 87 64 —
606 1529 104 64 L.
658 1529 104 64 1,
692 1529 87 64 96.

1119 1555 188 80 (Salon
1251 1555 113 80 de
1288 1555 150 80 1855.)

183 1618 166 78 161.
287 1618 228 78 Lisière
452 1618 186 78 d’une
577 1618 186 78 forêt
680 1618 269 78 (esquisse).

401 1674 103 79 H.
452 1674 103 79 0,
503 1674 120 79 29.
572 1674 85 79 —
606 1674 103 79 L.
657 1674 103 79 0,
692 1674 85 79 59.

184 1741 306 82 SAINT-ÈVRE
425 1741 284 82 (GILLOT),
643 1741 197 82 né
774 1741 109 82 à
818 1741 437 82 Boult-sur-Suippe
1168 1741 306 82 (Marne)

236 1805 248 80 élève
422 1805 124 80 de
484 1805 124 80 P.
546 1805 227 80 Guérin,
711 1805 268 80 chevalier
918 1805 124 80 de
980 1805 124 80 la
1021 1805 454 80 Légion

248 1862 175 73 en
369 1862 94 73 1833.

183 1924 190 71 162.
302 1924 237 71 Jeanne
444 1924 190 71 d’Arc.

353 1986 204 58 Admise
496 1986 123 58 en
557 1986 245 58 présence
741 1986 123 58 de
802 1986 225 58 Charles
965 1986 143 58 VII
1047 1986 123 58 au
1108 1986 204 58 milieu
1251 1986 184 58 d’une
1353 1986 123 58 cour

312 2038 271 47 nombreuse,
525 2038 155 47 elle
622 2038 194 47 répond
758 2038 136 47 aux
835 2038 213 47 prélats
990 2038 136 47 qui
1068 2038 330 47 l’interrogent
1339 2038 116 47 en
1378 2038 97 47 an-

314 2077 208 54 nonçant
465 2077 113 54 sa
522 2077 208 54 mission
673 2077 113 54 et
730 2077 132 54 les
805 2077 208 54 visions
957 2077 132 54 qui
1032 2077 113 54 la
1089 2077 132 54 lui
1164 2077 132 54 ont
1221 2077 189 54 révélée.

401 2121 105 66 H.
454 2121 105 66 1,
507 2121 105 66 37
559 2121 88 66 —
594 2121 105 66 L.
647 2121 105 66 1,
700 2121 123 66 67.
770 2121 88 66 —
805 2121 140 66 Fig.
893 2121 105 66 de
945 2121 105 66 0,
980 2121 88 66 48.

1119 2158 186 96 (Salon
1250 2158 112 96 de
1287 2158 149 96 1833.)

188 2230 266 73 SAINT-JEAN
397 2230 228 73 (SIMON),
567 2230 171 73 né
681 2230 95 73 à
719 2230 152 73 Lyon
814 2230 228 73 (Rhône),
985 2230 190 73 en
1118 2230 171 73 1808,
1212 2230 266 73 élève

240 2298 188 65 de
366 2298 125 65 P.
428 2298 209 65 Révoil
575 2298 125 65 et
637 2298 125 65 de
700 2298 251 65 François
888 2298 230 65 Lepage,
1056 2298 272 65 chevalier
1265 2298 125 65 de
1307 2298 167 65 ta

245 2354 417 65 Légion-d’Honneur
608 2354 182 65 en
735 2354 163 65 1843,
844 2354 200 65 mort
989 2354 182 65 en
1098 2354 127 65 1860.

187 2411 178 87 163.
298 2411 557 87 Notre-Dame-des-Roses;
788 2411 245 87 tableau
966 2411 134 87 de
1011 2411 200 87 fleurs.

405 2476 102 65 H.
456 2476 102 65 1,
507 2476 119 65 22.
575 2476 85 65 —
609 2476 102 65 L.
660 2476 102 65 0,
694 2476 85 65 87.

1110 2504 190 90 (Peint
1243 2504 114 90 en
1281 2504 152 90 1850.)
