1802 3128
638 294 299 67 PEINTURE,

1316 280 144 88 35

172 380 224 82 SCHNETZ
335 380 367 82 (JEAN-VICTOR),
641 380 183 82 né
763 380 102 82 à
804 380 285 82 Versailles
1007 380 449 82 (Seine

226 453 238 53 élève
405 453 119 53 de
464 453 198 53 David,
603 453 258 53 Regnault,
801 453 159 53 Gros
900 453 119 53 et
960 453 218 53 Gérard;
1118 453 258 53 chevalier
1296 453 159 53 de

228 506 165 54 la
338 506 367 54 Légion-d’Honneur
649 506 183 54 en
778 506 165 54 1825,
888 506 238 54 membre
1071 506 110 54 de
1126 506 257 54 l’Institut
1309 506 147 54 en

226 548 194 67 1837,
356 548 346 67 directeur
637 548 130 67 de
702 548 303 67 l’Académie
939 548 130 67 de
1004 548 216 67 France
1156 548 108 67 à
1199 548 173 67 Rome
1285 548 173 67 en

232 603 142 71 1840
321 603 231 71 et
498 603 160 71 1853,
605 603 266 71 officier
818 603 106 71 de
871 603 106 71 la
924 603 355 71 Légion-d’Honneur
1225 603 177 71 en
1332 603 124 71 1843.

173 676 179 76 170.
284 676 156 76 Une
374 676 201 76 scène
485 676 335 76 d’inondation.

343 748 137 60 Une
422 748 216 60 famille
579 748 118 60 de
638 748 255 60 contadini
834 748 236 60 (paysans
1011 748 137 60 des
1089 748 236 60 environs
1266 748 118 60 de
1305 748 157 60 Rome),

295 800 246 50 surprise
479 800 143 50 par
561 800 123 50 un
622 800 205 50 prompt
765 800 307 50 débordement
1011 800 123 50 du
1072 800 205 50 Tibre,
1215 800 123 50 se
1277 800 184 50 sauve
1379 800 82 50 au

296 839 221 52 travers
457 839 141 52 des
537 839 181 52 eaux.
658 839 121 52 La
718 839 181 52 jeune
839 839 201 52 femme,
980 839 221 52 chargée
1141 839 121 52 de
1201 839 141 52 ses
1282 839 161 52 deux
1362 839 101 52 en-

299 885 197 50 fants,
437 885 276 50 incertaine
654 885 158 50 dans
753 885 118 50 sa
812 885 217 50 marche,
969 885 138 50 est
1048 885 197 50 guidée
1186 885 138 50 par
1265 885 138 50 son
1324 885 138 50 mari,

295 926 137 60 qui
374 926 215 60 emporte
530 926 117 60 sa
589 926 215 60 vieille
746 926 157 60 mère
824 926 176 60 malade.

388 970 101 85 H.
439 970 101 85 2,
489 970 118 85 92.
557 970 84 85 —
590 970 101 85 L.
641 970 101 85 2,
691 970 118 85 44.
759 970 84 85 —
792 970 135 85 Fig.
876 970 118 85 gr.
927 970 101 85 nat.

1099 1013 187 83 (Salon
1230 1013 112 83 de
1268 1013 150 83 1831.)

169 1075 191 99 171.
289 1075 167 99 Vœu
384 1075 120 99 à
432 1075 143 99 la
480 1075 215 99 Madone.

383 1145 105 69 H.
435 1145 105 69 2,
487 1145 122 69 84.
557 1145 87 69 —
592 1145 105 69 L.
644 1145 105 69 4,
696 1145 122 69 90.
766 1145 87 69 —
801 1145 139 69 Fig.
888 1145 122 69 gr.
940 1145 105 69 nat.

1106 1180 183 82 (Salon
1234 1180 110 82 de
1270 1180 146 82 1831.)

166 1294 415 70 SCHUTZENBERGER
512 1294 484 70 (LOUIS-FRÉDÉRIC),
926 1294 207 70 né
1064 1294 115 70 à
1087 1294 369 70 Strasbourg

226 1346 351 92 (Bas-Rhin),
518 1346 175 92 élève
634 1346 117 92 de
693 1346 117 92 M.
732 1346 253 92 Gleyre

167 1423 186 72 172.
260 1423 325 72 Terpsychore.

384 1478 109 97 H.
438 1478 109 97 1,
492 1478 127 97 14.
565 1478 90 97 —
601 1478 109 97 L.
655 1478 109 97 2,
709 1478 127 97 00.
782 1478 90 97 —
818 1478 145 97 Fig.
908 1478 109 97 de
945 1478 109 97 0,60

1086 1515 192 98 (Salon
1220 1515 115 98 de
1259 1515 154 98 1861.)

167 1592 210 104 SEBRON
314 1592 335 104 (HIPPOLYTE),
586 1592 189 104 né
712 1592 105 104 à
754 1592 252 104 Caudebec
922 1592 524 104 (Seine

223 1670 199 83 élève
372 1670 99 83 de
406 1670 248 83 Daguerre

166 1746 177 91 173.
277 1746 155 91 Vue
365 1746 200 91 d’une
498 1746 222 91 partie
654 1746 133 91 de
720 1746 333 91 l’intérieur
986 1746 133 91 de
1053 1746 133 91 la
1119 1746 222 91 grande
1252 1746 200 91 mosquée

331 1802 137 65 de
400 1802 250 65 Cordoue
559 1802 273 65 (Espagne).

376 1849 103 64 H.
427 1849 103 64 1,
478 1849 120 64 30.
547 1849 85 64 —
581 1849 103 64 L.
632 1849 103 64 0,
667 1849 85 64 97.

1089 1879 191 91 (Salon
1223 1879 115 91 de
1261 1879 153 91 1857.)

166 1974 201 89 SIGNOL
307 1974 241 89 (ÉMILE),
488 1974 181 89 né
608 1974 101 89 à
649 1974 201 89 Paris,
789 1974 181 89 élève
910 1974 121 89 de
970 1974 181 89 Gros,
1091 1974 181 89 grand
1212 1974 161 89 prix
1292 1974 161 89 de

222 2045 215 55 Rome
379 2045 273 55 (Histoire)
593 2045 195 55 en
730 2045 176 55 1830;
847 2045 312 55 chevalier
1101 2045 117 55 de
1159 2045 117 55 la
1198 2045 254 55 Légion

219 2099 290 68 d'Honneur
455 2099 181 68 en
581 2099 163 68 1841,
690 2099 236 68 membre
872 2099 109 68 de
926 2099 254 68 l’Institut
1125 2099 181 68 en
1234 2099 127 68 1860.

160 2163 188 77 174.
278 2163 141 77 La
349 2163 212 77 femme
466 2163 259 77 adultère.

330 2227 191 63 Jésus
457 2227 212 63 répond
606 2227 148 63 aux
690 2227 233 63 Scribes
860 2227 127 63 et
924 2227 148 63 aux
1009 2227 318 63 Pharisiens:
1263 2227 170 63 «Que
1348 2227 106 63 ce-

291 2278 140 79 lui
371 2278 221 79 d’entre
532 2278 161 79 vous
632 2278 140 79 qui
712 2278 140 79 est
793 2278 161 79 sans
893 2278 181 79 pêché
1013 2278 140 79 lui
1094 2278 181 79 jette
1214 2278 120 79 la
1254 2278 201 79 première

292 2336 204 64 pierre.»
445 2336 340 64 (Evangile
734 2336 153 64 selon
835 2336 153 64 saint
937 2336 153 64 Jean,
1039 2336 153 64 chap.
1124 2336 119 64 VII.)

378 2371 106 91 H.
431 2371 106 91 1,
484 2371 123 91 37.
555 2371 88 91 —
590 2371 106 91 L.
643 2371 106 91 1,
696 2371 123 91 11.
766 2371 88 91 —
802 2371 141 91 Fig.
872 2371 194 91 demi

1094 2429 189 83 (Salon
1226 2429 113 83 de
1264 2429 151 83 1840.)

1129 2492 142 74 3*
