1762 3133
755 304 298 75 PEINTURE.

219 293 148 77 36

272 385 222 63 STEUBEN
433 385 282 63 (CHARLES),
655 385 182 63 né
776 385 101 63 à
817 385 222 63 Manheim
978 385 202 63 en
1119 385 182 63 1791,
1240 385 242 63 élève
1402 385 161 63 du

325 441 261 68 baron
521 441 239 68 Gérard;
694 441 282 68 chevalier
912 441 130 68 de
977 441 130 68 la
1042 441 434 68 Légion-d’Honneur
1389 441 174 68 en

334 492 165 74 1828,
444 492 202 74 mort
591 492 183 74 en
701 492 128 74 1856.

273 556 170 65 175.
379 556 127 65 La
443 556 212 65 Force,
591 556 212 65 figure
719 556 297 65 allégorique.

436 610 251 85 Commandé
624 610 125 85 en
687 610 188 85 1825,
812 610 167 85 pour
917 610 209 85 dessus
1063 610 125 85 de
1125 610 188 85 porte
1251 610 188 85 d’une
1376 610 188 85 salle
1480 610 84 85 du

399 652 224 81 Conseil
561 652 224 81 d’Etat,
724 652 122 81 au
765 652 183 81 Louvre.

489 711 113 70 H.
546 711 113 70 1,
602 711 131 70 40.
677 711 94 70 —
714 711 113 70 L.
771 711 113 70 1,
808 711 94 70 74.

272 776 229 88 TANNEUR
439 776 313 88 (PHILIPPE),
689 776 188 88 né
814 776 104 88 à
856 776 271 88 Marseille
1043 776 521 88 (Bouches

326 848 324 80 chevalier
589 848 122 80 de
650 848 122 80 la
711 848 405 80 Légion-d’Honneur
1055 848 203 80 en
1176 848 142 80 1834.

269 919 175 67 176.
378 919 240 67 Marine;
553 919 196 67 clair
684 919 131 67 de
749 919 196 67 lune;
880 919 284 67 intérieur
1098 919 196 67 d’une
1207 919 153 67 rade.

488 976 103 85 H.
539 976 103 85 1,
591 976 121 85 48.
660 976 86 85 —
695 976 103 85 L.
746 976 103 85 1,
781 976 86 85 80.

1207 1006 186 88 (Salon
1337 1006 111 88 de
1375 1006 149 88 1834.)

269 1096 255 67 TASSAERT
460 1096 637 67 (NICOLAS-FRANÇOIS-OCTAVE),
1033 1096 191 67 né
1161 1096 106 67 à
1203 1096 212 67 Paris,
1330 1096 234 67 élève

332 1158 129 69 de
403 1158 215 69 Lethiere

270 1229 186 82 177.
386 1229 163 82 Une
479 1229 256 82 famille
642 1229 326 82 malheureuse.

441 1294 116 65 La
499 1294 174 65 neige
615 1294 232 65 couvrait
789 1294 136 65 les
867 1294 194 65 toits;
1002 1294 116 65 un
1060 1294 155 65 vent
1157 1294 213 65 glacial
1312 1294 252 65 fouettait
1487 1294 77 65 la

401 1341 175 61 vitre
517 1341 116 61 de
575 1341 175 61 cette
691 1341 213 61 étroite
847 1341 116 61 et
905 1341 194 61 froide
1040 1341 233 61 demeure;
1215 1341 136 61 une
1293 1341 213 61 vieille
1428 1341 136 61 femme

398 1400 291 48 réchauffait
631 1400 97 48 à
670 1400 117 48 un
728 1400 214 48 brasier
883 1400 136 48 ses
961 1400 175 48 mains
1077 1400 175 48 pâles
1194 1400 117 48 et
1252 1400 311 48 tremblantes.
1485 1400 78 48 La

394 1439 170 60 jeune
507 1439 170 60 fille
620 1439 132 60 lui
696 1439 151 60 dit:
790 1439 113 60 «O
847 1439 113 60 ma
903 1439 170 60 mère,
1016 1439 151 60 vous
1111 1439 189 60 n’avez
1243 1439 132 60 pas
1318 1439 226 60 toujours
1469 1439 94 60 été

402 1488 152 47 dans
497 1488 114 47 ce
554 1488 362 47 dénûment!.....»
859 1488 114 47 Et
916 1488 114 47 la
973 1488 209 47 vieille
1125 1488 152 47 dame
1220 1488 247 47 regardait
1392 1488 171 47 l’image

400 1524 116 53 de
458 1524 116 53 la
516 1524 213 53 Vierge,
671 1524 116 53 et
729 1524 116 53 la
787 1524 175 53 jeune
904 1524 175 53 fille
1020 1524 291 53 sanglotait.
1253 1524 97 53 A
1292 1524 213 53 quelque
1427 1524 136 53 temps

396 1565 132 52 de
462 1565 132 52 là
528 1565 132 52 on
594 1565 154 52 vit
682 1565 176 52 deux
792 1565 242 52 femmes,
968 1565 308 52 lumineuses
1211 1565 198 52 comme
1343 1565 154 52 des
1409 1565 154 52 âmes,

402 1608 127 56 qui
475 1608 291 56 s’élançaient
711 1608 145 56 vers
802 1608 109 56 le
838 1608 127 56 ciel.

490 1646 108 61 H.
544 1646 108 61 1,
598 1646 126 61 15.
670 1646 90 61 —
706 1646 108 61 L.
760 1646 108 61 0,
814 1646 126 61 80.
885 1646 90 61 —
921 1646 144 61 Fig.
993 1646 198 61 demi

1202 1678 188 78 (Salon
1334 1678 113 78 de
1372 1678 151 78 1850.)

271 1764 223 71 TISSOT
427 1764 267 71 (JAMES),
627 1764 201 71 né
761 1764 111 71 à
805 1764 245 71 Nantes,
984 1764 201 71 élève
1117 1764 134 71 de
1184 1764 156 71 MM.
1273 1764 134 71 H.
1318 1764 245 71 Flan

331 1831 184 70 drin
465 1831 100 70 et
498 1831 234 70 Lamothe

275 1900 177 73 178.
385 1900 287 73 Rencontre
606 1900 133 73 de
673 1900 199 73 Faust
805 1900 133 73 et
872 1900 133 73 de
916 1900 287 73 Marguerite.

442 1964 207 60 Faust:
587 1964 124 60 Ma
649 1964 186 60 belle
773 1964 310 60 demoiselle,
1022 1964 269 60 oserai-je
1229 1964 166 60 vous
1332 1964 207 60 offrir
1457 1964 103 60 mon

399 2010 170 68 bras
505 2010 127 68 et
568 2010 127 68 ma
611 2010 233 68 conduite?

1009 2047 145 67 Gœthe,
1095 2047 217 67 Faust

491 2092 110 89 H.
546 2092 110 89 0,
601 2092 128 89 78.
674 2092 92 89 —
711 2092 110 89 L.
766 2092 110 89 1,
821 2092 128 89 17.
894 2092 92 89 —
931 2092 147 89 Fig.
1023 2092 110 89 de
1060 2092 128 89 0,60.

1195 2121 191 82 (Salon
1328 2121 114 82 de
1367 2121 153 82 1861.)

269 2212 205 70 TROYON
413 2212 308 70 (CONSTANT),
660 2212 185 70 né
783 2212 103 70 à
824 2212 226 70 Sèvres,
989 2212 267 70 chevalier
1194 2212 123 70 de
1256 2212 123 70 la
1297 2212 267 70 Légion

327 2275 279 77 d’Honneur
553 2275 174 77 en
675 2275 157 77 1849;
780 2275 192 77 mort
919 2275 174 77 en
1024 2275 122 77 1865.

269 2339 169 74 179.
375 2339 148 74 Les
459 2339 190 74 bœufs
586 2339 211 74 allant
734 2339 127 74 au
798 2339 233 74 labour;
967 2339 190 74 effet
1094 2339 127 74 du
1136 2339 169 74 matin.

488 2409 113 69 H.
545 2409 150 69 262.
638 2409 94 69 —
676 2409 113 69 L.
732 2409 113 69 3,
788 2409 131 69 90.
863 2409 94 69 —
901 2409 150 69 Fig.
976 2409 206 69 demi

1196 2428 189 76 (Salon
1328 2428 113 76 de
1366 2428 151 76 1855.)
