1826 3140
682 312 295 93 PEINTURE.

1354 318 144 71 37

204 382 230 89 VERNET
365 382 553 89 (ÉMILE-JEAN-HORACE),
849 382 207 89 né
987 382 115 89 à
1033 382 230 89 Paris,
1195 382 230 89 en
1333 382 161 89 1789.

257 455 257 80 élève
449 455 128 80 de
513 455 257 80 Vincent,
706 455 278 80 chevalier
920 455 128 80 de
984 455 128 80 la
1027 455 471 80 Légion

261 517 223 63 en
433 517 155 63 1814,
536 517 258 63 officier
742 517 172 63 en
862 517 155 63 1825,
965 517 223 63 membre
1136 517 103 63 de
1188 517 240 63 l’Institut
1360 517 137 63 en

259 571 195 62 1826,
389 571 347 62 directeur
671 571 130 62 de
736 571 304 62 l’Académie
975 571 130 62 de
1040 571 217 62 France
1192 571 108 62 à
1235 571 173 62 Rome
1322 571 173 62 en

257 623 198 75 1828,
389 623 375 75 commandeur
698 623 132 75 de
764 623 132 75 la
830 623 441 75 Légion-d’Honneur
1205 623 221 75 en
1338 623 154 75 1842,

259 675 197 93 grand
406 675 197 93 officier
554 675 164 93 en
669 675 148 93 1862,
767 675 181 93 mort
899 675 164 93 en
997 675 115 93 1863.

203 756 178 82 180.
314 756 133 82 La
380 756 266 82 barrière
580 756 133 82 de
647 756 244 82 Clichy,
824 756 133 82 ou
891 756 244 82 défense
1068 756 133 82 de
1135 756 200 82 Paris
1268 756 133 82 en
1313 756 155 82 1814.

367 830 131 55 Le
433 830 261 55 maréchal
628 830 218 55 Moncey
781 830 196 55 donne
911 830 131 55 au
977 830 174 55 chef
1085 830 131 55 de
1151 830 283 55 bataillon
1347 830 152 55 Odiot

327 867 234 58 l’ordre
497 867 298 58 d’empêcher
731 867 149 58 les
817 867 213 58 Russes
966 867 128 58 de
1029 867 277 58 s’emparer
1242 867 128 58 de
1306 867 128 58 la
1349 867 149 58 butte

307 917 298 64 Montmartre.

369 966 188 53 Parmi
494 966 146 53 les
578 966 230 53 acteurs
745 966 125 53 de
807 966 188 53 cette
933 966 188 53 scène
1058 966 125 53 on
1120 966 250 53 remarque
1308 966 125 53 le
1350 966 146 53 maré-

326 1016 170 50 chal
432 1016 234 50 Moncey;
602 1016 128 50 M.
666 1016 213 50 Odiot,
815 1016 255 50 colonel;
1007 1016 128 50 M.
1070 1016 128 50 de
1113 1016 383 50 Marguery

328 1059 217 52 l’homme
486 1059 119 52 de
546 1059 237 52 lettres;
723 1059 237 52 Charlet,
901 1059 119 52 et
961 1059 198 52 Horace
1099 1059 217 52 Vernet,
1257 1059 237 52 l’auteur
1415 1059 79 52 du

304 1100 204 60 tableau.

413 1123 181 88 Donné
533 1123 100 88 à
574 1123 120 88 la
634 1123 221 88 Chambre
794 1123 141 88 des
875 1123 181 88 pairs
995 1123 141 88 par
1075 1123 100 88 M
1116 1123 181 88 Odiot
1236 1123 181 88 père,
1336 1123 161 88 ancien

381 1188 208 62 orfèvre,
537 1188 191 62 colonel
676 1188 104 62 de
728 1188 104 62 la
763 1188 156 62 légion.

413 1238 102 72 H.
464 1238 102 72 0,
515 1238 119 72 97.
583 1238 85 72 —
618 1238 102 72 L.
669 1238 102 72 1,
720 1238 119 72 30.
788 1238 85 72 —
822 1238 136 72 Fig.
907 1238 102 72 de
959 1238 102 72 0,
993 1238 85 72 38.

1130 1297 191 69 (Peint
1264 1297 115 69 en
1302 1297 153 69 1820.)

194 1355 186 68 181.
310 1355 233 68 Judith
473 1355 140 68 et
520 1355 303 68 Holopherne.

416 1415 102 78 H.
467 1415 102 78 2,
518 1415 120 78 98.
587 1415 85 78 —
621 1415 102 78 L.
672 1415 102 78 1,
723 1415 120 78 96.
792 1415 85 78 —
826 1415 137 78 Fig.
911 1415 120 78 gr.
963 1415 102 78 nat.

1122 1449 193 82 (Salon
1257 1449 116 82 de
1295 1449 154 82 1831.)

199 1506 188 94 182.
316 1506 259 94 Raphaël
504 1506 141 94 au
551 1506 235 94 Vatican.

366 1586 319 68 Michel-Ange
621 1586 319 68 rencontrant
876 1586 234 68 Raphaël
1046 1586 170 68 dans
1153 1586 128 68 le
1217 1586 234 68 Vatican
1365 1586 128 68 avec

326 1642 143 44 ses
407 1642 225 44 élèves,
571 1642 143 44 lui
653 1642 143 44 dit
735 1642 102 44 :
776 1642 102 44 «
817 1642 164 44 Vous
920 1642 225 44 marchez
1083 1642 225 44 entouré
1247 1642 184 44 d’une
1350 1642 143 44 suite

326 1688 286 49 nombreuse
546 1688 198 49 ainsi
678 1688 198 49 qu’un
810 1688 286 49 général.»
1030 1688 110 49 —
1074 1688 154 49 «Et
1162 1688 198 49 vous,
1272 1688 220 49 répondit

327 1727 228 53 Raphaël
493 1727 125 53 au
556 1727 228 53 peintre
722 1727 125 53 du
784 1727 249 53 Jugement
971 1727 249 53 dernier,
1158 1727 166 53 vous
1262 1727 187 53 allez
1365 1727 125 53 seul

325 1768 175 69 comme
441 1768 117 69 le
500 1768 253 69 bourreau.
694 1768 97 69 »
733 1768 214 69 (Vie
889 1768 117 69 de
947 1768 311 69 Raphaël
1200 1768 136 69 par
1278 1768 117 69 M.
1317 1768 175 69 QUATRE-

324 1809 184 58 MÈRE
439 1809 138 58 DE
485 1809 230 58 QUINCY.)

415 1844 102 70 H.
466 1844 102 70 3,
517 1844 119 70 92.
585 1844 85 70 —
619 1844 102 70 L.
670 1844 102 70 3,
721 1844 119 70 00.
790 1844 85 70 —
824 1844 136 70 Fig.
909 1844 119 70 gr.
960 1844 102 70 nat.

1133 1881 186 88 (Salon
1264 1881 112 88 de
1301 1881 149 88 1833.)

195 1975 237 86 VINCHON
368 1975 603 86 (JEAN-BAPTISTE-AUGUSTE),
906 1975 194 86 né
1036 1975 108 86 à
1079 1975 194 86 Paris
1208 1975 215 86 en
1337 1975 151 86 1787,

249 2047 276 59 élève
456 2047 138 59 de
525 2047 322 59 Serangeli;
778 2047 253 59 premier
962 2047 207 59 grand
1100 2047 184 59 prix
1215 2047 138 59 de
1261 2047 230 59 Rome

256 2100 313 77 (Histoire)
514 2100 184 77 en
643 2100 166 77 1814,
753 2100 295 77 chevalier
993 2100 111 77 de
1048 2100 111 77 la
1085 2100 406 77 Légion

258 2150 194 70 en
407 2150 134 70 1828,
497 2150 164 70 mort
616 2150 149 70 en
706 2150 104 70 1855.

200 2234 172 56 183.
307 2234 236 56 Épisode
479 2234 129 56 de
543 2234 300 56 l’Histoire
779 2234 129 56 de
822 2234 193 56 Venise.

365 2296 136 71 Une
442 2296 175 71 jeune
559 2296 175 71 fille
675 2296 310 71 patricienne,
927 2296 155 71 dont
1024 2296 116 71 le
1083 2296 194 71 fiancé
1218 2296 136 71 est
1277 2296 213 71 soupçonné

322 2353 225 55 d’avoir
485 2353 164 55 pris
588 2353 164 55 part
690 2353 102 55 à
731 2353 123 55 un
793 2353 225 55 complot
956 2353 205 55 contre
1100 2353 123 55 le
1161 2353 164 55 Doge
1264 2353 123 55 de
1305 2353 184 55 Venise,

324 2394 128 47 est
397 2394 200 47 enlevée
542 2394 109 47 la
597 2394 182 47 veille
725 2394 109 47 de
779 2394 128 47 ses
852 2394 182 47 noces,
980 2394 109 47 et
1034 2394 200 47 traînée
1180 2394 146 47 dans
1271 2394 128 47 les
1326 2394 164 47 cachots

322 2435 117 58 du
380 2435 234 58 tribunal
556 2435 137 58 des
614 2435 117 58 Dix.

364 2465 172 62 Après
478 2465 172 62 avoir
593 2465 133 62 été
669 2465 267 62 dépouillée
879 2465 114 62 de
936 2465 133 62 ses
1012 2465 248 62 vêtements
1203 2465 114 62 et
1260 2465 229 62 couverte
1413 2465 76 62 de
