1744 3121
349 343 169 67 40
433 343 337 67 CARTONS,
686 343 337 67 DESSINS,
939 343 393 67 MINIATURES
1248 343 169 67 ET
1304 343 281 67 PASTELS.

356 424 184 63 197.
471 424 138 63 Le
540 424 230 63 Christ
701 424 138 63 et
770 424 138 63 la
839 424 299 63 Madeleine
1070 424 184 63 chez
1185 424 207 63 Simon
1323 424 138 63 le
1369 424 276 63 Pharisien.

575 498 176 64 Dessin
698 498 105 64 au
751 498 176 64 crayon
874 498 140 64 noir
962 498 105 64 et
1014 498 105 64 au
1067 498 176 64 pastel
1190 498 123 64 qui
1260 498 88 64 a
1295 498 158 64 servi
1400 498 88 64 à
1418 498 228 64 l’exécution

537 527 108 74 du
591 527 197 74 tableau
734 527 108 74 de
788 527 215 74 l’église
932 527 430 74 Notre

357 616 190 69 DAVID
484 616 275 69 (MAXIME),
695 616 190 69 né
822 616 106 69 à
864 616 444 69 Châlons-sur-Marne
1245 616 254 69 (Marne),
1414 616 233 69 élève

407 676 183 58 de
529 676 142 58 Mme
610 676 122 58 de
671 676 224 58 Mirbel,
834 676 264 58 chevalier
1037 676 122 58 de
1098 676 122 58 la
1159 676 407 58 Légion-d’Honneur
1484 676 163 58 en

377 726 188 72 1851.

354 804 181 64 198.
468 804 204 64 Trois
604 804 295 64 portraits
830 804 431 64 d’Abd-el-Kader,
1193 804 317 64 représenté
1442 804 181 64 sous
1533 804 113 64 des

497 859 218 72 aspects
656 859 278 72 différents
854 859 298 72 (miniatures).

1289 897 187 80 (Salon
1420 897 112 80 de
1458 897 150 80 1853.)

354 967 199 79 HEIM.
487 967 199 79 (Voir
619 967 133 79 la
686 967 177 79 page
774 967 133 79 21.)

355 1049 172 71 199.
463 1049 301 71 Portraits,
700 1049 129 71 au
764 1049 215 71 crayon
915 1049 172 71 noir
1023 1049 258 71 rehaussé
1216 1049 129 71 de
1281 1049 215 71 blanc,
1432 1049 129 71 de
1475 1049 172 71 divers

496 1097 238 56 membres
669 1097 130 56 de
734 1097 303 56 l’Institut
972 1097 130 56 de
1015 1097 195 56 France.

590 1147 279 90 Académie
775 1147 279 90 française:

520 1227 276 60 Andrieux,
732 1227 233 60 Arnaud,
902 1227 127 60 le
965 1227 191 60 baron
1093 1227 127 60 de
1156 1227 255 60 Barante,
1347 1227 127 60 le
1411 1227 233 60 vicomte
1559 1227 85 60 de

477 1277 246 52 Bonald,
656 1277 291 52 Campenon,
879 1277 134 52 le
946 1277 201 52 comte
1081 1277 201 52 Daru,
1215 1277 201 52 Droz,
1327 1277 313 52 Frayssinous,

476 1319 211 43 évêque
624 1319 360 43 d’Hermopolis,
920 1319 254 43 Michaud,
1110 1319 529 43 Parceval-Grandmaison,
1554 1319 85 43 le

477 1359 221 63 marquis
637 1359 120 63 de
698 1359 261 63 Pastoret,
878 1359 241 63 Villemain.

588 1415 246 68 Académie
772 1415 143 68 des
854 1415 328 68 inscriptions
1120 1415 123 68 et
1161 1415 348 68 belles

518 1486 125 66 Le
581 1486 187 66 comte
705 1486 187 66 Alex.
830 1486 125 66 de
892 1486 249 66 Laborde,
1079 1486 394 66 Raoul-Rochette,
1411 1486 187 66 baron
1514 1486 125 66 Syl-

472 1533 207 79 vestre
617 1533 124 79 de
679 1533 186 79 Sacy,
804 1533 290 79 Quatremère
1031 1533 124 79 de
1073 1533 186 79 Quincy.

584 1586 277 83 Académie
791 1586 161 83 des
861 1586 254 83 sciences:

522 1662 176 75 Baron
639 1662 215 75 Cuvier,
795 1662 215 75 Darcet,
951 1662 527 75 Geoffroy-Saint-Hilaire,
1419 1662 117 75 de
1458 1662 176 75 Mirbel,

453 1693 186 84 Serres.

588 1760 279 75 Académie
797 1760 162 75 des
866 1760 302 75 beaux

516 1825 195 60 Auber,
653 1825 215 60 Berton,
810 1825 215 60 Bidault
966 1825 156 60 (1),
1063 1825 234 60 Blondel,
1239 1825 274 60 Boïeldieu,
1454 1825 117 60 le
1493 1825 137 60 baron

473 1875 190 58 Bosio,
606 1875 190 58 Catel,
739 1875 114 58 le
796 1875 171 58 comte
910 1875 114 58 de
967 1875 361 58 Chabrol-Volvic,
1272 1875 285 58 Cartellier,
1481 1875 152 58 Chéru-

472 1916 186 46 bini,
597 1916 186 46 David
721 1916 269 46 d’Angers,
928 1916 124 46 le
990 1916 186 46 baron
1114 1916 269 46 Desnoyers
1321 1916 166 46 (1),
1404 1916 228 46 Drolling,

471 1958 220 45 Dupaty,
631 1958 260 45 Fontaine,
831 1958 120 45 le
891 1958 180 45 comte
1011 1958 120 45 de
1071 1958 220 45 Forbin,
1231 1958 180 45 Galle
1351 1958 160 45 (1),
1431 1958 200 45 Garnier,

469 2002 284 55 Gatteaux,
688 2002 197 55 baron
819 2002 240 55 Gérard,
993 2002 197 55 baron
1125 2002 197 55 Gros,
1256 2002 240 55 Guérin,
1409 2002 218 55 Hersent,

466 2041 242 48 Ingres,
642 2041 264 48 Labarre,
840 2041 220 48 Lebas,
994 2041 132 48 le
1060 2041 198 48 baron
1191 2041 220 48 Lemot,
1345 2041 264 48 Lesueur,
1521 2041 110 48 Le-

469 2081 223 51 thiers,
631 2081 244 51 Meynier,
814 2081 244 51 Petitot,
997 2081 244 51 Percier,
1179 2081 203 51 Picot,
1321 2081 162 51 Abel
1423 2081 122 51 de
1464 2081 162 51 Pujol,

470 2122 183 50 Ramey
592 2122 162 50 père
693 2122 162 50 (1),
795 2122 183 50 Ramey
916 2122 183 50 fils,
1038 2122 264 50 Regnault,
1241 2122 264 50 Richomme,
1444 2122 122 50 le
1485 2122 142 50 comte

466 2160 224 62 Siméon,
628 2160 244 62 Tardieu,
811 2160 183 62 baron
933 2160 224 62 Taylor,
1096 2160 264 62 Thevenin,
1300 2160 122 62 le
1361 2160 183 62 comte
1462 2160 163 62 Turpin

467 2208 121 58 de
527 2208 222 58 Crissé,
689 2208 182 58 Carle
810 2208 222 58 Vernet.
971 2208 202 58 Horace
1092 2208 182 58 Vernet.

583 2264 199 72 Divers
703 2264 199 72 artistes

509 2305 137 81 Mme
588 2305 234 81 Ancelot;
763 2305 234 81 Ansiaux,
939 2305 234 81 peintre;
1115 2305 156 81 Bra,
1213 2305 274 81 statuaire;
1408 2305 215 81 Daguerre,

465 2381 257 50 peintre;
657 2381 193 50 Debay
786 2381 193 50 père,
915 2381 300 50 statuaire;
1150 2381 150 50 Mme
1236 2381 257 50 Hersent,
1408 2381 214 50 peintre;

380 2473 123 84 (1)
451 2473 140 84 Deux
521 2473 210 84 portraits.
