1758 3128
330 314 163 75 42
411 314 327 75 CARTONS,
657 314 327 75 DESSINS,
902 314 381 75 MINIATURES
1201 314 163 75 ET
1256 314 272 75 PASTELS.

330 402 280 80 SCHNETZ.
540 402 210 80 (Voir
680 402 187 80 page
773 402 140 80 35.)

331 480 165 93 204.
435 480 186 93 Saint
559 480 268 93 Philibert
765 480 268 93 rachetant
972 480 145 93 les
1033 480 207 93 captifs.

553 558 178 72 Dessin
678 558 107 72 au
731 558 178 72 crayon
856 558 143 72 noir
945 558 107 72 et
999 558 89 72 à
1034 558 249 72 l’estompe,
1230 558 143 72 pour
1319 558 267 72 l'exécution
1515 558 107 72 d’un

514 602 135 55 des
591 602 231 55 tableaux
764 602 135 55 qui
841 602 231 55 décorent
1014 602 231 55 l’église
1168 602 424 55 Notre

552 642 105 76 H.
604 642 105 76 9,
657 642 123 76 96.
727 642 88 76 —
762 642 105 76 L.
814 642 105 76 0,
849 642 70 76 70

333 744 200 68 VIDAL
466 744 311 68 (VINCENT),
711 744 200 68 né
844 744 111 68 à
889 744 334 68 Carcassonne
1156 744 245 68 (Aude),
1334 744 200 68 élève
1445 744 178 68 de

387 795 195 65 P.
517 795 303 65 Delaroche;
756 795 282 65 chevalier
972 795 130 65 de
1037 795 130 65 la
1102 795 433 65 Légion-d’Honneur
1449 795 173 65 en

357 842 185 70 1852.

326 911 191 87 205.
445 911 238 87 L’ange
588 911 191 87 déchu.

500 965 151 73 Mes
587 965 194 73 ailes
716 965 324 73 demeuraient
975 965 173 73 sans
1083 965 259 73 vigueur,
1278 965 281 73 immobiles
1472 965 151 73 comme

458 1031 178 53 elles
577 1031 178 53 l'ont
696 1031 138 53 été
775 1031 198 53 depuis
913 1031 178 53 cette
1032 1031 178 53 heure
1150 1031 237 53 funeste,
1328 1031 178 53 comme
1447 1031 178 53 elles
1546 1031 79 53 le

458 1076 197 64 seront
596 1076 98 64 à
635 1076 216 64 jamais;
792 1076 177 64 ainsi
910 1076 255 64 l’ordonne
1107 1076 118 64 un
1166 1076 157 64 Dieu
1244 1076 197 64 offensé.

548 1127 106 78 H.
601 1127 106 78 0,
654 1127 124 78 79.
725 1127 88 78 —
760 1127 106 78 L.
813 1127 106 78 0,
866 1127 124 78 62.
937 1127 88 78 —
954 1127 159 78 Dessin.

1262 1168 188 92 (Salon
1394 1168 113 92 de
1431 1168 150 92 1849.)

326 1227 188 84 206.
444 1227 165 84 Une
538 1227 212 84 larme
680 1227 141 84 de
727 1227 259 84 repentir.

501 1295 98 62 O
541 1295 236 62 pécheur!
718 1295 157 62 n’en
816 1295 197 62 est-il
954 1295 138 62 pas
1032 1295 177 62 ainsi
1150 1295 138 62 des
1229 1295 197 62 pleurs
1366 1295 118 62 du
1406 1295 216 62 repentir?

459 1340 216 62 Quelque
617 1340 275 62 saignantes
833 1340 138 62 que
911 1340 197 62 soient
1049 1340 138 62 les
1128 1340 197 62 plaies
1265 1340 138 62 qui
1344 1340 118 62 le
1403 1340 216 62 rongent
1540 1340 79 62 au

456 1391 218 58 dedans,
614 1391 138 58 une
694 1391 178 58 larme
812 1391 178 58 venue
931 1391 119 58 du
990 1391 158 58 ciel
1089 1391 138 58 les
1168 1391 99 58 a
1208 1391 198 58 toutes
1326 1391 198 58 guéries.

548 1436 105 54 H.
601 1436 105 54 0,
654 1436 123 54 79.
724 1436 88 54 —
759 1436 105 54 L.
811 1436 105 54 0,
864 1436 123 54 62.
934 1436 88 54 —
951 1436 158 54 Dessin.

1267 1459 184 110 (Salon
1395 1459 110 110 de
1432 1459 147 110 1849.)

325 1524 196 92 207.
423 1524 270 92 Polymnie.

550 1604 105 67 H.
602 1604 105 67 0,
654 1604 122 67 75.
724 1604 87 67 —
759 1604 105 67 L.
811 1604 105 67 0,
864 1604 122 67 54.
934 1604 87 67 —
969 1604 175 67 Dessin
1091 1604 122 67 aux
1161 1604 175 67 divers
1265 1604 175 67 crayons.

1261 1659 186 81 (Salon
1392 1659 112 81 de
1429 1659 149 81 1843.)
