1850 3128
501 471 466 112 SCULPTURE.
834 471 166 112 (1)

131 815 244 70 AIZELIN
308 815 289 70 (EUGÈNE),
530 815 200 70 né
663 815 111 70 à
708 815 222 70 Paris,
863 815 200 70 élève
996 815 133 70 de
1063 815 200 70 Ramey
1196 815 133 70 et
1240 815 178 70 de

190 876 156 72 M.
276 876 225 72 Dumont

130 941 189 67 208.
225 941 212 67 Psyché.

348 992 191 80 Figure
482 992 115 80 de
539 992 211 80 marbre.
692 992 96 80 —
731 992 134 80 Gr.
788 992 115 80 nat.

1045 990 196 105 (Salon
1183 990 118 105 de
1222 990 157 105 1863.)

142 1101 183 88 BARYE
264 1101 406 88 (ANTOINE-LOUIS),
609 1101 183 88 né
731 1101 102 88 à
772 1101 203 88 Paris,
914 1101 183 88 élève
1036 1101 122 88 de
1097 1101 183 88 Bosio
1219 1101 122 88 et
1259 1101 163 88 de

197 1169 217 81 Gros,
359 1169 235 81 chevalier
540 1169 108 81 de
594 1169 108 81 la
648 1169 361 81 Légion-d’Honneur
955 1169 180 81 en
1081 1169 162 81 1833,
1171 1169 253 81 offi

198 1230 169 69 cier
321 1230 154 69 en
413 1230 108 69 1855.

140 1295 174 71 209.
249 1295 130 71 Un
314 1295 217 71 jaguar
466 1295 260 71 dévorant
661 1295 130 71 un
705 1295 195 71 lièvre.

330 1355 192 69 Bronze.

1060 1373 192 96 (salon
1194 1373 115 96 de
1233 1373 154 96 1852.)

143 1456 322 81 BONNASSIEUX
400 1456 365 81 (JEAN-MARIE),
701 1456 193 81 né
830 1456 107 81 à
873 1456 344 81 Pannissières
1131 1456 301 81 (Loire)

196 1526 270 72 élève
398 1526 135 72 de
465 1526 135 72 M.
533 1526 247 72 Dumont;
713 1526 202 72 grand
847 1526 180 72 prix
960 1526 135 72 de
1027 1526 180 72 Rome
1140 1526 225 72 en
1275 1526 157 72 1836,

199 1592 322 52 chevalier
461 1592 121 52 de
521 1592 121 52 la
582 1592 403 52 Légion-d’Honneur
924 1592 201 52 en
1045 1592 141 52 1855.

143 1638 185 75 210.
258 1638 139 75 Un
328 1638 208 75 Amour
466 1638 139 75 se
536 1638 254 75 coupant
721 1638 162 75 les
790 1638 185 75 ailes.

361 1707 188 70 Figure
493 1707 113 70 de
549 1707 207 70 marbre.
699 1707 94 70 —
737 1707 132 70 Gr.
793 1707 113 70 nat.

1071 1733 188 79 (Salon
1203 1733 113 79 de
1259 1733 150 79 184.
1334 1733 56 79 )

147 1799 184 75 211.
262 1799 138 75 La
308 1799 299 75 Méditation.

363 1856 200 87 Figure
503 1856 120 87 de
563 1856 220 87 marbre.
723 1856 100 87 —
763 1856 140 87 Gr.
823 1856 120 87 nat.

1069 1848 191 107 (Salon
1202 1848 114 107 de
1241 1848 153 107 1855.)

155 1951 262 92 CAVELIER
351 1951 414 92 (PIERRE-JULES),
700 1951 196 92 né
831 1951 109 92 à
874 1951 218 92 Paris,
1027 1951 196 92 élève
1158 1951 131 92 de
1201 1951 240 92 David

209 2030 318 59 d’Angers
464 2030 127 59 et
527 2030 127 59 de
591 2030 127 59 P.
655 2030 297 59 Delaroche;
888 2030 191 59 grand
1015 2030 170 59 prix
1122 2030 127 59 de
1185 2030 170 59 Rome
1270 2030 170 59 en

216 2084 172 60 1842,
331 2084 287 60 médaille
560 2084 248 60 d’honneur
751 2084 191 60 en
885 2084 172 60 1849,
999 2084 306 60 chevalier
1248 2084 115 60 de
1286 2084 153 60 la

216 2138 392 85 Légion-d’Honneur
557 2138 170 85 en
676 2138 153 85 1853,
778 2138 255 85 officier
982 2138 170 85 en
1101 2138 153 85 1861;
1187 2138 255 85 membre

218 2191 150 77 de
318 2191 233 77 l’Institut
501 2191 166 77 en
601 2191 116 77 1865.

159 2247 181 79 212.
273 2247 136 79 La
318 2247 204 79 Vérité.

376 2301 186 77 Figure
507 2301 112 77 de
562 2301 205 77 marbre.
711 2301 93 77 —
749 2301 130 77 Gr.
804 2301 112 77 nat.

1086 2347 187 79 (Salon
1217 2347 112 79 de
1255 2347 150 79 1853.)

206 2505 132 58 (1)
282 2505 132 58 Les
357 2505 264 58 sculptures
564 2505 207 58 données
715 2505 113 58 au
772 2505 170 58 Sénat
885 2505 113 58 ne
941 2505 151 58 sont
1035 2505 132 58 pas
1111 2505 245 58 comprises
1299 2505 151 58 dans
1375 2505 75 58 ce

168 2542 259 62 Catalogue.
353 2542 56 62 »
