1749 3128
825 358 326 82 SCULPTURE.

309 348 144 79 44

353 446 189 79 213.
472 446 213 79 Buste
614 446 142 79 de
661 446 189 79 femme,

573 509 211 74 Marbre.
727 509 96 74 —
765 509 135 74 Gr.
823 509 115 74 nat.

352 587 182 79 214.
466 587 136 79 La
534 587 182 79 Mère
648 587 159 79 des
716 587 250 79 Gracques.

572 647 203 83 Groupe
714 647 122 83 de
775 647 224 83 marbre.
937 647 102 83 —
978 647 142 83 Gr.
1039 647 122 83 nat.

1281 540 187 85 (Salon
1412 540 112 85 de
1450 540 150 85 1852.)

1274 687 194 82 (Salon
1409 687 116 82 de
1448 687 155 82 1861.)

355 773 212 61 DUMONT
503 773 529 61 (AUGUSTIN-ALEXANDRE),
968 773 190 61 né
1095 773 106 61 à
1137 773 212 61 Paris,
1285 773 190 61 élève
1412 773 127 61 de
1455 773 190 61 son

407 832 234 68 père
577 832 128 68 et
641 832 128 68 de
704 832 319 68 Cartellier;
960 832 191 68 grand
1087 832 170 68 prix
1193 832 128 68 de
1257 832 170 68 Rome
1364 832 213 68 en
1491 832 149 68 1823,

407 891 314 53 chevalier
663 891 118 53 de
721 891 118 53 la
780 891 393 53 Légion-d’Honneur
1114 891 196 53 en
1251 891 177 53 1836,
1350 891 294 53 membre

411 935 144 65 de
507 935 224 65 l’Institut
683 935 160 65 en
795 935 144 65 1838,
890 935 240 65 officier
1082 935 160 65 en
1178 935 112 65 1841.

347 992 187 80 215.
464 992 210 80 Étude
604 992 140 80 de
674 992 210 80 jeune
791 992 187 80 femme.

570 1056 190 83 Figure
703 1056 114 83 de
760 1056 209 83 marbre.
911 1056 95 83 —
949 1056 133 83 Gr.
1006 1056 114 83 nat.

1279 1087 189 102 (Salon
1411 1087 113 102 de
1449 1087 151 102 1844.)

351 1166 193 84 DURET
479 1166 471 84 (FRANÇOIS-JOSEPn),
886 1166 193 84 né
1015 1166 107 84 à
1058 1166 214 84 Paris,
1208 1166 193 84 élève
1336 1166 129 84 de
1379 1166 257 84 Bosio

404 1233 225 77 grand
573 1233 150 77 prix
666 1233 112 77 de
723 1233 150 77 Rome
816 1233 187 77 en
947 1233 169 77 1823,
1060 1233 300 77 chevalier
1303 1233 112 77 de
1359 1233 112 77 la
1397 1233 243 77 Légion

403 1304 314 67 d’Honneur
659 1304 196 67 en
796 1304 177 67 1833,
914 1304 255 67 membre
1110 1304 118 67 de
1169 1304 275 67 l’Institut
1385 1304 196 67 en
1503 1304 137 67 1843,

408 1356 236 61 officier
597 1356 158 61 en
708 1356 142 61 1853;
802 1356 173 61 mort
928 1356 158 61 en
1023 1356 110 61 1865.

340 1414 189 65 216.
459 1414 213 65 Jeune
601 1414 260 65 pêcheur
790 1414 260 65 dansant
979 1414 142 65 la
1050 1414 331 65 Tarentelle
1311 1414 331 65 (souvenirs
1547 1414 95 65 de

491 1465 228 67 Naples).

562 1521 203 62 Statue
704 1521 122 62 de
765 1521 203 62 bronze
908 1521 203 62 fondue
1050 1521 163 62 d’un
1152 1521 163 62 seul
1253 1521 142 62 jet
1335 1521 142 62 par
1416 1521 122 62 M.
1457 1521 183 62 Honoré,

524 1558 226 64 fondeur.
694 1558 94 64 —
731 1558 132 64 Gr.
788 1558 113 64 nat.

1268 1585 189 71 (Salon
1400 1585 113 71 de
1438 1585 151 71 1833.)

335 1642 189 62 217.
453 1642 330 62 Vendangeur
713 1642 354 62 improvisant
996 1642 165 62 sur
1090 1642 142 62 un
1161 1642 212 62 sujet
1303 1642 260 62 comique
1468 1642 165 62 (sou-

490 1694 199 67 venir
623 1694 133 67 de
667 1694 221 67 Naples).

558 1745 192 73 Statue
692 1745 115 73 en
750 1745 211 73 bronze.
904 1745 96 73 —
942 1745 135 73 Gr.
1000 1745 115 73 nat.

1274 1779 185 90 (Salon
1403 1779 111 90 de
1440 1779 148 90 1839.)

341 1878 233 65 FRÉMIET
510 1878 318 65 (EMMANUEL),
764 1878 191 65 né
891 1878 106 65 à
933 1878 212 65 Paris,
1082 1878 191 65 élève
1209 1878 127 65 de
1272 1878 191 65 Rude;
1378 1878 254 65 cheva

395 1928 215 68 lier
552 1928 117 68 de
610 1928 117 68 la
669 1928 390 68 Légion-d’Honneur
1000 1928 195 68 en
1117 1928 137 68 1860.

335 1989 182 73 218.
449 1989 137 73 Le
517 1989 205 73 chien
631 1989 205 73 blessé.

554 2055 213 55 Bronze.
708 2055 97 55 —
747 2055 135 55 Gr.
805 2055 116 55 nat.

1268 2074 189 79 (Salon
1401 2074 114 79 de
1439 2074 152 79 1850.)

336 2174 489 74 GASTON-GUITTON
767 2174 411 74 (VICTOR-ÉDOUARD),
1119 2174 176 74 né
1236 2174 98 74 à
1255 2174 372 74 Napoléon

391 2225 190 69 dée
524 2225 246 69 (Vendée),
713 2225 171 69 élève
827 2225 114 69 de
884 2225 228 69 Sartoris
1055 2225 114 69 et
1112 2225 114 69 de
1149 2225 209 69 Rude

330 2285 198 74 219.
429 2285 247 74 Léandre.

524 2356 151 64 Déjà
618 2356 113 64 de
675 2356 132 64 son
750 2356 151 64 azur
844 2356 113 64 la
901 2356 151 64 nuit
995 2356 207 64 voilait
1146 2356 132 64 les
1202 2356 151 64 cieux,

520 2411 119 40 Et
580 2411 119 40 de
639 2411 219 40 Léandre
799 2411 159 40 seul
898 2411 298 40 n’endormait
1137 2411 139 40 pas
1216 2411 139 40 les
1276 2411 139 40 yeux;

522 2448 169 55 Mais,
635 2448 150 55 près
729 2448 132 55 des
804 2448 169 55 flots
917 2448 226 55 bruyants
1086 2448 132 55 qui
1162 2448 207 55 battent
1312 2448 113 55 le
1350 2448 169 55 rivage,

522 2493 121 63 Il
582 2493 202 63 attend
724 2493 142 63 des
805 2493 202 63 amours
946 2493 121 63 le
1007 2493 243 63 lumineux
1169 2493 202 63 message.

551 2542 188 63 Figure
683 2542 113 63 de
739 2542 207 63 marbre.
890 2542 94 63 —
928 2542 132 63 Gr.
984 2542 113 63 nat.

1266 2566 184 72 (Salon
1394 2566 110 72 de
1431 2566 147 72 1857.)
