1820 3140
564 343 334 81 SCULPTURE.

1252 331 144 80 45

108 437 175 80 220.
217 437 131 80 Le
283 437 240 80 Passant
458 437 131 80 et
523 437 131 80 la
567 437 218 80 Colombe.

235 492 161 64 D’où
336 492 262 64 viens-tu,
537 492 221 64 colombe
678 492 181 64 timide?

234 551 163 51 D’où
336 551 184 51 vient
458 551 122 51 ce
519 551 204 51 parfum
642 551 204 51 précieux

234 590 139 50 Que
314 590 139 50 ton
393 590 179 50 aile,
512 590 119 50 en
572 590 139 50 son
651 590 139 50 voi
710 590 179 50 rapide,

234 631 200 68 Exhale
374 631 120 68 et
434 631 200 68 répand
575 631 160 68 vers
675 631 140 68 les
735 631 160 68 cieux?

816 650 210 97 ANACRÉON,
977 650 226 97 ode
1138 650 81 97 IX.

322 712 182 81 Statue
449 712 109 81 de
486 712 164 81 bronze.

1028 724 193 87 (Salon
1163 724 116 87 de
1202 724 155 87 1861.)

106 821 255 84 GATTEAUX
297 821 276 84 (JACQUES-
509 821 276 84 ÉDOUARD),
721 821 191 84 né
848 821 106 84 à
891 821 212 84 Paris,
1039 821 191 84 élève
1167 821 127 84 de
1209 821 191 84 son

158 896 239 58 père
332 896 130 58 et
397 896 130 58 de
463 896 239 58 Moitte;
636 896 196 58 grand
767 896 174 58 prix
875 896 130 58 de
941 896 174 58 Rome
1049 896 261 58 (Gravure
1223 896 174 58 en

160 937 314 69 médailles)
418 937 185 69 en
547 937 166 69 1809,
658 937 296 69 chevalier
898 937 111 69 de
954 937 111 69 la
991 937 406 69 Légion

163 997 208 88 en
323 997 144 88 1833,
419 997 208 88 membre
579 997 96 88 de
627 997 224 88 l’Institut
802 997 160 88 en
914 997 144 88 1845,
1010 997 224 88 officier
1186 997 160 88 en
1282 997 112 88 1861.

102 1057 182 84 221.
216 1057 250 84 Minerve
398 1057 205 84 après
534 1057 136 84 le
602 1057 273 84 jugement
807 1057 136 84 de
852 1057 182 84 Pâris.

320 1127 185 67 Figure
450 1127 111 67 de
506 1127 204 67 bronze.
654 1127 93 67 —
691 1127 130 67 Gr.
747 1127 111 67 nat.

1036 1143 188 99 (Salon
1168 1143 113 99 de
1206 1143 151 99 1839.)

106 1247 284 57 GUILLAUME
324 1247 742 57 (CLAUDE-JEAN-BAPTISTE-EUGÈNE),
1000 1247 196 57 né
1131 1247 109 57 à
1153 1247 240 57 Mont

159 1295 239 63 bard
333 1295 348 63 (Côte-d’Or),
616 1295 196 63 élève
746 1295 130 63 de
811 1295 261 63 Pradier;
1007 1295 196 63 grand
1137 1295 174 63 prix
1224 1295 174 63 de

164 1350 212 59 Rome
318 1350 193 59 en
453 1350 174 59 1845,
569 1350 309 59 chevalier
819 1350 116 59 de
877 1350 116 59 la
935 1350 386 59 Légion-d’Honneur
1244 1350 154 59 en

163 1399 172 62 1855,
277 1399 248 62 membre
468 1399 114 62 de
525 1399 267 62 l’Institut
735 1399 191 62 en
850 1399 134 62 1862.

104 1478 202 76 222.
205 1478 277 76 Anacréon.

317 1532 191 89 Statue
451 1532 96 89 e
489 1532 211 89 marbre.
642 1532 96 89 —
681 1532 134 89 Gr.
738 1532 115 89 nat.

102 1610 184 80 223.
217 1610 161 80 Les
286 1610 253 80 Gracques.

319 1666 191 79 Groupe
452 1666 114 79 de
510 1666 210 79 bronze.
662 1666 95 79 —
700 1666 134 79 Gr.
758 1666 114 79 nat.

1034 1535 189 96 (Salon
1166 1535 113 96 de
1204 1535 151 96 1852.)

1017 1696 197 75 (Salon
1155 1696 118 75 de
1195 1696 158 75 1853.)

106 1793 222 66 ISELIN
261 1793 467 66 (HENRI-FRÉDÉRIC),
662 1793 200 66 né
795 1793 111 66 à
840 1793 356 66 Clairegoutte
1107 1793 289 66 (Haute

160 1860 289 57 Saône),
387 1860 185 57 élève
511 1860 124 57 de
573 1860 185 57 Rude,
696 1860 268 57 chevalier
902 1860 124 57 de
964 1860 124 57 la
1005 1860 392 57 Légion

168 1897 175 69 neur
295 1897 159 69 en
391 1897 111 69 1863.

104 1962 193 94 224.
225 1962 218 94 Jeune
346 1962 218 94 Romain.

322 2039 170 56 Buste
436 2039 114 56 de
492 2039 208 56 marbre.
644 2039 95 56 —
682 2039 132 56 Gr.
738 2039 114 56 nat.

1025 2070 191 79 (Salon
1158 2070 114 79 de
1197 2070 153 79 1852.)

110 2160 181 69 JALEY
231 2160 503 69 (JEAN-LOUIS-NICOLAS),
673 2160 181 69 né
794 2160 101 69 à
834 2160 201 69 Paris,
975 2160 181 69 élève
1095 2160 121 69 de
1136 2160 261 69 Cartel

164 2212 231 67 lier;
337 2212 174 67 grand
453 2212 154 67 prix
549 2212 116 67 de
607 2212 154 67 Rome
704 2212 193 67 en
839 2212 174 67 1827,
954 2212 309 67 chevalier
1205 2212 116 67 de
1244 2212 154 67 la

167 2268 443 76 Légion-d’Honneur
552 2268 193 76 en
687 2268 173 76 1837,
803 2268 251 76 membre
995 2268 116 76 de
1053 2268 270 76 l’Institut
1246 2268 154 76 en

133 2319 189 67 1856.

109 2388 182 74 225.
223 2388 137 74 La
269 2388 205 74 Prière.

325 2445 188 96 Figure
457 2445 113 96 de
513 2445 206 96 marbre.
663 2445 94 96 —
700 2445 131 96 Gr.
757 2445 113 96 nat.

1037 2480 194 97 (Salon
1173 2480 117 97 de
1211 2480 117 97 1833
