1770 3137
819 323 334 102 SCULPTURE.

299 318 158 86 46

351 420 202 88 226.
477 420 152 88 La
528 420 227 88 Pudeur.

572 484 186 84 Figure
703 484 112 84 de
758 484 205 84 marbre.
907 484 93 84 —
945 484 130 84 Gr.
1000 484 112 84 nat.

1288 521 186 93 (Salon
1419 521 112 93 de
1456 521 149 93 1834.)

356 601 254 88 JOUFFROY
546 601 317 88 (FRANÇOIS),
800 601 190 88 né
926 601 106 88 à
969 601 190 88 Dijon
1096 601 338 88 (Côte-d’Or),
1370 601 190 88 élève
1476 601 169 88 de

420 672 220 64 Ramey
585 672 165 64 fils,
695 672 165 64 grand
805 672 147 64 prix
897 672 110 64 de
952 672 147 64 Rome
1044 672 183 64 en
1172 672 165 64 1832,
1282 672 294 64 chevalier
1502 672 147 64 de

410 723 166 72 la
520 723 370 72 Légion-d’Honneur
835 723 185 72 en
964 723 166 72 1843,
1075 723 240 72 membre
1260 723 111 72 de
1315 723 259 72 l’Institut
1500 723 148 72 en

414 777 159 76 1857,
520 777 265 76 officier
732 777 177 76 en
838 777 124 76 1861.

353 840 176 60 227.
463 840 197 60 Jeune
594 840 197 60 fille
726 840 263 60 confiant
924 840 154 60 son
1011 840 241 60 premier
1187 840 219 60 secret
1341 840 110 60 à
1362 840 176 60 Vénus.

572 902 187 65 Figure
703 902 112 65 de
759 902 206 65 marbre.
909 902 94 65 —
947 902 131 65 Gr.
1003 902 112 65 nat.

1284 940 187 66 (Salon
1415 940 112 66 de
1453 940 150 66 1839.)

356 994 240 92 LEMAIRE
531 994 458 92 (PHILIPPE-HENRI),
923 994 196 92 né
1054 994 109 92 à
1098 994 349 92 Valenciennes
1359 994 284 92 (Nord)

409 1084 218 66 élève
572 1084 109 66 de
627 1084 273 66 Cartellier,
845 1084 164 66 grand
954 1084 145 66 prix
1045 1084 109 66 de
1100 1084 145 66 Rome
1191 1084 182 66 en
1318 1084 164 66 1821,
1409 1084 236 66 che

409 1134 247 61 valier
599 1134 114 61 de
656 1134 114 61 la
713 1134 379 61 Légion-d’Honneur
1035 1134 190 61 en
1168 1134 171 61 1834,
1282 1134 285 61 officier
1490 1134 152 61 en

410 1189 173 75 1843,
525 1189 249 75 membre
717 1189 115 75 de
774 1189 269 75 l’Institut
986 1189 192 75 en
1101 1189 134 75 1845.

349 1258 185 74 228.
465 1258 185 74 Tête
580 1258 139 74 de
627 1258 208 74 Vierge.

568 1323 212 73 Marbre.
722 1323 96 73 —
761 1323 135 73 Gr.
818 1323 116 73 nat.

1282 1336 188 86 (Salon
1414 1336 113 86 de
1451 1336 150 86 1846.)

351 1442 237 54 MAILLET
524 1442 474 54 (JACQUES-LÉONARD),
933 1442 194 54 né
1062 1442 108 54 à
1105 1442 215 54 Paris,
1256 1442 194 54 élève
1385 1442 129 54 de
1428 1442 215 54 Pra

407 1484 231 61 dier;
580 1484 173 61 grand
696 1484 154 61 prix
792 1484 116 61 de
850 1484 154 61 Rome
946 1484 193 61 en
1081 1484 173 61 1847,
1197 1484 308 61 chevalier
1447 1484 116 61 de
1486 1484 154 61 la

406 1539 451 60 Légion-d’Honneur
798 1539 196 60 en
916 1539 137 60 1861.

348 1598 173 86 229.
457 1598 281 86 Agrippine
673 1598 130 86 et
716 1598 238 86 Caligula.

515 1668 161 58 Quel
615 1668 261 58 spectacle
816 1668 181 58 digne
936 1668 120 58 de
997 1668 201 58 pitié,
1137 1668 120 58 de
1197 1668 161 58 voir
1298 1668 241 58 l’épouse
1478 1668 120 58 de
1519 1668 120 58 Ger-

477 1718 236 54 manicus
648 1718 129 54 se
713 1718 215 54 sauver
863 1718 129 54 du
927 1718 172 54 camp
1035 1718 129 54 de
1099 1718 150 54 son
1185 1718 215 54 époux,
1335 1718 279 54 emportant
1529 1718 107 54 son

476 1763 203 49 enfant
618 1763 162 49 dans
719 1763 142 49 ses
800 1763 162 49 bras
881 1763 223 49 (TACITE).

565 1811 192 65 Groupe
699 1811 115 65 de
757 1811 211 65 marbre.
911 1811 96 65 —
949 1811 135 65 Gr.
1007 1811 115 65 nat.

1270 1793 189 109 (Salon
1402 1793 113 109 de
1440 1793 151 109 1853.)

348 1892 177 65 230.
459 1892 288 65 Agrippine
681 1892 244 65 portant
858 1892 155 65 les
947 1892 244 65 cendres
1124 1892 133 65 de
1169 1892 288 65 Germanicus.

516 1955 256 61 Agrippine
713 1955 197 61 partit
851 1955 118 61 de
910 1955 177 61 Syrie
1028 1955 157 61 pour
1126 1955 197 61 porter
1264 1955 98 61 à
1303 1955 157 61 Rome
1402 1955 138 61 les
1461 1955 177 61 cendres

473 2002 125 52 de
536 2002 145 52 son
619 2002 208 52 époux.
764 2002 125 52 Le
827 2002 208 52 sénat,
972 2002 125 52 le
1034 2002 229 52 peuple,
1201 2002 166 52 tout
1304 2002 125 52 le
1367 2002 187 52 monde
1471 2002 166 52 enfin,

474 2044 177 51 était
592 2044 158 51 allé
691 2044 256 51 au-devant
888 2044 118 51 de
947 2044 217 51 l’urne,
1104 2044 177 51 qu’on
1223 2044 177 51 reçut
1341 2044 158 51 avec
1439 2044 197 51 autant
1557 2044 79 51 de

476 2083 212 55 respect
630 2083 135 55 que
707 2083 116 55 si
765 2083 174 55 c’eût
881 2083 135 55 été
958 2083 116 55 le
1016 2083 251 55 simulacre
1208 2083 116 55 de
1266 2083 212 55 quelque
1401 2083 135 55 Dieu.

563 2135 199 79 Figure
702 2135 119 79 de
762 2135 218 79 marbre.
921 2135 99 79 —
960 2135 139 79 Gr.
1020 2135 119 79 nat.

1268 2165 191 71 (Salon
1402 2165 115 71 de
1440 2165 153 71 1861.)

358 2255 185 81 MICHEL-PASCAL
511 2255 163 81 (FRANÇOIS),
641 2255 98 81 né
707 2255 54 81 à
729 2255 109 81 Paris,
805 2255 98 81 élève
870 2255 65 81 de
892 2255 120 81 David

395 2315 246 73 d’Angers

345 2368 172 76 231.
453 2368 215 76 Moines
582 2368 194 76 lisant.

564 2426 201 69 Groupe
705 2426 121 69 de
745 2426 181 69 marbre.

1277 2459 184 73 (Salon
1406 2459 111 73 de
1443 2459 148 73 1847.)
