1802 3131
540 325 336 85 SCULPTURE.

1227 323 140 67 47

88 423 207 66 MILLET
233 423 228 66 (AIME),
399 423 186 66 né
523 423 103 66 à
564 423 207 66 Paris,
709 423 186 66 élève
833 423 124 66 de
895 423 145 66 son
978 423 186 66 père,
1102 423 124 66 de
1143 423 228 66 David

144 488 307 61 d’Angers
389 488 123 61 et
450 488 123 61 de
512 488 123 61 M.
573 488 123 61 E.
635 488 225 61 Viollet
798 488 123 61 le
860 488 164 61 Duc;
962 488 266 61 chevalier
1166 488 123 61 de
1207 488 164 61 la

143 532 448 91 Légion-d’Honneur
532 532 195 91 en
649 532 136 91 1859.

81 613 189 78 232.
176 613 212 78 Ariane.

300 661 187 89 Figure
431 661 112 89 de
487 661 205 89 marbre.
637 661 93 89 —
674 661 131 89 Gr.
730 661 112 89 nat.

1008 686 190 92 (Salon
1141 686 114 92 de
1179 686 152 92 1857.)

87 798 218 66 MOREAU
240 798 326 66 (MATHURIN),
501 798 196 66 né
631 798 109 66 à
675 798 196 66 Dijon
805 798 348 66 (Côte-d’Or),
1088 798 196 66 élève
1197 798 174 66 de

144 842 243 66 Ramey
326 842 122 66 et
387 842 122 66 de
448 842 122 66 M.
508 842 122 66 A.
549 842 263 66 Dumont

86 907 175 99 233.
196 907 153 99 Une
261 907 219 99 fileuse.

302 962 196 78 Figure
440 962 118 78 de
498 962 216 78 marbre.
655 962 98 78 —
695 962 137 78 Gr.
753 962 118 78 nat.

997 990 196 100 (Salon
1135 990 118 100 de
1174 990 157 100 1861.)

88 1081 266 75 NANTEUIL
287 1081 465 75 (CHARLES-FRANÇOIS
686 1081 310 75 LEBOEUF-),
930 1081 199 75 né
1063 1081 111 75 à
1085 1081 288 75 Paris,

145 1153 263 58 élève
342 1153 131 58 de
408 1153 328 58 Cartellier;
670 1153 197 58 grand
802 1153 175 58 prix
911 1153 131 58 de
977 1153 175 58 Rome
1086 1153 219 58 en
1218 1153 153 58 1817,

146 1216 235 55 membre
327 1216 108 55 de
381 1216 253 55 l’Institut
580 1216 181 55 en
706 1216 163 55 1831,
815 1216 289 55 chevalier
1050 1216 108 55 de
1104 1216 108 55 la
1140 1216 235 55 Légion

147 1253 280 72 d’honneur
374 1253 175 72 en
479 1253 122 72 1837.

85 1326 190 82 234.
180 1326 261 82 Eurydice.

267 1388 196 70 Figure
405 1388 118 70 de
464 1388 216 70 marbre.
621 1388 98 70 —
660 1388 137 70 Gr.
719 1388 98 70 nat

1004 1416 194 87 (Salon
1140 1416 117 87 de
1179 1416 156 87 1824.)

88 1510 203 58 OLIVA
224 1510 520 58 (ALEXANDRE-JOSEPH),
676 1510 203 58 né
811 1510 113 58 à
856 1510 339 58 Saillagouze
1105 1510 271 58 (Pyré

146 1570 425 74 nées-Orientales),
518 1570 159 74 élève
625 1570 106 74 de
660 1570 266 74 Delestre

85 1630 197 79 235.
184 1630 296 79 Rembrandt.

307 1696 166 79 Buste
417 1696 111 79 de
473 1696 203 79 bronze.
621 1696 92 79 —
658 1696 129 79 Gr.
713 1696 111 79 nat.

1015 1729 188 81 (Salon
1147 1729 113 81 de
1184 1729 150 81 1853.)

88 1799 178 66 236.
199 1799 266 66 Portrait
399 1799 133 66 du
465 1799 133 66 R.
532 1799 133 66 P.
598 1799 244 66 Ventura
776 1799 133 66 de
842 1799 266 66 Raulica,
1042 1799 222 66 ancien
1175 1799 200 66 général

230 1861 157 61 des
319 1861 292 61 Théatins,
544 1861 315 61 consulteur
792 1861 135 61 de
859 1861 135 61 la
926 1861 225 61 Sacrée
1061 1861 315 61 Congregation

232 1909 154 51 des
320 1909 220 51 Rites,
474 1909 330 51 examinateur
738 1909 154 51 des
826 1909 242 51 évêques
1002 1909 132 51 et
1068 1909 132 51 du
1134 1909 220 51 clergé
1266 1909 110 51 ro

200 1954 185 60 main.

299 2005 179 73 Buste
418 2005 119 73 en
458 2005 179 73 marbre.

1013 2021 190 91 (Salon
1146 2021 114 91 de
1184 2021 152 91 1857.)

91 2122 244 68 PERRAUD
268 2122 399 68 (JEAN-JOSEPH),
600 2122 199 68 né
733 2122 111 68 à
777 2122 199 68 Money
910 2122 244 68 (Jura),
1087 2122 199 68 élève
1198 2122 177 68 de

145 2167 284 67 Ramey
358 2167 142 67 et
429 2167 142 67 de
500 2167 142 67 M.
571 2167 260 67 Dumont;
760 2167 213 67 grand
901 2167 189 67 prix
1020 2167 142 67 de
1090 2167 189 67 Rome
1185 2167 189 67 en

151 2227 184 80 1847,
273 2227 326 80 chevalier
538 2227 122 80 de
599 2227 122 80 la
660 2227 408 80 Légion-d’Honneur
1007 2227 204 80 en
1129 2227 143 80 1857.

88 2292 185 84 237.
203 2292 254 84 Enfance
388 2292 139 84 de
434 2292 231 84 Bacchus.

256 2351 215 78 Groupe
407 2351 129 78 de
472 2351 215 78 marbre
622 2351 151 78 qui
709 2351 108 78 a
752 2351 215 78 obtenu
902 2351 129 78 la
967 2351 258 78 médaille
1139 2351 237 78 d’honneur

213 2408 119 63 au
273 2408 178 63 salon
392 2408 119 63 de
431 2408 139 63 1863.

305 2454 176 69 Figure
429 2454 123 69 gr.
481 2454 106 69 nat.
