1856 3125
552 320 366 94 SUPPLÉMENT.

1267 337 140 88 55

118 440 201 105 CIBOT
251 440 312 105 (ÉDOUARD),
496 440 201 105 né
630 440 111 105 à
675 440 223 105 Paris,
831 440 201 105 élève
964 440 134 105 de
1031 440 223 105 Guérin
1187 440 134 105 et
1232 440 178 105 de

177 517 186 77 M.
301 517 207 77 Picot,
446 517 269 77 chevalier
652 517 124 77 de
714 517 124 77 la
776 517 413 77 Légion-d’Honneur
1127 517 207 77 en
1251 517 145 77 1863.

121 600 168 62 249.
226 600 126 62 Le
289 600 251 62 gouffre,
477 600 168 62 près
582 600 272 62 Seineport
770 600 398 62 (Seine

334 662 112 75 H.
390 662 168 75 0,65.
502 662 93 75 —
540 662 112 75 L.
577 662 131 75 1,02.

1081 700 173 84 (Salon
1202 700 104 84 de
1236 700 138 84 1864.)

129 769 203 117 DAUBAN
271 769 244 117 (JULES),
454 769 183 117 né
576 769 102 117 à
617 769 203 117 Paris,
759 769 183 117 élève
881 769 122 117 de
942 769 122 117 M.
1003 769 122 117 A.
1064 769 122 117 de
1105 769 203 117 Bay

125 879 168 81 250.
230 879 273 81 Réception
440 879 168 81 d’un
545 879 252 81 étranger
733 879 168 81 chez
838 879 147 81 les
901 879 273 81 trappistes.

345 950 98 99 H.
394 950 147 99 1,28.
492 950 82 99 —
525 950 98 99 L.
574 950 147 99 1,62.
672 950 82 99 —
705 950 131 99 Fig.
786 950 98 99 de
835 950 98 99 0,
868 950 82 99 70.

1089 976 171 76 (Salon
1208 976 102 76 de
1243 976 137 76 1864.)

128 1069 284 77 DUVERGER
342 1069 592 77 (THÉOPHILE-EMMANUEL),
863 1069 190 77 à
958 1069 355 77 Bordeaux

129 1155 180 75 251.
220 1155 315 75 Cache

350 1210 101 96 H.
401 1210 101 96 0,
451 1210 117 96 42.
518 1210 84 96 —
551 1210 101 96 L.
602 1210 151 96 0,64.
702 1210 84 96 —
736 1210 134 96 Fig.
819 1210 101 96 de
853 1210 117 96 0,22.

1094 1260 172 85 (Salon
1214 1260 103 85 de
1249 1260 138 85 1864.)

130 1332 296 80 FLANDRIN
352 1332 394 80 (HIPPOLYTE).
672 1332 222 80 (Voir
820 1332 197 80 page
919 1332 123 80 16.

131 1420 173 71 252.
240 1420 260 71 Portrait
434 1420 130 71 de
499 1420 130 71 S.
564 1420 130 71 M.
608 1420 281 71 l’Empereur.

349 1496 105 93 H.
402 1496 158 93 2,10.
507 1496 88 93 —
542 1496 105 93 L.
577 1496 123 93 1,45.

1102 1517 167 93 (Salon
1219 1517 100 93 de
1253 1517 134 93 1863.)

137 1579 284 129 FLANDRIN
351 1579 261 129 (PAUL).
540 1579 213 129 (Voir
682 1579 190 129 page
777 1579 142 129 16.)

137 1684 176 81 253.
247 1684 132 81 La
313 1684 287 81 solitude,
512 1684 220 81 paysage.

358 1754 100 66 H.
408 1754 100 66 0,
458 1754 116 66 60.
524 1754 83 66 —
558 1754 100 66 L.
591 1754 116 66 0,50.

141 1860 215 55 GLAIZE
292 1860 538 55 (AUGUSTE-BARTHÉLEMY),
766 1860 194 55 né
895 1860 108 55 à
938 1860 344 55 Montpellier,
1196 1860 237 55 élève

197 1916 329 61 d’Achille
465 1916 226 61 Devéria
629 1916 123 61 et
690 1916 123 61 de
752 1916 123 61 M.
814 1916 205 61 Eugène
958 1916 247 61 Devéria,
1122 1916 308 61 chevalier

198 1963 176 67 de
316 1963 118 67 la
375 1963 392 67 Légion-d’Honneur
708 1963 196 67 en
826 1963 137 67 1855.

144 2031 170 86 254.
250 2031 149 86 Les
314 2031 212 86 écueils.

366 2091 97 78 H.
414 2091 97 78 1,
463 2091 113 78 22.
528 2091 81 78 —
560 2091 97 78 L.
609 2091 146 78 2,50.
706 2091 81 78 —
738 2091 130 78 Fig.
819 2091 97 78 de
868 2091 97 78 0,
900 2091 81 78 60.

148 2197 230 67 HAMMAN
309 2197 598 67 (ÉDOUARD-JEAN-CONRAD),
838 2197 207 67 né
976 2197 115 67 à
1022 2197 253 67 Ostende
1183 2197 253 67 (Bel

202 2253 282 71 gique),
423 2253 262 71 chevalier
625 2253 121 71 de
685 2253 121 71 la
746 2253 403 71 Légion-d’Honneur
1088 2253 201 71 en
1209 2253 141 71 1864.

147 2320 198 100 255.
271 2320 273 100 Enfance
469 2320 149 100 de
544 2320 446 100 Charles-Quint;
916 2320 173 100 une
1015 2320 273 100 lecture
1188 2320 248 100 d’Erasme

322 2374 295 63 (Bruxelles
533 2374 168 63 1511).

370 2432 96 113 H.
418 2432 96 113 0,
466 2432 112 113 72.
530 2432 80 113 —
561 2432 96 113 L.
609 2432 144 113 0,92.
705 2432 80 113 —
737 2432 128 113 Fig.
817 2432 96 113 de
864 2432 96 113 0,
896 2432 80 113 45.

1114 2476 169 81 (Salon
1232 2476 101 81 de
1266 2476 135 81 1863.)
