1770 3144
283 312 146 107 56

772 298 369 116 SUPPLÉMENT.

331 442 248 84 LANOUE
505 442 546 84 (FÉLIX-HIPPOLYTE).
977 442 223 84 (Voir
1126 442 199 84 page
1225 442 124 84 26)

330 515 185 93 256.
446 515 162 93 Vue
538 515 139 93 du
607 515 231 93 Tibre,
769 515 208 93 prise
908 515 139 93 de
977 515 439 93 l’Aqua-Acetosa:
1347 515 278 93 campagne
1532 515 93 93 de

468 597 206 70 Rome.

553 654 99 89 H.
602 654 99 89 0,
651 654 115 89 75.
717 654 82 89 —
750 654 99 89 L.
783 654 115 89 1,50.

1293 662 175 93 (Salon
1415 662 105 93 de
1450 662 140 93 1864.)

332 780 245 95 LELEUX
503 780 318 95 (ARMAND).
748 780 220 95 (Voir
894 780 196 95 page
992 780 147 95 28.)

334 886 168 78 257.
439 886 126 78 La
502 886 210 78 partie
648 886 272 78 d’êchecs:
858 886 189 78 abbés
963 886 230 78 italiens.

555 975 103 79 H.
606 975 103 79 0,
658 975 120 79 72.
726 975 86 79 —
761 975 103 79 L.
812 975 154 79 0,65.
915 975 86 79 —
949 975 137 79 Fig.
1035 975 103 79 de
1069 975 120 79 0,35.

1290 998 176 91 (Salon
1414 998 106 91 de
1449 998 141 91 1864.)

340 1097 205 106 LEROUX
483 1097 266 106 (EUGÈNE),
688 1097 184 106 né
811 1097 102 106 à
852 1097 205 106 Paris,
995 1097 184 106 élève
1118 1097 123 106 de
1179 1097 123 106 M.
1220 1097 246 106 Picot

336 1225 175 64 258.
446 1225 132 64 Le
511 1225 329 64 nouveau-né,
775 1225 285 64 intérieur
972 1225 285 64 bas

555 1280 104 74 H.
607 1280 139 74 1,00
693 1280 87 74 —
728 1280 104 74 L.
780 1280 156 74 1,30.
884 1280 87 74 —
919 1280 139 74 Fig.
1006 1280 104 74 de
1041 1280 121 74 0,60.

1296 1300 175 111 (Salon
1418 1300 105 111 de
1453 1300 140 111 1864,)

347 1394 209 104 LEROUX
493 1394 271 104 (HECTOR),
702 1394 188 104 né
827 1394 104 104 à
869 1394 230 104 Verdun,
1036 1394 188 104 élève
1161 1394 125 104 de
1224 1394 125 104 M.
1266 1394 250 104 Picot

336 1521 181 76 259.
450 1521 340 76 Funérailles
721 1521 136 76 au
789 1521 340 76 columbarium
1061 1521 136 76 de
1129 1521 136 76 la
1197 1521 226 76 maison
1355 1521 159 76 des
1423 1521 204 76 Césars,

504 1575 210 81 porte
644 1575 234 81 Capène
807 1575 117 81 à
831 1575 163 81 Rome.

558 1624 100 112 H.
608 1624 100 112 1,
658 1624 116 112 40.
725 1624 83 112 —
758 1624 100 112 L.
808 1624 133 112 1,00
891 1624 83 112 —
924 1624 133 112 Fig.
1007 1624 100 112 de
1041 1624 116 112 0,50.

1306 1661 169 86 (Salon
1425 1661 102 86 de
1459 1661 136 86 1864.)

338 1782 269 95 MARCHAL
533 1782 563 95 (CHARLES-FRANÇOIS).
1023 1782 220 95 (Voir
1170 1782 196 95 page
1268 1782 147 95 29.)

339 1883 176 86 260.
449 1883 132 86 La
515 1883 198 86 foire
646 1883 154 86 aux
734 1883 307 86 servantes,
976 1883 110 86 à
1020 1883 307 86 Bouxwiller
1239 1883 242 86 (Alsace).

561 1953 101 71 H.
612 1953 101 71 1,
662 1953 118 71 10.
729 1953 84 71 —
763 1953 101 71 L.
813 1953 151 71 1,75.
914 1953 84 71 —
948 1953 134 71 Fig.
1032 1953 101 71 de
1065 1953 118 71 0,60.

1310 1977 168 66 (Salon
1428 1977 101 66 de
1462 1977 135 66 1864.)

343 2097 306 90 MEISSONIER
583 2097 524 90 (JEAN-LOUIS-ERNEST),
1042 2097 196 90 né
1173 2097 109 90 à
1216 2097 196 90 Lyon,
1347 2097 196 90 élève
1456 2097 175 90 de

397 2148 195 75 M.
527 2148 173 75 Léon
636 2148 260 75 Cogniet;
831 2148 282 75 chevalier
1047 2148 130 75 de
1112 2148 130 75 la
1155 2148 477 75 Légion

401 2212 250 62 en
593 2212 173 62 1846,
708 2212 288 62 officier
939 2212 115 62 de
996 2212 115 62 la
1054 2212 384 62 Légion-d’Honneur
1380 2212 192 62 en
1496 2212 134 62 1856;

400 2263 255 69 membre
596 2263 118 69 de
655 2263 274 69 l’Institut
870 2263 196 69 en
988 2263 137 69 1861.

344 2349 178 80 261.
455 2349 312 80 L’Empereur
700 2349 111 80 à
723 2349 267 80 Solférino.

567 2422 96 95 H.
615 2422 96 95 0,
663 2422 112 95 45.
727 2422 80 95 —
759 2422 96 95 L.
807 2422 96 95 0,
855 2422 112 95 75.
920 2422 80 95 —
952 2422 128 95 Fig.
1032 2422 96 95 de
1064 2422 112 95 0,07.

1308 2429 173 89 (Salon
1429 2429 104 89 de
1463 2429 138 89 1864.)
