1811 3086
559 319 369 97 SUPPLÉMENT.

1271 323 142 93 57

121 453 249 109 PATROIS
302 453 294 109 (ISIDORE)
528 453 113 109 ,
574 453 203 109 né
709 453 113 109 à
754 453 226 109 Noyers
913 453 271 109 (Yonne),
1116 453 203 109 élève
1229 453 181 109 de

180 537 197 83 MM.
318 537 256 83 Monvoisin
515 537 118 83 et
554 537 275 83 Lenfant

122 622 178 69 262.
233 622 311 69 Procession
477 622 155 69 des
566 622 399 69 Saintes-Images
899 622 155 69 aux
987 622 266 69 environs
1187 622 133 69 de
1231 622 178 69 Saint

290 683 312 58 Pétersbourg
540 683 270 58 (Russie).
747 683 187 58 Cette
872 683 312 58 procession,
1121 683 145 58 qui
1204 683 125 58 se
1246 683 166 58 renou-

292 739 182 54 velle
413 739 162 54 tous
515 739 142 54 les
596 739 162 54 ans,
697 739 243 54 rappelle
879 739 182 54 celle
1001 739 142 54 qui
1082 739 142 54 fut
1163 739 243 54 ordonnée
1325 739 81 54 en

295 777 164 64 1832
398 777 103 64 à
439 777 287 64 l’occasion
665 777 123 64 du
706 777 205 64 choléra.

340 847 102 73 H.
391 847 153 73 0,82.
493 847 85 73 —
526 847 102 73 L.
577 847 102 73 1,
628 847 119 73 30.
696 847 85 73 —
730 847 136 73 Fig.
815 847 102 73 de
848 847 119 73 0,52.

1095 868 166 82 (Salon
1211 868 99 82 de
1245 868 133 82 1861.)

122 1000 573 98 PENGUILLY-L’HARIDON
620 1000 224 98 (Voir
770 1000 199 98 page
870 1000 149 98 31.)

123 1089 171 83 263.
229 1089 128 83 Le
272 1089 192 83 tripot.

340 1116 100 116 H.
390 1116 100 116 0,
441 1116 117 116 42.
507 1116 84 116 —
541 1116 100 116 L.
591 1116 150 116 0,50.
691 1116 84 116 —
724 1116 134 116 Fig.
808 1116 100 116 de
858 1116 100 116 0,
891 1116 84 116 27.

1091 1188 168 88 (Salon
1209 1188 101 88 de
1242 1188 134 88 1347.)

121 1278 274 120 RANVIER
320 1278 498 120 (JOSEPH-VICTOR),
743 1278 224 120 né
892 1278 124 120 à
942 1278 224 120 Lyon,
1092 1278 224 120 élève
1216 1278 199 120 de

179 1369 203 82 MM.
321 1369 203 82 Janmot
463 1369 122 82 et
504 1369 284 82 Richard

124 1446 169 105 264.
230 1446 127 105 La
293 1446 211 105 chasse
441 1446 127 105 au
483 1446 169 105 filet.

340 1526 102 84 H.
391 1526 154 84 0,54.
493 1526 85 84 —
528 1526 102 84 L.
579 1526 154 84 1,05.
681 1526 85 84 —
715 1526 136 84 Fig.
800 1526 102 84 de
835 1526 119 84 0,75.

1082 1587 174 77 (Salon
1203 1587 104 77 de
1238 1587 139 77 1864.)

124 1718 254 85 SCHREYER
314 1718 296 85 (ADOLPHE),
547 1718 190 85 né
674 1718 106 85 à
716 1718 529 85 Francfort-sur-le-Mein
1160 1718 254 85 (Alle

175 1780 216 81 magne)

123 1851 191 114 265.
243 1851 263 114 Chevaux
434 1851 144 114 de
506 1851 287 114 cosaques
721 1851 383 114 irréguliers,
1032 1851 167 114 par
1128 1851 144 114 un
1200 1851 215 114 temps
1319 1851 96 114 de

267 1925 181 80 neige.

345 2000 105 63 H.
397 2000 157 63 1,94.
502 2000 87 63 —
537 2000 105 63 L.
572 2000 122 63 3,00.

1094 2025 170 91 (Salon
1213 2025 102 91 de
1247 2025 119 91 1864.

123 2139 452 89 SCHUTZENBERGER
500 2139 528 89 (LOUIS-FRÉDÉRIC).
952 2139 226 89 (Voir
1103 2139 201 89 page
1203 2139 151 89 35.)

125 2235 173 95 266.
233 2235 281 95 Centaures
449 2235 259 95 chassant
643 2235 130 95 un
687 2235 237 95 sanglier.

346 2304 105 91 H.
398 2304 157 91 1,08.
503 2304 87 91 —
538 2304 105 91 L.
590 2304 140 91 2,00
678 2304 87 91 —
713 2304 140 91 Fig.
783 2304 192 91 demi

1083 2364 174 116 (Salon
1204 2364 104 116 de
1239 2364 139 116 1864.)
