1805 3089
579 288 369 83 SUPPLÉMENT.

506 669 491 98 SCULPTURE.

141 1049 211 101 DUBOIS
289 1049 232 101 (PAUL),
457 1049 190 101 né
584 1049 106 101 à
626 1049 422 101 Nogent-sur-Seine
985 1049 232 101 (Aube),
1154 1049 190 101 élève
1259 1049 169 101 de

191 1108 269 75 Toussaint

135 1199 172 87 274.
242 1199 193 87 Saint
371 1199 193 87 Jean,
478 1199 193 87 enfant.

352 1272 173 88 Statue
473 1272 104 88 de
525 1272 190 88 bronze.
663 1272 86 88 —
697 1272 121 88 Gr.
749 1272 104 88 nat.

1097 1320 173 78 (Salon
1218 1320 104 78 de
1252 1320 138 78 1864.)

134 1454 311 72 FALGUIÈRE
373 1454 383 72 (ALEXANDRE),
684 1454 215 72 né
828 1454 120 72 à
876 1454 311 72 Toulouse,
1115 1454 215 72 élève
1235 1454 191 72 de

188 1502 196 84 M.
319 1502 283 84 Jouffroy,
536 1502 239 84 Premier
710 1502 196 84 Grand
840 1502 174 84 Prix
949 1502 130 84 de
1014 1502 261 84 Rome
1188 1502 152 84 1859.

133 1588 182 89 275.
247 1588 137 89 Un
316 1588 296 89 vainqueur
544 1588 137 89 au
612 1588 228 89 combat
772 1588 137 89 de
817 1588 160 89 coqs.

351 1658 176 89 Statue
474 1658 105 89 de
527 1658 193 89 bronze.
668 1658 88 89 —
703 1658 123 89 Gr.
756 1658 105 89 nat.

1101 1706 169 98 (Salon
1220 1706 102 98 de
1254 1706 136 98 1864.)

134 1821 515 100 LEHARIVEL-DUROCHER
579 1821 305 100 (VICTOR),
813 1821 211 100 né
953 1821 117 100 à
1000 1821 211 100 Chanu
1117 1821 305 100 (Orne)

189 1898 242 103 élève
370 1898 121 103 de
430 1898 121 103 M.
491 1898 221 103 Belloc,
652 1898 121 103 de
712 1898 181 103 Ramey
833 1898 161 103 fils
934 1898 121 103 et
994 1898 121 103 de
1055 1898 121 103 M.
1115 1898 121 103 A.
1155 1898 262 103 Dumont

133 1971 166 87 276.
237 1971 166 87 Étre
341 1971 124 87 et
382 1971 228 87 paraître.

350 2044 146 84 Fig.
441 2044 110 84 de
496 2044 201 84 marbre.
643 2044 92 84 —
679 2044 128 84 Gr.
734 2044 110 84 nat.

1109 2090 164 78 (Salon
1224 2090 99 78 de
1257 2090 132 78 1861.)

134 2203 250 80 MONTAGNY
322 2203 292 80 (ÉTIENNE),
551 2203 188 80 né
676 2203 104 80 à
718 2203 375 80 Saint-Étienne,
1030 2203 188 80 élève
1155 2203 125 80 de
1197 2203 229 80 David

192 2260 256 78 d’Angers
396 2260 102 78 et
448 2260 102 78 de
482 2260 187 78 Rude

129 2341 179 91 277.
241 2341 201 91 Saint
375 2341 201 91 Louis
509 2341 134 91 de
554 2341 246 91 Gonzague.

346 2422 183 82 Statue
474 2422 110 82 en
529 2422 165 82 terre
638 2422 183 82 cuite,
766 2422 128 82 Gr.
821 2422 110 82 nat.

1100 2466 185 69 (Salon
1229 2466 111 69 de
1266 2466 129 69 1864)

1104 2532 142 73 ★.
