1770 3105
245 320 142 79 62

726 309 169 91 2°
782 309 366 91 SUPPLÉMENT.

299 444 211 77 BUSSON
447 444 295 77 (CHARLES),
678 444 190 77 né
805 444 105 77 à
847 444 253 77 Montoire
1037 444 401 77 (Loir-et-Cher),
1353 444 232 77 élève

352 498 189 78 de
478 498 147 78 MM.
562 498 210 78 Rémond
709 498 126 78 et
751 498 315 78 Français

296 583 181 80 282.
409 583 226 80 Chasse
568 583 136 80 au
636 583 249 80 marais,
817 583 181 80 dans
930 583 136 80 le
975 583 181 80 Berry.

515 672 103 66 H.
566 672 155 66 1,07.
670 672 86 66 —
704 672 103 66 L.
739 672 120 66 1,42.

1265 706 166 74 (Salon
1382 706 100 74 de
1415 706 133 74 1865.)

297 850 317 85 CHEVANDIER
546 850 136 85 DE
614 850 294 85 (VALDROME
840 850 249 85 (PAUL),
1021 850 204 85 né
1157 850 113 85 à
1180 850 407 85 Saint

353 934 340 72 (Meurthe),
633 934 180 72 élève
753 934 120 72 de
813 934 240 72 Marilhat
994 934 120 72 et
1054 934 120 72 de
1114 934 120 72 M.
1154 934 240 72 Picot

295 1015 174 77 283.
404 1015 196 77 Côtes
534 1015 152 77 des
621 1015 261 77 environs
817 1015 130 77 de
882 1015 304 77 Marseille;
1121 1015 217 77 soleil
1251 1015 239 77 couchant.

516 1091 99 71 H.
565 1091 99 71 0,
614 1091 115 71 44.
680 1091 82 71 —
713 1091 99 71 L.
746 1091 115 71 0,67.

1261 1133 170 94 (Salen
1380 1133 102 94 de
1414 1133 136 94 1865.)

305 1266 253 121 DELAUNAY
494 1266 358 121 (JULES-ÉLIE),
789 1266 189 121 né
915 1266 105 121 à
958 1266 232 121 Nantes,
1126 1266 189 121 élève
1252 1266 126 121 de
1315 1266 126 121 H.
1357 1266 232 121 Flan

355 1360 234 58 drin
525 1360 128 58 et
589 1360 128 58 de
652 1360 128 58 M.
716 1360 128 58 L.
780 1360 255 58 Lamothe,
971 1360 191 58 grand
1099 1360 170 58 prix
1205 1360 128 58 de
1269 1360 170 58 Rome
1354 1360 234 58 (His

360 1415 199 71 toire)
513 1415 153 71 en
605 1415 107 71 1856.

294 1503 192 69 284.
414 1503 144 69 La
486 1503 312 69 communion
727 1503 168 69 des
799 1503 240 69 apôtres.

670 1560 344 90 (Evangile
963 1560 155 90 selon
1066 1560 155 90 saint
1169 1560 207 90 Mathieu,
1324 1560 155 90 chap.
1410 1560 138 90 XXVI.)

516 1646 101 70 H.
567 1646 101 70 2,
617 1646 118 70 78.
684 1646 84 70 —
718 1646 101 70 L.
768 1646 151 70 2,02.
869 1646 84 70 —
903 1646 134 70 Fig.
987 1646 118 70 gr.
1037 1646 101 70 nat.

1264 1678 168 84 (Salon
1382 1678 101 84 de
1416 1678 135 84 1365.)

301 1829 169 83 DORÉ
406 1829 401 83 (GUSTAVE-PAUL),
744 1829 190 83 né
871 1829 106 83 à
913 1829 317 83 Strasbourg,
1167 1829 275 83 chevalier
1378 1829 127 83 de
1420 1829 169 83 la

356 1904 458 96 Légion-d’Honneur
754 1904 199 96 en
874 1904 139 96 1861.

298 1994 184 80 285.
413 1994 230 80 L’ange
575 1994 138 80 de
621 1994 184 80 Tobie.

517 2047 97 99 H.
565 2047 146 99 0,91.
663 2047 81 99 —
695 2047 97 99 L.
744 2047 97 99 0,
793 2047 114 99 71.
858 2047 81 99 —
890 2047 130 99 Fig.
972 2047 97 99 de
1020 2047 97 99 0,
1053 2047 81 99 20.

1266 2090 167 91 (Salon
1383 2090 100 91 de
1417 2090 134 91 1865.)

306 2251 303 110 DUVERGER
533 2251 632 110 (THÉOPHILE-EMMANUEL).
1089 2251 228 110 (Voir
1241 2251 202 110 page
1342 2251 152 110 55.)

303 2374 176 66 286.
413 2374 132 66 Le
479 2374 286 66 laboureur
699 2374 132 66 et
765 2374 154 66 ses
831 2374 220 66 enfants.

516 2421 108 121 H.
570 2421 162 121 0,52.
678 2421 108 121 1L
732 2421 162 121 0,67.
840 2421 90 121 —
875 2421 144 121 Fig.
965 2421 108 121 de
1019 2421 108 121 0,
1055 2421 90 121 22.

1267 2458 168 91 (Salon
1385 2458 101 91 de
1418 2458 134 91 1865.)
