1802 3086
575 302 167 92 2°
631 302 362 92 SUPPLÉMENT.

1291 311 138 79 63

145 406 326 100 GIACOMOTTI
401 406 419 100 (FÉLIX-HENRI),
750 406 210 100 né
890 406 116 100 à
937 406 256 100 Quingey
1100 406 326 100 (Doubs)

198 484 250 62 élève
386 484 125 62 de
448 484 125 62 M.
511 484 208 62 Picot,
657 484 188 62 grand
782 484 167 62 prix
886 484 125 62 de
949 484 167 62 Rome
1053 484 292 62 (Histoire)
1261 484 167 62 en

165 545 190 79 1854.

139 643 195 85 287.
261 643 390 85 L’enlèvement
553 643 293 85 d’Amymoné.

359 749 100 53 H.
409 749 150 53 2,23.
510 749 84 53 —
543 749 100 53 L.
593 749 150 53 1,62.
694 749 84 53 —
727 749 134 53 Fig.
811 749 117 53 gr.
861 749 100 53 nat.

1104 788 168 64 (Salon
1222 788 101 64 de
1255 788 134 64 1865.)

139 968 236 104 GIGOUX
305 968 260 104 (JEAN).
494 968 213 104 (Voir
636 968 189 104 page
730 968 142 104 17.)

137 1087 186 84 288.
253 1087 139 84 Le
323 1087 163 84 bon
392 1087 302 84 Samaritain.

434 1142 340 99 (Évangile
723 1142 153 99 selon
825 1142 153 99 saint
926 1142 136 99 Luc,
1011 1142 153 99 chap.
1113 1142 102 99 X,
1164 1142 102 99 v.
1215 1142 102 99 30
1266 1142 85 99 à
1283 1142 102 99 35.)

356 1258 101 88 H.
407 1258 101 88 1,
457 1258 117 88 28.
524 1258 84 88 —
558 1258 101 88 L.
608 1258 151 88 1,87.
709 1258 84 88 —
742 1258 134 88 Fig.
826 1258 117 88 gr.
876 1258 101 88 nat.

1107 1301 165 84 (Salon
1222 1301 99 84 de
1255 1301 132 84 1857.)

142 1534 300 78 GUILLAUMET
377 1534 300 78 (GUSTAVE),
613 1534 193 78 né
741 1534 107 78 à
784 1534 214 78 Paris,
934 1534 193 78 élève
1062 1534 128 78 de
1126 1534 150 78 MM.
1191 1534 235 78 Picot

202 1601 125 69 et
271 1601 194 69 Barrias

139 1696 174 85 289.
248 1696 217 85 Prière
400 1696 130 85 du
465 1696 174 85 soir
574 1696 174 85 dans
682 1696 130 85 le
726 1696 217 85 Saharah.

355 1776 100 103 H.
405 1776 151 103 1,33.
506 1776 84 103 —
539 1776 100 103 L.
590 1776 151 103 2,82.
690 1776 84 103 —
724 1776 134 103 Fig.
807 1776 100 103 de
841 1776 117 103 0,35.

1098 1822 170 92 (Salon
1217 1822 102 92 de
1251 1822 136 92 1865.)

138 2040 340 72 HILLEMACHER
410 2040 453 72 (EUGÈNE-ERNEST),
796 2040 204 72 né
931 2040 113 72 à
977 2040 227 72 Paris,
1135 2040 204 72 élève
1249 2040 181 72 de

193 2108 177 62 M.
303 2108 177 62 Léon
414 2108 265 62 Cogniet,
613 2108 287 62 chevalier
834 2108 133 62 de
900 2108 133 62 la
945 2108 486 62 Légion

200 2162 174 83 en
320 2162 94 83 1865.

141 2266 174 67 290.
250 2266 131 67 Un
315 2266 370 67 confessionnal
620 2266 131 67 de
685 2266 261 67 l’église
881 2266 131 67 de
946 2266 370 67 Saint-Pierre,
1251 2266 109 67 à
1273 2266 152 67 Rome,

304 2319 138 87 le
373 2319 277 87 dimanche
581 2319 138 87 de
627 2319 207 87 Pâques.

360 2396 103 99 H.
411 2396 155 99 0,67.
514 2396 86 99 —
549 2396 103 99 L.
600 2396 155 99 1,05.
703 2396 86 99 —
738 2396 137 99 Fig.
823 2396 103 99 de
858 2396 120 99 0,30.

1101 2461 167 64 (Salon
1218 2461 100 64 de
1252 2461 134 64 1848.)
