1743 3090
248 308 134 76 64

734 302 167 113 2°
790 302 362 113 SUPPLÉMENT.

293 419 187 82 LAFON
418 419 416 82 (JACQUES-ÉMILE),
772 419 187 82 né
897 419 104 82 à
939 419 291 82 Périgueux,
1168 419 271 82 chevalier
1376 419 125 82 de
1417 419 167 82 la

348 479 254 93 Légion
544 479 254 93 d’Honneur
739 479 195 93 en
856 479 137 93 1859.

291 564 176 86 291.
401 564 198 86 Saint
532 564 176 86 Jean
642 564 132 86 de
708 564 198 86 Dieu,
840 564 285 86 fondateur
1059 564 132 86 de
1125 564 241 86 l’ordre
1301 564 154 86 des
1367 564 219 86 hospita-

456 627 201 72 liers
590 627 134 72 de
657 627 134 72 ce
701 627 134 72 nom.

460 684 123 88 Le
521 684 205 88 Christ
664 684 246 88 apparait
848 684 102 88 à
889 684 184 88 saint
1012 684 164 88 Jean
1114 684 123 88 de
1176 684 164 88 Dieu
1278 684 164 88 sous
1380 684 123 88 la
1421 684 164 88 figure

419 748 163 66 d’un
521 748 224 66 pauvre,
684 748 122 66 et
745 748 143 66 lui
826 748 163 66 dit,
928 748 184 66 après
1051 748 143 66 été
1132 748 224 66 l’objet
1296 748 122 66 de
1357 748 143 66 ses
1418 748 163 66 soins:

422 805 129 69 «ce
495 805 129 69 que
569 805 110 69 tu
624 805 110 69 as
679 805 147 69 fait
771 805 92 69 à
808 805 110 69 ce
863 805 202 69 pauvre,
1010 805 165 69 c’est
1120 805 92 69 à
1157 805 129 69 moi
1231 805 129 69 que
1304 805 110 69 tu
1359 805 147 69 l’as
1433 805 147 69 fait.»

510 857 101 79 H.
561 857 101 79 1,
611 857 117 79 48.
678 857 84 79 —
711 857 101 79 L.
762 857 151 79 1,70.
862 857 84 79 —
896 857 134 79 Fig.
979 857 117 79 gr.
1030 857 101 79 nat.

1256 909 169 73 (Salon
1374 909 101 73 de
1408 909 135 73 1865.)

286 1061 361 75 MEISSONNIER
575 1061 578 75 (JEAN-LOUIS-ERNEST).
1081 1061 217 75 (Voir
1225 1061 193 75 page
1322 1061 145 75 56.)

284 1150 183 72 292.
399 1150 343 72 L’Empereur,
673 1150 252 72 entouré
856 1150 137 72 de
925 1150 160 72 son
994 1150 297 72 état

507 1227 97 52 H.
555 1227 97 52 0,
604 1227 113 52 15.
669 1227 81 52 —
701 1227 97 52 L.
750 1227 97 52 0,
798 1227 113 52 12.
863 1227 81 52 —
895 1227 130 52 Fig.
976 1227 97 52 de
1009 1227 113 52 0,07.

286 1352 234 89 RANVIER
456 1352 425 89 (JOSEPH-VICTOR),
817 1352 191 89 né
945 1352 106 89 à
988 1352 191 89 Lyon,
1115 1352 191 89 élève
1243 1352 128 89 de
1307 1352 149 89 MM.
1370 1352 213 89 Jan

345 1421 163 72 mot
459 1421 98 72 et
491 1421 228 72 Richard

282 1502 192 68 293.
402 1502 264 68 Enfance
594 1502 144 68 de
641 1502 240 68 Bacchus.

503 1553 99 96 H.
553 1553 99 96 1,
603 1553 116 96 28.
669 1553 83 96 —
702 1553 99 96 L.
751 1553 149 96 2,57.
851 1553 83 96 —
884 1553 116 96 Fig
950 1553 99 96 de
999 1553 99 96 0,
1032 1553 83 96 60.

1251 1614 170 78 (Salon
1370 1614 102 78 de
1404 1614 136 78 1865.)

281 1780 208 91 RIBOT
419 1780 346 91 (THÉODULE),
697 1780 208 91 né
835 1780 115 91 à
881 1780 277 91 Breteuil
1089 1780 254 91 (Eure),
1274 1780 208 91 élève
1389 1780 185 91 de

342 1840 127 74 M.
406 1840 206 74 Glaize

280 1916 179 80 294.
391 1916 201 80 Saint
525 1916 313 80 Sébastien,
749 1916 201 80 martyr.

504 1980 103 93 H.
555 1980 154 93 0,97.
658 1980 86 93 —
692 1980 103 93 L.
743 1980 154 93 1,30.
846 1980 86 93 —
880 1980 137 93 Fig.
966 1980 120 93 gr.
1017 1980 103 93 nat.

1244 2032 170 109 (Salon
1363 2032 102 109 de
1397 2032 136 109 1865.)

282 2178 241 102 RICHOMME
463 2178 241 102 (JULES),
644 2178 181 102 né
765 2178 101 102 à
805 2178 201 102 Paris,
945 2178 181 102 élève
1066 2178 121 102 de
1106 2178 302 102 Drolling

276 2263 175 89 295.
385 2263 196 89 Saint
516 2263 218 89 Pierre
669 2263 327 89 d’Alcantara
931 2263 306 89 guérissant
1171 2263 131 89 un
1237 2263 218 89 enfant
1368 2263 196 89 malade.

942 2337 173 73 (Les
1068 2337 330 73 Bollandistes
1350 2337 141 73 Chap.
1429 2337 94 73 40.)

497 2399 105 95 H.
549 2399 157 95 2,30.
653 2399 87 95 —
688 2399 105 95 L.
740 2399 157 95 1,82.
845 2399 87 95 —
880 2399 139 95 Fig.
949 2399 192 95 demi

1251 2444 164 85 (Salon
1366 2444 99 85 de
1399 2444 132 85 1864.)
