<alto xmlns:xsi="http://www.w3.org/2001/XMLSchema-instance" xmlns="http://www.loc.gov/standards/alto/ns-v2#" xmlns:page="http://schema.primaresearch.org/PAGE/gts/pagecontent/2013-07-15" xsi:schemaLocation="http://www.loc.gov/standards/alto/ns-v2# http://www.loc.gov/standards/alto/alto.xsd">
  <Description>
    <MeasurementUnit>pixel</MeasurementUnit>
    <sourceImageInformation>
         <fileName>97.jpg</fileName>
      </sourceImageInformation>
    <OCRProcessing ID="IdOcr">
      <ocrProcessingStep>
        <processingDateTime>2020-10-31T11:20:34.441+01:00</processingDateTime>
        <processingSoftware>
               <softwareCreator>CONTRIBUTORS</softwareCreator>
               <softwareName>pdfalto</softwareName>
               <softwareVersion>0.1</softwareVersion>
            </processingSoftware>
      </ocrProcessingStep>
    </OCRProcessing>
  </Description>
  <Styles>
   <TextStyle ID="FONT0" FONTFAMILY="unknown" FONTSIZE="unknown" FONTSTYLE=""/>
   <TextStyle ID="FONT1" FONTFAMILY="unknown" FONTSIZE="unknown" FONTSTYLE="bold"/>
   <TextStyle ID="FONT2" FONTFAMILY="unknown" FONTSIZE="unknown" FONTSTYLE="italics"/>
  </Styles>
  <Tags/>
  <Layout>
    <Page ID="Page1" PHYSICAL_IMG_NR="1" HEIGHT="3119" WIDTH="1811">
      <PrintSpace HEIGHT="2841" WIDTH="1717" VPOS="46" HPOS="1">
        <TextBlock ID="r_1_1" HEIGHT="43" WIDTH="373" VPOS="349" HPOS="643">
          <TextLine ID="tl_1" BASELINE="415" HEIGHT="84" WIDTH="388" VPOS="331" HPOS="636">
            <String HEIGHT="84" WIDTH="166" VPOS="331" HPOS="608" CONTENT="2°" ID="tl_1_1" STYLEREFS="FONT0"/>
            <SP HEIGHT="84" WIDTH="28" VPOS="331" HPOS="775"/>
            <String HEIGHT="84" WIDTH="360" VPOS="331" HPOS="664" CONTENT="SUPPLÉMENT." ID="tl_1_2" STYLEREFS="FONT0"/>
          </TextLine>
        </TextBlock>
        <TextBlock ID="r_2_1" HEIGHT="42" WIDTH="53" VPOS="346" HPOS="1399">
          <TextLine ID="tl_2" BASELINE="393" HEIGHT="57" WIDTH="67" VPOS="336" HPOS="1393">
            <String HEIGHT="57" WIDTH="134" VPOS="336" HPOS="1326" CONTENT="67" ID="tl_2_1" STYLEREFS="FONT0"/>
          </TextLine>
        </TextBlock>
        <TextBlock ID="r_3_1" HEIGHT="129" WIDTH="1128" VPOS="460" HPOS="328">
          <TextLine ID="tl_3" BASELINE="505" HEIGHT="60" WIDTH="1142" VPOS="445" HPOS="321">
            <String HEIGHT="60" WIDTH="132" VPOS="445" HPOS="299" CONTENT="5°" ID="tl_3_1" STYLEREFS="FONT0"/>
            <SP HEIGHT="60" WIDTH="22" VPOS="445" HPOS="431"/>
            <String HEIGHT="60" WIDTH="198" VPOS="445" HPOS="365" CONTENT="Homme" ID="tl_3_2" STYLEREFS="FONT0"/>
            <SP HEIGHT="60" WIDTH="22" VPOS="445" HPOS="563"/>
            <String HEIGHT="60" WIDTH="132" VPOS="445" HPOS="497" CONTENT="nu" ID="tl_3_3" STYLEREFS="FONT0"/>
            <SP HEIGHT="60" WIDTH="22" VPOS="445" HPOS="628"/>
            <String HEIGHT="60" WIDTH="242" VPOS="445" HPOS="563" CONTENT="debout," ID="tl_3_4" STYLEREFS="FONT0"/>
            <SP HEIGHT="60" WIDTH="22" VPOS="445" HPOS="804"/>
            <String HEIGHT="60" WIDTH="264" VPOS="445" HPOS="738" CONTENT="retenant" ID="tl_3_5" STYLEREFS="FONT0"/>
            <SP HEIGHT="60" WIDTH="22" VPOS="445" HPOS="1002"/>
            <String HEIGHT="60" WIDTH="154" VPOS="445" HPOS="936" CONTENT="une" ID="tl_3_6" STYLEREFS="FONT0"/>
            <SP HEIGHT="60" WIDTH="22" VPOS="445" HPOS="1090"/>
            <String HEIGHT="60" WIDTH="264" VPOS="445" HPOS="1024" CONTENT="draperie" ID="tl_3_7" STYLEREFS="FONT0"/>
            <SP HEIGHT="60" WIDTH="22" VPOS="445" HPOS="1287"/>
            <String HEIGHT="60" WIDTH="132" VPOS="445" HPOS="1221" CONTENT="de" ID="tl_3_8" STYLEREFS="FONT0"/>
            <SP HEIGHT="60" WIDTH="22" VPOS="445" HPOS="1353"/>
            <String HEIGHT="60" WIDTH="132" VPOS="445" HPOS="1287" CONTENT="la" ID="tl_3_9" STYLEREFS="FONT0"/>
            <SP HEIGHT="60" WIDTH="22" VPOS="445" HPOS="1419"/>
            <String HEIGHT="60" WIDTH="132" VPOS="445" HPOS="1331" CONTENT="main" ID="tl_3_10" STYLEREFS="FONT0"/>
          </TextLine>
          <TextLine ID="tl_4" BASELINE="553" HEIGHT="54" WIDTH="1099" VPOS="499" HPOS="364">
            <String HEIGHT="54" WIDTH="208" VPOS="499" HPOS="345" CONTENT="gauche," ID="tl_4_1" STYLEREFS="FONT0"/>
            <SP HEIGHT="54" WIDTH="19" VPOS="499" HPOS="553"/>
            <String HEIGHT="54" WIDTH="114" VPOS="499" HPOS="497" CONTENT="et" ID="tl_4_2" STYLEREFS="FONT0"/>
            <SP HEIGHT="54" WIDTH="19" VPOS="499" HPOS="610"/>
            <String HEIGHT="54" WIDTH="114" VPOS="499" HPOS="553" CONTENT="le" ID="tl_4_3" STYLEREFS="FONT0"/>
            <SP HEIGHT="54" WIDTH="19" VPOS="499" HPOS="667"/>
            <String HEIGHT="54" WIDTH="152" VPOS="499" HPOS="610" CONTENT="bras" ID="tl_4_4" STYLEREFS="FONT0"/>
            <SP HEIGHT="54" WIDTH="19" VPOS="499" HPOS="762"/>
            <String HEIGHT="54" WIDTH="171" VPOS="499" HPOS="705" CONTENT="droit" ID="tl_4_5" STYLEREFS="FONT0"/>
            <SP HEIGHT="54" WIDTH="19" VPOS="499" HPOS="876"/>
            <String HEIGHT="54" WIDTH="152" VPOS="499" HPOS="819" CONTENT="levé" ID="tl_4_6" STYLEREFS="FONT0"/>
            <SP HEIGHT="54" WIDTH="19" VPOS="499" HPOS="970"/>
            <String HEIGHT="54" WIDTH="95" VPOS="499" HPOS="914" CONTENT="à" ID="tl_4_7" STYLEREFS="FONT0"/>
            <SP HEIGHT="54" WIDTH="19" VPOS="499" HPOS="1008"/>
            <String HEIGHT="54" WIDTH="114" VPOS="499" HPOS="951" CONTENT="la" ID="tl_4_8" STYLEREFS="FONT0"/>
            <SP HEIGHT="54" WIDTH="19" VPOS="499" HPOS="1065"/>
            <String HEIGHT="54" WIDTH="208" VPOS="499" HPOS="1008" CONTENT="hauteur" ID="tl_4_9" STYLEREFS="FONT0"/>
            <SP HEIGHT="54" WIDTH="19" VPOS="499" HPOS="1217"/>
            <String HEIGHT="54" WIDTH="114" VPOS="499" HPOS="1160" CONTENT="du" ID="tl_4_10" STYLEREFS="FONT0"/>
            <SP HEIGHT="54" WIDTH="19" VPOS="499" HPOS="1274"/>
            <String HEIGHT="54" WIDTH="189" VPOS="499" HPOS="1217" CONTENT="front," ID="tl_4_11" STYLEREFS="FONT0"/>
            <SP HEIGHT="54" WIDTH="19" VPOS="499" HPOS="1406"/>
            <String HEIGHT="54" WIDTH="133" VPOS="499" HPOS="1330" CONTENT="étude" ID="tl_4_12" STYLEREFS="FONT0"/>
          </TextLine>
          <TextLine ID="tl_5" BASELINE="607" HEIGHT="70" WIDTH="907" VPOS="537" HPOS="362">
            <String HEIGHT="70" WIDTH="154" VPOS="537" HPOS="343" CONTENT="pour" ID="tl_5_1" STYLEREFS="FONT0"/>
            <SP HEIGHT="70" WIDTH="19" VPOS="537" HPOS="497"/>
            <String HEIGHT="70" WIDTH="116" VPOS="537" HPOS="439" CONTENT="la" ID="tl_5_2" STYLEREFS="FONT0"/>
            <SP HEIGHT="70" WIDTH="19" VPOS="537" HPOS="555"/>
            <String HEIGHT="70" WIDTH="270" VPOS="537" HPOS="497" CONTENT="dispersion" ID="tl_5_3" STYLEREFS="FONT0"/>
            <SP HEIGHT="70" WIDTH="19" VPOS="537" HPOS="767"/>
            <String HEIGHT="70" WIDTH="116" VPOS="537" HPOS="709" CONTENT="de" ID="tl_5_4" STYLEREFS="FONT0"/>
            <SP HEIGHT="70" WIDTH="19" VPOS="537" HPOS="825"/>
            <String HEIGHT="70" WIDTH="193" VPOS="537" HPOS="767" CONTENT="Babel;" ID="tl_5_5" STYLEREFS="FONT0"/>
            <SP HEIGHT="70" WIDTH="19" VPOS="537" HPOS="960"/>
            <String HEIGHT="70" WIDTH="96" VPOS="537" HPOS="902" CONTENT="à" ID="tl_5_6" STYLEREFS="FONT0"/>
            <SP HEIGHT="70" WIDTH="19" VPOS="537" HPOS="999"/>
            <String HEIGHT="70" WIDTH="116" VPOS="537" HPOS="941" CONTENT="la" ID="tl_5_7" STYLEREFS="FONT0"/>
            <SP HEIGHT="70" WIDTH="19" VPOS="537" HPOS="1057"/>
            <String HEIGHT="70" WIDTH="193" VPOS="537" HPOS="999" CONTENT="pierre" ID="tl_5_8" STYLEREFS="FONT0"/>
            <SP HEIGHT="70" WIDTH="19" VPOS="537" HPOS="1192"/>
            <String HEIGHT="70" WIDTH="154" VPOS="537" HPOS="1115" CONTENT="noire." ID="tl_5_9" STYLEREFS="FONT0"/>
          </TextLine>
        </TextBlock>
        <TextBlock ID="r_3_2" HEIGHT="35" WIDTH="319" VPOS="615" HPOS="413">
          <TextLine ID="tl_6" BASELINE="668" HEIGHT="71" WIDTH="332" VPOS="597" HPOS="407">
            <String HEIGHT="71" WIDTH="95" VPOS="597" HPOS="391" CONTENT="H." ID="tl_6_1" STYLEREFS="FONT0"/>
            <SP HEIGHT="71" WIDTH="16" VPOS="597" HPOS="486"/>
            <String HEIGHT="71" WIDTH="95" VPOS="597" HPOS="439" CONTENT="0," ID="tl_6_2" STYLEREFS="FONT0"/>
            <SP HEIGHT="71" WIDTH="16" VPOS="597" HPOS="533"/>
            <String HEIGHT="71" WIDTH="111" VPOS="597" HPOS="486" CONTENT="51." ID="tl_6_3" STYLEREFS="FONT0"/>
            <SP HEIGHT="71" WIDTH="16" VPOS="597" HPOS="597"/>
            <String HEIGHT="71" WIDTH="79" VPOS="597" HPOS="549" CONTENT="—" ID="tl_6_4" STYLEREFS="FONT0"/>
            <SP HEIGHT="71" WIDTH="16" VPOS="597" HPOS="628"/>
            <String HEIGHT="71" WIDTH="95" VPOS="597" HPOS="581" CONTENT="L." ID="tl_6_5" STYLEREFS="FONT0"/>
            <SP HEIGHT="71" WIDTH="16" VPOS="597" HPOS="676"/>
            <String HEIGHT="71" WIDTH="95" VPOS="597" HPOS="628" CONTENT="0," ID="tl_6_6" STYLEREFS="FONT0"/>
            <SP HEIGHT="71" WIDTH="16" VPOS="597" HPOS="723"/>
            <String HEIGHT="71" WIDTH="79" VPOS="597" HPOS="660" CONTENT="15." ID="tl_6_7" STYLEREFS="FONT0"/>
          </TextLine>
        </TextBlock>
        <TextBlock ID="r_3_3" HEIGHT="46" WIDTH="816" VPOS="673" HPOS="598">
          <TextLine ID="tl_7" BASELINE="721" HEIGHT="59" WIDTH="830" VPOS="662" HPOS="591">
            <String HEIGHT="59" WIDTH="208" VPOS="662" HPOS="570" CONTENT="(Donné" ID="tl_7_1" STYLEREFS="FONT0"/>
            <SP HEIGHT="59" WIDTH="21" VPOS="662" HPOS="778"/>
            <String HEIGHT="59" WIDTH="125" VPOS="662" HPOS="716" CONTENT="es" ID="tl_7_2" STYLEREFS="FONT0"/>
            <SP HEIGHT="59" WIDTH="21" VPOS="662" HPOS="840"/>
            <String HEIGHT="59" WIDTH="145" VPOS="662" HPOS="778" CONTENT="par" ID="tl_7_3" STYLEREFS="FONT0"/>
            <SP HEIGHT="59" WIDTH="21" VPOS="662" HPOS="923"/>
            <String HEIGHT="59" WIDTH="145" VPOS="662" HPOS="861" CONTENT="Mme" ID="tl_7_4" STYLEREFS="FONT0"/>
            <SP HEIGHT="59" WIDTH="21" VPOS="662" HPOS="1006"/>
            <String HEIGHT="59" WIDTH="187" VPOS="662" HPOS="944" CONTENT="veuve" ID="tl_7_5" STYLEREFS="FONT0"/>
            <SP HEIGHT="59" WIDTH="21" VPOS="662" HPOS="1131"/>
            <String HEIGHT="59" WIDTH="187" VPOS="662" HPOS="1068" CONTENT="Hipp." ID="tl_7_6" STYLEREFS="FONT0"/>
            <SP HEIGHT="59" WIDTH="21" VPOS="662" HPOS="1255"/>
            <String HEIGHT="59" WIDTH="249" VPOS="662" HPOS="1172" CONTENT="Flandrin.)" ID="tl_7_7" STYLEREFS="FONT0"/>
          </TextLine>
        </TextBlock>
        <TextBlock ID="r_4_1" HEIGHT="60" WIDTH="743" VPOS="847" HPOS="204">
          <TextLine ID="tl_8" BASELINE="921" HEIGHT="91" WIDTH="758" VPOS="830" HPOS="197">
            <String HEIGHT="91" WIDTH="237" VPOS="830" HPOS="173" CONTENT="ISABEY" ID="tl_8_1" STYLEREFS="FONT0"/>
            <SP HEIGHT="91" WIDTH="24" VPOS="830" HPOS="410"/>
            <String HEIGHT="91" WIDTH="308" VPOS="830" HPOS="339" CONTENT="(EUGÈNE)." ID="tl_8_2" STYLEREFS="FONT0"/>
            <SP HEIGHT="91" WIDTH="24" VPOS="830" HPOS="647"/>
            <String HEIGHT="91" WIDTH="213" VPOS="830" HPOS="576" CONTENT="(Voir" ID="tl_8_3" STYLEREFS="FONT0"/>
            <SP HEIGHT="91" WIDTH="24" VPOS="830" HPOS="789"/>
            <String HEIGHT="91" WIDTH="190" VPOS="830" HPOS="718" CONTENT="page" ID="tl_8_4" STYLEREFS="FONT0"/>
            <SP HEIGHT="91" WIDTH="24" VPOS="830" HPOS="908"/>
            <String HEIGHT="91" WIDTH="142" VPOS="830" HPOS="813" CONTENT="24.)" ID="tl_8_5" STYLEREFS="FONT0"/>
          </TextLine>
        </TextBlock>
        <TextBlock ID="r_4_2" HEIGHT="52" WIDTH="1254" VPOS="942" HPOS="203">
          <TextLine ID="tl_9" BASELINE="1001" HEIGHT="68" WIDTH="1270" VPOS="933" HPOS="195">
            <String HEIGHT="68" WIDTH="175" VPOS="933" HPOS="173" CONTENT="302." ID="tl_9_1" STYLEREFS="FONT0"/>
            <SP HEIGHT="68" WIDTH="22" VPOS="933" HPOS="348"/>
            <String HEIGHT="68" WIDTH="175" VPOS="933" HPOS="283" CONTENT="Bois" ID="tl_9_2" STYLEREFS="FONT0"/>
            <SP HEIGHT="68" WIDTH="22" VPOS="933" HPOS="458"/>
            <String HEIGHT="68" WIDTH="131" VPOS="933" HPOS="392" CONTENT="de" ID="tl_9_3" STYLEREFS="FONT0"/>
            <SP HEIGHT="68" WIDTH="22" VPOS="933" HPOS="523"/>
            <String HEIGHT="68" WIDTH="372" VPOS="933" HPOS="458" CONTENT="Varangeville;" ID="tl_9_4" STYLEREFS="FONT0"/>
            <SP HEIGHT="68" WIDTH="22" VPOS="933" HPOS="830"/>
            <String HEIGHT="68" WIDTH="241" VPOS="933" HPOS="764" CONTENT="prairie" ID="tl_9_5" STYLEREFS="FONT0"/>
            <SP HEIGHT="68" WIDTH="22" VPOS="933" HPOS="1005"/>
            <String HEIGHT="68" WIDTH="219" VPOS="933" HPOS="939" CONTENT="bordée" ID="tl_9_6" STYLEREFS="FONT0"/>
            <SP HEIGHT="68" WIDTH="22" VPOS="933" HPOS="1158"/>
            <String HEIGHT="68" WIDTH="109" VPOS="933" HPOS="1093" CONTENT="à" ID="tl_9_7" STYLEREFS="FONT0"/>
            <SP HEIGHT="68" WIDTH="22" VPOS="933" HPOS="1202"/>
            <String HEIGHT="68" WIDTH="219" VPOS="933" HPOS="1137" CONTENT="droite" ID="tl_9_8" STYLEREFS="FONT0"/>
            <SP HEIGHT="68" WIDTH="22" VPOS="933" HPOS="1356"/>
            <String HEIGHT="68" WIDTH="153" VPOS="933" HPOS="1290" CONTENT="par" ID="tl_9_9" STYLEREFS="FONT0"/>
            <SP HEIGHT="68" WIDTH="22" VPOS="933" HPOS="1443"/>
            <String HEIGHT="68" WIDTH="109" VPOS="933" HPOS="1356" CONTENT="une" ID="tl_9_10" STYLEREFS="FONT0"/>
          </TextLine>
        </TextBlock>
        <TextBlock ID="r_4_3" HEIGHT="50" WIDTH="534" VPOS="992" HPOS="369">
          <TextLine ID="tl_10" BASELINE="1058" HEIGHT="74" WIDTH="548" VPOS="984" HPOS="362">
            <String HEIGHT="74" WIDTH="223" VPOS="984" HPOS="342" CONTENT="lisière" ID="tl_10_1" STYLEREFS="FONT0"/>
            <SP HEIGHT="74" WIDTH="20" VPOS="984" HPOS="565"/>
            <String HEIGHT="74" WIDTH="122" VPOS="984" HPOS="504" CONTENT="de" ID="tl_10_2" STYLEREFS="FONT0"/>
            <SP HEIGHT="74" WIDTH="20" VPOS="984" HPOS="626"/>
            <String HEIGHT="74" WIDTH="183" VPOS="984" HPOS="565" CONTENT="pins;" ID="tl_10_3" STYLEREFS="FONT0"/>
            <SP HEIGHT="74" WIDTH="20" VPOS="984" HPOS="748"/>
            <String HEIGHT="74" WIDTH="244" VPOS="984" HPOS="666" CONTENT="aquarelle." ID="tl_10_4" STYLEREFS="FONT0"/>
          </TextLine>
        </TextBlock>
        <TextBlock ID="r_4_4" HEIGHT="37" WIDTH="312" VPOS="1069" HPOS="416">
          <TextLine ID="tl_11" BASELINE="1114" HEIGHT="57" WIDTH="325" VPOS="1057" HPOS="409">
            <String HEIGHT="57" WIDTH="103" VPOS="1057" HPOS="392" CONTENT="H." ID="tl_11_1" STYLEREFS="FONT0"/>
            <SP HEIGHT="57" WIDTH="17" VPOS="1057" HPOS="495"/>
            <String HEIGHT="57" WIDTH="154" VPOS="1057" HPOS="443" CONTENT="0,25." ID="tl_11_2" STYLEREFS="FONT0"/>
            <SP HEIGHT="57" WIDTH="17" VPOS="1057" HPOS="597"/>
            <String HEIGHT="57" WIDTH="86" VPOS="1057" HPOS="546" CONTENT="—" ID="tl_11_3" STYLEREFS="FONT0"/>
            <SP HEIGHT="57" WIDTH="17" VPOS="1057" HPOS="631"/>
            <String HEIGHT="57" WIDTH="103" VPOS="1057" HPOS="580" CONTENT="L." ID="tl_11_4" STYLEREFS="FONT0"/>
            <SP HEIGHT="57" WIDTH="17" VPOS="1057" HPOS="683"/>
            <String HEIGHT="57" WIDTH="120" VPOS="1057" HPOS="614" CONTENT="0,33." ID="tl_11_5" STYLEREFS="FONT0"/>
          </TextLine>
        </TextBlock>
        <TextBlock ID="r_4_5" HEIGHT="51" WIDTH="1250" VPOS="1143" HPOS="204">
          <TextLine ID="tl_12" BASELINE="1193" HEIGHT="74" WIDTH="1262" VPOS="1119" HPOS="198">
            <String HEIGHT="74" WIDTH="184" VPOS="1119" HPOS="175" CONTENT="303." ID="tl_12_1" STYLEREFS="FONT0"/>
            <SP HEIGHT="74" WIDTH="23" VPOS="1119" HPOS="359"/>
            <String HEIGHT="74" WIDTH="138" VPOS="1119" HPOS="290" CONTENT="Le" ID="tl_12_2" STYLEREFS="FONT0"/>
            <SP HEIGHT="74" WIDTH="23" VPOS="1119" HPOS="427"/>
            <String HEIGHT="74" WIDTH="229" VPOS="1119" HPOS="359" CONTENT="manoir" ID="tl_12_3" STYLEREFS="FONT0"/>
            <SP HEIGHT="74" WIDTH="23" VPOS="1119" HPOS="588"/>
            <String HEIGHT="74" WIDTH="207" VPOS="1119" HPOS="519" CONTENT="Ango," ID="tl_12_4" STYLEREFS="FONT0"/>
            <SP HEIGHT="74" WIDTH="23" VPOS="1119" HPOS="726"/>
            <String HEIGHT="74" WIDTH="115" VPOS="1119" HPOS="657" CONTENT="à" ID="tl_12_5" STYLEREFS="FONT0"/>
            <SP HEIGHT="74" WIDTH="23" VPOS="1119" HPOS="772"/>
            <String HEIGHT="74" WIDTH="390" VPOS="1119" HPOS="703" CONTENT="Varangeville," ID="tl_12_6" STYLEREFS="FONT0"/>
            <SP HEIGHT="74" WIDTH="23" VPOS="1119" HPOS="1093"/>
            <String HEIGHT="74" WIDTH="229" VPOS="1119" HPOS="1024" CONTENT="façade" ID="tl_12_7" STYLEREFS="FONT0"/>
            <SP HEIGHT="74" WIDTH="23" VPOS="1119" HPOS="1253"/>
            <String HEIGHT="74" WIDTH="298" VPOS="1119" HPOS="1162" CONTENT="extérieure;" ID="tl_12_8" STYLEREFS="FONT0"/>
          </TextLine>
        </TextBlock>
        <TextBlock ID="r_4_6" HEIGHT="49" WIDTH="207" VPOS="1194" HPOS="366">
          <TextLine ID="tl_13" BASELINE="1251" HEIGHT="65" WIDTH="222" VPOS="1186" HPOS="358">
            <String HEIGHT="65" WIDTH="266" VPOS="1186" HPOS="314" CONTENT="aquarelle." ID="tl_13_1" STYLEREFS="FONT0"/>
          </TextLine>
        </TextBlock>
        <TextBlock ID="r_4_7" HEIGHT="35" WIDTH="314" VPOS="1269" HPOS="420">
          <TextLine ID="tl_14" BASELINE="1312" HEIGHT="57" WIDTH="328" VPOS="1255" HPOS="413">
            <String HEIGHT="57" WIDTH="98" VPOS="1255" HPOS="397" CONTENT="H." ID="tl_14_1" STYLEREFS="FONT0"/>
            <SP HEIGHT="57" WIDTH="16" VPOS="1255" HPOS="495"/>
            <String HEIGHT="57" WIDTH="98" VPOS="1255" HPOS="446" CONTENT="0," ID="tl_14_2" STYLEREFS="FONT0"/>
            <SP HEIGHT="57" WIDTH="16" VPOS="1255" HPOS="544"/>
            <String HEIGHT="57" WIDTH="115" VPOS="1255" HPOS="495" CONTENT="24." ID="tl_14_3" STYLEREFS="FONT0"/>
            <SP HEIGHT="57" WIDTH="16" VPOS="1255" HPOS="610"/>
            <String HEIGHT="57" WIDTH="82" VPOS="1255" HPOS="561" CONTENT="—" ID="tl_14_4" STYLEREFS="FONT0"/>
            <SP HEIGHT="57" WIDTH="16" VPOS="1255" HPOS="643"/>
            <String HEIGHT="57" WIDTH="98" VPOS="1255" HPOS="593" CONTENT="L." ID="tl_14_5" STYLEREFS="FONT0"/>
            <SP HEIGHT="57" WIDTH="16" VPOS="1255" HPOS="692"/>
            <String HEIGHT="57" WIDTH="115" VPOS="1255" HPOS="626" CONTENT="0,53." ID="tl_14_6" STYLEREFS="FONT0"/>
          </TextLine>
        </TextBlock>
        <TextBlock ID="r_4_8" HEIGHT="48" WIDTH="1254" VPOS="1340" HPOS="205">
          <TextLine ID="tl_15" BASELINE="1384" HEIGHT="56" WIDTH="1268" VPOS="1328" HPOS="198">
            <String HEIGHT="56" WIDTH="188" VPOS="1328" HPOS="175" CONTENT="304." ID="tl_15_1" STYLEREFS="FONT0"/>
            <SP HEIGHT="56" WIDTH="23" VPOS="1328" HPOS="362"/>
            <String HEIGHT="56" WIDTH="188" VPOS="1328" HPOS="292" CONTENT="Rade" ID="tl_15_2" STYLEREFS="FONT0"/>
            <SP HEIGHT="56" WIDTH="23" VPOS="1328" HPOS="480"/>
            <String HEIGHT="56" WIDTH="141" VPOS="1328" HPOS="409" CONTENT="de" ID="tl_15_3" STYLEREFS="FONT0"/>
            <SP HEIGHT="56" WIDTH="23" VPOS="1328" HPOS="550"/>
            <String HEIGHT="56" WIDTH="352" VPOS="1328" HPOS="480" CONTENT="Saint-Malo," ID="tl_15_4" STYLEREFS="FONT0"/>
            <SP HEIGHT="56" WIDTH="23" VPOS="1328" HPOS="832"/>
            <String HEIGHT="56" WIDTH="164" VPOS="1328" HPOS="762" CONTENT="mer" ID="tl_15_5" STYLEREFS="FONT0"/>
            <SP HEIGHT="56" WIDTH="23" VPOS="1328" HPOS="926"/>
            <String HEIGHT="56" WIDTH="282" VPOS="1328" HPOS="855" CONTENT="écumante" ID="tl_15_6" STYLEREFS="FONT0"/>
            <SP HEIGHT="56" WIDTH="23" VPOS="1328" HPOS="1137"/>
            <String HEIGHT="56" WIDTH="235" VPOS="1328" HPOS="1067" CONTENT="venant" ID="tl_15_7" STYLEREFS="FONT0"/>
            <SP HEIGHT="56" WIDTH="23" VPOS="1328" HPOS="1302"/>
            <String HEIGHT="56" WIDTH="141" VPOS="1328" HPOS="1231" CONTENT="se" ID="tl_15_8" STYLEREFS="FONT0"/>
            <SP HEIGHT="56" WIDTH="23" VPOS="1328" HPOS="1372"/>
            <String HEIGHT="56" WIDTH="188" VPOS="1328" HPOS="1278" CONTENT="briser" ID="tl_15_9" STYLEREFS="FONT0"/>
          </TextLine>
        </TextBlock>
        <TextBlock ID="r_4_9" HEIGHT="48" WIDTH="577" VPOS="1389" HPOS="369">
          <TextLine ID="tl_16" BASELINE="1458" HEIGHT="77" WIDTH="591" VPOS="1381" HPOS="362">
            <String HEIGHT="77" WIDTH="153" VPOS="1381" HPOS="340" CONTENT="sur" ID="tl_16_1" STYLEREFS="FONT0"/>
            <SP HEIGHT="77" WIDTH="22" VPOS="1381" HPOS="493"/>
            <String HEIGHT="77" WIDTH="153" VPOS="1381" HPOS="428" CONTENT="des" ID="tl_16_2" STYLEREFS="FONT0"/>
            <SP HEIGHT="77" WIDTH="22" VPOS="1381" HPOS="581"/>
            <String HEIGHT="77" WIDTH="263" VPOS="1381" HPOS="515" CONTENT="rochers;" ID="tl_16_3" STYLEREFS="FONT0"/>
            <SP HEIGHT="77" WIDTH="22" VPOS="1381" HPOS="778"/>
            <String HEIGHT="77" WIDTH="263" VPOS="1381" HPOS="690" CONTENT="aquarelle." ID="tl_16_4" STYLEREFS="FONT0"/>
          </TextLine>
        </TextBlock>
        <TextBlock ID="r_4_10" HEIGHT="35" WIDTH="316" VPOS="1464" HPOS="418">
          <TextLine ID="tl_17" BASELINE="1513" HEIGHT="78" WIDTH="329" VPOS="1435" HPOS="412">
            <String HEIGHT="78" WIDTH="99" VPOS="1435" HPOS="396" CONTENT="H." ID="tl_17_1" STYLEREFS="FONT0"/>
            <SP HEIGHT="78" WIDTH="16" VPOS="1435" HPOS="494"/>
            <String HEIGHT="78" WIDTH="99" VPOS="1435" HPOS="445" CONTENT="0," ID="tl_17_2" STYLEREFS="FONT0"/>
            <SP HEIGHT="78" WIDTH="16" VPOS="1435" HPOS="544"/>
            <String HEIGHT="78" WIDTH="115" VPOS="1435" HPOS="494" CONTENT="19." ID="tl_17_3" STYLEREFS="FONT0"/>
            <SP HEIGHT="78" WIDTH="16" VPOS="1435" HPOS="609"/>
            <String HEIGHT="78" WIDTH="82" VPOS="1435" HPOS="560" CONTENT="—" ID="tl_17_4" STYLEREFS="FONT0"/>
            <SP HEIGHT="78" WIDTH="16" VPOS="1435" HPOS="642"/>
            <String HEIGHT="78" WIDTH="99" VPOS="1435" HPOS="593" CONTENT="L." ID="tl_17_5" STYLEREFS="FONT0"/>
            <SP HEIGHT="78" WIDTH="16" VPOS="1435" HPOS="692"/>
            <String HEIGHT="78" WIDTH="115" VPOS="1435" HPOS="626" CONTENT="0,31." ID="tl_17_6" STYLEREFS="FONT0"/>
          </TextLine>
        </TextBlock>
        <TextBlock ID="r_4_11" HEIGHT="49" WIDTH="1252" VPOS="1535" HPOS="206">
          <TextLine ID="tl_18" BASELINE="1589" HEIGHT="73" WIDTH="1265" VPOS="1516" HPOS="200">
            <String HEIGHT="73" WIDTH="184" VPOS="1516" HPOS="177" CONTENT="305." ID="tl_18_1" STYLEREFS="FONT0"/>
            <SP HEIGHT="73" WIDTH="23" VPOS="1516" HPOS="361"/>
            <String HEIGHT="73" WIDTH="276" VPOS="1516" HPOS="292" CONTENT="Environs" ID="tl_18_2" STYLEREFS="FONT0"/>
            <SP HEIGHT="73" WIDTH="23" VPOS="1516" HPOS="568"/>
            <String HEIGHT="73" WIDTH="138" VPOS="1516" HPOS="499" CONTENT="de" ID="tl_18_3" STYLEREFS="FONT0"/>
            <SP HEIGHT="73" WIDTH="23" VPOS="1516" HPOS="637"/>
            <String HEIGHT="73" WIDTH="345" VPOS="1516" HPOS="568" CONTENT="Saint-Malo," ID="tl_18_4" STYLEREFS="FONT0"/>
            <SP HEIGHT="73" WIDTH="23" VPOS="1516" HPOS="913"/>
            <String HEIGHT="73" WIDTH="184" VPOS="1516" HPOS="844" CONTENT="anse" ID="tl_18_5" STYLEREFS="FONT0"/>
            <SP HEIGHT="73" WIDTH="23" VPOS="1516" HPOS="1028"/>
            <String HEIGHT="73" WIDTH="230" VPOS="1516" HPOS="959" CONTENT="bordée" ID="tl_18_6" STYLEREFS="FONT0"/>
            <SP HEIGHT="73" WIDTH="23" VPOS="1516" HPOS="1189"/>
            <String HEIGHT="73" WIDTH="161" VPOS="1516" HPOS="1120" CONTENT="par" ID="tl_18_7" STYLEREFS="FONT0"/>
            <SP HEIGHT="73" WIDTH="23" VPOS="1516" HPOS="1281"/>
            <String HEIGHT="73" WIDTH="161" VPOS="1516" HPOS="1212" CONTENT="une" ID="tl_18_8" STYLEREFS="FONT0"/>
            <SP HEIGHT="73" WIDTH="23" VPOS="1516" HPOS="1373"/>
            <String HEIGHT="73" WIDTH="184" VPOS="1516" HPOS="1281" CONTENT="plage;" ID="tl_18_9" STYLEREFS="FONT0"/>
          </TextLine>
        </TextBlock>
        <TextBlock ID="r_4_12" HEIGHT="48" WIDTH="196" VPOS="1585" HPOS="372">
          <TextLine ID="tl_19" BASELINE="1639" HEIGHT="62" WIDTH="210" VPOS="1577" HPOS="365">
            <String HEIGHT="62" WIDTH="252" VPOS="1577" HPOS="323" CONTENT="aquarelle." ID="tl_19_1" STYLEREFS="FONT0"/>
          </TextLine>
        </TextBlock>
        <TextBlock ID="r_4_13" HEIGHT="35" WIDTH="309" VPOS="1659" HPOS="418">
          <TextLine ID="tl_20" BASELINE="1719" HEIGHT="74" WIDTH="323" VPOS="1645" HPOS="412">
            <String HEIGHT="74" WIDTH="97" VPOS="1645" HPOS="396" CONTENT="H." ID="tl_20_1" STYLEREFS="FONT0"/>
            <SP HEIGHT="74" WIDTH="16" VPOS="1645" HPOS="493"/>
            <String HEIGHT="74" WIDTH="97" VPOS="1645" HPOS="444" CONTENT="0," ID="tl_20_2" STYLEREFS="FONT0"/>
            <SP HEIGHT="74" WIDTH="16" VPOS="1645" HPOS="541"/>
            <String HEIGHT="74" WIDTH="113" VPOS="1645" HPOS="493" CONTENT="20." ID="tl_20_3" STYLEREFS="FONT0"/>
            <SP HEIGHT="74" WIDTH="16" VPOS="1645" HPOS="606"/>
            <String HEIGHT="74" WIDTH="81" VPOS="1645" HPOS="557" CONTENT="—" ID="tl_20_4" STYLEREFS="FONT0"/>
            <SP HEIGHT="74" WIDTH="16" VPOS="1645" HPOS="638"/>
            <String HEIGHT="74" WIDTH="97" VPOS="1645" HPOS="590" CONTENT="L." ID="tl_20_5" STYLEREFS="FONT0"/>
            <SP HEIGHT="74" WIDTH="16" VPOS="1645" HPOS="687"/>
            <String HEIGHT="74" WIDTH="113" VPOS="1645" HPOS="622" CONTENT="0,34." ID="tl_20_6" STYLEREFS="FONT0"/>
          </TextLine>
        </TextBlock>
        <TextBlock ID="r_5_1" HEIGHT="59" WIDTH="903" VPOS="1812" HPOS="210">
          <TextLine ID="tl_21" BASELINE="1887" HEIGHT="84" WIDTH="917" VPOS="1803" HPOS="203">
            <String HEIGHT="84" WIDTH="217" VPOS="1803" HPOS="179" CONTENT="LAFON" ID="tl_21_1" STYLEREFS="FONT0"/>
            <SP HEIGHT="84" WIDTH="24" VPOS="1803" HPOS="396"/>
            <String HEIGHT="84" WIDTH="483" VPOS="1803" HPOS="324" CONTENT="(JACQUES-ÉMILE)." ID="tl_21_2" STYLEREFS="FONT0"/>
            <SP HEIGHT="84" WIDTH="24" VPOS="1803" HPOS="806"/>
            <String HEIGHT="84" WIDTH="217" VPOS="1803" HPOS="734" CONTENT="(Voir" ID="tl_21_3" STYLEREFS="FONT0"/>
            <SP HEIGHT="84" WIDTH="24" VPOS="1803" HPOS="951"/>
            <String HEIGHT="84" WIDTH="193" VPOS="1803" HPOS="879" CONTENT="page" ID="tl_21_4" STYLEREFS="FONT0"/>
            <SP HEIGHT="84" WIDTH="24" VPOS="1803" HPOS="1072"/>
            <String HEIGHT="84" WIDTH="145" VPOS="1803" HPOS="975" CONTENT="64.)" ID="tl_21_5" STYLEREFS="FONT0"/>
          </TextLine>
        </TextBlock>
        <TextBlock ID="r_5_2" HEIGHT="146" WIDTH="1254" VPOS="1906" HPOS="208">
          <TextLine ID="tl_22" BASELINE="1948" HEIGHT="63" WIDTH="1267" VPOS="1885" HPOS="202">
            <String HEIGHT="63" WIDTH="166" VPOS="1885" HPOS="181" CONTENT="306." ID="tl_22_1" STYLEREFS="FONT0"/>
            <SP HEIGHT="63" WIDTH="21" VPOS="1885" HPOS="347"/>
            <String HEIGHT="63" WIDTH="145" VPOS="1885" HPOS="285" CONTENT="Les" ID="tl_22_2" STYLEREFS="FONT0"/>
            <SP HEIGHT="63" WIDTH="21" VPOS="1885" HPOS="430"/>
            <String HEIGHT="63" WIDTH="166" VPOS="1885" HPOS="368" CONTENT="cinq" ID="tl_22_3" STYLEREFS="FONT0"/>
            <SP HEIGHT="63" WIDTH="21" VPOS="1885" HPOS="534"/>
            <String HEIGHT="63" WIDTH="187" VPOS="1885" HPOS="472" CONTENT="sens." ID="tl_22_4" STYLEREFS="FONT0"/>
            <SP HEIGHT="63" WIDTH="21" VPOS="1885" HPOS="659"/>
            <String HEIGHT="63" WIDTH="104" VPOS="1885" HPOS="597" CONTENT="—" ID="tl_22_5" STYLEREFS="FONT0"/>
            <SP HEIGHT="63" WIDTH="21" VPOS="1885" HPOS="700"/>
            <String HEIGHT="63" WIDTH="166" VPOS="1885" HPOS="638" CONTENT="Cinq" ID="tl_22_6" STYLEREFS="FONT0"/>
            <SP HEIGHT="63" WIDTH="21" VPOS="1885" HPOS="804"/>
            <String HEIGHT="63" WIDTH="249" VPOS="1885" HPOS="742" CONTENT="dessins," ID="tl_22_7" STYLEREFS="FONT0"/>
            <SP HEIGHT="63" WIDTH="21" VPOS="1885" HPOS="991"/>
            <String HEIGHT="63" WIDTH="104" VPOS="1885" HPOS="929" CONTENT="à" ID="tl_22_8" STYLEREFS="FONT0"/>
            <SP HEIGHT="63" WIDTH="21" VPOS="1885" HPOS="1033"/>
            <String HEIGHT="63" WIDTH="125" VPOS="1885" HPOS="971" CONTENT="la" ID="tl_22_9" STYLEREFS="FONT0"/>
            <SP HEIGHT="63" WIDTH="21" VPOS="1885" HPOS="1095"/>
            <String HEIGHT="63" WIDTH="270" VPOS="1885" HPOS="1033" CONTENT="sanguine," ID="tl_22_10" STYLEREFS="FONT0"/>
            <SP HEIGHT="63" WIDTH="21" VPOS="1885" HPOS="1303"/>
            <String HEIGHT="63" WIDTH="125" VPOS="1885" HPOS="1241" CONTENT="de" ID="tl_22_11" STYLEREFS="FONT0"/>
            <SP HEIGHT="63" WIDTH="21" VPOS="1885" HPOS="1365"/>
            <String HEIGHT="63" WIDTH="187" VPOS="1885" HPOS="1282" CONTENT="figures" ID="tl_22_12" STYLEREFS="FONT0"/>
          </TextLine>
          <TextLine ID="tl_23" BASELINE="2005" HEIGHT="59" WIDTH="1102" VPOS="1946" HPOS="366">
            <String HEIGHT="59" WIDTH="375" VPOS="1946" HPOS="344" CONTENT="allégoriques," ID="tl_23_1" STYLEREFS="FONT0"/>
            <SP HEIGHT="59" WIDTH="22" VPOS="1946" HPOS="719"/>
            <String HEIGHT="59" WIDTH="176" VPOS="1946" HPOS="653" CONTENT="pour" ID="tl_23_2" STYLEREFS="FONT0"/>
            <SP HEIGHT="59" WIDTH="22" VPOS="1946" HPOS="829"/>
            <String HEIGHT="59" WIDTH="154" VPOS="1946" HPOS="763" CONTENT="les" ID="tl_23_3" STYLEREFS="FONT0"/>
            <SP HEIGHT="59" WIDTH="22" VPOS="1946" HPOS="917"/>
            <String HEIGHT="59" WIDTH="287" VPOS="1946" HPOS="851" CONTENT="peintures" ID="tl_23_4" STYLEREFS="FONT0"/>
            <SP HEIGHT="59" WIDTH="22" VPOS="1946" HPOS="1137"/>
            <String HEIGHT="59" WIDTH="287" VPOS="1946" HPOS="1071" CONTENT="exécutées" ID="tl_23_5" STYLEREFS="FONT0"/>
            <SP HEIGHT="59" WIDTH="22" VPOS="1946" HPOS="1358"/>
            <String HEIGHT="59" WIDTH="132" VPOS="1946" HPOS="1292" CONTENT="en" ID="tl_23_6" STYLEREFS="FONT0"/>
            <SP HEIGHT="59" WIDTH="22" VPOS="1946" HPOS="1424"/>
            <String HEIGHT="59" WIDTH="132" VPOS="1946" HPOS="1336" CONTENT="1856" ID="tl_23_7" STYLEREFS="FONT0"/>
          </TextLine>
          <TextLine ID="tl_24" BASELINE="2069" HEIGHT="67" WIDTH="666" VPOS="2002" HPOS="369">
            <String HEIGHT="67" WIDTH="133" VPOS="2002" HPOS="347" CONTENT="au" ID="tl_24_1" STYLEREFS="FONT0"/>
            <SP HEIGHT="67" WIDTH="22" VPOS="2002" HPOS="480"/>
            <String HEIGHT="67" WIDTH="244" VPOS="2002" HPOS="413" CONTENT="château" ID="tl_24_2" STYLEREFS="FONT0"/>
            <SP HEIGHT="67" WIDTH="22" VPOS="2002" HPOS="658"/>
            <String HEIGHT="67" WIDTH="266" VPOS="2002" HPOS="591" CONTENT="d’Haroue" ID="tl_24_3" STYLEREFS="FONT0"/>
            <SP HEIGHT="67" WIDTH="22" VPOS="2002" HPOS="857"/>
            <String HEIGHT="67" WIDTH="266" VPOS="2002" HPOS="769" CONTENT="(Meurthe)." ID="tl_24_4" STYLEREFS="FONT0"/>
          </TextLine>
        </TextBlock>
        <TextBlock ID="r_5_3" HEIGHT="38" WIDTH="603" VPOS="2076" HPOS="423">
          <TextLine ID="tl_25" BASELINE="2139" HEIGHT="85" WIDTH="617" VPOS="2054" HPOS="416">
            <String HEIGHT="85" WIDTH="103" VPOS="2054" HPOS="399" CONTENT="H." ID="tl_25_1" STYLEREFS="FONT0"/>
            <SP HEIGHT="85" WIDTH="17" VPOS="2054" HPOS="502"/>
            <String HEIGHT="85" WIDTH="154" VPOS="2054" HPOS="450" CONTENT="0,50." ID="tl_25_2" STYLEREFS="FONT0"/>
            <SP HEIGHT="85" WIDTH="17" VPOS="2054" HPOS="605"/>
            <String HEIGHT="85" WIDTH="86" VPOS="2054" HPOS="553" CONTENT="—" ID="tl_25_3" STYLEREFS="FONT0"/>
            <SP HEIGHT="85" WIDTH="17" VPOS="2054" HPOS="639"/>
            <String HEIGHT="85" WIDTH="103" VPOS="2054" HPOS="587" CONTENT="L." ID="tl_25_4" STYLEREFS="FONT0"/>
            <SP HEIGHT="85" WIDTH="17" VPOS="2054" HPOS="690"/>
            <String HEIGHT="85" WIDTH="103" VPOS="2054" HPOS="639" CONTENT="0," ID="tl_25_5" STYLEREFS="FONT0"/>
            <SP HEIGHT="85" WIDTH="17" VPOS="2054" HPOS="742"/>
            <String HEIGHT="85" WIDTH="120" VPOS="2054" HPOS="690" CONTENT="25." ID="tl_25_6" STYLEREFS="FONT0"/>
            <SP HEIGHT="85" WIDTH="17" VPOS="2054" HPOS="810"/>
            <String HEIGHT="85" WIDTH="86" VPOS="2054" HPOS="759" CONTENT="—" ID="tl_25_7" STYLEREFS="FONT0"/>
            <SP HEIGHT="85" WIDTH="17" VPOS="2054" HPOS="844"/>
            <String HEIGHT="85" WIDTH="137" VPOS="2054" HPOS="793" CONTENT="Fig." ID="tl_25_8" STYLEREFS="FONT0"/>
            <SP HEIGHT="85" WIDTH="17" VPOS="2054" HPOS="930"/>
            <String HEIGHT="85" WIDTH="103" VPOS="2054" HPOS="879" CONTENT="de" ID="tl_25_9" STYLEREFS="FONT0"/>
            <SP HEIGHT="85" WIDTH="17" VPOS="2054" HPOS="982"/>
            <String HEIGHT="85" WIDTH="120" VPOS="2054" HPOS="913" CONTENT="0,30." ID="tl_25_10" STYLEREFS="FONT0"/>
          </TextLine>
        </TextBlock>
        <TextBlock ID="r_6_1" HEIGHT="41" WIDTH="728" VPOS="2486" HPOS="473">
          <TextLine ID="tl_26" BASELINE="2552" HEIGHT="76" WIDTH="743" VPOS="2476" HPOS="465">
            <String HEIGHT="76" WIDTH="149" VPOS="2476" HPOS="446" CONTENT="Typ." ID="tl_26_1" STYLEREFS="FONT0"/>
            <SP HEIGHT="76" WIDTH="19" VPOS="2476" HPOS="595"/>
            <String HEIGHT="76" WIDTH="204" VPOS="2476" HPOS="539" CONTENT="Charles" ID="tl_26_2" STYLEREFS="FONT0"/>
            <SP HEIGHT="76" WIDTH="19" VPOS="2476" HPOS="744"/>
            <String HEIGHT="76" WIDTH="111" VPOS="2476" HPOS="688" CONTENT="de" ID="tl_26_3" STYLEREFS="FONT0"/>
            <SP HEIGHT="76" WIDTH="19" VPOS="2476" HPOS="799"/>
            <String HEIGHT="76" WIDTH="223" VPOS="2476" HPOS="744" CONTENT="Mourgues" ID="tl_26_4" STYLEREFS="FONT0"/>
            <SP HEIGHT="76" WIDTH="19" VPOS="2476" HPOS="967"/>
            <String HEIGHT="76" WIDTH="204" VPOS="2476" HPOS="911" CONTENT="frères." ID="tl_26_5" STYLEREFS="FONT0"/>
            <SP HEIGHT="76" WIDTH="19" VPOS="2476" HPOS="1115"/>
            <String HEIGHT="76" WIDTH="93" VPOS="2476" HPOS="1059" CONTENT="—" ID="tl_26_6" STYLEREFS="FONT0"/>
            <SP HEIGHT="76" WIDTH="19" VPOS="2476" HPOS="1152"/>
            <String HEIGHT="76" WIDTH="130" VPOS="2476" HPOS="1078" CONTENT="6993." ID="tl_26_7" STYLEREFS="FONT0"/>
          </TextLine>
        </TextBlock>
        <GraphicalElement ID="r_8" HEIGHT="13" WIDTH="1710" VPOS="49" HPOS="1"/>
        <GraphicalElement ID="r_9" HEIGHT="9" WIDTH="547" VPOS="2464" HPOS="564"/>
        <GraphicalElement ID="r_10" HEIGHT="2538" WIDTH="7" VPOS="46" HPOS="1"/>
        <GraphicalElement ID="r_11" HEIGHT="2783" WIDTH="17" VPOS="57" HPOS="1701"/>
        <Illustration ID="r_7" HEIGHT="239" WIDTH="252" VPOS="2648" HPOS="635"/>
      </PrintSpace>
    </Page>
  </Layout>
</alto>
