1655 3012
6 225 234 71 DE
123 225 429 71 LETTRES
435 225 624 71 AUTOGRAPHES,
903 225 507 71 MANUSCRITS,

384 304 312 94 DOCUMENTS
629 304 357 94 HISTORIQUES,
897 304 156 94 ETC.,

77 464 253 114 D'
179 464 607 114 AUGUSTE
583 464 759 114 LAVERDET,

305 580 123 111 A
355 580 246 111 Paris,
527 580 172 111 rue
625 580 418 111 Saint-Lazare,
945 580 197 111 24

507 765 205 83 Vente
661 765 85 83 à
678 765 273 83 l’amiable,

281 817 165 73 soit
385 817 145 73 par
467 817 310 73 l’insertion
715 817 165 73 dans
819 817 124 73 le
860 817 310 73 bulletin,

107 873 168 88 soit
212 873 147 88 aux
296 873 252 88 enchères
486 873 294 88 publiques,
717 873 126 88 de
780 873 316 88 Collections
1032 873 126 88 ou
1075 873 273 88 parties

283 935 174 67 de
399 935 291 67 Collections
631 935 116 67 de
690 935 213 67 Lettres
825 935 349 67 autographes,

435 976 313 66 Documents
670 976 353 66 historiques,

479 1028 342 51 Manuscrits,
764 1028 171 51 etc.,
859 1028 114 51 etc.

48 1084 269 68 Achats.
255 1084 103 68 —
296 1084 269 68 Échanges.
503 1084 103 68 —
544 1084 310 68 Expertises.
792 1084 103 68 —
833 1084 269 68 Rédaction
1040 1084 124 68 de
1081 1084 331 68 Catalogues

329 1216 169 98 N°
413 1216 197 98 25.
526 1216 141 98 —
582 1216 365 98 AVRIL-MAI
835 1216 281 98 1859

8 1408 195 92 4084.
138 1408 369 92 Charon
442 1408 282 92 (Pierre),
659 1408 282 92 théologal
876 1408 130 92 de
941 1408 217 92 Bazas,
1093 1408 174 92 puis
1202 1408 260 92 d’Arcqs,
1375 1408 87 92 de

52 1493 272 46 Lectour,
256 1493 249 46 d’Agen,
438 1493 136 46 de
506 1493 249 46 Cahors,
687 1493 136 46 de
755 1493 227 46 Condom
914 1493 136 46 et
982 1493 136 46 de
1050 1493 295 46 Bordeaux,
1254 1493 204 46 auteur:

56 1538 164 62 De
165 1538 110 62 la
220 1538 329 62 Sagesse..
494 1538 110 62 Sa
549 1538 238 62 signature
732 1538 274 62 Charron,
951 1538 274 62 député
1171 1538 164 62 comme
1280 1538 183 62 député
1390 1538 73 62 du

51 1585 228 57 clergé
211 1585 137 57 du
279 1585 251 57 diocèse
462 1585 137 57 de
530 1585 296 57 Bordeaux,
758 1585 160 57 sur
849 1585 160 57 une
941 1585 205 57 pièce
1077 1585 228 57 signée
1237 1585 205 57 aussi
1351 1585 114 57 par

51 1641 282 50 plusieurs
268 1641 261 50 députés,
464 1641 130 50 et
529 1641 348 50 l’archevêque
811 1641 130 50 de
877 1641 282 50 Bordeaux.
1094 1641 282 50 Bordeaux,
1311 1641 130 50 12
1354 1641 109 50 mai

52 1686 202 50 1582.
186 1686 157 50 Une
276 1686 202 50 belle
411 1686 179 50 page
523 1686 247 50 in-fol.
702 1686 359 50 Conservation
994 1686 269 50 parfaite
1196 1686 202 50 (voir
1308 1686 157 50 notre

54 1728 152 52 27e
141 1728 304 52 catalogue,
380 1728 195 52 Vente
510 1728 130 52 du
575 1728 130 52 16
640 1728 239 52 février
814 1728 195 52 1859,
944 1728 130 52 n°
1009 1728 195 52 170).
1139 1728 195 52 Pièce
1270 1728 130 52 de
1313 1728 152 52 toute

-31 1770 1172 65 rareté,
822 1770 746 65 150
1141 1770 320 65 »

101 1814 170 62 Nous
207 1814 192 62 avons
335 1814 234 62 comparé
505 1814 192 62 cette
633 1814 277 62 signature
846 1814 170 62 avec
953 1814 192 62 celle
1081 1814 149 62 qui
1166 1814 128 62 se
1230 1814 213 62 trouve
1357 1814 107 62 sur

55 1860 130 70 le
120 1860 195 70 titre
250 1860 130 70 du
315 1860 217 70 volume
467 1860 152 70 que
554 1860 238 70 possède
727 1860 130 70 la
792 1860 347 70 bibliothèque
1074 1860 303 70 impériale,
1291 1860 173 70 prove-

57 1916 173 61 nant
165 1916 130 61 de
230 1916 130 61 la
295 1916 194 61 vente
425 1916 194 61 A.-A.
554 1916 281 61 Renouard;
771 1916 130 61 il
835 1916 108 61 y
879 1916 108 61 a
922 1916 259 61 identité
1116 1916 259 61 parfaite
1311 1916 130 61 de
1354 1916 108 61 si-

56 1977 241 52 gnature
232 1977 132 52 et
298 1977 329 52 d’écriture.
561 1977 198 52 Voici
693 1977 241 52 comment
868 1977 154 52 est
956 1977 220 52 décrit
1110 1977 132 52 ce
1176 1977 263 52 précieux
1351 1977 110 52 vo-

56 2019 181 50 lumé
170 2019 181 50 dans
283 2019 136 50 le
351 2019 294 50 catalogue
554 2019 249 50 Renouard.

104 2054 189 67 «171.
230 2054 126 67 Il
293 2054 293 67 catechimo,
523 2054 105 67 0
565 2054 168 67 vero
670 2054 335 67 institutione
942 2054 293 67 Christiana
1173 2054 126 67 di
1236 2054 126 67 M.
1277 2054 189 67 Bernar-

58 2095 183 80 «dino
179 2095 203 80 Ochino
322 2095 122 80 da
382 2095 203 80 Siena,
524 2095 122 80 in
585 2095 183 80 forma
707 2095 122 80 di
768 2095 244 80 diagolo.
951 2095 183 80 In
1072 2095 325 80 Basilea
1316 2095 142 80 1561.

63 2163 124 57 «in
134 2163 106 57 8,
187 2163 141 57 mar.
275 2163 159 57 vert,
381 2163 141 57 fil.
469 2163 124 57 tr.
540 2163 141 57 dor.
628 2163 159 57 tabis
716 2163 318 57 (Derome).

104 2194 166 72 «Cet
208 2194 290 72 exemplaire
435 2194 103 72 a
477 2194 269 72 appartenu
684 2194 103 72 à
725 2194 269 72 Michel
932 2194 124 72 de
994 2194 372 72 Montaigne
1304 2194 166 72 dont
1387 2194 83 72 la

59 2250 285 65 «signature
283 2250 143 65 est
364 2250 143 65 sur
446 2250 122 65 le
507 2250 204 65 titre;
649 2250 122 65 il
710 2250 122 65 en
772 2250 143 65 fit
853 2250 224 65 présent
1016 2250 102 65 à
1057 2250 244 65 Charron,
1240 2250 122 65 de
1301 2250 122 65 la
1342 2250 122 65 main

60 2304 212 55 «duquel
214 2304 154 55 sont
311 2304 193 55 écrits
446 2304 135 55 ces
523 2304 154 55 mots
619 2304 174 55 aussi
735 2304 135 55 sur
812 2304 116 55 le
870 2304 193 55 titre:
1005 2304 289 55 Charron,
1237 2304 116 55 ex
1275 2304 193 55 dono

62 2349 86 52 «
96 2349 206 52 dicti
251 2349 172 52 domini
371 2349 103 52 de
422 2349 223 52 Montaigne
594 2349 103 52 in
646 2349 120 52 tuo
714 2349 292 52 Castello
955 2349 86 52 2
989 2349 223 52 julij,
1161 2349 206 52 anno
1315 2349 155 52 1586,
1401 2349 69 52 et

61 2398 164 84 «plus
170 2398 164 84 haut:
279 2398 219 84 Liber
443 2398 346 84 prohibitus
716 2398 55 84 »

19 2538 175 82 4085.
135 2538 310 82 Acton
387 2538 213 82 (Joseph
542 2538 213 82 Hecton,
697 2538 175 82 dit),
814 2538 233 82 ministre
988 2538 291 82 napolitain,
1221 2538 194 82 favori
1357 2538 116 82 de
1395 2538 78 82 la

63 2605 216 62 Reine,
215 2605 216 62 fameux
366 2605 151 62 par
453 2605 151 62 ses
539 2605 303 62 intrigues,
778 2605 151 62 ses
864 2605 303 62 vengeances
1102 2605 130 62 et
1167 2605 151 62 ses
1232 2605 238 62 cruautés.

62 2657 117 49 L.
121 2657 156 49 aut.
219 2657 156 49 sig.
316 2657 137 49 (en
395 2657 254 49 italien),
590 2657 98 49 à
629 2657 254 49 l’abbé...
824 2657 98 49 8
863 2657 215 49 juillet
1020 2657 176 49 1788,
1137 2657 137 49 293
1215 2657 117 49 p.
1274 2657 176 49 in-4.
1391 2657 98 49 6
1410 2657 59 49 »

24 2698 141 71 4085
113 2698 265 71 bis
325 2698 283 71 Affre
554 2698 212 71 (Denis),
713 2698 247 71 archevêque
908 2698 106 71 de
961 2698 177 71 Paris,
1084 2698 124 71 tué
1155 2698 141 71 dans
1243 2698 124 71 les
1296 2698 177 71 journées

65 2764 117 72 de
124 2764 157 72 juin
222 2764 176 72 1848.
339 2764 117 72 1°
398 2764 117 72 L.
457 2764 157 72 aut.
555 2764 176 72 sig.,
672 2764 98 72 à
711 2764 196 72 Mgr...
848 2764 196 72 Paris,
985 2764 117 72 20
1044 2764 176 72 avril
1161 2764 176 72 1845.
1278 2764 98 72 1
1317 2764 117 72 p.
1357 2764 117 72 in8.
