1671 2962
601 60 183 92 —
675 60 256 92 339
784 60 110 92 —

74 174 238 64 pellent
247 174 216 64 depuis
399 174 303 64 longtemps.
637 174 151 64 Son
724 174 195 64 désir
853 174 151 64 est
940 174 130 64 de
1005 174 238 64 prendre
1178 174 303 64 possession
1394 174 87 64 du

74 213 185 74 siège
198 213 288 74 d’Orléans,
424 213 123 74 le
485 213 267 74 dimanche,
691 213 103 74 4
712 213 206 74 juillet.

33 265 184 63 4102.
155 265 347 63 Bernis
441 265 143 63 (le
522 265 245 63 cardinal
706 265 163 63 de),
808 265 326 63 ambassadeur,
1073 265 265 63 ministre,
1277 265 204 63 poëte.
1399 265 82 63 L.

77 313 186 50 sig.,
201 313 103 50 à
243 313 124 50 M.
305 313 269 50 Trudaine.
511 313 186 50 Alby,
635 313 124 50 15
697 313 227 50 juillet
863 313 186 50 1765,
987 313 103 50 1
1028 313 124 50 p.
1090 313 124 50 et
1152 313 186 50 demie
1276 313 186 50 in-4.
1400 313 103 50 2
1421 313 62 50 »

29 346 196 84 4103.
160 346 348 84 Berri
443 346 174 84 (Mme
551 346 131 84 la
617 346 261 84 duchesse
813 346 174 84 de),
921 346 174 84 mère
1030 346 131 84 de
1095 346 131 84 M.
1161 346 131 84 le
1226 346 152 84 duc
1313 346 131 84 de
1356 346 131 84 Bor

76 407 214 56 deaux.
225 407 128 56 L.
289 407 171 56 aut.
396 407 171 56 sig.
503 407 128 56 de
567 407 150 56 son
653 407 256 56 initiale
845 407 150 56 C.,
930 407 107 56 à
973 407 128 56 M.
1037 407 128 56 le
1101 407 192 56 baron
1230 407 128 56 de
1294 407 214 56 Damas,
1422 407 64 56 à

75 457 358 53 Saint-Cloud.
366 457 134 53 28
433 457 157 53 mai
522 457 201 53 1830.
657 457 246 53 Demi-p.
836 457 201 53 in-4.
970 457 157 53 (Le
1060 457 224 53 cachet
1216 457 112 53 a
1261 457 157 53 été
1328 457 157 53 arra-

-56 504 1387 50 ché.)
869 504 771 50 6
1023 504 462 50 »

28 553 187 65 4104.
153 553 333 65 Biron
424 553 229 65 (Armand
590 553 125 65 de
653 553 250 65 Gontaut,
840 553 271 65 seigneur,
1048 553 187 65 baron
1173 553 166 65 de),
1256 553 229 65 maréchal,

76 600 198 64 grand
208 600 220 64 amiral
362 600 132 64 de
428 600 242 64 France,
605 600 154 64 tué
693 600 132 64 au
759 600 198 64 siège
891 600 308 64 d’Epernay,
1133 600 132 64 en
1200 600 198 64 1592.
1332 600 132 64 Sa
1376 600 110 64 si-

77 654 234 57 gnature
247 654 149 57 sur
332 654 128 57 un
396 654 170 57 rôle
502 654 234 57 d’homme
672 654 255 57 d’armes,
864 654 128 57 et
928 654 319 57 contresig.,
1183 654 170 57 avec
1268 654 213 57 cachets,

78 705 128 61 en
142 705 170 61 date
248 705 128 61 de
312 705 213 61 Paris,
461 705 128 61 du
525 705 106 61 3
567 705 149 61 mai
652 705 191 61 1576.
780 705 106 61 3
822 705 149 61 gr.
908 705 128 61 p.
971 705 234 61 in-fol.
1142 705 255 61 (Parch.,
1312 705 170 61 incom-

46 744 462 57 plète
353 744 308 57 du
507 744 923 57 commencement.)
1277 744 256 57 4
1328 744 154 57 »

32 789 172 64 4405.
147 789 383 64 Bonaparte
473 789 249 64 (Napoléon
664 789 172 64 Ier).
779 789 115 64 L.
837 789 153 64 sig.
932 789 422 64 Buonaparte
1296 789 172 64 comme
1392 789 96 64 gé

76 841 187 54 néral
201 841 291 54 commandant
429 841 332 54 d’artillerie
699 841 125 54 de
761 841 228 54 l’armée
927 841 270 54 d’Italie.
1135 841 187 54 Nice,
1260 841 104 54 9
1280 841 208 54 messidor

62 888 219 57 an
171 888 255 57 II.
317 888 401 57 Demi-p.
609 888 401 57 in-fol.
900 888 292 57 Tête
1083 888 328 57 impr.
1302 888 219 57 10
1375 888 109 57 »

30 923 175 78 4106.
146 923 388 78 Bonaparte
476 923 252 78 (Napoléon
670 923 175 78 Ier).
786 923 194 78 Ordres
922 923 155 78 sig.
1019 923 408 78 Bonaparte
1349 923 136 78 comme

76 983 235 61 général
246 983 128 61 en
310 983 171 61 chef
417 983 128 61 de
481 983 235 61 l’armée
651 983 277 61 d’Italie.
865 983 320 61 Montebello,
1121 983 107 61 6
1163 983 256 61 prairial
1355 983 128 61 an
1398 983 85 61 V.

25 1032 364 64 1
171 1032 510 64 gr.
462 1032 437 64 p.
681 1032 656 64 in-4.
1119 1032 364 64 7
1191 1032 292 64 50

32 1053 172 88 4107.
147 1053 382 88 Bonaparte
472 1053 249 88 (Napoléon
663 1053 172 88 Ier).
778 1053 191 88 Brevet
911 1053 153 88 sig.
1007 1053 382 88 Bonaparte
1332 1053 115 88 et
1370 1053 115 88 con

83 1130 166 66 tres.
193 1130 221 66 Alex.
359 1130 313 66 Berthier
617 1130 111 66 et
673 1130 240 66 Hugues
857 1130 258 66 Haret
1060 1130 240 66 accordant
1244 1130 129 66 une
1318 1130 166 66 somme
1410 1130 74 66 de

76 1174 166 59 cent
180 1174 207 59 francs
325 1174 104 59 à
367 1174 124 59 la
429 1174 187 59 veuve
553 1174 124 59 de
615 1174 124 59 Le
677 1174 207 59 Blanc,
823 1174 207 59 soldat
968 1174 124 59 de
1030 1174 228 59 l’armée
1196 1174 270 59 d’Italie.
1382 1174 104 59 Pa-

76 1223 185 62 ris,
191 1223 115 62 3
237 1223 254 62 floréal
422 1223 139 62 an
491 1223 139 62 X.
561 1223 208 62 Pièce
699 1223 162 62 sur
792 1223 231 62 parch.
953 1223 277 62 Vignette
1161 1223 139 62 de
1230 1223 231 62 Roger.
1369 1223 115 62 Ca-

-56 1271 1383 51 chet.
866 1271 768 51 6
1020 1271 461 51 »

32 1320 189 68 4108.
158 1320 421 68 Bomaparte
516 1320 253 68 (Élisa),
705 1320 274 68 princesse
916 1320 126 68 de
979 1320 231 68 Lucques
1147 1320 126 68 et
1210 1320 126 68 de
1253 1320 231 68 Piombino,

75 1368 173 54 sœur
183 1368 130 54 de
248 1368 259 54 Napoléon
443 1368 173 54 ler.
550 1368 130 54 L.
615 1368 173 54 aut.
723 1368 194 54 sig.,
853 1368 108 54 à
896 1368 130 54 M.
961 1368 238 54 Sappey.
1134 1368 108 54 2
1155 1368 324 54 fructidor....

-1 1416 494 51 4
197 1416 593 51 p.
493 1416 890 51 in-8.
1087 1416 494 51 5
1185 1416 297 51 »

31 1444 177 87 4109.
149 1444 373 87 Bordeaux
464 1444 550 87 (Henri-Charles-Ferdinand
955 1444 413 87 Dieudonné,
1309 1444 138 87 duc
1368 1444 118 87 de).

75 1513 239 52 Devoirs
249 1513 304 52 d’histoire
488 1513 152 52 sur
574 1513 347 52 l’allocution
857 1513 130 52 de
922 1513 260 52 Philippe
1117 1513 239 52 Auguste
1291 1513 152 52 aux
1356 1513 130 52 sei-

75 1556 231 66 gneurs
237 1556 139 66 et
306 1556 162 66 aux
399 1556 254 66 soldats
584 1556 139 66 de
653 1556 162 66 son
746 1556 208 66 armée
885 1556 208 66 avant
1023 1556 139 66 la
1093 1556 278 66 bataille
1301 1556 139 66 de
1347 1556 139 66 Bou-

76 1616 214 65 vines.
225 1616 214 65 Dictée
375 1616 128 65 du
439 1616 128 65 15
503 1616 171 65 mars
610 1616 192 65 1830.
739 1616 171 65 Aut.
845 1616 171 65 sig.
952 1616 107 65 1
995 1616 150 65 gr.
1081 1616 128 65 p.
1145 1616 150 65 pl.
1230 1616 192 65 in-4.
1337 1616 150 65 Très-

15 1663 734 52 belle
505 1663 816 52 pièce.
1076 1663 490 52 40
1239 1663 245 52 »

30 1702 199 69 4410.
162 1702 397 69 Bossuet
493 1702 485 69 (Jacques-Bénigne),
912 1702 221 69 évêque
1067 1702 132 69 de
1133 1702 221 69 Meaux.
1287 1702 132 69 1°
1332 1702 154 69 Frag-

75 1753 185 53 ment
190 1753 185 53 aut.
306 1753 231 53 (extr.
468 1753 139 53 de
537 1753 254 53 Daillé,
722 1753 231 53 auteur
884 1753 370 53 protestant),
1184 1753 116 53 1
1231 1753 139 53 p.
1300 1753 208 53 in-8.
1416 1753 69 53 —

77 1794 138 67 2°
146 1794 253 67 Devoirs
330 1794 138 67 du
399 1794 207 67 grand
537 1794 276 67 Dauphin,
744 1794 276 67 corrigés
951 1794 161 67 par
1043 1794 276 67 Bossuet.
1250 1794 138 67 12
1319 1794 161 67 gr.
1388 1794 92 67 p.

-56 1850 1385 56 in-4.
867 1850 769 56 9
1021 1850 462 56 »

34 1887 184 75 4111.
156 1887 389 75 Bouillon
484 1887 143 75 (le
565 1887 245 75 cardinal
750 1887 164 75 de).
852 1887 123 75 L.
913 1887 164 75 aut.
1015 1887 184 75 sig.,
1138 1887 102 75 à
1179 1887 123 75 M.
1241 1887 245 75 l’évêque
1404 1887 82 75 de

78 1942 238 49 Condom.
251 1942 346 49 Montpellier,
532 1942 130 49 14
597 1942 194 49 avril
727 1942 194 49 1688.
856 1942 108 49 1
900 1942 130 49 p.
964 1942 151 49 pl.
1051 1942 173 49 in-4
1159 1942 303 49 (frippée).
1397 1942 108 49 5
1418 1942 65 49 «

34 1986 176 72 4112.
152 1986 372 72 Bouillon
465 1986 137 72 (le
543 1986 137 72 duc
621 1986 156 72 de).
719 1986 117 72 L.
778 1986 156 72 aut.
876 1986 176 72 sig.,
993 1986 98 72 à
1032 1986 196 72 l’abbé
1169 1986 117 72 de
1208 1986 274 72 Hautefeuile.

64 2040 346 59 Marly,
306 2040 207 59 29
410 2040 311 59 sept.
618 2040 311 59 1709.
825 2040 173 59 1
894 2040 207 59 p.
998 2040 242 59 pl.
1136 2040 311 59 in-4.
1344 2040 173 59 3
1378 2040 104 59 »

34 2079 201 60 4113.
168 2079 447 60 Bourgueil
548 2079 223 60 auteur
704 2079 335 60 dramatique.
972 2079 134 60 L.
1039 2079 179 60 aut.
1151 2079 201 60 sig.,
1285 2079 112 60 à
1330 2079 134 60 M.
1374 2079 112 60 Mé

66 2142 290 60 jean.
259 2142 161 60 1
323 2142 193 60 p.
420 2142 225 60 pl.
549 2142 193 60 et
646 2142 290 60 demie
839 2142 290 60 in-4.
1032 2142 419 60 Curieuse.
1354 2142 161 60 2
1386 2142 97 60 »

34 2180 195 72 4114.
164 2180 390 72 Bouvaré
489 2180 477 72 (Michel-Philippe),
901 2180 238 72 célèbre
1074 2180 260 72 médecin,
1269 2180 217 72 membre
1399 2180 87 72 de

78 2234 312 58 l’Académie
323 2234 156 58 des
412 2234 290 58 sciences.
635 2234 134 58 Né
701 2234 111 58 à
746 2234 290 58 Chartres.
969 2234 356 58 Consultation
1258 2234 178 58 aut.
1347 2234 134 58 sig.

67 2274 346 65 Paris,
309 2274 207 65 20
413 2274 277 65 août
586 2274 311 65 1771.
794 2274 173 65 2
863 2274 242 65 gr.
1001 2274 207 65 p.
1105 2274 311 65 in-4.
1347 2274 173 65 6
1381 2274 104 65 »

36 2329 172 68 4115.
151 2329 306 68 Bouve
400 2329 325 68 (Francisque),
668 2329 191 68 député
802 2329 115 68 de
859 2329 306 68 l'Ain
1108 2329 96 68 à
1146 2329 268 68 1Assembiee
1338 2329 153 68 natio

83 2373 152 60 nale
178 2373 114 60 de
235 2373 171 60 1848.
349 2373 114 60 L.
406 2373 152 60 aut.
502 2373 171 60 sig.,
616 2373 114 60 au
673 2373 247 60 rédacteur
863 2373 114 60 en
920 2373 152 60 chef
1015 2373 114 60 de
1072 2373 171 60 La
1168 2373 323 60 République

70 2427 331 62 Paris,
301 2427 198 62 30
401 2427 364 62 octobre
665 2427 298 62 1849.
864 2427 165 62 3
930 2427 198 62 p.
1029 2427 232 62 pl.
1161 2427 298 62 in-8.
1360 2427 165 62 3
1393 2427 99 62 »

129 2484 126 56 Au
192 2484 189 56 sujet
318 2484 126 56 de
380 2484 272 56 violences
590 2484 168 56 dont
695 2484 126 56 M.
758 2484 126 56 le
821 2484 189 56 maire
946 2484 126 56 de
1009 2484 230 56 Trévoux
1177 2484 105 56 a
1219 2484 147 56 été
1281 2484 210 56 l’objet.

35 2531 196 64 4416.
166 2531 544 64 Boyer-Fonfrède
644 2531 261 64 (J.-B.),
840 2531 370 64 conventionel,
1145 2531 131 64 se
1210 2531 239 64 signala
1362 2531 131 64 dans

81 2573 141 53 le
152 2573 212 53 parti
293 2573 141 53 de
364 2573 141 53 la
434 2573 259 53 Gironde
622 2573 165 53 par
716 2573 165 53 son
810 2573 259 53 courage
998 2573 141 53 et
1069 2573 165 53 son
1163 2573 329 53 éloquence.
1398 2573 94 53 Né

86 2616 115 64 en
143 2616 173 64 1766.
259 2616 135 64 Mis
336 2616 96 64 à
374 2616 154 64 mort
470 2616 115 64 en
528 2616 173 64 1793.
644 2616 115 64 Sa
701 2616 269 64 signature,
913 2616 115 64 et
971 2616 173 64 celle
1086 2616 115 64 de
1125 2616 365 64 Crozilhac

83 2664 211 68 comme
223 2664 258 68 députés
411 2664 445 68 extraordinaires
786 2664 141 68 de
856 2664 141 68 la
926 2664 258 68 commune
1114 2664 141 68 de
1184 2664 305 68 Bordeaux,
1395 2664 94 68 au

83 2715 141 69 bas
163 2715 181 69 d’une
284 2715 282 69 adresse
506 2715 121 69 de
566 2715 121 69 la
626 2715 322 69 municipalité
888 2715 121 69 de
948 2715 242 69 Bordeaux
1130 2715 101 69 à
1150 2715 342 69 l’Assemblée

85 2759 323 64 nationale,
351 2759 304 64 relativement
598 2759 133 64 aux
674 2759 285 64 prétentions
903 2759 114 64 de
960 2759 114 64 la
1017 2759 209 64 commune
1169 2759 133 64 sur
1245 2759 133 64 les
1302 2759 190 64 ter
