1588 3073
640 91 182 95 —
676 91 182 95 340

124 174 236 93 rains
301 174 118 93 du
360 174 216 93 château
517 174 275 93 Trompette,
733 174 255 93 présentée
930 174 138 93 par
1008 174 138 93 MM.
1087 174 354 93 Boyer-Fonfrède
1362 174 157 93 et

119 245 467 64 Crosilhac
519 245 200 64 (Juin
652 245 222 64 1792.)
808 245 111 64 6
852 245 156 64 gr.
941 245 133 64 p.
1008 245 156 64 pl.
1097 245 244 64 in-fol.
1275 245 200 64 Rare.
1408 245 111 64 7
1430 245 89 64 50

71 310 200 53 4117.
204 310 377 53 Brignolles
515 310 288 53 Sales
736 310 200 53 (de),
870 310 333 53 ambassadeur
1136 310 133 53 de
1202 310 311 53 Sardaigne.
1424 310 89 53 L.

117 341 125 68 a.
180 341 146 68 s.,
263 341 104 68 à
305 341 125 68 M.
368 341 293 68 l’abbé....
598 341 188 68 Jeudi
723 341 104 68 3
765 341 209 68 avril.
911 341 104 68 1
953 341 125 68 p.
1016 341 146 68 pl.
1099 341 188 68 in-8.
1224 341 272 68 Curieuse.
1433 341 104 68 2
1454 341 63 68 »

71 396 189 64 4118.
197 396 399 64 Brougham
533 396 231 64 (lord),
701 396 231 64 célèbre
868 396 378 64 jurisconsulte.
1183 396 126 64 L.
1246 396 126 64 a.
1309 396 126 64 s.
1351 396 168 64 Paris,

130 437 130 67 14
195 437 196 67 avril
326 437 196 67 1838.
456 437 109 67 1
500 437 130 67 p.
565 437 152 67 pl.
652 437 196 67 in-4.
783 437 239 67 Cachet.
957 437 261 67 Question
1152 437 326 67 judiciaire.
1413 437 109 67 3
1435 437 87 67 50

73 498 183 52 4119.
195 498 366 52 Cagnoli
500 498 285 52 (Antoine),
723 498 264 52 astronome
926 498 122 52 et
987 498 346 52 mathématicien
1272 498 244 52 italien.
1435 498 81 52 L.

119 544 176 59 aut.
229 544 198 59 sig.,
361 544 110 59 à
404 544 132 59 M.
470 544 220 59 Firmin
624 544 220 59 Didot.
778 544 241 59 Véronc,
953 544 132 59 13
1019 544 198 59 sept.
1151 544 198 59 1790.
1283 544 110 59 1
1326 544 132 59 p.
1392 544 132 59 pl
1436 544 88 59 et

57 582 863 65 quart.
661 582 776 65 in-4.
1178 582 431 65 3
1264 582 259 65 »

74 616 181 74 4120.
195 616 463 74 Cambjacérès,
597 616 181 74 père.
718 616 121 74 L.
778 616 161 74 aut.
879 616 181 74 sig.,
1000 616 121 74 au
1060 616 242 74 ministre
1241 616 141 74 des
1302 616 221 74 finances.

118 677 332 63 Bédavide,
374 677 128 63 3
425 677 384 63 vendémiaire
732 677 153 63 an
809 677 230 63 VIII.
962 677 128 63 3
1014 677 179 63 gr.
1116 677 153 63 p.
1193 677 281 63 in-fol.
1397 677 153 63 20
1448 677 77 63 »

171 717 250 75 Relative
359 717 125 75 au
421 717 250 75 payement
609 717 125 75 de
672 717 271 75 l’arriéré
880 717 125 75 de
943 717 125 75 sa
1006 717 250 75 pension.
1193 717 125 75 Il
1235 717 292 75 l’entretient

123 783 153 63 des
211 783 329 63 difficultés
474 783 285 63 éprouvées
693 783 175 63 dans
803 783 153 63 ses
890 783 285 63 fonctions
1110 783 132 63 de
1175 783 175 63 juge
1285 783 132 63 de
1351 783 175 63 paix
1438 783 88 63 de

123 835 293 54 Bédavide,
325 835 135 54 etc.

75 861 195 71 4121.
205 861 455 71 Cambacérès
596 861 434 71 (Étienne-Hubert,
964 861 195 71 comte
1094 861 173 71 de),
1203 861 282 71 sénateur,
1398 861 130 71 car-

126 911 170 77 nal,
232 911 297 77 archevêque
466 911 127 77 de
529 911 212 77 Rouen,
678 911 191 77 oncle
806 911 127 77 de
869 911 489 77 l’archi-chancelier.
1294 911 106 77 —
1337 911 127 77 1°
1379 911 149 77 Pièce

125 975 319 54 épiscopale,
380 975 170 54 sig.
486 975 106 54 1
528 975 127 54 p.
592 975 191 54 in-4.
720 975 234 54 Cachet.
890 975 106 54 —
932 975 127 54 2°
996 975 127 54 L.
1060 975 170 54 aut.
1166 975 191 54 sig.,
1293 975 127 54 au
1336 975 191 54 citoyen

126 1024 293 58 Directeur.
356 1024 335 58 Montpellier,
628 1024 126 58 29
691 1024 230 58 ventôse
858 1024 126 58 an
921 1024 167 58 VII,
1026 1024 105 58 1
1068 1024 146 58 gr.
1151 1024 126 58 p.
1214 1024 146 58 pl.
1298 1024 188 58 in-4.
1423 1024 126 58 10
1465 1024 63 58 »

175 1060 177 66 Sans
286 1060 333 66 patrimoine,
552 1060 244 66 accablé
729 1060 377 66 d'infirmités,
1040 1060 244 66 quoique
1217 1060 155 66 peu
1306 1060 222 66 avancé
1439 1060 89 66 en

125 1122 182 64 âge,
239 1122 136 64 le
307 1122 159 64 non
398 1122 272 64 payement
602 1122 136 64 de
670 1122 136 64 sa
738 1122 250 64 pension
919 1122 408 64 ecclésiastique
1260 1122 227 64 depuis
1396 1122 136 64 deux

129 1157 171 64 ans,
236 1157 128 64 le
300 1157 150 64 met
385 1157 171 64 dans
492 1157 150 64 une
578 1157 342 64 très-pénible
834 1157 257 64 situation.

79 1196 195 77 4122.
209 1196 499 77 Cambacérès,
643 1196 390 77 conventionnel,
968 1196 434 77 archi-chancelier
1337 1196 130 77 de
1380 1196 152 77 l’Em

135 1264 174 68 pire,
251 1264 155 68 etc.
348 1264 116 68 L.
406 1264 174 68 sig.,
522 1264 116 68 au
580 1264 194 68 préfet
716 1264 116 68 de
774 1264 194 68 police
909 1264 213 68 Dubois.
1064 1264 194 68 Paris,
1200 1264 116 68 14
1258 1264 213 68 juillet
1393 1264 136 68 1809.

96 1310 287 57 1
210 1310 345 57 p.
383 1310 517 57 in-4.
728 1310 747 57 Curieuse.
1302 1310 287 57 3
1360 1310 172 57 »

87 1356 176 68 4123.
205 1356 410 68 Caraccioli
556 1356 137 68 (le
634 1356 215 68 marquis
791 1356 371 68 Louis-Antoine),
1103 1356 313 68 littérateur.
1357 1356 117 68 L.
1396 1356 137 68 aut.,

128 1410 128 66 à
180 1410 306 66 Maradan.
409 1410 255 66 Paris,
588 1410 153 66 19
665 1410 306 66 novembre
895 1410 230 66 1789.
1048 1410 128 66 1
1099 1410 153 66 p.
1175 1410 179 66 pl.
1278 1410 230 66 in-4.
1431 1410 128 66 6
1456 1410 77 66 »

180 1456 135 57 Au
248 1456 203 57 sujet
383 1456 135 57 de
451 1456 135 57 la
518 1456 248 57 manière
699 1456 135 57 de
766 1456 225 57 vendre
924 1456 158 57 les
1014 1456 360 57 brochures...
1307 1456 225 57 «Quand
1442 1456 90 57 on

134 1492 142 62 «a
205 1492 332 62 maintenant
467 1492 166 62 une
562 1492 261 62 feuille
752 1492 285 62 volante,
965 1492 142 62 on
1036 1492 190 62 s'en
1155 1492 237 62 défait
1321 1492 190 62 dans
1416 1492 119 62 une

136 1543 293 68 «matinée,
362 1543 270 68 fût-elle
565 1543 113 68 à
610 1543 203 68 mille
745 1543 135 68 et
813 1543 180 68 deux
925 1543 203 68 mille
1061 1543 361 68 exemplaires,
1354 1543 180 68 mais
1444 1543 90 68 il

139 1599 188 56 «faut
264 1599 146 56 les
348 1599 209 56 donner
494 1599 146 56 aux
578 1599 230 56 crieurs
745 1599 146 56 des
829 1599 188 56 rues,
954 1599 125 56 et
1017 1599 334 56 lorsqu’elles
1288 1599 188 56 n’ont
1393 1599 146 56 point

137 1652 151 59 «de
224 1652 172 59 nom,
331 1652 129 59 on
396 1652 172 59 leur
504 1652 302 59 recommande
741 1652 129 59 de
805 1652 129 59 ne
870 1652 194 59 point
999 1652 151 59 les
1086 1652 215 59 crier,
1236 1652 129 59 et
1301 1652 129 59 de
1366 1652 151 59 ies
1430 1652 108 59 au-

138 1680 253 76 «honcer
322 1680 184 76 tout
437 1680 322 76 simplement
690 1680 115 76 à
736 1680 322 76 l’orcille,
988 1680 138 76 on
1057 1680 138 76 de
1126 1680 161 76 les
1218 1680 299 76 présenter
1425 1680 115 76 aux

138 1741 226 73 «yeux,
296 1741 181 73 tout
409 1741 135 73 se
477 1741 181 73 vend
590 1741 203 73 comme
725 1741 203 73 cela,
861 1741 135 73 et
929 1741 135 73 il
996 1741 158 73 n’y
1087 1741 113 73 a
1132 1741 158 73 pas
1222 1741 248 73 d’autre
1380 1741 158 73 moyen

137 1793 187 58 «de
218 1793 268 58 veudre.»

97 1821 173 82 4124.
212 1821 404 82 Castellane
559 1821 135 82 (le
636 1821 212 82 marquis
790 1821 154 82 de),
886 1821 327 82 très-instruit
1156 1821 135 82 sur
1233 1821 135 82 les
1291 1821 250 82 beaux

142 1895 388 49 collectionneur
466 1895 129 49 de
530 1895 280 49 gravures,
746 1895 215 49 auteur
897 1895 129 49 de
961 1895 237 49 poësies
1134 1895 302 49 fugitives.
1371 1895 129 49 L.
1414 1895 129 49 aut.

143 1927 194 68 sig.,
273 1927 108 68 à
316 1927 129 68 M.
380 1927 237 68 Dumège,
552 1927 108 68 à
595 1927 280 68 Toulouse.
810 1927 280 68 Toulouse,
1026 1927 108 68 2
1069 1927 194 68 août.
1198 1927 108 68 1
1241 1927 151 68 gr.
1327 1927 151 68 pl.
1391 1927 151 68 in

88 1971 1371 65 tniéressante.
1217 1971 403 65 3
1298 1971 242 65 »

104 2012 180 85 4125.
224 2012 360 85 Catinat
524 2012 240 85 (Nicolas
704 2012 160 85 de),
804 2012 240 85 maréchal
984 2012 120 85 de
1044 2012 220 85 France,
1204 2012 120 85 L.
1264 2012 180 85 sig.,
1384 2012 100 85 à
1424 2012 120 85 M.
1464 2012 80 85 de

145 2067 262 65 Mévaine.
342 2067 393 65 Saint-Gratien,
669 2067 131 65 25
735 2067 153 65 mai
822 2067 197 65 1741.
953 2067 109 65 1
997 2067 131 65 p.
1062 2067 153 65 pl.
1150 2067 197 65 in-4.
1281 2067 240 65 Cachet.
1456 2067 109 65 4
1477 2067 66 65 »

100 2112 183 80 4126.
222 2112 367 80 Cazalès
528 2112 204 80 l’abbé
670 2112 204 80 Edmond
813 2112 163 80 de),
915 2112 163 80 fils
1017 2112 122 80 du
1078 2112 224 80 célèbre
1241 2112 224 80 Jacques
1404 2112 122 80 de
1445 2112 102 80 Ca

147 2173 222 58 zalès,
302 2173 222 58 député
457 2173 111 58 à
502 2173 333 58 l’Assemblée
768 2173 355 58 constituante
1056 2173 133 58 de
1123 2173 200 58 1789,
1256 2173 288 58 supérieur
1455 2173 89 58 du

145 2206 284 74 séminaire
364 2206 131 74 de
429 2206 306 74 Montauban,
670 2206 219 74 député
823 2206 109 74 à
867 2206 328 74 l’Assemblée
1129 2206 284 74 nationale
1348 2206 131 74 de
1392 2206 153 74 1848,

151 2272 127 60 L.
214 2272 190 60 aut.,
341 2272 190 60 sig.,
468 2272 106 60 à
510 2272 233 60 Mgr....
679 2272 296 60 Moutauban,
912 2272 106 60 4
954 2272 169 60 mars
1060 2272 190 60 1846.
1187 2272 106 60 2
1229 2272 127 60 p.
1292 2272 190 60 in-4.
1398 2272 148 60 Inté-

74 2303 1278 69 ressante.
1057 2303 491 69 3
1155 2303 393 69 50

100 2342 194 84 4127.
230 2342 410 84 Chabroud
575 2342 281 84 (Charles,
791 2342 238 84 avocat,
964 2342 216 84 député
1115 2342 151 84 aux
1180 2342 367 84 Etats

151 2413 202 57 auteur
292 2413 121 57 du
353 2413 222 57 rapport
515 2413 142 57 sur
596 2413 142 57 les
677 2413 344 57 Evénements
960 2413 142 57 des
1040 2413 101 57 5
1081 2413 121 57 et
1142 2413 101 57 6
1182 2413 324 57 octobre
1445 2413 121 57 Né
1485 2413 61 57 à

156 2447 319 68 Vienne
419 2447 225 68 (Isère).
588 2447 113 68 L.
645 2447 150 68 aut.
738 2447 169 68 sig.,
851 2447 94 68 à
889 2447 113 68 M.
945 2447 207 68 Baudry,
1095 2447 169 68 avoué
1208 2447 94 68 à
1246 2447 225 68 Orléans.
1396 2447 150 68 Paris,

141 2504 180 67 16
231 2504 359 67 janvier,
500 2504 269 67 1814.
680 2504 150 67 1
740 2504 180 67 p.
830 2504 269 67 in-8.
1009 2504 479 67 Rare
1398 2504 150 67 7
1428 2504 120 67 50

103 2541 188 86 4128.
229 2541 482 86 Chamnpcenciz
648 2541 147 86 (le
731 2541 230 86 marquis
899 2541 168 86 de),
1004 2541 293 86 gouverneur
1234 2541 147 86 des
1297 2541 251 86 Tuileries.

148 2594 306 70 Certificat
389 2594 175 70 aut.
498 2594 175 70 sig.
607 2594 197 70 comme
739 2594 306 70 commandant
979 2594 131 70 de
1045 2594 306 70 l’équipage
1286 2594 131 70 du
1351 2594 153 70 roi
1417 2594 131 70 pour

150 2637 125 81 le
213 2637 188 81 daim.
338 2637 209 81 Paris,
484 2637 125 81 16
547 2637 230 81 février
714 2637 188 81 1758.
840 2637 104 81 2
881 2637 125 81 p.
944 2637 167 81 in-8
1049 2637 125 81 en
1111 2637 251 81 travers.
1299 2637 167 81 Joli
1383 2637 167 81 cachet

103 2701 344 58 à
241 2701 412 58 la
447 2701 550 58 cire
790 2701 687 58 rouge.
1271 2701 344 58 6
1340 2701 206 58 »

102 2737 178 86 4129.
221 2737 377 86 Chaslet,
538 2737 317 86 dessinateur,
796 2737 238 86 peintre.
974 2737 119 86 L.
1034 2737 159 86 aut.
1133 2737 178 86 sig.,
1252 2737 99 86 à
1291 2737 119 86 M.
1351 2737 198 86 Davin,
1470 2737 79 86 au

145 2791 260 82 Musée.
327 2791 130 82 1
379 2791 156 82 p.
457 2791 234 82 in-4.
613 2791 156 82 En
691 2791 260 82 faveur
872 2791 156 82 de
950 2791 182 82 son
1054 2791 234 82 élève
1210 2791 312 82 Guillou.
1444 2791 130 82 5
1470 2791 78 82 »
