1686 2951
65 110 174 89 4130.
181 110 349 89 Chasles
472 110 310 89 (Philarète),
724 110 310 89 littérateur.
976 110 116 89 L.
1034 110 155 89 aut.
1131 110 174 89 sig.,
1247 110 97 89 à
1266 110 78 89 M.

1303 105 209 92 Egron.

1363 173 148 73 1
1392 173 118 73 50

1226 195 134 105 à
1253 195 107 105 M.

1343 212 140 79 le
1389 212 117 79 vi-

1362 269 175 69 3
1397 269 105 69 »

60 195 193 99 4131.
188 195 386 99 Clauzel
510 195 257 99 maréchal
703 195 129 99 de
767 195 236 99 France.
939 195 129 99 L.
1003 195 172 99 aut.
1089 195 150 99 sig.,

105 263 236 63 comte..
276 263 215 63 Paris,
426 263 129 63 20
491 263 258 63 juillet.
684 263 107 63 2
727 263 129 63 p.
791 263 150 63 pl.
856 263 150 63 in

150 303 346 69 Rectification
434 303 122 69 de
495 303 203 69 l’état
638 303 122 69 de
699 303 142 69 ses
780 303 244 69 services
963 303 203 69 depuis
1085 303 142 69 1792.

60 355 179 67 4132.
179 355 338 67 Coffin
457 355 278 67 (Charles),
676 355 218 67 recteur
835 355 119 67 de
894 355 338 67 l’Université.
1172 355 119 67 Il
1232 355 99 67 a
1272 355 218 67 composé
1411 355 99 67 des

107 413 193 63 hymnes
242 413 154 63 pour
338 413 116 63 le
396 413 251 63 bréviaire
589 413 116 63 de
647 413 193 63 Paris.
782 413 116 63 Né
840 413 96 63 à
879 413 347 63 Buzancy
1168 413 212 63 (Aisne)
1322 413 116 63 en
1361 413 135 63 1676.

103 457 182 82 Mort
217 457 114 82 à
262 457 205 82 Paris
399 457 136 82 en
467 457 205 82 1749;
604 457 296 82 Quittance
831 457 136 82 de
899 457 227 82 quatre
1059 457 227 82 lignes
1218 457 182 82 aut.
1309 457 159 82 sig.,

79 498 449 62 juillet
406 498 368 62 1728.
651 498 531 62 Demi-pege
1060 498 409 62 in-4.5
1346 498 204 62 6
1386 498 123 62 »

59 545 179 71 4133.
178 545 179 71 Comdé
298 545 199 71 (Louis
437 545 119 71 II
496 545 119 71 de
556 545 239 71 Bourbon,
735 545 199 71 prince
874 545 159 71 de),
973 545 139 71 dit
1053 545 119 71 le
1113 545 338 71 Grand
1371 545 139 71 Ordre

101 603 134 59 au
168 603 201 59 sieur
302 603 246 59 Jacques
481 603 224 59 Manyot
637 603 134 59 de
704 603 224 59 sortir
861 603 358 59 sur-le-champ
1151 603 134 59 de
1218 603 134 59 sa
1285 603 224 59 maison
1420 603 89 59 de

101 648 227 53 Blois,
260 648 181 53 pour
373 648 136 53 la
441 648 272 53 remettre
645 648 204 53 entre
781 648 159 53 les
872 648 204 53 mains
1008 648 136 53 de
1076 648 227 53 Jeanne
1234 648 136 53 de
1302 648 136 53 La
1347 648 159 53 Haye.

100 693 105 56 à
142 693 252 56 laquelle
331 693 126 56 il
394 693 105 56 a
436 693 189 56 donné
562 693 126 56 la
625 693 357 56 conciergerie,
919 693 189 56 etc.,
1045 693 168 56 etc.
1150 693 357 56 Saint-Germain
1423 693 84 56 en

104 739 192 53 Laye,
232 739 107 53 2
275 739 192 53 sept.
403 739 192 53 1662.
531 739 107 53 1
574 739 128 53 p.
638 739 192 53 in-4.
766 739 235 53 Cachet.
937 739 256 53 Curieuse
1108 739 171 53 pièce.

1316 743 124 59 10

58 783 167 71 4134.
170 783 297 71 Condé
411 783 186 71 (Henri
541 783 111 71 de
597 783 223 71 Bourbon,
764 783 186 71 prince
894 783 149 71 de),
987 783 149 71 père
1080 783 111 71 du
1136 783 297 71 Grand
1358 783 149 71 Condé.

100 838 130 53 L.
165 838 173 53 avec
274 838 130 53 la
339 838 347 53 souscription
620 838 195 53 d’une
750 838 195 53 ligne
880 838 173 53 aut.
988 838 130 53 10
1053 838 173 53 oct.
1162 838 195 53 1610.
1270 838 238 53 Demi

53 887 761 60 in-fol.
606 887 761 60 Cachet.
1160 887 346 60 3
1229 887 277 60 50

55 926 192 69 4135.
183 926 342 69 Condé
461 926 363 69 (Louis-Joseph
760 926 128 69 de
824 926 256 69 Bourbon,
1016 926 214 69 prince
1166 926 171 69 de).
1273 926 128 69 L.
1337 926 192 69 sig.,
1444 926 64 69 à

94 975 149 63 M.
169 975 272 63 Amelot.
367 975 347 63 Chantilly,
639 975 149 63 26
713 975 198 63 juin
837 975 223 63 1788.
985 975 124 63 2
1035 975 173 63 gr.
1134 975 149 63 p.
1208 975 272 63 in-fol.
1406 975 124 63 4
1431 975 74 63 »

148 1019 153 71 Les
236 1019 285 71 histoires
455 1019 197 71 aussi
586 1019 263 71 absurdes
783 1019 504 71 qu’invraisemblables
1221 1019 153 71 que
1309 1019 175 71 l’on
1396 1019 110 71 ré-

99 1071 176 64 pand
209 1071 110 64 à
253 1071 198 64 Dijon
385 1071 132 64 ne
451 1071 242 64 peuvent
627 1071 352 64 qu’augmenter
913 1071 132 64 la
979 1071 374 64 fermentation,
1287 1071 132 64 et
1353 1071 132 64 il
1397 1071 110 64 est

101 1124 175 55 bien
211 1124 110 55 à
255 1124 241 55 désirer
430 1124 154 55 que
518 1124 132 55 la
584 1124 263 55 présence
781 1124 132 55 du
847 1124 263 55 régiment
1044 1124 132 55 de
1110 1124 285 55 chasseurs
1330 1124 197 55 qu’on
1439 1124 66 55 y

99 1179 220 74 envoie
253 1179 220 74 puisse
407 1179 242 74 ramener
582 1179 132 74 la
648 1179 351 74 tranquillité
934 1179 132 74 et
1000 1179 220 74 calmer
1132 1179 373 74 l’effervescence

101 1213 144 65 des
184 1213 186 65 têtes
287 1213 268 65 échauffées.

56 1254 183 75 4136.
178 1254 407 75 Coquereau
524 1254 244 75 (l’abbé)
707 1254 244 75 aumônier
890 1254 224 75 général
1053 1254 122 75 de
1114 1254 122 75 la
1175 1254 224 75 Flotte.
1338 1254 122 75 L.
1379 1254 122 75 aut.

98 1321 191 56 sig.,
225 1321 106 56 à
268 1321 170 56 M...
374 1321 361 56 Castellamare.
672 1321 106 56 7
714 1321 234 56 sept...
884 1321 106 56 3
927 1321 128 56 p.
991 1321 149 56 pl.
1076 1321 128 56 et
1140 1321 191 56 demie
1267 1321 191 56 in-8.
1395 1321 128 56 12
1437 1321 64 56 »

149 1365 142 55 Ils
230 1365 223 55 étaient
392 1365 202 55 devant
533 1365 202 55 Naples
675 1365 121 55 le
736 1365 121 55 24
797 1365 182 55 août,
918 1365 142 55 cle
999 1365 121 55 28
1060 1365 121 55 S.
1120 1365 121 55 A.
1181 1365 121 55 R.
1242 1365 223 55 partait
1384 1365 121 55 pour

96 1419 207 56 «Rome
234 1419 184 56 afin
350 1419 138 56 de
419 1419 300 56 présenter
649 1419 161 56 ses
741 1419 277 56 hommages
949 1419 346 56 respectueux
1225 1419 138 56 au
1295 1419 138 56 St
1341 1419 161 56 Père.

98 1463 151 50 «Le
185 1463 216 50 prince
336 1463 194 50 n’est
466 1463 194 50 resté
595 1463 194 50 qu'un
725 1463 173 50 jour
833 1463 108 50 à
876 1463 173 50 Rome
984 1463 173 50 afin
1092 1463 130 50 de
1157 1463 173 50 bien
1264 1463 194 50 faire
1372 1463 130 50 con-

98 1501 241 65 «naître
274 1501 110 65 à
317 1501 175 65 tous
427 1501 197 65 qu’il
559 1501 132 65 ne
625 1501 219 65 venait
778 1501 154 65 pas
866 1501 175 65 pour
976 1501 175 65 voir
1085 1501 175 65 Rome
1195 1501 197 65 qu’il
1327 1501 132 65 ne
1370 1501 132 65 con-

101 1553 299 63 «naissait
331 1553 299 63 cependant
561 1553 184 63 pas,
676 1553 184 63 mais
791 1553 207 63 qu’il
930 1553 230 63 venait
1091 1553 299 63 seulement
1321 1553 138 63 pr
1367 1553 138 63 voir

98 1593 144 62 «le
181 1593 186 62 Pape.
305 1593 186 62 Cette
428 1593 206 62 visite
572 1593 186 62 ainsi
696 1593 186 62 faite
820 1593 103 62 a
861 1593 227 62 produit
1026 1593 144 62 une
1108 1593 268 62 sensation
1294 1593 206 62 immense,

101 1656 212 53 «c’est
249 1656 127 53 le
313 1656 234 53 premier
483 1656 212 53 prince
632 1656 149 53 qui
717 1656 170 53 soit
823 1656 212 53 encore
972 1656 170 53 allé
1078 1656 276 53 féliciter
1291 1656 127 53 le
1333 1656 170 53 souve-

98 1698 197 61 «rain
230 1698 241 61 pontife
405 1698 175 61 même
514 1698 131 61 en
580 1698 263 61 comptant
777 1698 153 61 les
865 1698 241 61 princes
1040 1698 285 61 italiens.
1237 1698 263 61 L’autriche

99 1747 241 55 «menace
274 1747 241 55 Naples,
450 1747 197 55 boude
581 1747 131 55 le
647 1747 197 55 grand
778 1747 153 55 duc
866 1747 131 55 de
931 1747 263 55 Toscane,
1129 1747 131 55 se
1194 1747 175 55 sent
1282 1747 219 55 entraîné

99 1796 197 57 «vers
231 1796 131 57 le
296 1796 197 57 pape,
428 1796 175 57 mais
537 1796 197 57 n’ose
669 1796 241 57 encore.
844 1796 175 57 Rome
953 1796 263 57 présente
1151 1796 131 57 un
1216 1796 175 57 état
1304 1796 197 57 d’exal-

99 1846 237 57 «tation
272 1846 151 57 qui
358 1846 129 57 ne
422 1846 194 57 s'est
551 1846 215 57 jamais
702 1846 237 57 produit
874 1846 151 57 sur
960 1846 151 57 une
1046 1846 258 57 pareille
1240 1846 258 57 échelle.
1412 1846 86 57 Si

97 1896 161 51 «le
189 1896 184 51 pape
304 1896 230 51 venait
465 1896 115 51 à
511 1896 184 51 être
626 1896 230 51 malade
787 1896 138 51 ou
855 1896 253 51 mourait
1039 1896 138 51 on
1108 1896 276 51 nagerait
1315 1896 184 51 dans
1407 1896 92 51 le

98 1929 215 59 «sang,
249 1929 151 59 les
335 1929 237 59 menaces
508 1929 215 59 contre
659 1929 151 59 les
745 1929 280 59 cardinaux
960 1929 129 59 de
1025 1929 129 59 la
1090 1929 345 59 congrégation
1348 1929 151 59 qu’on

98 1982 275 55 «suppose
305 1982 275 55 hostiles
511 1982 138 55 se
580 1982 184 55 font
695 1982 275 55 entendre
901 1982 230 55 chaque
1062 1982 207 55 jour.
1200 1982 298 55 Cependant
1406 1982 92 55 le

99 2030 209 60 «parti
245 2030 250 60 arriéré,
433 2030 125 60 ou
496 2030 355 60 l’opposition,
788 2030 167 60 soit
892 2030 146 60 par
975 2030 271 60 politique
1184 2030 125 60 ou
1226 2030 271 60 conscience,

95 2083 230 57 «voit
249 2083 256 57 chaque
428 2083 204 57 jour
555 2083 153 57 se
632 2083 307 57 détacher
862 2083 409 57 quelques-uns
1194 2083 153 57 de
1271 2083 179 57 ses
1348 2083 153 57 mem-

98 2122 213 67 «bres,
247 2122 171 67 etc.
332 2122 128 67 etc.

51 2163 189 68 4137.
177 2163 399 68 Custines
513 2163 147 68 (le
597 2163 231 68 marquis
765 2163 126 68 A.
827 2163 168 68 de),
932 2163 210 68 auteur
1079 2163 168 68 d’un
1184 2163 231 68 ouvrage
1352 2163 147 68 sur
1415 2163 84 68 la

98 2222 237 86 Russie.
271 2222 129 86 L.
335 2222 172 86 aut.
443 2222 194 86 sig.,
572 2222 108 86 à
616 2222 215 86 Mgr...
766 2222 215 86 Paris,
917 2222 129 86 18
982 2222 194 86 sept.
1111 2222 108 86 1
1154 2222 129 86 p.
1219 2222 151 86 pl.
1305 2222 129 86 et
1348 2222 151 86 demie

4 2263 1037 73 in-8.
695 2263 576 73 5
925 2263 576 73 1
1040 2263 461 73 50

49 2316 187 59 4138.
174 2316 560 59 Cuvillier-Fleury
671 2316 332 59 littérateur.
940 2316 124 59 L.
1003 2316 166 59 aut.
1106 2316 187 59 sig.,
1231 2316 187 59 comme
1334 2316 166 59 secré

96 2372 207 56 taire
234 2372 161 56 des
326 2372 391 56 commandements
648 2372 138 56 de
717 2372 138 56 M.
786 2372 138 56 le
854 2372 161 56 duc
946 2372 299 56 d’Aumale.
1153 2372 345 56 Palais

67 2406 247 68 5
165 2406 346 68 mai
363 2406 444 68 1847.
659 2406 296 68 1.
807 2406 296 68 p.
955 2406 444 68 in-8.
1251 2406 247 68 2
1301 2406 197 68 50

50 2460 192 74 4139.
178 2460 427 74 Dambray,
540 2460 299 74 chancelier
775 2460 128 74 de
839 2460 235 74 France.
1009 2460 128 74 L.
1073 2460 171 74 aut.
1180 2460 192 74 sig.,
1308 2460 128 74 au
1351 2460 149 74 comte

90 2507 325 53 Germain.
334 2507 271 53 Paris,
523 2507 162 53 28
604 2507 298 53 octobre
821 2507 244 53 1820.
984 2507 135 53 4
1038 2507 190 53 gr.
1146 2507 162 53 p.
1227 2507 244 53 in-4.
1390 2507 135 53 4
1417 2507 81 53 »

142 2565 205 56 Lettre
286 2565 246 56 curieuse
471 2565 123 56 au
533 2565 185 56 sujet
656 2565 144 56 des
738 2565 288 56 élections.
964 2565 308 56 Statistique
1210 2565 144 56 des
1293 2565 205 56 partis
1416 2565 82 56 en

92 2606 284 68 présence,
289 2606 131 68 etc.

49 2628 195 79 4140.
179 2628 325 79 Daru
439 2628 151 79 (le
525 2628 238 79 comte),
698 2628 281 79 ministre,
915 2628 216 79 membre
1066 2628 130 79 de
1131 2628 303 79 l’Académie
1348 2628 151 79 fran-

92 2713 238 87 çaise.
259 2713 143 87 L.
330 2713 190 87 aut.
449 2713 190 87 sig.
568 2713 238 87 Posen,
735 2713 119 87 2
783 2713 286 87 décembre
997 2713 214 87 1806.
1140 2713 119 87 1
1187 2713 143 87 p.
1259 2713 214 87 in-4.
1402 2713 119 87 2
1426 2713 71 87 »

1344 453 177 73 2
