1663 2895
585 45 184 110 —
659 45 258 110 343
769 45 111 110 —

67 135 171 78 tête
173 135 192 78 d’une
301 135 256 78 pétition
493 135 256 78 adressée
685 135 107 78 à
728 135 128 78 la
792 135 299 78 convention
1026 135 299 78 nationale.
1261 135 128 78 19
1303 135 171 78 messi-

36 215 359 58 dor
241 215 308 58 an
395 215 359 58 II.
600 215 256 58 1
703 215 308 58 p.
856 215 564 58 in-fol.
1267 215 256 58 4
1318 215 154 58 »

17 257 205 72 4161.
154 257 524 72 Esehassériaux
609 257 228 72 jeune,
768 257 410 72 conventionnel.
1110 257 137 72 L.
1178 257 205 72 sig.,
1292 257 182 72 signée

66 308 189 56 aussi
192 308 147 56 par
276 308 189 56 Brun,
403 308 316 56 Bouissereu,
655 308 253 56 Thénard,
845 308 168 56 etc.
950 308 210 56 Paris,
1097 308 126 56 23
1160 308 232 56 ventôte
1329 308 126 56 an
1371 308 105 56 II.

18 355 346 56 1
156 355 416 56 p.
364 355 623 56 in-4.
1195 355 346 56 5
1264 355 208 56 »

23 385 172 80 4162.
138 385 459 80 Eschassériaux
539 385 172 80 aine,
654 385 115 80 et
712 385 459 80 Eschasseriaux
1113 385 191 80 jeune,
1228 385 249 80 convention

64 458 202 64 nels.
198 458 292 64 Apostille
423 458 179 64 aut.
535 458 202 64 sig.,
669 458 135 64 en
737 458 202 64 marge
871 458 202 64 d’une
1006 458 269 64 pétition
1208 458 269 64 adressée
1387 458 90 64 au

66 501 300 66 Directoire
301 501 257 66 exécutif
494 501 193 66 (avec
623 501 150 66 des
708 501 321 66 appostilles
966 501 193 66 aut.,
1094 501 171 66 sig.
1201 501 129 66 de
1244 501 236 66 Gauthier,

64 548 254 56 Florent
249 548 231 56 Guiot,
410 548 254 56 Mailhe,
595 548 231 56 Neveu,
756 548 231 56 etc.).
918 548 139 56 18
987 548 277 56 brumaire
1195 548 139 56 an
1264 548 162 56 IV.
1357 548 115 56 2
1380 548 92 56 p.

-30 596 1275 51 in-fol.
897 596 580 51 7
1013 596 464 51 50

24 624 164 91 4163.
133 624 345 91 Escousse
424 624 236 91 (Victor),
605 624 182 91 auteur
733 624 164 91 (avec
842 624 200 91 Auguste
987 624 218 91 Lebras),
1151 624 164 91 de
1242 624 236 91 Farruck

64 692 223 69 le
213 692 347 69 Maure
485 692 223 69 etc.,
634 692 149 69 sa
708 692 223 69 carte
857 692 149 69 de
931 692 248 69 visite
1104 692 198 69 aut.
1228 692 198 69 sig.
1352 692 124 69 4
1377 692 99 69 50

23 722 198 76 4164.
155 722 417 76 Esparbès
506 722 176 76 (Mme
616 722 242 76 Meynard
792 722 176 76 d’),
902 722 286 76 maîtresse
1121 722 132 76 de
1187 722 198 76 Louis
1319 722 154 76 XV.
1385 722 88 76 L.

56 797 292 48 aut.
238 797 328 48 sig.,
456 797 219 48 34
566 797 292 48 nov.
748 797 182 48 1
821 797 219 48 p.
930 797 255 48 pl.
1076 797 328 48 in-8.
1295 797 182 48 2
1331 797 146 48 50

24 818 193 83 4165.
152 818 257 83 Fabre
345 818 364 83 d’Oliveé
644 818 342 83 littérateur;
923 818 214 83 auteur
1072 818 321 83 dramatique,
1308 818 171 83 auteur

73 883 135 48 de:
150 883 173 48 La
265 883 192 48 langue
400 883 327 48 hébraique
669 883 269 48 restituée,
881 883 154 48 etc.
977 883 115 48 L.
1035 883 154 48 aut.
1131 883 212 48 signé.,
1285 883 96 48 à
1323 883 115 48 M.
1362 883 115 48 Gar-

67 927 183 63 cin
171 927 157 63 de
250 927 261 63 Tassy.
433 927 261 63 Paris,
616 927 157 63 22
694 927 287 63 janvier
903 927 235 63 1824.
1060 927 131 63 2
1112 927 157 63 p.
1191 927 235 63 in-8.
1347 927 131 63 2
1373 927 105 63 50

28 977 179 66 4166.
148 977 358 66 Fabvier
446 977 139 66 (le
526 977 259 66 colonel),
725 977 219 66 célèbre
884 977 139 66 par
964 977 119 66 le
1023 977 199 66 procès
1163 977 119 66 de
1222 977 119 66 la
1262 977 219 66 conspira

73 1027 176 76 tion
183 1027 132 76 de
249 1027 198 76 Lyon.
381 1027 132 76 L.
447 1027 176 76 aut.
557 1027 176 76 sig.
667 1027 308 76 Vincennes,
910 1027 132 76 27
976 1027 176 76 mars
1086 1027 198 76 1814.
1218 1027 110 76 1
1262 1027 132 76 p.
1328 1027 154 76 pl.
1394 1027 88 76 et

9 1076 778 52 demie
527 1076 778 52 in-4.
1046 1076 432 52 2
1132 1076 346 52 50

29 1114 174 89 4167.
145 1114 348 89 Faucher
435 1114 213 89 (Léon),
590 1114 213 89 député,
745 1114 252 89 ministre.
938 1114 116 89 L.
996 1114 155 89 aut.
1093 1114 155 89 sig.
1190 1114 194 89 Paris,
1325 1114 116 89 10
1364 1114 116 89 jan-

42 1175 382 55 vier
281 1175 430 55 1831.
568 1175 525 55 Demi-p.
950 1175 430 55 in-8.
1236 1175 239 55 4
1284 1175 191 55 50

28 1227 190 53 4468.
154 1227 337 53 Ferdinamd
428 1227 253 53 Ier,
618 1227 190 53 frère
744 1227 126 53 de
808 1227 379 53 Charles-Quint,
1124 1227 253 53 empereur
1292 1227 190 53 d’Alle

74 1280 223 64 magne.
230 1280 223 64 Pièce.
386 1280 179 64 sig.
498 1280 156 64 (en
587 1280 313 64 allemand),
833 1280 156 64 aux
922 1280 424 64 bourguemestres,
1279 1280 201 64 etc.,
1391 1280 89 64 de

64 1311 461 68 Kuttemberg.
433 1311 276 68 1534.
617 1311 154 68 1
679 1311 215 68 gr.
801 1311 184 68 p.
893 1311 307 68 double
1108 1311 338 68 in-fol.
1354 1311 154 68 6
1385 1311 92 68 »

30 1357 189 83 4169.
156 1357 399 83 Fléchier
492 1357 273 83 (Esprit),
702 1357 210 83 évêque
849 1357 126 83 de
912 1357 210 83 Nîmes,
1059 1357 126 83 de
1122 1357 294 83 l’Académie
1332 1357 147 83 Fran-

72 1416 231 64 çaise.
233 1416 254 64 Devoirs
418 1416 161 64 des
510 1416 323 64 chanoines.
764 1416 277 64 Fragment
972 1416 208 64 d’une
1110 1416 323 64 allocution
1341 1416 138 64 sans

76 1472 361 54 commencement.
373 1472 106 54 4
415 1472 127 54 p.
479 1472 149 54 pl.
564 1472 170 54 aut.
670 1472 170 54 Très
776 1472 340 54 intéressant.
1052 1472 212 54 Semble
1201 1472 234 54 inédit.
1371 1472 127 54 25
1413 1472 64 54 »

78 1520 146 53 «La
162 1520 251 53 religton
350 1520 272 53 véritable
559 1520 125 53 et
621 1520 230 53 sincère
789 1520 251 53 consiste
977 1520 104 53 à
1018 1520 251 53 soulager
1206 1520 146 53 les
1269 1520 209 53 pauvres,

80 1557 122 65 «à
141 1557 223 65 visiter
303 1557 142 65 les
384 1557 203 65 veuves
526 1557 122 65 et
587 1557 142 65 les
668 1557 284 65 orphelins,
891 1557 101 65 à
932 1557 203 65 donner
1074 1557 122 65 le
1135 1557 162 65 lait
1236 1557 142 65 aux
1297 1557 183 65 petits,

77 1607 126 55 «à
140 1607 209 55 couper
286 1607 126 55 le
349 1607 168 55 pain
454 1607 147 55 aux
538 1607 168 55 plus
642 1607 230 55 grands,
810 1607 105 55 à
852 1607 230 55 exercer
1019 1607 126 55 la
1082 1607 230 55 justice
1250 1607 126 55 et
1312 1607 126 55 la
1354 1607 126 55 cha-

80 1661 180 47 «rité
200 1661 180 47 selon
320 1661 140 47 les
400 1661 361 47 rencontres...»
701 1661 120 47 ce
761 1661 180 47 n'est
881 1661 140 47 pas
961 1661 180 47 qu'il
1081 1661 220 47 veuille
1242 1661 160 47 leur
1322 1661 160 47 inter-

75 1701 173 55 dire
183 1701 151 55 les
270 1701 323 55 récréations
528 1701 194 55 sages
658 1701 129 55 et
722 1701 323 55 modérées...
981 1701 302 55 Promenades
1197 1701 280 55 permises...

77 1747 170 55 sont
183 1747 384 55 dangereuses...
503 1747 234 55 «celles
673 1747 192 55 qu’on
801 1747 170 55 fait
908 1747 170 55 avec
1014 1747 149 55 des
1099 1747 277 55 personnes
1313 1747 128 55 du
1355 1747 128 55 sexe

78 1797 195 49 «dont
208 1797 130 49 la
273 1797 303 49 réputation
511 1797 130 49 se
576 1797 216 49 trouve
727 1797 173 49 liée
835 1797 108 49 à
879 1797 130 49 la
943 1797 216 49 vôtre,
1095 1797 151 49 que
1181 1797 173 49 vous
1268 1797 216 49 déshono-

78 1846 181 54 «rez
192 1846 159 54 par
282 1846 136 54 la
350 1846 249 54 moindre
531 1846 340 54 familiarité
803 1846 317 54 indécente,
1053 1846 136 54 et
1121 1846 159 54 qui
1211 1846 181 54 vous
1302 1846 181 54 desho-

78 1888 253 56 «norent
262 1888 184 56 pour
377 1888 161 56 peu
469 1888 276 56 qu’elles
676 1888 276 56 manquent
882 1888 138 56 de
951 1888 230 56 pudeur
1112 1888 138 56 et
1181 1888 138 56 de
1227 1888 253 56 modestie:

81 1942 245 59 «celles
259 1942 201 59 qu’on
393 1942 178 59 fait
504 1942 178 59 avec
616 1942 156 59 des
705 1942 178 59 gens
816 1942 178 59 trop
928 1942 223 59 libres
1084 1942 134 59 et
1151 1942 290 59 débauchez
1351 1942 134 59 dont

80 1988 178 48 «les
191 1988 223 48 mœurs,
347 1988 156 48 les
436 1988 267 48 discours
637 1988 134 48 et
703 1988 156 48 les
793 1988 312 48 démarches,
1038 1988 200 48 n’ont
1171 1988 178 48 rien
1283 1988 156 48 qui
1349 1988 134 48 con-

81 2038 236 57 «vienne
252 2038 107 57 à
295 2038 129 57 la
360 2038 236 57 gravité
532 2038 129 57 ni
596 2038 107 57 à
639 2038 129 57 la
704 2038 236 57 retenue
876 2038 129 57 du
919 2038 279 57 sacerdoce.»

35 2072 186 74 4170.
159 2072 393 74 Fontanes
490 2072 165 74 (Mme
594 2072 124 74 la
656 2072 248 74 comtesse
842 2072 165 74 de),
945 2072 310 74 belle-fille
1193 2072 124 74 de
1256 2072 124 74 M.
1318 2072 124 74 le
1359 2072 124 74 mar-

82 2130 165 76 quis
185 2130 123 76 de
247 2130 267 76 Fontanes.
453 2130 123 76 L.
514 2130 123 76 a.
576 2130 144 76 s.,
658 2130 103 76 à
699 2130 144 76 Mgr
782 2130 288 76 Veyssière.
1008 2130 123 76 12
1070 2130 165 76 mai.
1172 2130 103 76 2
1214 2130 123 76 p.
1275 2130 185 76 in-8.
1399 2130 103 76 2
1419 2130 62 76 »

38 2174 180 72 4171.
158 2174 341 72 Forbim
439 2174 140 72 (le
519 2174 180 72 comte
639 2174 160 72 de),
739 2174 421 72 Directeur-général
1100 2174 140 72 des
1180 2174 200 72 musées
1301 2174 180 72 royaux.

83 2228 125 56 L.
146 2228 167 56 aut.
250 2228 188 56 sig.,
376 2228 104 56 à
417 2228 334 56 l’architecte
689 2228 209 56 Huyot.
835 2228 313 56 Alexandrie,
1086 2228 125 56 12
1149 2228 167 56 mars
1253 2228 188 56 1818.
1379 2228 104 56 1
1399 2228 84 56 p.

-2 2274 742 62 pl.
422 2274 954 62 in-4.
1058 2274 530 62 2
1164 2274 318 62 »

40 2319 176 69 4172.
158 2319 352 69 Foucher
451 2319 215 69 (Paul),
607 2319 313 69 littérateur.
861 2319 117 69 L.
920 2319 117 69 a.
979 2319 117 69 s.
1037 2319 195 69 Mardi.
1174 2319 98 69 4
1213 2319 117 69 p.
1272 2319 176 69 in-8.
1389 2319 98 69 1
1409 2319 78 69 25

39 2367 186 61 3173.
163 2367 412 61 Garibaldi
514 2367 144 61 (le
596 2367 227 61 général
761 2367 247 61 Joseph),
947 2367 227 61 célèbre
1112 2367 247 61 patriote
1277 2367 206 61 italien.

82 2417 216 60 Billet
233 2417 129 60 de
298 2417 173 60 deux
406 2417 216 60 lignes
557 2417 173 60 aut.
665 2417 173 60 sig.
772 2417 151 60 (en
859 2417 280 60 italien),
1074 2417 129 60 au
1139 2417 237 60 citadin
1290 2417 194 60 Ripari.

74 2467 270 54 Villa
254 2467 421 54 Barberini,
585 2467 150 54 8
645 2467 210 54 mai
765 2467 270 54 1847.
945 2467 330 54 Demi-p.
1186 2467 270 54 in-4.
1366 2467 150 54 6
1396 2467 90 54 »

41 2514 176 53 4474.
159 2514 371 53 Gaultier
471 2514 254 53 (l’abbé),
667 2514 215 53 célèbre
823 2514 313 53 instituteur.
1077 2514 156 53 Deux
1174 2514 273 53 quittances
1370 2514 117 53 aut.

82 2571 216 46 sig.
217 2571 189 46 sur
325 2571 162 46 la
407 2571 216 46 même
542 2571 216 46 page
677 2571 298 46 (in-4).
894 2571 162 46 20
975 2571 298 46 juillet
1191 2571 244 46 1810.
1354 2571 135 46 3
1381 2571 108 46 50

46 2613 178 66 4475.
165 2613 376 66 Gavarmi,
481 2613 237 66 peintre,
659 2613 316 66 dessinateur,
916 2613 119 66 L.
975 2613 158 66 aut.
1074 2613 158 66 sig.
1173 2613 99 66 1
1212 2613 119 66 p.
1272 2613 178 66 in-8.
1390 2613 99 66 1
1410 2613 79 66 50

45 2649 183 77 4176.
167 2649 346 77 Géram
451 2649 346 77 (Marie-Joseph
736 2649 163 77 de),
837 2649 264 77 religieux
1041 2649 122 77 de
1102 2649 122 77 la
1163 2649 224 77 Trappe.
1325 2649 122 77 L.
1366 2649 122 77 aut.

84 2705 181 57 sig.
198 2705 430 57 Mont-des-Olives
560 2705 136 57 de
628 2705 204 57 N.-D.
764 2705 136 57 de
831 2705 136 57 la
899 2705 249 57 Trappe,
1080 2705 113 57 3
1126 2705 294 57 septembre
1330 2705 158 57 1830.

10 2758 494 76 1
208 2758 592 76 p.
504 2758 888 76 in-4.
1096 2758 494 76 2
1195 2758 296 76 »
