1594 2914
623 36 181 108 —
695 36 254 108 344
804 36 109 108 —

45 116 176 87 4177.
163 116 352 87 Gérando
456 116 137 87 (le
534 116 176 87 baron
651 116 156 87 de),
749 116 313 87 philantrope,
1003 116 195 87 membre
1140 116 117 87 de
1199 116 293 87 l'Institut.
1414 116 78 87 L.

92 185 164 56 aut.
195 185 185 56 sig.,
319 185 103 56 à
360 185 123 56 M.
421 185 226 56 Jacques
586 185 267 56 Laffitte,
791 185 226 56 député.
956 185 206 56 Paris,
1100 185 123 56 16
1161 185 267 56 septembre
1346 185 144 56 1818.

54 225 300 85 2
174 225 420 85 gr.
414 225 360 85 p.
594 225 420 85 pl.
835 225 540 85 in-4.
1195 225 300 85 2
1255 225 240 85 50

139 266 129 74 Il
204 266 237 74 réclame
376 266 151 74 son
462 266 258 74 concours
656 266 172 74 pour
763 266 151 74 ses
850 266 387 74 établissements
1151 266 344 74 d’enseignement

94 327 215 60 mutuel
245 327 258 60 auxquels
439 327 323 60 s’intéresse
697 327 194 60 aussi
826 327 237 60 Camille
976 327 194 60 Jordan.

46 365 192 71 4178.
173 365 277 71 Gérard
386 365 128 71 de
450 365 298 71 Nerval
685 365 319 71 (Labrunie),
940 365 341 71 littérateur.
1217 365 128 71 L.
1281 365 170 71 aut.
1366 365 128 71 sig.

70 430 223 51 4
160 430 356 51 août
382 430 401 51 1831.
650 430 490 51 Demi-p.
1006 430 401 51 in-8.
1273 430 223 51 2
1318 430 178 51 50

48 458 176 95 4179.
166 458 333 95 Ginardin
440 458 196 95 (Emile
577 458 157 95 de),
675 458 294 95 publiciste.
910 458 196 95 Billet
1047 458 157 95 aut.
1145 458 176 95 sig.,
1263 458 118 95 et
1302 458 196 95 Delphine

94 521 376 56 Gay
395 521 176 56 Mme
495 521 226 56 Emile
646 521 150 56 de
721 521 326 56 Girardin.
971 521 251 56 Billet
1147 521 201 56 aut.
1272 521 201 56 sig.
1398 521 125 56 3
1423 521 75 56 »

50 553 171 88 4180.
164 553 343 88 Gisque,
450 553 190 88 ancien
583 553 190 88 préfet
716 553 114 88 de
773 553 209 88 police,
926 553 190 88 auteur
1059 553 114 88 de
1116 553 381 88 Mémoires
1421 553 76 88 L.

100 631 183 60 aut.
215 631 206 60 sig.,
352 631 115 60 à
398 631 138 60 sa
467 631 229 60 fille.
627 631 344 60 Versailles,
902 631 138 60 12
971 631 252 60 janvier
1154 631 206 60 1848.
1292 631 115 60 1
1338 631 160 60 gr.
1406 631 92 60 p.

-19 668 1244 66 in-4.
810 668 691 66 2
948 668 553 66 50

53 710 189 76 4181.
179 710 357 76 Gouffé
473 710 273 76 (Armand),
683 710 210 76 poète,
831 710 336 76 chansonnier,
1104 710 210 76 auteur
1230 710 273 76 dramatique,

105 769 241 56 Turlutu
294 769 189 56 chapeau
432 769 189 56 pointu,
570 769 275 56 Boutade
793 769 120 56 sur
862 769 155 56 l’air
965 769 120 56 de:
1034 769 224 56 Tenex,
1206 769 138 56 moi,
1292 769 103 56 je
1327 769 172 56 suis

89 821 327 48 bon
318 821 457 48 homme
677 821 294 48 1807.
873 821 163 48 3
939 821 196 48 p.
1037 821 229 48 pl.
1167 821 294 48 in-4.
1363 821 163 48 4
1396 821 98 48 »

55 859 176 72 4182.
173 859 333 72 Gouget
447 859 235 72 l’abbé),
623 859 235 72 écrivain
799 859 294 72 janséniste,
1034 859 157 72 l’un
1132 859 137 72 des
1210 859 157 72 plus
1289 859 215 72 laborieux

103 912 117 57 du
161 912 331 57 XVIIlesiècle.
433 912 117 57 L.
492 912 156 57 aut.
589 912 156 57 sig.
686 912 195 57 Paris,
822 912 117 57 26
881 912 175 57 avril
997 912 175 57 1752.
1114 912 97 57 1
1153 912 117 57 p.
1211 912 136 57 pl.
1289 912 175 57 in-8.
1406 912 97 57 7
1425 912 78 57 50

149 946 138 67 On
218 946 276 67 voudrait
425 946 207 67 faire
562 946 230 67 graver
723 946 115 67 à
769 946 230 67 Paris,
930 946 138 67 le
999 946 276 67 por.rait
1205 946 299 67 d’Antoine
1412 946 92 67 Le

105 1001 191 58 Conte,
239 1001 115 58 ou
296 1001 363 58 Contius
602 1001 191 58 fameux
736 1001 344 58 jurisconsulte.
1023 1001 134 58 Sur
1099 1001 191 58 quelle
1233 1001 172 58 copie
1348 1001 153 58 cela
1425 1001 77 58 se

105 1052 251 61 pourrait
293 1052 272 61 faire....
502 1052 209 61 Est-il
648 1052 167 61 vrai
753 1052 146 61 que
836 1052 125 61 le
899 1052 125 61 Sr
962 1052 293 61 Sousselet,
1192 1052 167 61 curé
1296 1052 125 61 de
1338 1052 167 61 Saint-

105 1090 255 66 Laurent,
296 1090 170 66 soit
402 1090 234 66 enfermé
572 1090 170 66 dans
678 1090 127 66 le
742 1090 276 66 séminaire
954 1090 127 66 de
1018 1090 212 66 Blois?
1166 1090 234 66 L’arrêt
1336 1090 127 66 du
1379 1090 127 66 Par-

106 1138 209 68 lement
252 1138 209 68 contre
398 1138 146 68 les
482 1138 313 68 entreprises
732 1138 355 68 schismatiques
1024 1138 146 68 des
1108 1138 292 68 bullistes,
1316 1138 188 68 réjouit

109 1202 166 54 tout
213 1202 207 54 Paris,
358 1202 124 54 et
420 1202 166 54 sans
524 1202 186 54 doute
648 1202 186 54 aussi
772 1202 186 54 toute
897 1202 124 54 la
938 1202 228 54 France...

59 1228 176 84 4183.
177 1228 332 84 Grasse
450 1228 137 84 (le
528 1228 176 84 Comte
645 1228 156 84 de).
742 1228 117 84 L.
801 1228 156 84 aut.
898 1228 176 84 sig.,
1015 1228 117 84 au
1074 1228 176 84 baron
1191 1228 117 84 de
1230 1228 273 84 Margueritte.

98 1299 300 50 Paris,
308 1299 180 50 28
398 1299 270 50 avril
578 1299 270 50 1817.
758 1299 150 50 1
818 1299 180 50 p.
907 1299 270 50 in-4.
1087 1299 390 50 curieuse.
1387 1299 150 50 3
1417 1299 90 50 »

62 1344 180 60 4184.
182 1344 341 60 Grétry
463 1344 180 60 (cœur
583 1344 160 60 de).
683 1344 200 60 Hinute
824 1344 160 60 aut.
924 1344 160 60 sig.
1024 1344 180 60 (avec
1144 1344 140 60 des
1204 1344 301 60 corrections),

107 1377 140 75 de
177 1377 234 75 l’acte
340 1377 164 75 par
434 1377 234 75 lequel
597 1377 748 75 Louis-Victor-Flamand-Grétry,
1275 1377 234 75 membre
1416 1377 93 75 du

111 1432 245 65 conseil
289 1432 289 65 municipal
511 1432 133 65 de
578 1432 133 65 la
645 1432 200 65 ville
778 1432 578 65 d’Enghien-Montmorency,
1290 1432 133 65 et
1334 1432 178 65 Mario-

109 1484 517 58 Marguerite-Ernestine
562 1484 237 58 Grétry,
734 1484 129 58 sa
799 1484 215 58 femme,
950 1484 280 58 (laquelle
1165 1484 108 58 a
1208 1484 237 58 signé),
1359 1484 151 58 dési-

112 1526 174 79 rant
221 1526 174 79 ôter
330 1526 196 79 toute
461 1526 305 79 inquiétude
700 1526 152 79 sur
787 1526 131 79 la
853 1526 327 79 destination
1114 1526 218 79 future
1266 1526 131 79 du
1332 1526 174 79 cœur
1419 1526 87 79 du

112 1568 234 81 célèbre
282 1568 234 81 Grétry,
452 1568 170 81 leur
558 1568 213 81 oncle,
707 1568 213 81 déposé
856 1568 128 81 et
920 1568 255 81 inauguré
1111 1568 106 81 à
1154 1568 298 81 l’ermitage
1366 1568 149 81 d’En-

114 1620 212 73 ghien,
262 1620 191 73 (leur
390 1620 318 73 propriété),
644 1620 212 73 depuis
793 1620 127 73 le
856 1620 127 73 14
920 1620 233 73 juillet
1090 1620 191 73 1816,
1217 1620 170 73 dans
1323 1620 127 73 un
1365 1620 149 73 monu-

114 1669 167 72 ment
219 1669 209 72 qu'ils
365 1669 146 72 ont
448 1669 167 72 fait
553 1669 209 72 ériger
699 1669 104 72 à
741 1669 125 72 sa
804 1669 293 72 mémoire...
1033 1669 125 72 et
1096 1669 230 72 d’après
1263 1669 146 72 les
1326 1669 188 72 autori-

114 1717 249 70 sations
295 1717 339 70 religieuses
567 1717 136 70 et
634 1717 271 70 civiles,
838 1717 136 70 et
906 1717 136 70 le
973 1717 158 70 vœu
1064 1717 249 70 unanime
1245 1717 136 70 de
1313 1717 203 70 toute
1426 1717 90 70 sa

113 1762 293 75 famille...
344 1762 335 75 Dispositions
616 1762 168 75 pour
721 1762 126 75 le
784 1762 147 75 cas
867 1762 126 75 où
930 1762 189 75 après
1056 1762 168 75 leur
1161 1762 210 75 décès,
1307 1762 147 75 cet
1370 1762 147 75 ermi-

115 1822 170 57 tage
221 1822 318 57 deviendrait
475 1822 127 57 la
539 1822 276 57 propriété
751 1822 127 57 de
815 1822 212 57 quelqu
963 1822 149 57 un,
1048 1822 255 57 étranger
1239 1822 106 57 à
1282 1822 127 57 la
1324 1822 191 57 famille

117 1862 133 67 de
183 1862 288 67 Grétry...
405 1862 177 67 Pour
516 1862 310 67 l’érection
760 1862 200 67 d’une
893 1862 266 67 chapelle
1093 1862 111 67 à
1137 1862 355 67 Montmorency,
1403 1862 111 67 ci-

117 1904 276 74 attenante
329 1904 106 74 à
371 1904 361 74 l’ermitage...
668 1904 149 74 les
753 1904 191 74 plans
881 1904 276 74 approuvés
1093 1904 149 74 par
1178 1904 149 74 Mme
1262 1904 127 74 la
1305 1904 212 74 Duchesse

118 1957 127 68 de
181 1957 212 68 Berri,
330 1957 169 68 etc,
435 1957 169 68 etc.
541 1957 254 68 Ermitage
732 1957 127 68 de
795 1957 339 68 Montmorency,
1070 1957 127 68 29
1134 1957 191 68 sept.
1261 1957 191 68 1824.
1388 1957 106 68 3
1409 1957 106 68 gr.

112 2000 165 77 p.
195 2000 193 77 pl.
305 2000 165 77 et
388 2000 276 77 demie,
581 2000 165 77 in
664 2000 220 77 fol.
801 2000 220 77 (sur
939 2000 276 77 papier
1132 2000 331 77 timbré),
1380 2000 165 77 15
1435 2000 83 77 »

70 2061 191 70 4185.
197 2061 361 70 Grééry
495 2061 573 70 (Louis-Victor-Flamand),
1004 2061 191 70 neveu
1132 2061 170 70 (par
1238 2061 127 70 sa
1302 2061 212 70 femme)
1429 2061 85 70 de

120 2104 261 71 l’illustre
325 2104 298 71 compositeur.
568 2104 261 71 Olphide
773 2104 112 71 et
829 2104 224 71 Galatée,
996 2104 112 71 ou
1052 2104 317 71 Marseille
1294 2104 224 71 (Massilie)

122 2164 252 63 sauvée
316 2164 136 63 par
393 2164 310 63 l’Amour
645 2164 175 63 Drame
762 2164 213 63 lyrique
917 2164 116 63 en
975 2164 175 63 trois
1091 2164 213 63 actes.,
1246 2164 155 63 aut.
1343 2164 116 63 et
1382 2164 136 63 sig.,

112 2206 224 55 sur
240 2206 192 55 le
336 2206 319 55 titre.
559 2206 192 55 38
655 2206 192 55 p.
751 2206 224 55 pl.
878 2206 192 55 et
974 2206 287 55 demie
1166 2206 287 55 in-4.
1357 2206 192 55 10
1421 2206 96 55 »

72 2237 176 76 4186.
190 2237 333 76 Grétry
464 2237 529 76 (Louis-Victor-Flamand),
934 2237 176 76 neveu
1051 2237 157 76 (par
1149 2237 117 76 sa
1208 2237 196 76 femme)
1345 2237 117 76 de
1384 2237 137 76 l’il

121 2293 225 70 lustre
278 2293 360 70 compositeur.
570 2293 135 70 L.
638 2293 180 70 aut.
750 2293 202 70 sig.,
885 2293 112 70 à
930 2293 135 70 M.
998 2293 135 70 le
1065 2293 157 70 duc
1155 2293 135 70 de
1200 2293 315 70 Montmorency-

104 2336 192 73 6
180 2336 421 73 janvier
487 2336 345 73 1835,
717 2336 192 73 2
793 2336 230 73 p.
908 2336 268 73 pl.
1061 2336 421 73 in-fol.
1368 2336 192 73 6
1406 2336 115 73 »

173 2379 107 83 Il
227 2379 107 83 le
280 2379 213 83 remercie
440 2379 107 83 de
493 2379 195 83 l'envoi
635 2379 160 83 qu’il
742 2379 89 83 a
777 2379 142 83 bien
866 2379 160 83 voulu
972 2379 124 83 lui
1043 2379 160 83 faire
1150 2379 107 83 de
1186 2379 337 83 l'Histoire

124 2441 379 72 généalogique
443 2441 120 72 de
503 2441 120 72 la
562 2441 199 72 maison
702 2441 120 72 de
762 2441 399 72 Montmorency
1101 2441 139 72 par
1180 2441 239 72 Duchène,
1340 2441 179 72 in

174 2489 184 65 Cette
296 2489 245 65 histoire
480 2489 143 65 lui
562 2489 164 65 sera
664 2489 184 65 d’une
787 2489 204 65 grande
930 2489 225 65 utilité
1094 2489 164 65 pour
1196 2489 143 65 son
1278 2489 225 65 ouvrage
1421 2489 102 65 sur

124 2540 325 59 Montmorency
384 2540 130 59 et
449 2540 152 59 les
536 2540 282 59 environs,
753 2540 152 59 qui
839 2540 130 59 va
883 2540 238 59 paraître.

78 2581 186 76 4187.
202 2581 351 76 Guizoë
491 2581 309 76 (François),
738 2581 186 76 homme
862 2581 227 76 d’état,
1027 2581 289 76 historien.
1254 2581 124 76 L.
1316 2581 165 76 aut.
1398 2581 124 76 sig.

115 2636 402 56 Broglie,
416 2636 201 56 26
516 2636 268 56 août
683 2636 301 56 1828.
884 2636 167 56 1
951 2636 201 56 p.
1052 2636 234 56 pl.
1185 2636 301 56 in-8.
1386 2636 167 56 2
1420 2636 100 56 »

79 2682 186 65 4188.
203 2682 412 65 Guéranger
554 2682 371 65 (Dom-Prosper),
863 2682 165 65 abbé
966 2682 124 65 de
1028 2682 268 65 Solesmes.
1234 2682 124 65 L.
1296 2682 165 65 aut.
1379 2682 144 65 sig.,

127 2734 120 60 à
175 2734 241 60 Mgr...
344 2734 241 60 Abbaye
512 2734 144 60 de
584 2734 313 60 Solesmes,
825 2734 144 60 18
897 2734 193 60 déc.
1018 2734 217 60 1845.
1162 2734 120 60 1
1210 2734 144 60 p.
1282 2734 217 60 in-4.
1427 2734 120 60 5
1451 2734 72 60 »
