<?xml version='1.0' encoding='UTF8'?>
<alto xmlns:xsi="http://www.w3.org/2001/XMLSchema-instance" xmlns="http://www.loc.gov/standards/alto/ns-v2#" xmlns:page="http://schema.primaresearch.org/PAGE/gts/pagecontent/2013-07-15" xsi:schemaLocation="http://www.loc.gov/standards/alto/ns-v2# http://www.loc.gov/standards/alto/alto.xsd">
  <Description>
    <MeasurementUnit>mm10</MeasurementUnit>
    <sourceImageInformation>
         <fileName>373.jpg</fileName>
      </sourceImageInformation>
    <OCRProcessing ID="IdOcr">
      <ocrProcessingStep>
        <processingDateTime>2020-10-13T13:53:30.852+02:00</processingDateTime>
        <processingSoftware>
               <softwareCreator>CONTRIBUTORS</softwareCreator>
               <softwareName>pdfalto</softwareName>
               <softwareVersion>0.1</softwareVersion>
            </processingSoftware>
      </ocrProcessingStep>
    </OCRProcessing>
  </Description>
  <Styles>
   <TextStyle ID="FONT0" FONTFAMILY="unknown" FONTSIZE="unknown" FONTSTYLE=""/>
   <TextStyle ID="FONT1" FONTFAMILY="unknown" FONTSIZE="unknown" FONTSTYLE="bold"/>
   <TextStyle ID="FONT2" FONTFAMILY="unknown" FONTSIZE="unknown" FONTSTYLE="italics"/>
  </Styles>
  <Tags/>
  <Layout>
    <Page ID="Page1" PHYSICAL_IMG_NR="1" HEIGHT="2883" WIDTH="1632">
      <PrintSpace HEIGHT="2659" WIDTH="1441" VPOS="123" HPOS="80">
        <TextBlock ID="r_1_1" HEIGHT="197" WIDTH="1370" VPOS="129" HPOS="143">
          <TextLine ID="tl_1" BASELINE="187" HEIGHT="73" WIDTH="1335" VPOS="114" HPOS="184">
            <String HEIGHT="73" WIDTH="110" VPOS="114" HPOS="166" CONTENT="Il" ID="tl_1_1" STYLEREFS="FONT0"/>
            <SP HEIGHT="73" WIDTH="18" VPOS="114" HPOS="275"/>
            <String HEIGHT="73" WIDTH="128" VPOS="114" HPOS="221" CONTENT="lui" ID="tl_1_2" STYLEREFS="FONT0"/>
            <SP HEIGHT="73" WIDTH="18" VPOS="114" HPOS="349"/>
            <String HEIGHT="73" WIDTH="201" VPOS="114" HPOS="294" CONTENT="adresse" ID="tl_1_3" STYLEREFS="FONT0"/>
            <SP HEIGHT="73" WIDTH="18" VPOS="114" HPOS="495"/>
            <String HEIGHT="73" WIDTH="146" VPOS="114" HPOS="440" CONTENT="pour" ID="tl_1_4" STYLEREFS="FONT0"/>
            <SP HEIGHT="73" WIDTH="18" VPOS="114" HPOS="586"/>
            <String HEIGHT="73" WIDTH="146" VPOS="114" HPOS="531" CONTENT="être" ID="tl_1_5" STYLEREFS="FONT0"/>
            <SP HEIGHT="73" WIDTH="18" VPOS="114" HPOS="678"/>
            <String HEIGHT="73" WIDTH="183" VPOS="114" HPOS="623" CONTENT="inséré" ID="tl_1_6" STYLEREFS="FONT0"/>
            <SP HEIGHT="73" WIDTH="18" VPOS="114" HPOS="806"/>
            <String HEIGHT="73" WIDTH="146" VPOS="114" HPOS="751" CONTENT="dans" ID="tl_1_7" STYLEREFS="FONT0"/>
            <SP HEIGHT="73" WIDTH="18" VPOS="114" HPOS="897"/>
            <String HEIGHT="73" WIDTH="219" VPOS="114" HPOS="842" CONTENT="l'Ami" ID="tl_1_8" STYLEREFS="FONT2"/>
            <SP HEIGHT="73" WIDTH="18" VPOS="114" HPOS="1062"/>
            <String HEIGHT="73" WIDTH="110" VPOS="114" HPOS="1007" CONTENT="de" ID="tl_1_9" STYLEREFS="FONT2"/>
            <SP HEIGHT="73" WIDTH="18" VPOS="114" HPOS="1117"/>
            <String HEIGHT="73" WIDTH="110" VPOS="114" HPOS="1062" CONTENT="la" ID="tl_1_10" STYLEREFS="FONT2"/>
            <SP HEIGHT="73" WIDTH="18" VPOS="114" HPOS="1172"/>
            <String HEIGHT="73" WIDTH="329" VPOS="114" HPOS="1117" CONTENT="Religion," ID="tl_1_11" STYLEREFS="FONT2"/>
            <SP HEIGHT="73" WIDTH="18" VPOS="114" HPOS="1446"/>
            <String HEIGHT="73" WIDTH="110" VPOS="114" HPOS="1391" CONTENT="la" ID="tl_1_12" STYLEREFS="FONT0"/>
            <SP HEIGHT="73" WIDTH="18" VPOS="114" HPOS="1501"/>
            <String HEIGHT="73" WIDTH="91" VPOS="114" HPOS="1428" CONTENT="co" SUBS_TYPE="HypPart1" SUBS_CONTENT="copie" ID="tl_1_13" STYLEREFS="FONT0"/>
            <HYP CONTENT="-"/>
          </TextLine>
          <TextLine ID="tl_2" BASELINE="250" HEIGHT="70" WIDTH="1381" VPOS="180" HPOS="140">
            <String HEIGHT="70" WIDTH="146" VPOS="180" HPOS="119" CONTENT="pie" SUBS_TYPE="HypPart2" SUBS_CONTENT="copie" ID="tl_2_1" STYLEREFS="FONT0"/>
            <SP HEIGHT="70" WIDTH="21" VPOS="180" HPOS="266"/>
            <String HEIGHT="70" WIDTH="188" VPOS="180" HPOS="203" CONTENT="d’une" ID="tl_2_2" STYLEREFS="FONT0"/>
            <SP HEIGHT="70" WIDTH="21" VPOS="180" HPOS="391"/>
            <String HEIGHT="70" WIDTH="209" VPOS="180" HPOS="328" CONTENT="lettre" ID="tl_2_3" STYLEREFS="FONT0"/>
            <SP HEIGHT="70" WIDTH="21" VPOS="180" HPOS="538"/>
            <String HEIGHT="70" WIDTH="188" VPOS="180" HPOS="475" CONTENT="qu’il" ID="tl_2_4" STYLEREFS="FONT0"/>
            <SP HEIGHT="70" WIDTH="21" VPOS="180" HPOS="663"/>
            <String HEIGHT="70" WIDTH="105" VPOS="180" HPOS="600" CONTENT="a" ID="tl_2_5" STYLEREFS="FONT0"/>
            <SP HEIGHT="70" WIDTH="21" VPOS="180" HPOS="705"/>
            <String HEIGHT="70" WIDTH="209" VPOS="180" HPOS="642" CONTENT="écrite" ID="tl_2_6" STYLEREFS="FONT0"/>
            <SP HEIGHT="70" WIDTH="21" VPOS="180" HPOS="851"/>
            <String HEIGHT="70" WIDTH="105" VPOS="180" HPOS="789" CONTENT="à" ID="tl_2_7" STYLEREFS="FONT0"/>
            <SP HEIGHT="70" WIDTH="21" VPOS="180" HPOS="893"/>
            <String HEIGHT="70" WIDTH="146" VPOS="180" HPOS="831" CONTENT="Mgr" ID="tl_2_8" STYLEREFS="FONT0"/>
            <SP HEIGHT="70" WIDTH="21" VPOS="180" HPOS="977"/>
            <String HEIGHT="70" WIDTH="251" VPOS="180" HPOS="914" CONTENT="l’évêque" ID="tl_2_9" STYLEREFS="FONT0"/>
            <SP HEIGHT="70" WIDTH="21" VPOS="180" HPOS="1165"/>
            <String HEIGHT="70" WIDTH="293" VPOS="180" HPOS="1103" CONTENT="d’Orléans," ID="tl_2_10" STYLEREFS="FONT0"/>
            <SP HEIGHT="70" WIDTH="21" VPOS="180" HPOS="1395"/>
            <String HEIGHT="70" WIDTH="126" VPOS="180" HPOS="1333" CONTENT="au" ID="tl_2_11" STYLEREFS="FONT0"/>
            <SP HEIGHT="70" WIDTH="21" VPOS="180" HPOS="1458"/>
            <String HEIGHT="70" WIDTH="146" VPOS="180" HPOS="1375" CONTENT="sujet" ID="tl_2_12" STYLEREFS="FONT0"/>
          </TextLine>
          <TextLine ID="tl_3" BASELINE="278" HEIGHT="54" WIDTH="1377" VPOS="224" HPOS="139">
            <String HEIGHT="54" WIDTH="120" VPOS="224" HPOS="119" CONTENT="du" ID="tl_3_1" STYLEREFS="FONT0"/>
            <SP HEIGHT="54" WIDTH="20" VPOS="224" HPOS="239"/>
            <String HEIGHT="54" WIDTH="180" VPOS="224" HPOS="179" CONTENT="livre" ID="tl_3_2" STYLEREFS="FONT0"/>
            <SP HEIGHT="54" WIDTH="20" VPOS="224" HPOS="359"/>
            <String HEIGHT="54" WIDTH="180" VPOS="224" HPOS="299" CONTENT="qu’il" ID="tl_3_3" STYLEREFS="FONT0"/>
            <SP HEIGHT="54" WIDTH="20" VPOS="224" HPOS="478"/>
            <String HEIGHT="54" WIDTH="180" VPOS="224" HPOS="418" CONTENT="vient" ID="tl_3_4" STYLEREFS="FONT0"/>
            <SP HEIGHT="54" WIDTH="20" VPOS="224" HPOS="598"/>
            <String HEIGHT="54" WIDTH="120" VPOS="224" HPOS="538" CONTENT="de" ID="tl_3_5" STYLEREFS="FONT0"/>
            <SP HEIGHT="54" WIDTH="20" VPOS="224" HPOS="658"/>
            <String HEIGHT="54" WIDTH="220" VPOS="224" HPOS="598" CONTENT="publier" ID="tl_3_6" STYLEREFS="FONT0"/>
            <SP HEIGHT="54" WIDTH="20" VPOS="224" HPOS="818"/>
            <String HEIGHT="54" WIDTH="200" VPOS="224" HPOS="758" CONTENT="contre" ID="tl_3_7" STYLEREFS="FONT0"/>
            <SP HEIGHT="54" WIDTH="20" VPOS="224" HPOS="957"/>
            <String HEIGHT="54" WIDTH="140" VPOS="224" HPOS="897" CONTENT="les" ID="tl_3_8" STYLEREFS="FONT0"/>
            <SP HEIGHT="54" WIDTH="20" VPOS="224" HPOS="1037"/>
            <String HEIGHT="54" WIDTH="379" VPOS="224" HPOS="977" CONTENT="Institutions" ID="tl_3_9" STYLEREFS="FONT2"/>
            <SP HEIGHT="54" WIDTH="20" VPOS="224" HPOS="1356"/>
            <String HEIGHT="54" WIDTH="239" VPOS="224" HPOS="1277" CONTENT="Litur" ID="tl_3_10" STYLEREFS="FONT2"/>
          </TextLine>
          <TextLine ID="tl_4" BASELINE="335" HEIGHT="65" WIDTH="159" VPOS="270" HPOS="131">
            <String HEIGHT="65" WIDTH="182" VPOS="270" HPOS="108" CONTENT="giques" ID="tl_4_1" STYLEREFS="FONT2"/>
          </TextLine>
        </TextBlock>
        <TextBlock ID="r_1_2" HEIGHT="58" WIDTH="1416" VPOS="322" HPOS="95">
          <TextLine ID="tl_5" BASELINE="378" HEIGHT="91" WIDTH="1430" VPOS="287" HPOS="88">
            <String HEIGHT="91" WIDTH="201" VPOS="287" HPOS="66" CONTENT="4189." ID="tl_5_1" STYLEREFS="FONT0"/>
            <SP HEIGHT="91" WIDTH="22" VPOS="287" HPOS="267"/>
            <String HEIGHT="91" WIDTH="447" VPOS="287" HPOS="200" CONTENT="Habenech," ID="tl_5_2" STYLEREFS="FONT1"/>
            <SP HEIGHT="91" WIDTH="22" VPOS="287" HPOS="647"/>
            <String HEIGHT="91" WIDTH="335" VPOS="287" HPOS="580" CONTENT="compositeur" ID="tl_5_3" STYLEREFS="FONT0"/>
            <SP HEIGHT="91" WIDTH="22" VPOS="287" HPOS="915"/>
            <String HEIGHT="91" WIDTH="290" VPOS="287" HPOS="848" CONTENT="musicien." ID="tl_5_4" STYLEREFS="FONT0"/>
            <SP HEIGHT="91" WIDTH="22" VPOS="287" HPOS="1138"/>
            <String HEIGHT="91" WIDTH="134" VPOS="287" HPOS="1071" CONTENT="L." ID="tl_5_5" STYLEREFS="FONT0"/>
            <SP HEIGHT="91" WIDTH="22" VPOS="287" HPOS="1205"/>
            <String HEIGHT="91" WIDTH="179" VPOS="287" HPOS="1138" CONTENT="aut." ID="tl_5_6" STYLEREFS="FONT0"/>
            <SP HEIGHT="91" WIDTH="22" VPOS="287" HPOS="1317"/>
            <String HEIGHT="91" WIDTH="179" VPOS="287" HPOS="1250" CONTENT="sig." ID="tl_5_7" STYLEREFS="FONT0"/>
            <SP HEIGHT="91" WIDTH="22" VPOS="287" HPOS="1429"/>
            <String HEIGHT="91" WIDTH="179" VPOS="287" HPOS="1339" CONTENT="Paris," ID="tl_5_8" STYLEREFS="FONT0"/>
          </TextLine>
        </TextBlock>
        <TextBlock ID="r_1_3" HEIGHT="48" WIDTH="1368" VPOS="370" HPOS="143">
          <TextLine ID="tl_6" BASELINE="428" HEIGHT="62" WIDTH="1382" VPOS="366" HPOS="136">
            <String HEIGHT="62" WIDTH="193" VPOS="366" HPOS="104" CONTENT="16" ID="tl_6_1" STYLEREFS="FONT0"/>
            <SP HEIGHT="62" WIDTH="32" VPOS="366" HPOS="297"/>
            <String HEIGHT="62" WIDTH="257" VPOS="366" HPOS="200" CONTENT="mars" ID="tl_6_2" STYLEREFS="FONT0"/>
            <SP HEIGHT="62" WIDTH="32" VPOS="366" HPOS="457"/>
            <String HEIGHT="62" WIDTH="289" VPOS="366" HPOS="361" CONTENT="1837." ID="tl_6_3" STYLEREFS="FONT0"/>
            <SP HEIGHT="62" WIDTH="32" VPOS="366" HPOS="650"/>
            <String HEIGHT="62" WIDTH="161" VPOS="366" HPOS="554" CONTENT="1" ID="tl_6_4" STYLEREFS="FONT0"/>
            <SP HEIGHT="62" WIDTH="32" VPOS="366" HPOS="715"/>
            <String HEIGHT="62" WIDTH="193" VPOS="366" HPOS="618" CONTENT="p." ID="tl_6_5" STYLEREFS="FONT0"/>
            <SP HEIGHT="62" WIDTH="32" VPOS="366" HPOS="811"/>
            <String HEIGHT="62" WIDTH="225" VPOS="366" HPOS="715" CONTENT="pl." ID="tl_6_6" STYLEREFS="FONT0"/>
            <SP HEIGHT="62" WIDTH="32" VPOS="366" HPOS="939"/>
            <String HEIGHT="62" WIDTH="289" VPOS="366" HPOS="843" CONTENT="in-4." ID="tl_6_7" STYLEREFS="FONT0"/>
            <SP HEIGHT="62" WIDTH="32" VPOS="366" HPOS="1132"/>
            <String HEIGHT="62" WIDTH="418" VPOS="366" HPOS="1036" CONTENT="Musicale." ID="tl_6_8" STYLEREFS="FONT0"/>
            <SP HEIGHT="62" WIDTH="32" VPOS="366" HPOS="1454"/>
            <String HEIGHT="62" WIDTH="161" VPOS="366" HPOS="1357" CONTENT="2" ID="tl_6_9" STYLEREFS="FONT0"/>
            <SP HEIGHT="62" WIDTH="32" VPOS="366" HPOS="1518"/>
            <String HEIGHT="62" WIDTH="129" VPOS="366" HPOS="1389" CONTENT="50" ID="tl_6_10" STYLEREFS="FONT0"/>
          </TextLine>
        </TextBlock>
        <TextBlock ID="r_1_4" HEIGHT="54" WIDTH="1418" VPOS="417" HPOS="96">
          <TextLine ID="tl_7" BASELINE="469" HEIGHT="72" WIDTH="1434" VPOS="397" HPOS="88">
            <String HEIGHT="72" WIDTH="190" VPOS="397" HPOS="67" CONTENT="4190." ID="tl_7_1" STYLEREFS="FONT0"/>
            <SP HEIGHT="72" WIDTH="21" VPOS="397" HPOS="257"/>
            <String HEIGHT="72" WIDTH="401" VPOS="397" HPOS="193" CONTENT="Humboldt" ID="tl_7_2" STYLEREFS="FONT1"/>
            <SP HEIGHT="72" WIDTH="21" VPOS="397" HPOS="594"/>
            <String HEIGHT="72" WIDTH="148" VPOS="397" HPOS="531" CONTENT="(le" ID="tl_7_3" STYLEREFS="FONT0"/>
            <SP HEIGHT="72" WIDTH="21" VPOS="397" HPOS="678"/>
            <String HEIGHT="72" WIDTH="190" VPOS="397" HPOS="615" CONTENT="baron" ID="tl_7_4" STYLEREFS="FONT0"/>
            <SP HEIGHT="72" WIDTH="21" VPOS="397" HPOS="805"/>
            <String HEIGHT="72" WIDTH="274" VPOS="397" HPOS="742" CONTENT="Alexandre" ID="tl_7_5" STYLEREFS="FONT0"/>
            <SP HEIGHT="72" WIDTH="21" VPOS="397" HPOS="1016"/>
            <String HEIGHT="72" WIDTH="169" VPOS="397" HPOS="953" CONTENT="de)," ID="tl_7_6" STYLEREFS="FONT0"/>
            <SP HEIGHT="72" WIDTH="21" VPOS="397" HPOS="1121"/>
            <String HEIGHT="72" WIDTH="211" VPOS="397" HPOS="1058" CONTENT="savant" ID="tl_7_7" STYLEREFS="FONT0"/>
            <SP HEIGHT="72" WIDTH="21" VPOS="397" HPOS="1269"/>
            <String HEIGHT="72" WIDTH="274" VPOS="397" HPOS="1206" CONTENT="illustre," ID="tl_7_8" STYLEREFS="FONT0"/>
            <SP HEIGHT="72" WIDTH="21" VPOS="397" HPOS="1480"/>
            <String HEIGHT="72" WIDTH="127" VPOS="397" HPOS="1395" CONTENT="mort" ID="tl_7_9" STYLEREFS="FONT0"/>
          </TextLine>
        </TextBlock>
        <TextBlock ID="r_1_5" HEIGHT="50" WIDTH="1366" VPOS="466" HPOS="145">
          <TextLine ID="tl_8" BASELINE="519" HEIGHT="57" WIDTH="1382" VPOS="462" HPOS="137">
            <String HEIGHT="57" WIDTH="159" VPOS="462" HPOS="110" CONTENT="en" ID="tl_8_1" STYLEREFS="FONT0"/>
            <SP HEIGHT="57" WIDTH="27" VPOS="462" HPOS="270"/>
            <String HEIGHT="57" WIDTH="239" VPOS="462" HPOS="190" CONTENT="1859." ID="tl_8_2" STYLEREFS="FONT0"/>
            <SP HEIGHT="57" WIDTH="27" VPOS="462" HPOS="429"/>
            <String HEIGHT="57" WIDTH="159" VPOS="462" HPOS="350" CONTENT="L." ID="tl_8_3" STYLEREFS="FONT0"/>
            <SP HEIGHT="57" WIDTH="27" VPOS="462" HPOS="509"/>
            <String HEIGHT="57" WIDTH="213" VPOS="462" HPOS="429" CONTENT="aut." ID="tl_8_4" STYLEREFS="FONT0"/>
            <SP HEIGHT="57" WIDTH="27" VPOS="462" HPOS="642"/>
            <String HEIGHT="57" WIDTH="239" VPOS="462" HPOS="562" CONTENT="sig.," ID="tl_8_5" STYLEREFS="FONT0"/>
            <SP HEIGHT="57" WIDTH="27" VPOS="462" HPOS="801"/>
            <String HEIGHT="57" WIDTH="159" VPOS="462" HPOS="722" CONTENT="25" ID="tl_8_6" STYLEREFS="FONT0"/>
            <SP HEIGHT="57" WIDTH="27" VPOS="462" HPOS="881"/>
            <String HEIGHT="57" WIDTH="213" VPOS="462" HPOS="801" CONTENT="déc." ID="tl_8_7" STYLEREFS="FONT0"/>
            <SP HEIGHT="57" WIDTH="27" VPOS="462" HPOS="1014"/>
            <String HEIGHT="57" WIDTH="239" VPOS="462" HPOS="934" CONTENT="1835." ID="tl_8_8" STYLEREFS="FONT0"/>
            <SP HEIGHT="57" WIDTH="27" VPOS="462" HPOS="1174"/>
            <String HEIGHT="57" WIDTH="133" VPOS="462" HPOS="1094" CONTENT="1" ID="tl_8_9" STYLEREFS="FONT0"/>
            <SP HEIGHT="57" WIDTH="27" VPOS="462" HPOS="1227"/>
            <String HEIGHT="57" WIDTH="159" VPOS="462" HPOS="1147" CONTENT="p." ID="tl_8_10" STYLEREFS="FONT0"/>
            <SP HEIGHT="57" WIDTH="27" VPOS="462" HPOS="1306"/>
            <String HEIGHT="57" WIDTH="239" VPOS="462" HPOS="1227" CONTENT="in-8." ID="tl_8_11" STYLEREFS="FONT0"/>
            <SP HEIGHT="57" WIDTH="27" VPOS="462" HPOS="1466"/>
            <String HEIGHT="57" WIDTH="133" VPOS="462" HPOS="1386" CONTENT="2" ID="tl_8_12" STYLEREFS="FONT0"/>
            <SP HEIGHT="57" WIDTH="27" VPOS="462" HPOS="1519"/>
            <String HEIGHT="57" WIDTH="106" VPOS="462" HPOS="1413" CONTENT="50" ID="tl_8_13" STYLEREFS="FONT0"/>
          </TextLine>
        </TextBlock>
        <TextBlock ID="r_1_6" HEIGHT="97" WIDTH="1418" VPOS="514" HPOS="96">
          <TextLine ID="tl_9" BASELINE="566" HEIGHT="60" WIDTH="1434" VPOS="506" HPOS="87">
            <String HEIGHT="60" WIDTH="190" VPOS="506" HPOS="66" CONTENT="4191." ID="tl_9_1" STYLEREFS="FONT0"/>
            <SP HEIGHT="60" WIDTH="21" VPOS="506" HPOS="256"/>
            <String HEIGHT="60" WIDTH="401" VPOS="506" HPOS="192" CONTENT="Humboldt" ID="tl_9_2" STYLEREFS="FONT1"/>
            <SP HEIGHT="60" WIDTH="21" VPOS="506" HPOS="593"/>
            <String HEIGHT="60" WIDTH="148" VPOS="506" HPOS="530" CONTENT="(le" ID="tl_9_3" STYLEREFS="FONT0"/>
            <SP HEIGHT="60" WIDTH="21" VPOS="506" HPOS="677"/>
            <String HEIGHT="60" WIDTH="190" VPOS="506" HPOS="614" CONTENT="baron" ID="tl_9_4" STYLEREFS="FONT0"/>
            <SP HEIGHT="60" WIDTH="21" VPOS="506" HPOS="804"/>
            <String HEIGHT="60" WIDTH="274" VPOS="506" HPOS="741" CONTENT="Alexandre" ID="tl_9_5" STYLEREFS="FONT0"/>
            <SP HEIGHT="60" WIDTH="21" VPOS="506" HPOS="1015"/>
            <String HEIGHT="60" WIDTH="169" VPOS="506" HPOS="952" CONTENT="de)," ID="tl_9_6" STYLEREFS="FONT0"/>
            <SP HEIGHT="60" WIDTH="21" VPOS="506" HPOS="1120"/>
            <String HEIGHT="60" WIDTH="211" VPOS="506" HPOS="1057" CONTENT="savant" ID="tl_9_7" STYLEREFS="FONT0"/>
            <SP HEIGHT="60" WIDTH="21" VPOS="506" HPOS="1268"/>
            <String HEIGHT="60" WIDTH="274" VPOS="506" HPOS="1205" CONTENT="illustre." ID="tl_9_8" STYLEREFS="FONT0"/>
            <SP HEIGHT="60" WIDTH="21" VPOS="506" HPOS="1479"/>
            <String HEIGHT="60" WIDTH="127" VPOS="506" HPOS="1394" CONTENT="mort" ID="tl_9_9" STYLEREFS="FONT0"/>
          </TextLine>
          <TextLine ID="tl_10" BASELINE="613" HEIGHT="52" WIDTH="1381" VPOS="561" HPOS="136">
            <String HEIGHT="52" WIDTH="143" VPOS="561" HPOS="112" CONTENT="en" ID="tl_10_1" STYLEREFS="FONT0"/>
            <SP HEIGHT="52" WIDTH="24" VPOS="561" HPOS="255"/>
            <String HEIGHT="52" WIDTH="214" VPOS="561" HPOS="184" CONTENT="1859." ID="tl_10_2" STYLEREFS="FONT0"/>
            <SP HEIGHT="52" WIDTH="24" VPOS="561" HPOS="398"/>
            <String HEIGHT="52" WIDTH="143" VPOS="561" HPOS="326" CONTENT="L." ID="tl_10_3" STYLEREFS="FONT0"/>
            <SP HEIGHT="52" WIDTH="24" VPOS="561" HPOS="469"/>
            <String HEIGHT="52" WIDTH="190" VPOS="561" HPOS="398" CONTENT="aut." ID="tl_10_4" STYLEREFS="FONT0"/>
            <SP HEIGHT="52" WIDTH="24" VPOS="561" HPOS="588"/>
            <String HEIGHT="52" WIDTH="190" VPOS="561" HPOS="517" CONTENT="sig." ID="tl_10_5" STYLEREFS="FONT0"/>
            <SP HEIGHT="52" WIDTH="24" VPOS="561" HPOS="707"/>
            <String HEIGHT="52" WIDTH="238" VPOS="561" HPOS="636" CONTENT="Paris." ID="tl_10_6" STYLEREFS="FONT0"/>
            <SP HEIGHT="52" WIDTH="24" VPOS="561" HPOS="874"/>
            <String HEIGHT="52" WIDTH="119" VPOS="561" HPOS="803" CONTENT="1" ID="tl_10_7" STYLEREFS="FONT0"/>
            <SP HEIGHT="52" WIDTH="24" VPOS="561" HPOS="922"/>
            <String HEIGHT="52" WIDTH="143" VPOS="561" HPOS="850" CONTENT="p." ID="tl_10_8" STYLEREFS="FONT0"/>
            <SP HEIGHT="52" WIDTH="24" VPOS="561" HPOS="993"/>
            <String HEIGHT="52" WIDTH="167" VPOS="561" HPOS="922" CONTENT="pl." ID="tl_10_9" STYLEREFS="FONT0"/>
            <SP HEIGHT="52" WIDTH="24" VPOS="561" HPOS="1088"/>
            <String HEIGHT="52" WIDTH="143" VPOS="561" HPOS="1017" CONTENT="et" ID="tl_10_10" STYLEREFS="FONT0"/>
            <SP HEIGHT="52" WIDTH="24" VPOS="561" HPOS="1160"/>
            <String HEIGHT="52" WIDTH="214" VPOS="561" HPOS="1088" CONTENT="demie" ID="tl_10_11" STYLEREFS="FONT0"/>
            <SP HEIGHT="52" WIDTH="24" VPOS="561" HPOS="1303"/>
            <String HEIGHT="52" WIDTH="167" VPOS="561" HPOS="1231" CONTENT="in-" ID="tl_10_12" STYLEREFS="FONT0"/>
            <SP HEIGHT="52" WIDTH="24" VPOS="561" HPOS="1398"/>
            <String HEIGHT="52" WIDTH="143" VPOS="561" HPOS="1327" CONTENT="8." ID="tl_10_13" STYLEREFS="FONT0"/>
            <SP HEIGHT="52" WIDTH="24" VPOS="561" HPOS="1469"/>
            <String HEIGHT="52" WIDTH="119" VPOS="561" HPOS="1398" CONTENT="3" ID="tl_10_14" STYLEREFS="FONT0"/>
            <SP HEIGHT="52" WIDTH="24" VPOS="561" HPOS="1517"/>
            <String HEIGHT="52" WIDTH="95" VPOS="561" HPOS="1422" CONTENT="50" ID="tl_10_15" STYLEREFS="FONT0"/>
          </TextLine>
        </TextBlock>
        <TextBlock ID="r_1_7" HEIGHT="52" WIDTH="1419" VPOS="610" HPOS="95">
          <TextLine ID="tl_11" BASELINE="684" HEIGHT="84" WIDTH="1435" VPOS="600" HPOS="87">
            <String HEIGHT="84" WIDTH="190" VPOS="600" HPOS="66" CONTENT="4192." ID="tl_11_1" STYLEREFS="FONT0"/>
            <SP HEIGHT="84" WIDTH="21" VPOS="600" HPOS="256"/>
            <String HEIGHT="84" WIDTH="401" VPOS="600" HPOS="193" CONTENT="Humbolât" ID="tl_11_2" STYLEREFS="FONT1"/>
            <SP HEIGHT="84" WIDTH="21" VPOS="600" HPOS="593"/>
            <String HEIGHT="84" WIDTH="148" VPOS="600" HPOS="530" CONTENT="(le" ID="tl_11_3" STYLEREFS="FONT0"/>
            <SP HEIGHT="84" WIDTH="21" VPOS="600" HPOS="678"/>
            <String HEIGHT="84" WIDTH="190" VPOS="600" HPOS="615" CONTENT="baron" ID="tl_11_4" STYLEREFS="FONT0"/>
            <SP HEIGHT="84" WIDTH="21" VPOS="600" HPOS="805"/>
            <String HEIGHT="84" WIDTH="274" VPOS="600" HPOS="741" CONTENT="Alexandre" ID="tl_11_5" STYLEREFS="FONT0"/>
            <SP HEIGHT="84" WIDTH="21" VPOS="600" HPOS="1016"/>
            <String HEIGHT="84" WIDTH="169" VPOS="600" HPOS="952" CONTENT="de)," ID="tl_11_6" STYLEREFS="FONT0"/>
            <SP HEIGHT="84" WIDTH="21" VPOS="600" HPOS="1121"/>
            <String HEIGHT="84" WIDTH="211" VPOS="600" HPOS="1058" CONTENT="savant" ID="tl_11_7" STYLEREFS="FONT0"/>
            <SP HEIGHT="84" WIDTH="21" VPOS="600" HPOS="1269"/>
            <String HEIGHT="84" WIDTH="274" VPOS="600" HPOS="1205" CONTENT="illustre," ID="tl_11_8" STYLEREFS="FONT0"/>
            <SP HEIGHT="84" WIDTH="21" VPOS="600" HPOS="1480"/>
            <String HEIGHT="84" WIDTH="127" VPOS="600" HPOS="1395" CONTENT="mort" ID="tl_11_9" STYLEREFS="FONT0"/>
          </TextLine>
        </TextBlock>
        <TextBlock ID="r_1_8" HEIGHT="49" WIDTH="1367" VPOS="658" HPOS="143">
          <TextLine ID="tl_12" BASELINE="712" HEIGHT="54" WIDTH="1383" VPOS="658" HPOS="135">
            <String HEIGHT="54" WIDTH="157" VPOS="658" HPOS="109" CONTENT="en" ID="tl_12_1" STYLEREFS="FONT0"/>
            <SP HEIGHT="54" WIDTH="26" VPOS="658" HPOS="265"/>
            <String HEIGHT="54" WIDTH="235" VPOS="658" HPOS="187" CONTENT="1859." ID="tl_12_2" STYLEREFS="FONT0"/>
            <SP HEIGHT="54" WIDTH="26" VPOS="658" HPOS="422"/>
            <String HEIGHT="54" WIDTH="157" VPOS="658" HPOS="344" CONTENT="L." ID="tl_12_3" STYLEREFS="FONT0"/>
            <SP HEIGHT="54" WIDTH="26" VPOS="658" HPOS="500"/>
            <String HEIGHT="54" WIDTH="209" VPOS="658" HPOS="422" CONTENT="aut." ID="tl_12_4" STYLEREFS="FONT0"/>
            <SP HEIGHT="54" WIDTH="26" VPOS="658" HPOS="631"/>
            <String HEIGHT="54" WIDTH="235" VPOS="658" HPOS="553" CONTENT="sig.," ID="tl_12_5" STYLEREFS="FONT0"/>
            <SP HEIGHT="54" WIDTH="26" VPOS="658" HPOS="787"/>
            <String HEIGHT="54" WIDTH="287" VPOS="658" HPOS="709" CONTENT="samedi." ID="tl_12_6" STYLEREFS="FONT0"/>
            <SP HEIGHT="54" WIDTH="26" VPOS="658" HPOS="996"/>
            <String HEIGHT="54" WIDTH="130" VPOS="658" HPOS="918" CONTENT="1" ID="tl_12_7" STYLEREFS="FONT0"/>
            <SP HEIGHT="54" WIDTH="26" VPOS="658" HPOS="1048"/>
            <String HEIGHT="54" WIDTH="157" VPOS="658" HPOS="970" CONTENT="p." ID="tl_12_8" STYLEREFS="FONT0"/>
            <SP HEIGHT="54" WIDTH="26" VPOS="658" HPOS="1127"/>
            <String HEIGHT="54" WIDTH="235" VPOS="658" HPOS="1048" CONTENT="petit" ID="tl_12_9" STYLEREFS="FONT0"/>
            <SP HEIGHT="54" WIDTH="26" VPOS="658" HPOS="1283"/>
            <String HEIGHT="54" WIDTH="261" VPOS="658" HPOS="1205" CONTENT="in-18." ID="tl_12_10" STYLEREFS="FONT0"/>
            <SP HEIGHT="54" WIDTH="26" VPOS="658" HPOS="1466"/>
            <String HEIGHT="54" WIDTH="130" VPOS="658" HPOS="1388" CONTENT="1" ID="tl_12_11" STYLEREFS="FONT0"/>
            <SP HEIGHT="54" WIDTH="26" VPOS="658" HPOS="1518"/>
            <String HEIGHT="54" WIDTH="104" VPOS="658" HPOS="1414" CONTENT="50" ID="tl_12_12" STYLEREFS="FONT0"/>
          </TextLine>
        </TextBlock>
        <TextBlock ID="r_1_9" HEIGHT="48" WIDTH="1417" VPOS="706" HPOS="96">
          <TextLine ID="tl_13" BASELINE="757" HEIGHT="60" WIDTH="1432" VPOS="697" HPOS="88">
            <String HEIGHT="60" WIDTH="190" VPOS="697" HPOS="67" CONTENT="4193." ID="tl_13_1" STYLEREFS="FONT0"/>
            <SP HEIGHT="60" WIDTH="21" VPOS="697" HPOS="256"/>
            <String HEIGHT="60" WIDTH="400" VPOS="697" HPOS="193" CONTENT="Humboldt" ID="tl_13_2" STYLEREFS="FONT1"/>
            <SP HEIGHT="60" WIDTH="21" VPOS="697" HPOS="593"/>
            <String HEIGHT="60" WIDTH="147" VPOS="697" HPOS="530" CONTENT="(le" ID="tl_13_3" STYLEREFS="FONT0"/>
            <SP HEIGHT="60" WIDTH="21" VPOS="697" HPOS="678"/>
            <String HEIGHT="60" WIDTH="190" VPOS="697" HPOS="614" CONTENT="baron" ID="tl_13_4" STYLEREFS="FONT0"/>
            <SP HEIGHT="60" WIDTH="21" VPOS="697" HPOS="804"/>
            <String HEIGHT="60" WIDTH="274" VPOS="697" HPOS="741" CONTENT="Alexandre" ID="tl_13_5" STYLEREFS="FONT0"/>
            <SP HEIGHT="60" WIDTH="21" VPOS="697" HPOS="1015"/>
            <String HEIGHT="60" WIDTH="168" VPOS="697" HPOS="951" CONTENT="de)," ID="tl_13_6" STYLEREFS="FONT0"/>
            <SP HEIGHT="60" WIDTH="21" VPOS="697" HPOS="1120"/>
            <String HEIGHT="60" WIDTH="211" VPOS="697" HPOS="1057" CONTENT="savant" ID="tl_13_7" STYLEREFS="FONT0"/>
            <SP HEIGHT="60" WIDTH="21" VPOS="697" HPOS="1267"/>
            <String HEIGHT="60" WIDTH="274" VPOS="697" HPOS="1204" CONTENT="illustre," ID="tl_13_8" STYLEREFS="FONT0"/>
            <SP HEIGHT="60" WIDTH="21" VPOS="697" HPOS="1478"/>
            <String HEIGHT="60" WIDTH="126" VPOS="697" HPOS="1394" CONTENT="mort" ID="tl_13_9" STYLEREFS="FONT0"/>
          </TextLine>
        </TextBlock>
        <TextBlock ID="r_1_10" HEIGHT="99" WIDTH="1365" VPOS="753" HPOS="142">
          <TextLine ID="tl_14" BASELINE="807" HEIGHT="57" WIDTH="1378" VPOS="750" HPOS="134">
            <String HEIGHT="57" WIDTH="129" VPOS="750" HPOS="112" CONTENT="en" ID="tl_14_1" STYLEREFS="FONT0"/>
            <SP HEIGHT="57" WIDTH="22" VPOS="750" HPOS="242"/>
            <String HEIGHT="57" WIDTH="194" VPOS="750" HPOS="177" CONTENT="1859," ID="tl_14_2" STYLEREFS="FONT0"/>
            <SP HEIGHT="57" WIDTH="22" VPOS="750" HPOS="371"/>
            <String HEIGHT="57" WIDTH="129" VPOS="750" HPOS="306" CONTENT="L." ID="tl_14_3" STYLEREFS="FONT0"/>
            <SP HEIGHT="57" WIDTH="22" VPOS="750" HPOS="435"/>
            <String HEIGHT="57" WIDTH="172" VPOS="750" HPOS="371" CONTENT="aut." ID="tl_14_4" STYLEREFS="FONT0"/>
            <SP HEIGHT="57" WIDTH="22" VPOS="750" HPOS="543"/>
            <String HEIGHT="57" WIDTH="194" VPOS="750" HPOS="479" CONTENT="sig.," ID="tl_14_5" STYLEREFS="FONT0"/>
            <SP HEIGHT="57" WIDTH="22" VPOS="750" HPOS="672"/>
            <String HEIGHT="57" WIDTH="108" VPOS="750" HPOS="608" CONTENT="à" ID="tl_14_6" STYLEREFS="FONT0"/>
            <SP HEIGHT="57" WIDTH="22" VPOS="750" HPOS="715"/>
            <String HEIGHT="57" WIDTH="129" VPOS="750" HPOS="651" CONTENT="M." ID="tl_14_7" STYLEREFS="FONT0"/>
            <SP HEIGHT="57" WIDTH="22" VPOS="750" HPOS="780"/>
            <String HEIGHT="57" WIDTH="237" VPOS="750" HPOS="715" CONTENT="Bérard," ID="tl_14_8" STYLEREFS="FONT0"/>
            <SP HEIGHT="57" WIDTH="22" VPOS="750" HPOS="952"/>
            <String HEIGHT="57" WIDTH="129" VPOS="750" HPOS="888" CONTENT="ce" ID="tl_14_9" STYLEREFS="FONT0"/>
            <SP HEIGHT="57" WIDTH="22" VPOS="750" HPOS="1017"/>
            <String HEIGHT="57" WIDTH="258" VPOS="750" HPOS="952" CONTENT="dimanche" ID="tl_14_10" STYLEREFS="FONT0"/>
            <SP HEIGHT="57" WIDTH="22" VPOS="750" HPOS="1211"/>
            <String HEIGHT="57" WIDTH="215" VPOS="750" HPOS="1146" CONTENT="matin," ID="tl_14_11" STYLEREFS="FONT0"/>
            <SP HEIGHT="57" WIDTH="22" VPOS="750" HPOS="1361"/>
            <String HEIGHT="57" WIDTH="108" VPOS="750" HPOS="1297" CONTENT="5" ID="tl_14_12" STYLEREFS="FONT0"/>
            <SP HEIGHT="57" WIDTH="22" VPOS="750" HPOS="1404"/>
            <String HEIGHT="57" WIDTH="194" VPOS="750" HPOS="1318" CONTENT="heures." ID="tl_14_13" STYLEREFS="FONT0"/>
          </TextLine>
          <TextLine ID="tl_15" BASELINE="848" HEIGHT="52" WIDTH="1381" VPOS="796" HPOS="134">
            <String HEIGHT="52" WIDTH="460" VPOS="796" HPOS="42" CONTENT="1" ID="tl_15_1" STYLEREFS="FONT0"/>
            <SP HEIGHT="52" WIDTH="92" VPOS="796" HPOS="502"/>
            <String HEIGHT="52" WIDTH="552" VPOS="796" HPOS="226" CONTENT="p." ID="tl_15_2" STYLEREFS="FONT0"/>
            <SP HEIGHT="52" WIDTH="92" VPOS="796" HPOS="778"/>
            <String HEIGHT="52" WIDTH="829" VPOS="796" HPOS="502" CONTENT="in-8." ID="tl_15_3" STYLEREFS="FONT0"/>
            <SP HEIGHT="52" WIDTH="92" VPOS="796" HPOS="1331"/>
            <String HEIGHT="52" WIDTH="460" VPOS="796" HPOS="1055" CONTENT="3" ID="tl_15_4" STYLEREFS="FONT0"/>
            <SP HEIGHT="52" WIDTH="92" VPOS="796" HPOS="1515"/>
            <String HEIGHT="52" WIDTH="368" VPOS="796" HPOS="1147" CONTENT="50" ID="tl_15_5" STYLEREFS="FONT0"/>
          </TextLine>
        </TextBlock>
        <TextBlock ID="r_1_11" HEIGHT="49" WIDTH="1419" VPOS="850" HPOS="94">
          <TextLine ID="tl_16" BASELINE="900" HEIGHT="81" WIDTH="1436" VPOS="819" HPOS="85">
            <String HEIGHT="81" WIDTH="190" VPOS="819" HPOS="64" CONTENT="4194." ID="tl_16_1" STYLEREFS="FONT0"/>
            <SP HEIGHT="81" WIDTH="21" VPOS="819" HPOS="254"/>
            <String HEIGHT="81" WIDTH="401" VPOS="819" HPOS="191" CONTENT="Humboldt" ID="tl_16_2" STYLEREFS="FONT1"/>
            <SP HEIGHT="81" WIDTH="21" VPOS="819" HPOS="592"/>
            <String HEIGHT="81" WIDTH="148" VPOS="819" HPOS="528" CONTENT="(le" ID="tl_16_3" STYLEREFS="FONT0"/>
            <SP HEIGHT="81" WIDTH="21" VPOS="819" HPOS="676"/>
            <String HEIGHT="81" WIDTH="190" VPOS="819" HPOS="613" CONTENT="baron" ID="tl_16_4" STYLEREFS="FONT0"/>
            <SP HEIGHT="81" WIDTH="21" VPOS="819" HPOS="803"/>
            <String HEIGHT="81" WIDTH="275" VPOS="819" HPOS="740" CONTENT="Alexandre" ID="tl_16_5" STYLEREFS="FONT0"/>
            <SP HEIGHT="81" WIDTH="21" VPOS="819" HPOS="1014"/>
            <String HEIGHT="81" WIDTH="169" VPOS="819" HPOS="951" CONTENT="de)," ID="tl_16_6" STYLEREFS="FONT0"/>
            <SP HEIGHT="81" WIDTH="21" VPOS="819" HPOS="1120"/>
            <String HEIGHT="81" WIDTH="211" VPOS="819" HPOS="1056" CONTENT="savant" ID="tl_16_7" STYLEREFS="FONT0"/>
            <SP HEIGHT="81" WIDTH="21" VPOS="819" HPOS="1268"/>
            <String HEIGHT="81" WIDTH="275" VPOS="819" HPOS="1204" CONTENT="illustre," ID="tl_16_8" STYLEREFS="FONT0"/>
            <SP HEIGHT="81" WIDTH="21" VPOS="819" HPOS="1479"/>
            <String HEIGHT="81" WIDTH="127" VPOS="819" HPOS="1394" CONTENT="mort" ID="tl_16_9" STYLEREFS="FONT0"/>
          </TextLine>
        </TextBlock>
        <TextBlock ID="r_1_12" HEIGHT="51" WIDTH="1366" VPOS="898" HPOS="142">
          <TextLine ID="tl_17" BASELINE="952" HEIGHT="71" WIDTH="1383" VPOS="881" HPOS="133">
            <String HEIGHT="71" WIDTH="126" VPOS="881" HPOS="112" CONTENT="en" ID="tl_17_1" STYLEREFS="FONT0"/>
            <SP HEIGHT="71" WIDTH="21" VPOS="881" HPOS="238"/>
            <String HEIGHT="71" WIDTH="189" VPOS="881" HPOS="175" CONTENT="1859." ID="tl_17_2" STYLEREFS="FONT0"/>
            <SP HEIGHT="71" WIDTH="21" VPOS="881" HPOS="364"/>
            <String HEIGHT="71" WIDTH="126" VPOS="881" HPOS="301" CONTENT="L." ID="tl_17_3" STYLEREFS="FONT0"/>
            <SP HEIGHT="71" WIDTH="21" VPOS="881" HPOS="426"/>
            <String HEIGHT="71" WIDTH="168" VPOS="881" HPOS="364" CONTENT="aut." ID="tl_17_4" STYLEREFS="FONT0"/>
            <SP HEIGHT="71" WIDTH="21" VPOS="881" HPOS="531"/>
            <String HEIGHT="71" WIDTH="189" VPOS="881" HPOS="468" CONTENT="sig.," ID="tl_17_5" STYLEREFS="FONT0"/>
            <SP HEIGHT="71" WIDTH="21" VPOS="881" HPOS="657"/>
            <String HEIGHT="71" WIDTH="105" VPOS="881" HPOS="594" CONTENT="à" ID="tl_17_6" STYLEREFS="FONT0"/>
            <SP HEIGHT="71" WIDTH="21" VPOS="881" HPOS="699"/>
            <String HEIGHT="71" WIDTH="210" VPOS="881" HPOS="636" CONTENT="M....." ID="tl_17_7" STYLEREFS="FONT0"/>
            <SP HEIGHT="71" WIDTH="21" VPOS="881" HPOS="845"/>
            <String HEIGHT="71" WIDTH="210" VPOS="881" HPOS="783" CONTENT="Paris," ID="tl_17_8" STYLEREFS="FONT0"/>
            <SP HEIGHT="71" WIDTH="21" VPOS="881" HPOS="992"/>
            <String HEIGHT="71" WIDTH="126" VPOS="881" HPOS="929" CONTENT="24" ID="tl_17_9" STYLEREFS="FONT0"/>
            <SP HEIGHT="71" WIDTH="21" VPOS="881" HPOS="1055"/>
            <String HEIGHT="71" WIDTH="231" VPOS="881" HPOS="992" CONTENT="juillet" ID="tl_17_10" STYLEREFS="FONT0"/>
            <SP HEIGHT="71" WIDTH="21" VPOS="881" HPOS="1223"/>
            <String HEIGHT="71" WIDTH="189" VPOS="881" HPOS="1160" CONTENT="1815." ID="tl_17_11" STYLEREFS="FONT0"/>
            <SP HEIGHT="71" WIDTH="21" VPOS="881" HPOS="1348"/>
            <String HEIGHT="71" WIDTH="105" VPOS="881" HPOS="1286" CONTENT="4" ID="tl_17_12" STYLEREFS="FONT0"/>
            <SP HEIGHT="71" WIDTH="21" VPOS="881" HPOS="1390"/>
            <String HEIGHT="71" WIDTH="126" VPOS="881" HPOS="1327" CONTENT="p." ID="tl_17_13" STYLEREFS="FONT0"/>
            <SP HEIGHT="71" WIDTH="21" VPOS="881" HPOS="1453"/>
            <String HEIGHT="71" WIDTH="147" VPOS="881" HPOS="1369" CONTENT="in" ID="tl_17_14" STYLEREFS="FONT0"/>
          </TextLine>
        </TextBlock>
        <TextBlock ID="r_1_13" HEIGHT="99" WIDTH="1367" VPOS="945" HPOS="142">
          <TextLine ID="tl_18" BASELINE="996" HEIGHT="58" WIDTH="1382" VPOS="938" HPOS="135">
            <String HEIGHT="58" WIDTH="151" VPOS="938" HPOS="113" CONTENT="(Le" ID="tl_18_1" STYLEREFS="FONT0"/>
            <SP HEIGHT="58" WIDTH="22" VPOS="938" HPOS="265"/>
            <String HEIGHT="58" WIDTH="173" VPOS="938" HPOS="200" CONTENT="hazt" ID="tl_18_2" STYLEREFS="FONT0"/>
            <SP HEIGHT="58" WIDTH="22" VPOS="938" HPOS="373"/>
            <String HEIGHT="58" WIDTH="130" VPOS="938" HPOS="308" CONTENT="du" ID="tl_18_3" STYLEREFS="FONT0"/>
            <SP HEIGHT="58" WIDTH="22" VPOS="938" HPOS="437"/>
            <String HEIGHT="58" WIDTH="238" VPOS="938" HPOS="373" CONTENT="premier" ID="tl_18_4" STYLEREFS="FONT0"/>
            <SP HEIGHT="58" WIDTH="22" VPOS="938" HPOS="610"/>
            <String HEIGHT="58" WIDTH="259" VPOS="938" HPOS="545" CONTENT="feuillet" ID="tl_18_5" STYLEREFS="FONT0"/>
            <SP HEIGHT="58" WIDTH="22" VPOS="938" HPOS="804"/>
            <String HEIGHT="58" WIDTH="238" VPOS="938" HPOS="740" CONTENT="enlevé," ID="tl_18_6" STYLEREFS="FONT0"/>
            <SP HEIGHT="58" WIDTH="22" VPOS="938" HPOS="977"/>
            <String HEIGHT="58" WIDTH="173" VPOS="938" HPOS="912" CONTENT="mais" ID="tl_18_7" STYLEREFS="FONT0"/>
            <SP HEIGHT="58" WIDTH="22" VPOS="938" HPOS="1085"/>
            <String HEIGHT="58" WIDTH="173" VPOS="938" HPOS="1020" CONTENT="bien" ID="tl_18_8" STYLEREFS="FONT0"/>
            <SP HEIGHT="58" WIDTH="22" VPOS="938" HPOS="1193"/>
            <String HEIGHT="58" WIDTH="281" VPOS="938" HPOS="1128" CONTENT="au-dessus" ID="tl_18_9" STYLEREFS="FONT0"/>
            <SP HEIGHT="58" WIDTH="22" VPOS="938" HPOS="1409"/>
            <String HEIGHT="58" WIDTH="130" VPOS="938" HPOS="1344" CONTENT="de" ID="tl_18_10" STYLEREFS="FONT0"/>
            <SP HEIGHT="58" WIDTH="22" VPOS="938" HPOS="1474"/>
            <String HEIGHT="58" WIDTH="130" VPOS="938" HPOS="1387" CONTENT="l’é" SUBS_TYPE="HypPart1" SUBS_CONTENT="l’écriture" ID="tl_18_11" STYLEREFS="FONT0"/>
            <HYP CONTENT="-"/>
          </TextLine>
          <TextLine ID="tl_19" BASELINE="1040" HEIGHT="57" WIDTH="1381" VPOS="983" HPOS="135">
            <String HEIGHT="57" WIDTH="411" VPOS="983" HPOS="98" CONTENT="criture" SUBS_TYPE="HypPart2" SUBS_CONTENT="l’écriture" ID="tl_19_1" STYLEREFS="FONT0"/>
            <SP HEIGHT="57" WIDTH="37" VPOS="983" HPOS="508"/>
            <String HEIGHT="57" WIDTH="261" VPOS="983" HPOS="396" CONTENT="qui" ID="tl_19_2" STYLEREFS="FONT0"/>
            <SP HEIGHT="57" WIDTH="37" VPOS="983" HPOS="658"/>
            <String HEIGHT="57" WIDTH="336" VPOS="983" HPOS="546" CONTENT="n’est" ID="tl_19_3" STYLEREFS="FONT0"/>
            <SP HEIGHT="57" WIDTH="37" VPOS="983" HPOS="881"/>
            <String HEIGHT="57" WIDTH="261" VPOS="983" HPOS="770" CONTENT="pas" ID="tl_19_4" STYLEREFS="FONT0"/>
            <SP HEIGHT="57" WIDTH="37" VPOS="983" HPOS="1031"/>
            <String HEIGHT="57" WIDTH="523" VPOS="983" HPOS="919" CONTENT="atteinte)." ID="tl_19_5" STYLEREFS="FONT0"/>
            <SP HEIGHT="57" WIDTH="37" VPOS="983" HPOS="1441"/>
            <String HEIGHT="57" WIDTH="187" VPOS="983" HPOS="1329" CONTENT="7" ID="tl_19_6" STYLEREFS="FONT0"/>
            <SP HEIGHT="57" WIDTH="37" VPOS="983" HPOS="1516"/>
            <String HEIGHT="57" WIDTH="149" VPOS="983" HPOS="1367" CONTENT="50" ID="tl_19_7" STYLEREFS="FONT0"/>
          </TextLine>
        </TextBlock>
        <TextBlock ID="r_1_14" HEIGHT="433" WIDTH="1372" VPOS="1042" HPOS="140">
          <TextLine ID="tl_20" BASELINE="1099" HEIGHT="69" WIDTH="1337" VPOS="1030" HPOS="181">
            <String HEIGHT="69" WIDTH="134" VPOS="1030" HPOS="159" CONTENT="Il" ID="tl_20_1" STYLEREFS="FONT0"/>
            <SP HEIGHT="69" WIDTH="22" VPOS="1030" HPOS="292"/>
            <String HEIGHT="69" WIDTH="223" VPOS="1030" HPOS="226" CONTENT="plaide" ID="tl_20_2" STYLEREFS="FONT0"/>
            <SP HEIGHT="69" WIDTH="22" VPOS="1030" HPOS="448"/>
            <String HEIGHT="69" WIDTH="134" VPOS="1030" HPOS="382" CONTENT="au" ID="tl_20_3" STYLEREFS="FONT0"/>
            <SP HEIGHT="69" WIDTH="22" VPOS="1030" HPOS="515"/>
            <String HEIGHT="69" WIDTH="178" VPOS="1030" HPOS="448" CONTENT="près" ID="tl_20_4" STYLEREFS="FONT0"/>
            <SP HEIGHT="69" WIDTH="22" VPOS="1030" HPOS="627"/>
            <String HEIGHT="69" WIDTH="134" VPOS="1030" HPOS="560" CONTENT="de" ID="tl_20_5" STYLEREFS="FONT0"/>
            <SP HEIGHT="69" WIDTH="22" VPOS="1030" HPOS="694"/>
            <String HEIGHT="69" WIDTH="156" VPOS="1030" HPOS="627" CONTENT="lui" ID="tl_20_6" STYLEREFS="FONT0"/>
            <SP HEIGHT="69" WIDTH="22" VPOS="1030" HPOS="783"/>
            <String HEIGHT="69" WIDTH="134" VPOS="1030" HPOS="716" CONTENT="fa" ID="tl_20_7" STYLEREFS="FONT0"/>
            <SP HEIGHT="69" WIDTH="22" VPOS="1030" HPOS="850"/>
            <String HEIGHT="69" WIDTH="201" VPOS="1030" HPOS="783" CONTENT="cause" ID="tl_20_8" STYLEREFS="FONT0"/>
            <SP HEIGHT="69" WIDTH="22" VPOS="1030" HPOS="983"/>
            <String HEIGHT="69" WIDTH="134" VPOS="1030" HPOS="916" CONTENT="de" ID="tl_20_9" STYLEREFS="FONT0"/>
            <SP HEIGHT="69" WIDTH="22" VPOS="1030" HPOS="1050"/>
            <String HEIGHT="69" WIDTH="134" VPOS="1030" HPOS="983" CONTENT="M." ID="tl_20_10" STYLEREFS="FONT0"/>
            <SP HEIGHT="69" WIDTH="22" VPOS="1030" HPOS="1117"/>
            <String HEIGHT="69" WIDTH="201" VPOS="1030" HPOS="1050" CONTENT="Hase," ID="tl_20_11" STYLEREFS="FONT0"/>
            <SP HEIGHT="69" WIDTH="22" VPOS="1030" HPOS="1251"/>
            <String HEIGHT="69" WIDTH="156" VPOS="1030" HPOS="1184" CONTENT="son" ID="tl_20_12" STYLEREFS="FONT0"/>
            <SP HEIGHT="69" WIDTH="22" VPOS="1030" HPOS="1340"/>
            <String HEIGHT="69" WIDTH="201" VPOS="1030" HPOS="1273" CONTENT="mari," ID="tl_20_13" STYLEREFS="FONT0"/>
            <SP HEIGHT="69" WIDTH="22" VPOS="1030" HPOS="1473"/>
            <String HEIGHT="69" WIDTH="134" VPOS="1030" HPOS="1384" CONTENT="pour" ID="tl_20_14" STYLEREFS="FONT0"/>
          </TextLine>
          <TextLine ID="tl_21" BASELINE="1146" HEIGHT="65" WIDTH="1380" VPOS="1081" HPOS="133">
            <String HEIGHT="65" WIDTH="318" VPOS="1081" HPOS="112" CONTENT="l’obtention" ID="tl_21_1" STYLEREFS="FONT0"/>
            <SP HEIGHT="65" WIDTH="21" VPOS="1081" HPOS="430"/>
            <String HEIGHT="65" WIDTH="127" VPOS="1081" HPOS="367" CONTENT="de" ID="tl_21_2" STYLEREFS="FONT0"/>
            <SP HEIGHT="65" WIDTH="21" VPOS="1081" HPOS="494"/>
            <String HEIGHT="65" WIDTH="255" VPOS="1081" HPOS="430" CONTENT="l’emploi" ID="tl_21_3" STYLEREFS="FONT0"/>
            <SP HEIGHT="65" WIDTH="21" VPOS="1081" HPOS="685"/>
            <String HEIGHT="65" WIDTH="127" VPOS="1081" HPOS="621" CONTENT="de" ID="tl_21_4" STYLEREFS="FONT0"/>
            <SP HEIGHT="65" WIDTH="21" VPOS="1081" HPOS="749"/>
            <String HEIGHT="65" WIDTH="340" VPOS="1081" HPOS="685" CONTENT="conservateur" ID="tl_21_5" STYLEREFS="FONT0"/>
            <SP HEIGHT="65" WIDTH="21" VPOS="1081" HPOS="1025"/>
            <String HEIGHT="65" WIDTH="106" VPOS="1081" HPOS="961" CONTENT="à" ID="tl_21_6" STYLEREFS="FONT0"/>
            <SP HEIGHT="65" WIDTH="21" VPOS="1081" HPOS="1067"/>
            <String HEIGHT="65" WIDTH="127" VPOS="1081" HPOS="1003" CONTENT="la" ID="tl_21_7" STYLEREFS="FONT0"/>
            <SP HEIGHT="65" WIDTH="21" VPOS="1081" HPOS="1131"/>
            <String HEIGHT="65" WIDTH="340" VPOS="1081" HPOS="1067" CONTENT="bibliothèque" ID="tl_21_8" STYLEREFS="FONT0"/>
            <SP HEIGHT="65" WIDTH="21" VPOS="1081" HPOS="1407"/>
            <String HEIGHT="65" WIDTH="127" VPOS="1081" HPOS="1343" CONTENT="du" ID="tl_21_9" STYLEREFS="FONT0"/>
            <SP HEIGHT="65" WIDTH="21" VPOS="1081" HPOS="1471"/>
            <String HEIGHT="65" WIDTH="127" VPOS="1081" HPOS="1386" CONTENT="Roi." ID="tl_21_10" STYLEREFS="FONT0"/>
          </TextLine>
          <TextLine ID="tl_22" BASELINE="1189" HEIGHT="56" WIDTH="1386" VPOS="1133" HPOS="133">
            <String HEIGHT="56" WIDTH="147" VPOS="1133" HPOS="112" CONTENT="Ses" ID="tl_22_1" STYLEREFS="FONT0"/>
            <SP HEIGHT="56" WIDTH="21" VPOS="1133" HPOS="259"/>
            <String HEIGHT="56" WIDTH="252" VPOS="1133" HPOS="196" CONTENT="travaux," ID="tl_22_2" STYLEREFS="FONT0"/>
            <SP HEIGHT="56" WIDTH="21" VPOS="1133" HPOS="448"/>
            <String HEIGHT="56" WIDTH="147" VPOS="1133" HPOS="385" CONTENT="ses" ID="tl_22_3" STYLEREFS="FONT0"/>
            <SP HEIGHT="56" WIDTH="21" VPOS="1133" HPOS="532"/>
            <String HEIGHT="56" WIDTH="231" VPOS="1133" HPOS="469" CONTENT="titres," ID="tl_22_4" STYLEREFS="FONT0"/>
            <SP HEIGHT="56" WIDTH="21" VPOS="1133" HPOS="700"/>
            <String HEIGHT="56" WIDTH="168" VPOS="1133" HPOS="637" CONTENT="sont" ID="tl_22_5" STYLEREFS="FONT0"/>
            <SP HEIGHT="56" WIDTH="21" VPOS="1133" HPOS="805"/>
            <String HEIGHT="56" WIDTH="147" VPOS="1133" HPOS="742" CONTENT="des" ID="tl_22_6" STYLEREFS="FONT0"/>
            <SP HEIGHT="56" WIDTH="21" VPOS="1133" HPOS="889"/>
            <String HEIGHT="56" WIDTH="168" VPOS="1133" HPOS="826" CONTENT="plus" ID="tl_22_7" STYLEREFS="FONT0"/>
            <SP HEIGHT="56" WIDTH="21" VPOS="1133" HPOS="994"/>
            <String HEIGHT="56" WIDTH="357" VPOS="1133" HPOS="931" CONTENT="honorables..." ID="tl_22_8" STYLEREFS="FONT0"/>
            <SP HEIGHT="56" WIDTH="21" VPOS="1133" HPOS="1288"/>
            <String HEIGHT="56" WIDTH="147" VPOS="1133" HPOS="1225" CONTENT="«Si" ID="tl_22_9" STYLEREFS="FONT0"/>
            <SP HEIGHT="56" WIDTH="21" VPOS="1133" HPOS="1372"/>
            <String HEIGHT="56" WIDTH="168" VPOS="1133" HPOS="1309" CONTENT="vous" ID="tl_22_10" STYLEREFS="FONT0"/>
            <SP HEIGHT="56" WIDTH="21" VPOS="1133" HPOS="1477"/>
            <String HEIGHT="56" WIDTH="126" VPOS="1133" HPOS="1393" CONTENT="avez" ID="tl_22_11" STYLEREFS="FONT0"/>
          </TextLine>
          <TextLine ID="tl_23" BASELINE="1244" HEIGHT="64" WIDTH="1386" VPOS="1180" HPOS="133">
            <String HEIGHT="64" WIDTH="256" VPOS="1180" HPOS="112" CONTENT="«quelque" ID="tl_23_1" STYLEREFS="FONT0"/>
            <SP HEIGHT="64" WIDTH="21" VPOS="1180" HPOS="368"/>
            <String HEIGHT="64" WIDTH="192" VPOS="1180" HPOS="304" CONTENT="reste" ID="tl_23_2" STYLEREFS="FONT0"/>
            <SP HEIGHT="64" WIDTH="21" VPOS="1180" HPOS="495"/>
            <String HEIGHT="64" WIDTH="256" VPOS="1180" HPOS="432" CONTENT="d’amitié" ID="tl_23_3" STYLEREFS="FONT0"/>
            <SP HEIGHT="64" WIDTH="21" VPOS="1180" HPOS="687"/>
            <String HEIGHT="64" WIDTH="171" VPOS="1180" HPOS="623" CONTENT="pour" ID="tl_23_4" STYLEREFS="FONT0"/>
            <SP HEIGHT="64" WIDTH="21" VPOS="1180" HPOS="794"/>
            <String HEIGHT="64" WIDTH="171" VPOS="1180" HPOS="730" CONTENT="moi," ID="tl_23_5" STYLEREFS="FONT0"/>
            <SP HEIGHT="64" WIDTH="21" VPOS="1180" HPOS="901"/>
            <String HEIGHT="64" WIDTH="256" VPOS="1180" HPOS="837" CONTENT="daignez," ID="tl_23_6" STYLEREFS="FONT0"/>
            <SP HEIGHT="64" WIDTH="21" VPOS="1180" HPOS="1093"/>
            <String HEIGHT="64" WIDTH="277" VPOS="1180" HPOS="1029" CONTENT="monsieur," ID="tl_23_7" STYLEREFS="FONT0"/>
            <SP HEIGHT="64" WIDTH="21" VPOS="1180" HPOS="1306"/>
            <String HEIGHT="64" WIDTH="192" VPOS="1180" HPOS="1242" CONTENT="faire" ID="tl_23_8" STYLEREFS="FONT0"/>
            <SP HEIGHT="64" WIDTH="21" VPOS="1180" HPOS="1434"/>
            <String HEIGHT="64" WIDTH="171" VPOS="1180" HPOS="1348" CONTENT="valoir" ID="tl_23_9" STYLEREFS="FONT0"/>
          </TextLine>
          <TextLine ID="tl_24" BASELINE="1283" HEIGHT="62" WIDTH="1385" VPOS="1221" HPOS="131">
            <String HEIGHT="62" WIDTH="170" VPOS="1221" HPOS="110" CONTENT="«ces" ID="tl_24_1" STYLEREFS="FONT0"/>
            <SP HEIGHT="62" WIDTH="21" VPOS="1221" HPOS="280"/>
            <String HEIGHT="62" WIDTH="234" VPOS="1221" HPOS="216" CONTENT="raisons" ID="tl_24_2" STYLEREFS="FONT0"/>
            <SP HEIGHT="62" WIDTH="21" VPOS="1221" HPOS="451"/>
            <String HEIGHT="62" WIDTH="234" VPOS="1221" HPOS="387" CONTENT="fondées" ID="tl_24_3" STYLEREFS="FONT0"/>
            <SP HEIGHT="62" WIDTH="21" VPOS="1221" HPOS="621"/>
            <String HEIGHT="62" WIDTH="149" VPOS="1221" HPOS="557" CONTENT="sur" ID="tl_24_4" STYLEREFS="FONT0"/>
            <SP HEIGHT="62" WIDTH="21" VPOS="1221" HPOS="706"/>
            <String HEIGHT="62" WIDTH="149" VPOS="1221" HPOS="642" CONTENT="des" ID="tl_24_5" STYLEREFS="FONT0"/>
            <SP HEIGHT="62" WIDTH="21" VPOS="1221" HPOS="792"/>
            <String HEIGHT="62" WIDTH="277" VPOS="1221" HPOS="728" CONTENT="principes" ID="tl_24_6" STYLEREFS="FONT0"/>
            <SP HEIGHT="62" WIDTH="21" VPOS="1221" HPOS="1005"/>
            <String HEIGHT="62" WIDTH="256" VPOS="1221" HPOS="941" CONTENT="d’équité" ID="tl_24_7" STYLEREFS="FONT0"/>
            <SP HEIGHT="62" WIDTH="21" VPOS="1221" HPOS="1196"/>
            <String HEIGHT="62" WIDTH="128" VPOS="1221" HPOS="1132" CONTENT="et" ID="tl_24_8" STYLEREFS="FONT0"/>
            <SP HEIGHT="62" WIDTH="21" VPOS="1221" HPOS="1260"/>
            <String HEIGHT="62" WIDTH="128" VPOS="1221" HPOS="1196" CONTENT="de" ID="tl_24_9" STYLEREFS="FONT0"/>
            <SP HEIGHT="62" WIDTH="21" VPOS="1221" HPOS="1324"/>
            <String HEIGHT="62" WIDTH="256" VPOS="1221" HPOS="1260" CONTENT="justice." ID="tl_24_10" STYLEREFS="FONT0"/>
            <SP HEIGHT="62" WIDTH="21" VPOS="1221" HPOS="1516"/>
            <String HEIGHT="62" WIDTH="85" VPOS="1221" HPOS="1431" CONTENT="Je" ID="tl_24_11" STYLEREFS="FONT0"/>
          </TextLine>
          <TextLine ID="tl_25" BASELINE="1328" HEIGHT="54" WIDTH="1382" VPOS="1274" HPOS="134">
            <String HEIGHT="54" WIDTH="206" VPOS="1274" HPOS="113" CONTENT="«sais," ID="tl_25_1" STYLEREFS="FONT0"/>
            <SP HEIGHT="54" WIDTH="21" VPOS="1274" HPOS="320"/>
            <String HEIGHT="54" WIDTH="144" VPOS="1274" HPOS="258" CONTENT="que" ID="tl_25_2" STYLEREFS="FONT0"/>
            <SP HEIGHT="54" WIDTH="21" VPOS="1274" HPOS="402"/>
            <String HEIGHT="54" WIDTH="165" VPOS="1274" HPOS="340" CONTENT="j’ai" ID="tl_25_3" STYLEREFS="FONT0"/>
            <SP HEIGHT="54" WIDTH="21" VPOS="1274" HPOS="505"/>
            <String HEIGHT="54" WIDTH="124" VPOS="1274" HPOS="443" CONTENT="le" ID="tl_25_4" STYLEREFS="FONT0"/>
            <SP HEIGHT="54" WIDTH="21" VPOS="1274" HPOS="567"/>
            <String HEIGHT="54" WIDTH="165" VPOS="1274" HPOS="505" CONTENT="tort" ID="tl_25_5" STYLEREFS="FONT0"/>
            <SP HEIGHT="54" WIDTH="21" VPOS="1274" HPOS="670"/>
            <String HEIGHT="54" WIDTH="186" VPOS="1274" HPOS="608" CONTENT="aussi" ID="tl_25_6" STYLEREFS="FONT0"/>
            <SP HEIGHT="54" WIDTH="21" VPOS="1274" HPOS="794"/>
            <String HEIGHT="54" WIDTH="124" VPOS="1274" HPOS="732" CONTENT="de" ID="tl_25_7" STYLEREFS="FONT0"/>
            <SP HEIGHT="54" WIDTH="21" VPOS="1274" HPOS="856"/>
            <String HEIGHT="54" WIDTH="206" VPOS="1274" HPOS="794" CONTENT="n’être" ID="tl_25_8" STYLEREFS="FONT0"/>
            <SP HEIGHT="54" WIDTH="21" VPOS="1274" HPOS="1000"/>
            <String HEIGHT="54" WIDTH="186" VPOS="1274" HPOS="938" CONTENT="qu’un" ID="tl_25_9" STYLEREFS="FONT0"/>
            <SP HEIGHT="54" WIDTH="21" VPOS="1274" HPOS="1124"/>
            <String HEIGHT="54" WIDTH="144" VPOS="1274" HPOS="1062" CONTENT="des" ID="tl_25_10" STYLEREFS="FONT0"/>
            <SP HEIGHT="54" WIDTH="21" VPOS="1274" HPOS="1207"/>
            <String HEIGHT="54" WIDTH="103" VPOS="1274" HPOS="1145" CONTENT="8" ID="tl_25_11" STYLEREFS="FONT0"/>
            <SP HEIGHT="54" WIDTH="21" VPOS="1274" HPOS="1248"/>
            <String HEIGHT="54" WIDTH="248" VPOS="1274" HPOS="1186" CONTENT="associés" ID="tl_25_12" STYLEREFS="FONT0"/>
            <SP HEIGHT="54" WIDTH="21" VPOS="1274" HPOS="1433"/>
            <String HEIGHT="54" WIDTH="165" VPOS="1274" HPOS="1351" CONTENT="étran" SUBS_TYPE="HypPart1" SUBS_CONTENT="étran«gers" ID="tl_25_13" STYLEREFS="FONT0"/>
            <HYP CONTENT="-"/>
          </TextLine>
          <TextLine ID="tl_26" BASELINE="1385" HEIGHT="73" WIDTH="1380" VPOS="1312" HPOS="133">
            <String HEIGHT="73" WIDTH="185" VPOS="1312" HPOS="112" CONTENT="«gers" SUBS_TYPE="HypPart2" SUBS_CONTENT="étran«gers" ID="tl_26_1" STYLEREFS="FONT0"/>
            <SP HEIGHT="73" WIDTH="21" VPOS="1312" HPOS="298"/>
            <String HEIGHT="73" WIDTH="124" VPOS="1312" HPOS="236" CONTENT="de" ID="tl_26_2" STYLEREFS="FONT0"/>
            <SP HEIGHT="73" WIDTH="21" VPOS="1312" HPOS="360"/>
            <String HEIGHT="73" WIDTH="288" VPOS="1312" HPOS="298" CONTENT="l’Institut" ID="tl_26_3" STYLEREFS="FONT0"/>
            <SP HEIGHT="73" WIDTH="21" VPOS="1312" HPOS="586"/>
            <String HEIGHT="73" WIDTH="124" VPOS="1312" HPOS="524" CONTENT="de" ID="tl_26_4" STYLEREFS="FONT0"/>
            <SP HEIGHT="73" WIDTH="21" VPOS="1312" HPOS="648"/>
            <String HEIGHT="73" WIDTH="227" VPOS="1312" HPOS="586" CONTENT="France." ID="tl_26_5" STYLEREFS="FONT0"/>
            <SP HEIGHT="73" WIDTH="21" VPOS="1312" HPOS="813"/>
            <String HEIGHT="73" WIDTH="165" VPOS="1312" HPOS="751" CONTENT="Mais" ID="tl_26_6" STYLEREFS="FONT0"/>
            <SP HEIGHT="73" WIDTH="21" VPOS="1312" HPOS="916"/>
            <String HEIGHT="73" WIDTH="124" VPOS="1312" HPOS="854" CONTENT="M." ID="tl_26_7" STYLEREFS="FONT0"/>
            <SP HEIGHT="73" WIDTH="21" VPOS="1312" HPOS="977"/>
            <String HEIGHT="73" WIDTH="165" VPOS="1312" HPOS="916" CONTENT="Hase" ID="tl_26_8" STYLEREFS="FONT0"/>
            <SP HEIGHT="73" WIDTH="21" VPOS="1312" HPOS="1080"/>
            <String HEIGHT="73" WIDTH="103" VPOS="1312" HPOS="1019" CONTENT="a" ID="tl_26_9" STYLEREFS="FONT0"/>
            <SP HEIGHT="73" WIDTH="21" VPOS="1312" HPOS="1122"/>
            <String HEIGHT="73" WIDTH="144" VPOS="1312" HPOS="1060" CONTENT="les" ID="tl_26_10" STYLEREFS="FONT0"/>
            <SP HEIGHT="73" WIDTH="21" VPOS="1312" HPOS="1204"/>
            <String HEIGHT="73" WIDTH="206" VPOS="1312" HPOS="1142" CONTENT="droits" ID="tl_26_11" STYLEREFS="FONT0"/>
            <SP HEIGHT="73" WIDTH="21" VPOS="1312" HPOS="1348"/>
            <String HEIGHT="73" WIDTH="124" VPOS="1312" HPOS="1286" CONTENT="de" ID="tl_26_12" STYLEREFS="FONT0"/>
            <SP HEIGHT="73" WIDTH="21" VPOS="1312" HPOS="1410"/>
            <String HEIGHT="73" WIDTH="185" VPOS="1312" HPOS="1328" CONTENT="citoyen" ID="tl_26_13" STYLEREFS="FONT0"/>
          </TextLine>
          <TextLine ID="tl_27" BASELINE="1417" HEIGHT="44" WIDTH="1388" VPOS="1373" HPOS="132">
            <String HEIGHT="44" WIDTH="273" VPOS="1373" HPOS="111" CONTENT="«français" ID="tl_27_1" STYLEREFS="FONT0"/>
            <SP HEIGHT="44" WIDTH="21" VPOS="1373" HPOS="384"/>
            <String HEIGHT="44" WIDTH="210" VPOS="1373" HPOS="321" CONTENT="depuis" ID="tl_27_2" STYLEREFS="FONT0"/>
            <SP HEIGHT="44" WIDTH="21" VPOS="1373" HPOS="532"/>
            <String HEIGHT="44" WIDTH="126" VPOS="1373" HPOS="468" CONTENT="10" ID="tl_27_3" STYLEREFS="FONT0"/>
            <SP HEIGHT="44" WIDTH="21" VPOS="1373" HPOS="595"/>
            <String HEIGHT="44" WIDTH="168" VPOS="1373" HPOS="532" CONTENT="ans," ID="tl_27_4" STYLEREFS="FONT0"/>
            <SP HEIGHT="44" WIDTH="21" VPOS="1373" HPOS="700"/>
            <String HEIGHT="44" WIDTH="126" VPOS="1373" HPOS="637" CONTENT="et" ID="tl_27_5" STYLEREFS="FONT0"/>
            <SP HEIGHT="44" WIDTH="21" VPOS="1373" HPOS="763"/>
            <String HEIGHT="44" WIDTH="126" VPOS="1373" HPOS="700" CONTENT="ce" ID="tl_27_6" STYLEREFS="FONT0"/>
            <SP HEIGHT="44" WIDTH="21" VPOS="1373" HPOS="826"/>
            <String HEIGHT="44" WIDTH="189" VPOS="1373" HPOS="763" CONTENT="n’est" ID="tl_27_7" STYLEREFS="FONT0"/>
            <SP HEIGHT="44" WIDTH="21" VPOS="1373" HPOS="952"/>
            <String HEIGHT="44" WIDTH="147" VPOS="1373" HPOS="889" CONTENT="pas" ID="tl_27_8" STYLEREFS="FONT0"/>
            <SP HEIGHT="44" WIDTH="21" VPOS="1373" HPOS="1036"/>
            <String HEIGHT="44" WIDTH="210" VPOS="1373" HPOS="973" CONTENT="devant" ID="tl_27_9" STYLEREFS="FONT0"/>
            <SP HEIGHT="44" WIDTH="21" VPOS="1373" HPOS="1184"/>
            <String HEIGHT="44" WIDTH="168" VPOS="1373" HPOS="1120" CONTENT="vous" ID="tl_27_10" STYLEREFS="FONT0"/>
            <SP HEIGHT="44" WIDTH="21" VPOS="1373" HPOS="1289"/>
            <String HEIGHT="44" WIDTH="147" VPOS="1373" HPOS="1226" CONTENT="que" ID="tl_27_11" STYLEREFS="FONT0"/>
            <SP HEIGHT="44" WIDTH="21" VPOS="1373" HPOS="1373"/>
            <String HEIGHT="44" WIDTH="126" VPOS="1373" HPOS="1310" CONTENT="je" ID="tl_27_12" STYLEREFS="FONT0"/>
            <SP HEIGHT="44" WIDTH="21" VPOS="1373" HPOS="1436"/>
            <String HEIGHT="44" WIDTH="168" VPOS="1373" HPOS="1352" CONTENT="justi" SUBS_TYPE="HypPart1" SUBS_CONTENT="justi«fierais" ID="tl_27_13" STYLEREFS="FONT0"/>
            <HYP CONTENT="-"/>
          </TextLine>
          <TextLine ID="tl_28" BASELINE="1478" HEIGHT="62" WIDTH="1310" VPOS="1416" HPOS="133">
            <String HEIGHT="62" WIDTH="271" VPOS="1416" HPOS="110" CONTENT="«fierais" SUBS_TYPE="HypPart2" SUBS_CONTENT="justi«fierais" ID="tl_28_1" STYLEREFS="FONT0"/>
            <SP HEIGHT="62" WIDTH="23" VPOS="1416" HPOS="381"/>
            <String HEIGHT="62" WIDTH="158" VPOS="1416" HPOS="314" CONTENT="mon" ID="tl_28_2" STYLEREFS="FONT0"/>
            <SP HEIGHT="62" WIDTH="23" VPOS="1416" HPOS="472"/>
            <String HEIGHT="62" WIDTH="158" VPOS="1416" HPOS="404" CONTENT="ami" ID="tl_28_3" STYLEREFS="FONT0"/>
            <SP HEIGHT="62" WIDTH="23" VPOS="1416" HPOS="562"/>
            <String HEIGHT="62" WIDTH="226" VPOS="1416" HPOS="494" CONTENT="devant" ID="tl_28_4" STYLEREFS="FONT0"/>
            <SP HEIGHT="62" WIDTH="23" VPOS="1416" HPOS="720"/>
            <String HEIGHT="62" WIDTH="136" VPOS="1416" HPOS="652" CONTENT="un" ID="tl_28_5" STYLEREFS="FONT0"/>
            <SP HEIGHT="62" WIDTH="23" VPOS="1416" HPOS="788"/>
            <String HEIGHT="62" WIDTH="271" VPOS="1416" HPOS="720" CONTENT="argument" ID="tl_28_6" STYLEREFS="FONT0"/>
            <SP HEIGHT="62" WIDTH="23" VPOS="1416" HPOS="991"/>
            <String HEIGHT="62" WIDTH="136" VPOS="1416" HPOS="924" CONTENT="si" ID="tl_28_7" STYLEREFS="FONT0"/>
            <SP HEIGHT="62" WIDTH="23" VPOS="1416" HPOS="1059"/>
            <String HEIGHT="62" WIDTH="158" VPOS="1416" HPOS="991" CONTENT="peu" ID="tl_28_8" STYLEREFS="FONT0"/>
            <SP HEIGHT="62" WIDTH="23" VPOS="1416" HPOS="1149"/>
            <String HEIGHT="62" WIDTH="384" VPOS="1416" HPOS="1059" CONTENT="philosophique.»" ID="tl_28_9" STYLEREFS="FONT0"/>
          </TextLine>
        </TextBlock>
        <TextBlock ID="r_1_15" HEIGHT="48" WIDTH="1412" VPOS="1474" HPOS="91">
          <TextLine ID="tl_29" BASELINE="1520" HEIGHT="64" WIDTH="1428" VPOS="1456" HPOS="83">
            <String HEIGHT="64" WIDTH="186" VPOS="1456" HPOS="62" CONTENT="4195." ID="tl_29_1" STYLEREFS="FONT0"/>
            <SP HEIGHT="64" WIDTH="21" VPOS="1456" HPOS="249"/>
            <String HEIGHT="64" WIDTH="414" VPOS="1456" HPOS="186" CONTENT="Hummboldé" ID="tl_29_2" STYLEREFS="FONT1"/>
            <SP HEIGHT="64" WIDTH="21" VPOS="1456" HPOS="600"/>
            <String HEIGHT="64" WIDTH="145" VPOS="1456" HPOS="538" CONTENT="(le" ID="tl_29_3" STYLEREFS="FONT0"/>
            <SP HEIGHT="64" WIDTH="21" VPOS="1456" HPOS="683"/>
            <String HEIGHT="64" WIDTH="186" VPOS="1456" HPOS="621" CONTENT="baron" ID="tl_29_4" STYLEREFS="FONT0"/>
            <SP HEIGHT="64" WIDTH="21" VPOS="1456" HPOS="807"/>
            <String HEIGHT="64" WIDTH="269" VPOS="1456" HPOS="745" CONTENT="Alexandre" ID="tl_29_5" STYLEREFS="FONT0"/>
            <SP HEIGHT="64" WIDTH="21" VPOS="1456" HPOS="1014"/>
            <String HEIGHT="64" WIDTH="166" VPOS="1456" HPOS="952" CONTENT="de)," ID="tl_29_6" STYLEREFS="FONT0"/>
            <SP HEIGHT="64" WIDTH="21" VPOS="1456" HPOS="1118"/>
            <String HEIGHT="64" WIDTH="207" VPOS="1456" HPOS="1056" CONTENT="savant" ID="tl_29_7" STYLEREFS="FONT0"/>
            <SP HEIGHT="64" WIDTH="21" VPOS="1456" HPOS="1263"/>
            <String HEIGHT="64" WIDTH="269" VPOS="1456" HPOS="1201" CONTENT="illustre," ID="tl_29_8" STYLEREFS="FONT0"/>
            <SP HEIGHT="64" WIDTH="21" VPOS="1456" HPOS="1470"/>
            <String HEIGHT="64" WIDTH="124" VPOS="1456" HPOS="1387" CONTENT="mort" ID="tl_29_9" STYLEREFS="FONT0"/>
          </TextLine>
        </TextBlock>
        <TextBlock ID="r_1_16" HEIGHT="89" WIDTH="1371" VPOS="1521" HPOS="137">
          <TextLine ID="tl_30" BASELINE="1572" HEIGHT="60" WIDTH="1386" VPOS="1512" HPOS="130">
            <String HEIGHT="60" WIDTH="132" VPOS="1512" HPOS="108" CONTENT="en" ID="tl_30_1" STYLEREFS="FONT0"/>
            <SP HEIGHT="60" WIDTH="22" VPOS="1512" HPOS="240"/>
            <String HEIGHT="60" WIDTH="198" VPOS="1512" HPOS="174" CONTENT="1859." ID="tl_30_2" STYLEREFS="FONT0"/>
            <SP HEIGHT="60" WIDTH="22" VPOS="1512" HPOS="372"/>
            <String HEIGHT="60" WIDTH="132" VPOS="1512" HPOS="306" CONTENT="L." ID="tl_30_3" STYLEREFS="FONT0"/>
            <SP HEIGHT="60" WIDTH="22" VPOS="1512" HPOS="438"/>
            <String HEIGHT="60" WIDTH="176" VPOS="1512" HPOS="372" CONTENT="aut." ID="tl_30_4" STYLEREFS="FONT0"/>
            <SP HEIGHT="60" WIDTH="22" VPOS="1512" HPOS="548"/>
            <String HEIGHT="60" WIDTH="198" VPOS="1512" HPOS="482" CONTENT="sig.," ID="tl_30_5" STYLEREFS="FONT0"/>
            <SP HEIGHT="60" WIDTH="22" VPOS="1512" HPOS="680"/>
            <String HEIGHT="60" WIDTH="110" VPOS="1512" HPOS="614" CONTENT="à" ID="tl_30_6" STYLEREFS="FONT0"/>
            <SP HEIGHT="60" WIDTH="22" VPOS="1512" HPOS="724"/>
            <String HEIGHT="60" WIDTH="132" VPOS="1512" HPOS="658" CONTENT="M." ID="tl_30_7" STYLEREFS="FONT0"/>
            <SP HEIGHT="60" WIDTH="22" VPOS="1512" HPOS="790"/>
            <String HEIGHT="60" WIDTH="198" VPOS="1512" HPOS="724" CONTENT="Hase." ID="tl_30_8" STYLEREFS="FONT0"/>
            <SP HEIGHT="60" WIDTH="22" VPOS="1512" HPOS="922"/>
            <String HEIGHT="60" WIDTH="220" VPOS="1512" HPOS="856" CONTENT="Paris," ID="tl_30_9" STYLEREFS="FONT0"/>
            <SP HEIGHT="60" WIDTH="22" VPOS="1512" HPOS="1076"/>
            <String HEIGHT="60" WIDTH="132" VPOS="1512" HPOS="1010" CONTENT="18" ID="tl_30_10" STYLEREFS="FONT0"/>
            <SP HEIGHT="60" WIDTH="22" VPOS="1512" HPOS="1142"/>
            <String HEIGHT="60" WIDTH="176" VPOS="1512" HPOS="1076" CONTENT="fév." ID="tl_30_11" STYLEREFS="FONT0"/>
            <SP HEIGHT="60" WIDTH="22" VPOS="1512" HPOS="1252"/>
            <String HEIGHT="60" WIDTH="198" VPOS="1512" HPOS="1186" CONTENT="1827." ID="tl_30_12" STYLEREFS="FONT0"/>
            <SP HEIGHT="60" WIDTH="22" VPOS="1512" HPOS="1384"/>
            <String HEIGHT="60" WIDTH="110" VPOS="1512" HPOS="1318" CONTENT="2" ID="tl_30_13" STYLEREFS="FONT0"/>
            <SP HEIGHT="60" WIDTH="22" VPOS="1512" HPOS="1428"/>
            <String HEIGHT="60" WIDTH="132" VPOS="1512" HPOS="1362" CONTENT="p." ID="tl_30_14" STYLEREFS="FONT0"/>
            <SP HEIGHT="60" WIDTH="22" VPOS="1512" HPOS="1494"/>
            <String HEIGHT="60" WIDTH="110" VPOS="1512" HPOS="1406" CONTENT="pe" SUBS_TYPE="HypPart1" SUBS_CONTENT="petit" ID="tl_30_15" STYLEREFS="FONT0"/>
            <HYP CONTENT="-"/>
          </TextLine>
          <TextLine ID="tl_31" BASELINE="1625" HEIGHT="69" WIDTH="1379" VPOS="1556" HPOS="132">
            <String HEIGHT="69" WIDTH="690" VPOS="1556" HPOS="34" CONTENT="tit" SUBS_TYPE="HypPart2" SUBS_CONTENT="petit" ID="tl_31_1" STYLEREFS="FONT0"/>
            <SP HEIGHT="69" WIDTH="99" VPOS="1556" HPOS="723"/>
            <String HEIGHT="69" WIDTH="985" VPOS="1556" HPOS="428" CONTENT="in-18." ID="tl_31_2" STYLEREFS="FONT0"/>
            <SP HEIGHT="69" WIDTH="99" VPOS="1556" HPOS="1413"/>
            <String HEIGHT="69" WIDTH="493" VPOS="1556" HPOS="1117" CONTENT="4" ID="tl_31_3" STYLEREFS="FONT0"/>
            <SP HEIGHT="69" WIDTH="99" VPOS="1556" HPOS="1610"/>
            <String HEIGHT="69" WIDTH="296" VPOS="1556" HPOS="1216" CONTENT="»" ID="tl_31_4" STYLEREFS="FONT0"/>
          </TextLine>
        </TextBlock>
        <TextBlock ID="r_1_17" HEIGHT="244" WIDTH="1371" VPOS="1617" HPOS="137">
          <TextLine ID="tl_32" BASELINE="1670" HEIGHT="66" WIDTH="1335" VPOS="1604" HPOS="178">
            <String HEIGHT="66" WIDTH="134" VPOS="1604" HPOS="156" CONTENT="M." ID="tl_32_1" STYLEREFS="FONT0"/>
            <SP HEIGHT="66" WIDTH="22" VPOS="1604" HPOS="289"/>
            <String HEIGHT="66" WIDTH="134" VPOS="1604" HPOS="223" CONTENT="de" ID="tl_32_2" STYLEREFS="FONT0"/>
            <SP HEIGHT="66" WIDTH="22" VPOS="1604" HPOS="356"/>
            <String HEIGHT="66" WIDTH="378" VPOS="1604" HPOS="289" CONTENT="Châteaubriand" ID="tl_32_3" STYLEREFS="FONT0"/>
            <SP HEIGHT="66" WIDTH="22" VPOS="1604" HPOS="668"/>
            <String HEIGHT="66" WIDTH="223" VPOS="1604" HPOS="601" CONTENT="laisse" ID="tl_32_4" STYLEREFS="FONT0"/>
            <SP HEIGHT="66" WIDTH="22" VPOS="1604" HPOS="823"/>
            <String HEIGHT="66" WIDTH="156" VPOS="1604" HPOS="757" CONTENT="les" ID="tl_32_5" STYLEREFS="FONT0"/>
            <SP HEIGHT="66" WIDTH="22" VPOS="1604" HPOS="912"/>
            <String HEIGHT="66" WIDTH="223" VPOS="1604" HPOS="846" CONTENT="choses" ID="tl_32_6" STYLEREFS="FONT0"/>
            <SP HEIGHT="66" WIDTH="22" VPOS="1604" HPOS="1068"/>
            <String HEIGHT="66" WIDTH="267" VPOS="1604" HPOS="1001" CONTENT="immondes" ID="tl_32_7" STYLEREFS="FONT0"/>
            <SP HEIGHT="66" WIDTH="22" VPOS="1604" HPOS="1268"/>
            <String HEIGHT="66" WIDTH="178" VPOS="1604" HPOS="1202" CONTENT="dans" ID="tl_32_8" STYLEREFS="FONT0"/>
            <SP HEIGHT="66" WIDTH="22" VPOS="1604" HPOS="1380"/>
            <String HEIGHT="66" WIDTH="156" VPOS="1604" HPOS="1313" CONTENT="ses" ID="tl_32_9" STYLEREFS="FONT0"/>
            <SP HEIGHT="66" WIDTH="22" VPOS="1604" HPOS="1469"/>
            <String HEIGHT="66" WIDTH="134" VPOS="1604" HPOS="1380" CONTENT="poé" SUBS_TYPE="HypPart1" SUBS_CONTENT="poésies" ID="tl_32_10" STYLEREFS="FONT0"/>
            <HYP CONTENT="-"/>
          </TextLine>
          <TextLine ID="tl_33" BASELINE="1720" HEIGHT="58" WIDTH="1379" VPOS="1662" HPOS="132">
            <String HEIGHT="58" WIDTH="184" VPOS="1662" HPOS="109" CONTENT="sies" SUBS_TYPE="HypPart2" SUBS_CONTENT="poésies" ID="tl_33_1" STYLEREFS="FONT0"/>
            <SP HEIGHT="58" WIDTH="23" VPOS="1662" HPOS="293"/>
            <String HEIGHT="58" WIDTH="138" VPOS="1662" HPOS="224" CONTENT="en" ID="tl_33_2" STYLEREFS="FONT0"/>
            <SP HEIGHT="58" WIDTH="23" VPOS="1662" HPOS="362"/>
            <String HEIGHT="58" WIDTH="230" VPOS="1662" HPOS="293" CONTENT="prose," ID="tl_33_3" STYLEREFS="FONT0"/>
            <SP HEIGHT="58" WIDTH="23" VPOS="1662" HPOS="523"/>
            <String HEIGHT="58" WIDTH="184" VPOS="1662" HPOS="454" CONTENT="lui," ID="tl_33_4" STYLEREFS="FONT0"/>
            <SP HEIGHT="58" WIDTH="23" VPOS="1662" HPOS="638"/>
            <String HEIGHT="58" WIDTH="138" VPOS="1662" HPOS="569" CONTENT="il" ID="tl_33_5" STYLEREFS="FONT0"/>
            <SP HEIGHT="58" WIDTH="23" VPOS="1662" HPOS="707"/>
            <String HEIGHT="58" WIDTH="161" VPOS="1662" HPOS="638" CONTENT="les" ID="tl_33_6" STYLEREFS="FONT0"/>
            <SP HEIGHT="58" WIDTH="23" VPOS="1662" HPOS="799"/>
            <String HEIGHT="58" WIDTH="161" VPOS="1662" HPOS="730" CONTENT="met" ID="tl_33_7" STYLEREFS="FONT0"/>
            <SP HEIGHT="58" WIDTH="23" VPOS="1662" HPOS="890"/>
            <String HEIGHT="58" WIDTH="138" VPOS="1662" HPOS="822" CONTENT="en" ID="tl_33_8" STYLEREFS="FONT0"/>
            <SP HEIGHT="58" WIDTH="23" VPOS="1662" HPOS="959"/>
            <String HEIGHT="58" WIDTH="207" VPOS="1662" HPOS="890" CONTENT="latin" ID="tl_33_9" STYLEREFS="FONT0"/>
            <SP HEIGHT="58" WIDTH="23" VPOS="1662" HPOS="1097"/>
            <String HEIGHT="58" WIDTH="184" VPOS="1662" HPOS="1028" CONTENT="dans" ID="tl_33_10" STYLEREFS="FONT0"/>
            <SP HEIGHT="58" WIDTH="23" VPOS="1662" HPOS="1212"/>
            <String HEIGHT="58" WIDTH="161" VPOS="1662" HPOS="1143" CONTENT="les" ID="tl_33_11" STYLEREFS="FONT0"/>
            <SP HEIGHT="58" WIDTH="23" VPOS="1662" HPOS="1304"/>
            <String HEIGHT="58" WIDTH="184" VPOS="1662" HPOS="1235" CONTENT="mots" ID="tl_33_12" STYLEREFS="FONT0"/>
            <SP HEIGHT="58" WIDTH="23" VPOS="1662" HPOS="1419"/>
            <String HEIGHT="58" WIDTH="138" VPOS="1662" HPOS="1350" CONTENT="de" ID="tl_33_13" STYLEREFS="FONT0"/>
            <SP HEIGHT="58" WIDTH="23" VPOS="1662" HPOS="1488"/>
            <String HEIGHT="58" WIDTH="115" VPOS="1662" HPOS="1396" CONTENT="son" ID="tl_33_14" STYLEREFS="FONT0"/>
          </TextLine>
          <TextLine ID="tl_34" BASELINE="1766" HEIGHT="54" WIDTH="1387" VPOS="1712" HPOS="129">
            <String HEIGHT="54" WIDTH="238" VPOS="1712" HPOS="107" CONTENT="voyage." ID="tl_34_1" STYLEREFS="FONT0"/>
            <SP HEIGHT="54" WIDTH="22" VPOS="1712" HPOS="346"/>
            <String HEIGHT="54" WIDTH="130" VPOS="1712" HPOS="281" CONTENT="Il" ID="tl_34_2" STYLEREFS="FONT0"/>
            <SP HEIGHT="54" WIDTH="22" VPOS="1712" HPOS="411"/>
            <String HEIGHT="54" WIDTH="130" VPOS="1712" HPOS="346" CONTENT="le" ID="tl_34_3" STYLEREFS="FONT0"/>
            <SP HEIGHT="54" WIDTH="22" VPOS="1712" HPOS="476"/>
            <String HEIGHT="54" WIDTH="173" VPOS="1712" HPOS="411" CONTENT="prie" ID="tl_34_4" STYLEREFS="FONT0"/>
            <SP HEIGHT="54" WIDTH="22" VPOS="1712" HPOS="584"/>
            <String HEIGHT="54" WIDTH="130" VPOS="1712" HPOS="519" CONTENT="de" ID="tl_34_5" STYLEREFS="FONT0"/>
            <SP HEIGHT="54" WIDTH="22" VPOS="1712" HPOS="649"/>
            <String HEIGHT="54" WIDTH="217" VPOS="1712" HPOS="584" CONTENT="mettre" ID="tl_34_6" STYLEREFS="FONT0"/>
            <SP HEIGHT="54" WIDTH="22" VPOS="1712" HPOS="801"/>
            <String HEIGHT="54" WIDTH="130" VPOS="1712" HPOS="736" CONTENT="en" ID="tl_34_7" STYLEREFS="FONT0"/>
            <SP HEIGHT="54" WIDTH="22" VPOS="1712" HPOS="866"/>
            <String HEIGHT="54" WIDTH="195" VPOS="1712" HPOS="801" CONTENT="latin" ID="tl_34_8" STYLEREFS="FONT0"/>
            <SP HEIGHT="54" WIDTH="22" VPOS="1712" HPOS="996"/>
            <String HEIGHT="54" WIDTH="130" VPOS="1712" HPOS="931" CONTENT="un" ID="tl_34_9" STYLEREFS="FONT0"/>
            <SP HEIGHT="54" WIDTH="22" VPOS="1712" HPOS="1061"/>
            <String HEIGHT="54" WIDTH="238" VPOS="1712" HPOS="996" CONTENT="passage" ID="tl_34_10" STYLEREFS="FONT0"/>
            <SP HEIGHT="54" WIDTH="22" VPOS="1712" HPOS="1234"/>
            <String HEIGHT="54" WIDTH="152" VPOS="1712" HPOS="1169" CONTENT="sur" ID="tl_34_11" STYLEREFS="FONT0"/>
            <SP HEIGHT="54" WIDTH="22" VPOS="1712" HPOS="1321"/>
            <String HEIGHT="54" WIDTH="152" VPOS="1712" HPOS="1256" CONTENT="les" ID="tl_34_12" STYLEREFS="FONT0"/>
            <SP HEIGHT="54" WIDTH="22" VPOS="1712" HPOS="1408"/>
            <String HEIGHT="54" WIDTH="195" VPOS="1712" HPOS="1321" CONTENT="requins" ID="tl_34_13" STYLEREFS="FONT0"/>
          </TextLine>
          <TextLine ID="tl_35" BASELINE="1830" HEIGHT="74" WIDTH="1384" VPOS="1756" HPOS="130">
            <String HEIGHT="74" WIDTH="160" VPOS="1756" HPOS="110" CONTENT="pris" ID="tl_35_1" STYLEREFS="FONT0"/>
            <SP HEIGHT="74" WIDTH="20" VPOS="1756" HPOS="270"/>
            <String HEIGHT="74" WIDTH="100" VPOS="1756" HPOS="210" CONTENT="à" ID="tl_35_2" STYLEREFS="FONT0"/>
            <SP HEIGHT="74" WIDTH="20" VPOS="1756" HPOS="311"/>
            <String HEIGHT="74" WIDTH="281" VPOS="1756" HPOS="250" CONTENT="l’hameçon," ID="tl_35_3" STYLEREFS="FONT0"/>
            <SP HEIGHT="74" WIDTH="20" VPOS="1756" HPOS="531"/>
            <String HEIGHT="74" WIDTH="120" VPOS="1756" HPOS="471" CONTENT="ce" ID="tl_35_4" STYLEREFS="FONT0"/>
            <SP HEIGHT="74" WIDTH="20" VPOS="1756" HPOS="591"/>
            <String HEIGHT="74" WIDTH="140" VPOS="1756" HPOS="531" CONTENT="qui" ID="tl_35_5" STYLEREFS="FONT0"/>
            <SP HEIGHT="74" WIDTH="20" VPOS="1756" HPOS="672"/>
            <String HEIGHT="74" WIDTH="140" VPOS="1756" HPOS="611" CONTENT="est" ID="tl_35_6" STYLEREFS="FONT0"/>
            <SP HEIGHT="74" WIDTH="20" VPOS="1756" HPOS="752"/>
            <String HEIGHT="74" WIDTH="160" VPOS="1756" HPOS="692" CONTENT="fait" ID="tl_35_7" STYLEREFS="FONT0"/>
            <SP HEIGHT="74" WIDTH="20" VPOS="1756" HPOS="852"/>
            <String HEIGHT="74" WIDTH="140" VPOS="1756" HPOS="792" CONTENT="par" ID="tl_35_8" STYLEREFS="FONT0"/>
            <SP HEIGHT="74" WIDTH="20" VPOS="1756" HPOS="932"/>
            <String HEIGHT="74" WIDTH="120" VPOS="1756" HPOS="872" CONTENT="M." ID="tl_35_9" STYLEREFS="FONT0"/>
            <SP HEIGHT="74" WIDTH="20" VPOS="1756" HPOS="992"/>
            <String HEIGHT="74" WIDTH="160" VPOS="1756" HPOS="932" CONTENT="Hase" ID="tl_35_10" STYLEREFS="FONT0"/>
            <SP HEIGHT="74" WIDTH="20" VPOS="1756" HPOS="1093"/>
            <String HEIGHT="74" WIDTH="140" VPOS="1756" HPOS="1033" CONTENT="sur" ID="tl_35_11" STYLEREFS="FONT0"/>
            <SP HEIGHT="74" WIDTH="20" VPOS="1756" HPOS="1173"/>
            <String HEIGHT="74" WIDTH="120" VPOS="1756" HPOS="1113" CONTENT="la" ID="tl_35_12" STYLEREFS="FONT0"/>
            <SP HEIGHT="74" WIDTH="20" VPOS="1756" HPOS="1233"/>
            <String HEIGHT="74" WIDTH="120" VPOS="1756" HPOS="1173" CONTENT="3e" ID="tl_35_13" STYLEREFS="FONT0"/>
            <SP HEIGHT="74" WIDTH="20" VPOS="1756" HPOS="1293"/>
            <String HEIGHT="74" WIDTH="160" VPOS="1756" HPOS="1233" CONTENT="pag." ID="tl_35_14" STYLEREFS="FONT0"/>
            <SP HEIGHT="74" WIDTH="20" VPOS="1756" HPOS="1394"/>
            <String HEIGHT="74" WIDTH="120" VPOS="1756" HPOS="1333" CONTENT="en" ID="tl_35_15" STYLEREFS="FONT0"/>
            <SP HEIGHT="74" WIDTH="20" VPOS="1756" HPOS="1454"/>
            <String HEIGHT="74" WIDTH="140" VPOS="1756" HPOS="1374" CONTENT="trois" ID="tl_35_16" STYLEREFS="FONT0"/>
          </TextLine>
          <TextLine ID="tl_36" BASELINE="1868" HEIGHT="65" WIDTH="422" VPOS="1803" HPOS="129">
            <String HEIGHT="65" WIDTH="222" VPOS="1803" HPOS="107" CONTENT="lignes" ID="tl_36_1" STYLEREFS="FONT0"/>
            <SP HEIGHT="65" WIDTH="22" VPOS="1803" HPOS="329"/>
            <String HEIGHT="65" WIDTH="311" VPOS="1803" HPOS="240" CONTENT="autographes." ID="tl_36_2" STYLEREFS="FONT0"/>
          </TextLine>
        </TextBlock>
        <TextBlock ID="r_1_18" HEIGHT="58" WIDTH="1418" VPOS="1848" HPOS="90">
          <TextLine ID="tl_37" BASELINE="1933" HEIGHT="108" WIDTH="1434" VPOS="1825" HPOS="83">
            <String HEIGHT="108" WIDTH="187" VPOS="1825" HPOS="62" CONTENT="4196." ID="tl_37_1" STYLEREFS="FONT0"/>
            <SP HEIGHT="108" WIDTH="21" VPOS="1825" HPOS="249"/>
            <String HEIGHT="108" WIDTH="416" VPOS="1825" HPOS="187" CONTENT="Hunmboldt" ID="tl_37_2" STYLEREFS="FONT1"/>
            <SP HEIGHT="108" WIDTH="21" VPOS="1825" HPOS="603"/>
            <String HEIGHT="108" WIDTH="145" VPOS="1825" HPOS="540" CONTENT="(le" ID="tl_37_3" STYLEREFS="FONT0"/>
            <SP HEIGHT="108" WIDTH="21" VPOS="1825" HPOS="686"/>
            <String HEIGHT="108" WIDTH="187" VPOS="1825" HPOS="623" CONTENT="baron" ID="tl_37_4" STYLEREFS="FONT0"/>
            <SP HEIGHT="108" WIDTH="21" VPOS="1825" HPOS="810"/>
            <String HEIGHT="108" WIDTH="270" VPOS="1825" HPOS="748" CONTENT="Alexandre" ID="tl_37_5" STYLEREFS="FONT0"/>
            <SP HEIGHT="108" WIDTH="21" VPOS="1825" HPOS="1018"/>
            <String HEIGHT="108" WIDTH="166" VPOS="1825" HPOS="956" CONTENT="de)," ID="tl_37_6" STYLEREFS="FONT0"/>
            <SP HEIGHT="108" WIDTH="21" VPOS="1825" HPOS="1122"/>
            <String HEIGHT="108" WIDTH="208" VPOS="1825" HPOS="1060" CONTENT="savant" ID="tl_37_7" STYLEREFS="FONT0"/>
            <SP HEIGHT="108" WIDTH="21" VPOS="1825" HPOS="1268"/>
            <String HEIGHT="108" WIDTH="270" VPOS="1825" HPOS="1205" CONTENT="illustre," ID="tl_37_8" STYLEREFS="FONT0"/>
            <SP HEIGHT="108" WIDTH="21" VPOS="1825" HPOS="1475"/>
            <String HEIGHT="108" WIDTH="125" VPOS="1825" HPOS="1392" CONTENT="mort" ID="tl_37_9" STYLEREFS="FONT0"/>
          </TextLine>
        </TextBlock>
        <TextBlock ID="r_1_19" HEIGHT="50" WIDTH="1368" VPOS="1906" HPOS="137">
          <TextLine ID="tl_38" BASELINE="1951" HEIGHT="53" WIDTH="1383" VPOS="1898" HPOS="129">
            <String HEIGHT="53" WIDTH="154" VPOS="1898" HPOS="103" CONTENT="en" ID="tl_38_1" STYLEREFS="FONT0"/>
            <SP HEIGHT="53" WIDTH="26" VPOS="1898" HPOS="257"/>
            <String HEIGHT="53" WIDTH="231" VPOS="1898" HPOS="180" CONTENT="1859." ID="tl_38_2" STYLEREFS="FONT0"/>
            <SP HEIGHT="53" WIDTH="26" VPOS="1898" HPOS="411"/>
            <String HEIGHT="53" WIDTH="154" VPOS="1898" HPOS="334" CONTENT="L." ID="tl_38_3" STYLEREFS="FONT0"/>
            <SP HEIGHT="53" WIDTH="26" VPOS="1898" HPOS="488"/>
            <String HEIGHT="53" WIDTH="205" VPOS="1898" HPOS="411" CONTENT="aut." ID="tl_38_4" STYLEREFS="FONT0"/>
            <SP HEIGHT="53" WIDTH="26" VPOS="1898" HPOS="616"/>
            <String HEIGHT="53" WIDTH="205" VPOS="1898" HPOS="539" CONTENT="sig." ID="tl_38_5" STYLEREFS="FONT0"/>
            <SP HEIGHT="53" WIDTH="26" VPOS="1898" HPOS="744"/>
            <String HEIGHT="53" WIDTH="128" VPOS="1898" HPOS="667" CONTENT="1" ID="tl_38_6" STYLEREFS="FONT0"/>
            <SP HEIGHT="53" WIDTH="26" VPOS="1898" HPOS="795"/>
            <String HEIGHT="53" WIDTH="154" VPOS="1898" HPOS="718" CONTENT="p." ID="tl_38_7" STYLEREFS="FONT0"/>
            <SP HEIGHT="53" WIDTH="26" VPOS="1898" HPOS="872"/>
            <String HEIGHT="53" WIDTH="154" VPOS="1898" HPOS="795" CONTENT="et" ID="tl_38_8" STYLEREFS="FONT0"/>
            <SP HEIGHT="53" WIDTH="26" VPOS="1898" HPOS="949"/>
            <String HEIGHT="53" WIDTH="256" VPOS="1898" HPOS="872" CONTENT="demie," ID="tl_38_9" STYLEREFS="FONT0"/>
            <SP HEIGHT="53" WIDTH="26" VPOS="1898" HPOS="1128"/>
            <String HEIGHT="53" WIDTH="231" VPOS="1898" HPOS="1051" CONTENT="petit" ID="tl_38_10" STYLEREFS="FONT0"/>
            <SP HEIGHT="53" WIDTH="26" VPOS="1898" HPOS="1282"/>
            <String HEIGHT="53" WIDTH="256" VPOS="1898" HPOS="1205" CONTENT="in-18." ID="tl_38_11" STYLEREFS="FONT0"/>
            <SP HEIGHT="53" WIDTH="26" VPOS="1898" HPOS="1461"/>
            <String HEIGHT="53" WIDTH="128" VPOS="1898" HPOS="1384" CONTENT="2" ID="tl_38_12" STYLEREFS="FONT0"/>
            <SP HEIGHT="53" WIDTH="26" VPOS="1898" HPOS="1512"/>
            <String HEIGHT="53" WIDTH="102" VPOS="1898" HPOS="1410" CONTENT="50" ID="tl_38_13" STYLEREFS="FONT0"/>
          </TextLine>
        </TextBlock>
        <TextBlock ID="r_1_20" HEIGHT="146" WIDTH="1418" VPOS="1953" HPOS="90">
          <TextLine ID="tl_39" BASELINE="2009" HEIGHT="82" WIDTH="1434" VPOS="1927" HPOS="82">
            <String HEIGHT="82" WIDTH="174" VPOS="1927" HPOS="60" CONTENT="4197" ID="tl_39_1" STYLEREFS="FONT0"/>
            <SP HEIGHT="82" WIDTH="22" VPOS="1927" HPOS="234"/>
            <String HEIGHT="82" WIDTH="391" VPOS="1927" HPOS="169" CONTENT="Kumbold" ID="tl_39_2" STYLEREFS="FONT1"/>
            <SP HEIGHT="82" WIDTH="22" VPOS="1927" HPOS="560"/>
            <String HEIGHT="82" WIDTH="152" VPOS="1927" HPOS="495" CONTENT="(le" ID="tl_39_3" STYLEREFS="FONT0"/>
            <SP HEIGHT="82" WIDTH="22" VPOS="1927" HPOS="647"/>
            <String HEIGHT="82" WIDTH="196" VPOS="1927" HPOS="582" CONTENT="baron" ID="tl_39_4" STYLEREFS="FONT0"/>
            <SP HEIGHT="82" WIDTH="22" VPOS="1927" HPOS="777"/>
            <String HEIGHT="82" WIDTH="282" VPOS="1927" HPOS="712" CONTENT="Alexandre" ID="tl_39_5" STYLEREFS="FONT0"/>
            <SP HEIGHT="82" WIDTH="22" VPOS="1927" HPOS="995"/>
            <String HEIGHT="82" WIDTH="174" VPOS="1927" HPOS="929" CONTENT="de)," ID="tl_39_6" STYLEREFS="FONT0"/>
            <SP HEIGHT="82" WIDTH="22" VPOS="1927" HPOS="1103"/>
            <String HEIGHT="82" WIDTH="217" VPOS="1927" HPOS="1038" CONTENT="savant" ID="tl_39_7" STYLEREFS="FONT0"/>
            <SP HEIGHT="82" WIDTH="22" VPOS="1927" HPOS="1255"/>
            <String HEIGHT="82" WIDTH="282" VPOS="1927" HPOS="1190" CONTENT="illustre," ID="tl_39_8" STYLEREFS="FONT0"/>
            <SP HEIGHT="82" WIDTH="22" VPOS="1927" HPOS="1473"/>
            <String HEIGHT="82" WIDTH="130" VPOS="1927" HPOS="1386" CONTENT="mort" ID="tl_39_9" STYLEREFS="FONT0"/>
          </TextLine>
          <TextLine ID="tl_40" BASELINE="2080" HEIGHT="91" WIDTH="1386" VPOS="1989" HPOS="129">
            <String HEIGHT="91" WIDTH="126" VPOS="1989" HPOS="108" CONTENT="en" ID="tl_40_1" STYLEREFS="FONT0"/>
            <SP HEIGHT="91" WIDTH="21" VPOS="1989" HPOS="234"/>
            <String HEIGHT="91" WIDTH="189" VPOS="1989" HPOS="171" CONTENT="1859." ID="tl_40_2" STYLEREFS="FONT0"/>
            <SP HEIGHT="91" WIDTH="21" VPOS="1989" HPOS="360"/>
            <String HEIGHT="91" WIDTH="210" VPOS="1989" HPOS="297" CONTENT="Billet" ID="tl_40_3" STYLEREFS="FONT0"/>
            <SP HEIGHT="91" WIDTH="21" VPOS="1989" HPOS="507"/>
            <String HEIGHT="91" WIDTH="168" VPOS="1989" HPOS="444" CONTENT="aut." ID="tl_40_4" STYLEREFS="FONT0"/>
            <SP HEIGHT="91" WIDTH="21" VPOS="1989" HPOS="612"/>
            <String HEIGHT="91" WIDTH="168" VPOS="1989" HPOS="549" CONTENT="sig." ID="tl_40_5" STYLEREFS="FONT0"/>
            <SP HEIGHT="91" WIDTH="21" VPOS="1989" HPOS="717"/>
            <String HEIGHT="91" WIDTH="126" VPOS="1989" HPOS="654" CONTENT="(à" ID="tl_40_6" STYLEREFS="FONT0"/>
            <SP HEIGHT="91" WIDTH="21" VPOS="1989" HPOS="780"/>
            <String HEIGHT="91" WIDTH="126" VPOS="1989" HPOS="717" CONTENT="la" ID="tl_40_7" STYLEREFS="FONT0"/>
            <SP HEIGHT="91" WIDTH="21" VPOS="1989" HPOS="843"/>
            <String HEIGHT="91" WIDTH="126" VPOS="1989" HPOS="780" CONTENT="3e" ID="tl_40_8" STYLEREFS="FONT0"/>
            <SP HEIGHT="91" WIDTH="21" VPOS="1989" HPOS="906"/>
            <String HEIGHT="91" WIDTH="294" VPOS="1989" HPOS="843" CONTENT="personne)," ID="tl_40_9" STYLEREFS="FONT0"/>
            <SP HEIGHT="91" WIDTH="21" VPOS="1989" HPOS="1137"/>
            <String HEIGHT="91" WIDTH="105" VPOS="1989" HPOS="1074" CONTENT="à" ID="tl_40_10" STYLEREFS="FONT0"/>
            <SP HEIGHT="91" WIDTH="21" VPOS="1989" HPOS="1179"/>
            <String HEIGHT="91" WIDTH="126" VPOS="1989" HPOS="1116" CONTENT="M." ID="tl_40_11" STYLEREFS="FONT0"/>
            <SP HEIGHT="91" WIDTH="21" VPOS="1989" HPOS="1242"/>
            <String HEIGHT="91" WIDTH="231" VPOS="1989" HPOS="1179" CONTENT="Bellon." ID="tl_40_12" STYLEREFS="FONT0"/>
            <SP HEIGHT="91" WIDTH="21" VPOS="1989" HPOS="1410"/>
            <String HEIGHT="91" WIDTH="126" VPOS="1989" HPOS="1347" CONTENT="Ce" ID="tl_40_13" STYLEREFS="FONT0"/>
            <SP HEIGHT="91" WIDTH="21" VPOS="1989" HPOS="1473"/>
            <String HEIGHT="91" WIDTH="126" VPOS="1989" HPOS="1389" CONTENT="mer" SUBS_TYPE="HypPart1" SUBS_CONTENT="mercredi," ID="tl_40_14" STYLEREFS="FONT0"/>
            <HYP CONTENT="-"/>
          </TextLine>
          <TextLine ID="tl_41" BASELINE="2119" HEIGHT="84" WIDTH="1386" VPOS="2035" HPOS="129">
            <String HEIGHT="84" WIDTH="301" VPOS="2035" HPOS="99" CONTENT="credi," SUBS_TYPE="HypPart2" SUBS_CONTENT="mercredi," ID="tl_41_1" STYLEREFS="FONT0"/>
            <SP HEIGHT="84" WIDTH="30" VPOS="2035" HPOS="400"/>
            <String HEIGHT="84" WIDTH="181" VPOS="2035" HPOS="310" CONTENT="18" ID="tl_41_2" STYLEREFS="FONT0"/>
            <SP HEIGHT="84" WIDTH="30" VPOS="2035" HPOS="491"/>
            <String HEIGHT="84" WIDTH="241" VPOS="2035" HPOS="400" CONTENT="oct." ID="tl_41_3" STYLEREFS="FONT0"/>
            <SP HEIGHT="84" WIDTH="30" VPOS="2035" HPOS="641"/>
            <String HEIGHT="84" WIDTH="271" VPOS="2035" HPOS="551" CONTENT="1835." ID="tl_41_4" STYLEREFS="FONT0"/>
            <SP HEIGHT="84" WIDTH="30" VPOS="2035" HPOS="822"/>
            <String HEIGHT="84" WIDTH="301" VPOS="2035" HPOS="732" CONTENT="quart." ID="tl_41_5" STYLEREFS="FONT0"/>
            <SP HEIGHT="84" WIDTH="30" VPOS="2035" HPOS="1033"/>
            <String HEIGHT="84" WIDTH="181" VPOS="2035" HPOS="943" CONTENT="de" ID="tl_41_6" STYLEREFS="FONT0"/>
            <SP HEIGHT="84" WIDTH="30" VPOS="2035" HPOS="1123"/>
            <String HEIGHT="84" WIDTH="241" VPOS="2035" HPOS="1033" CONTENT="pag." ID="tl_41_7" STYLEREFS="FONT0"/>
            <SP HEIGHT="84" WIDTH="30" VPOS="2035" HPOS="1274"/>
            <String HEIGHT="84" WIDTH="271" VPOS="2035" HPOS="1184" CONTENT="in-8." ID="tl_41_8" STYLEREFS="FONT0"/>
            <SP HEIGHT="84" WIDTH="30" VPOS="2035" HPOS="1455"/>
            <String HEIGHT="84" WIDTH="151" VPOS="2035" HPOS="1364" CONTENT="1" ID="tl_41_9" STYLEREFS="FONT0"/>
            <SP HEIGHT="84" WIDTH="30" VPOS="2035" HPOS="1515"/>
            <String HEIGHT="84" WIDTH="121" VPOS="2035" HPOS="1394" CONTENT="50" ID="tl_41_10" STYLEREFS="FONT0"/>
          </TextLine>
        </TextBlock>
        <TextBlock ID="r_1_21" HEIGHT="50" WIDTH="1417" VPOS="2098" HPOS="89">
          <TextLine ID="tl_42" BASELINE="2148" HEIGHT="62" WIDTH="1432" VPOS="2086" HPOS="82">
            <String HEIGHT="62" WIDTH="167" VPOS="2086" HPOS="63" CONTENT="4198." ID="tl_42_1" STYLEREFS="FONT0"/>
            <SP HEIGHT="62" WIDTH="19" VPOS="2086" HPOS="231"/>
            <String HEIGHT="62" WIDTH="298" VPOS="2086" HPOS="175" CONTENT="Janin" ID="tl_42_2" STYLEREFS="FONT1"/>
            <SP HEIGHT="62" WIDTH="19" VPOS="2086" HPOS="473"/>
            <String HEIGHT="62" WIDTH="223" VPOS="2086" HPOS="417" CONTENT="(Jules)," ID="tl_42_3" STYLEREFS="FONT0"/>
            <SP HEIGHT="62" WIDTH="19" VPOS="2086" HPOS="640"/>
            <String HEIGHT="62" WIDTH="298" VPOS="2086" HPOS="584" CONTENT="littérateur," ID="tl_42_4" STYLEREFS="FONT0"/>
            <SP HEIGHT="62" WIDTH="19" VPOS="2086" HPOS="882"/>
            <String HEIGHT="62" WIDTH="223" VPOS="2086" HPOS="826" CONTENT="critique" ID="tl_42_5" STYLEREFS="FONT0"/>
            <SP HEIGHT="62" WIDTH="19" VPOS="2086" HPOS="1049"/>
            <String HEIGHT="62" WIDTH="279" VPOS="2086" HPOS="993" CONTENT="dramatique." ID="tl_42_6" STYLEREFS="FONT0"/>
            <SP HEIGHT="62" WIDTH="19" VPOS="2086" HPOS="1272"/>
            <String HEIGHT="62" WIDTH="112" VPOS="2086" HPOS="1216" CONTENT="L." ID="tl_42_7" STYLEREFS="FONT0"/>
            <SP HEIGHT="62" WIDTH="19" VPOS="2086" HPOS="1328"/>
            <String HEIGHT="62" WIDTH="149" VPOS="2086" HPOS="1272" CONTENT="aut." ID="tl_42_8" STYLEREFS="FONT0"/>
            <SP HEIGHT="62" WIDTH="19" VPOS="2086" HPOS="1421"/>
            <String HEIGHT="62" WIDTH="167" VPOS="2086" HPOS="1365" CONTENT="sig.," ID="tl_42_9" STYLEREFS="FONT0"/>
            <SP HEIGHT="62" WIDTH="19" VPOS="2086" HPOS="1533"/>
            <String HEIGHT="62" WIDTH="56" VPOS="2086" HPOS="1458" CONTENT="à" ID="tl_42_10" STYLEREFS="FONT0"/>
          </TextLine>
        </TextBlock>
        <TextBlock ID="r_1_22" HEIGHT="51" WIDTH="1369" VPOS="2145" HPOS="135">
          <TextLine ID="tl_43" BASELINE="2198" HEIGHT="62" WIDTH="1385" VPOS="2136" HPOS="127">
            <String HEIGHT="62" WIDTH="154" VPOS="2136" HPOS="105" CONTENT="son" ID="tl_43_1" STYLEREFS="FONT0"/>
            <SP HEIGHT="62" WIDTH="22" VPOS="2136" HPOS="259"/>
            <String HEIGHT="62" WIDTH="330" VPOS="2136" HPOS="193" CONTENT="confrère..." ID="tl_43_2" STYLEREFS="FONT0"/>
            <SP HEIGHT="62" WIDTH="22" VPOS="2136" HPOS="523"/>
            <String HEIGHT="62" WIDTH="198" VPOS="2136" HPOS="457" CONTENT="jeudi" ID="tl_43_3" STYLEREFS="FONT0"/>
            <SP HEIGHT="62" WIDTH="22" VPOS="2136" HPOS="655"/>
            <String HEIGHT="62" WIDTH="132" VPOS="2136" HPOS="589" CONTENT="19" ID="tl_43_4" STYLEREFS="FONT0"/>
            <SP HEIGHT="62" WIDTH="22" VPOS="2136" HPOS="721"/>
            <String HEIGHT="62" WIDTH="176" VPOS="2136" HPOS="655" CONTENT="juin" ID="tl_43_5" STYLEREFS="FONT0"/>
            <SP HEIGHT="62" WIDTH="22" VPOS="2136" HPOS="830"/>
            <String HEIGHT="62" WIDTH="198" VPOS="2136" HPOS="765" CONTENT="1844." ID="tl_43_6" STYLEREFS="FONT0"/>
            <SP HEIGHT="62" WIDTH="22" VPOS="2136" HPOS="962"/>
            <String HEIGHT="62" WIDTH="110" VPOS="2136" HPOS="896" CONTENT="1" ID="tl_43_7" STYLEREFS="FONT0"/>
            <SP HEIGHT="62" WIDTH="22" VPOS="2136" HPOS="1006"/>
            <String HEIGHT="62" WIDTH="132" VPOS="2136" HPOS="940" CONTENT="p." ID="tl_43_8" STYLEREFS="FONT0"/>
            <SP HEIGHT="62" WIDTH="22" VPOS="2136" HPOS="1072"/>
            <String HEIGHT="62" WIDTH="154" VPOS="2136" HPOS="1006" CONTENT="pl." ID="tl_43_9" STYLEREFS="FONT0"/>
            <SP HEIGHT="62" WIDTH="22" VPOS="2136" HPOS="1160"/>
            <String HEIGHT="62" WIDTH="132" VPOS="2136" HPOS="1094" CONTENT="et" ID="tl_43_10" STYLEREFS="FONT0"/>
            <SP HEIGHT="62" WIDTH="22" VPOS="2136" HPOS="1226"/>
            <String HEIGHT="62" WIDTH="198" VPOS="2136" HPOS="1160" CONTENT="demie" ID="tl_43_11" STYLEREFS="FONT0"/>
            <SP HEIGHT="62" WIDTH="22" VPOS="2136" HPOS="1358"/>
            <String HEIGHT="62" WIDTH="198" VPOS="2136" HPOS="1292" CONTENT="in-8." ID="tl_43_12" STYLEREFS="FONT0"/>
            <SP HEIGHT="62" WIDTH="22" VPOS="2136" HPOS="1490"/>
            <String HEIGHT="62" WIDTH="110" VPOS="2136" HPOS="1424" CONTENT="3" ID="tl_43_13" STYLEREFS="FONT0"/>
            <SP HEIGHT="62" WIDTH="22" VPOS="2136" HPOS="1534"/>
            <String HEIGHT="62" WIDTH="66" VPOS="2136" HPOS="1446" CONTENT="»" ID="tl_43_14" STYLEREFS="FONT0"/>
          </TextLine>
        </TextBlock>
        <TextBlock ID="r_1_23" HEIGHT="281" WIDTH="1371" VPOS="2194" HPOS="135">
          <TextLine ID="tl_44" BASELINE="2246" HEIGHT="60" WIDTH="1336" VPOS="2186" HPOS="177">
            <String HEIGHT="60" WIDTH="255" VPOS="2186" HPOS="157" CONTENT="Pressante" ID="tl_44_1" STYLEREFS="FONT0"/>
            <SP HEIGHT="60" WIDTH="20" VPOS="2186" HPOS="413"/>
            <String HEIGHT="60" WIDTH="334" VPOS="2186" HPOS="354" CONTENT="sollicitation" ID="tl_44_2" STYLEREFS="FONT0"/>
            <SP HEIGHT="60" WIDTH="20" VPOS="2186" HPOS="688"/>
            <String HEIGHT="60" WIDTH="118" VPOS="2186" HPOS="629" CONTENT="en" ID="tl_44_3" STYLEREFS="FONT0"/>
            <SP HEIGHT="60" WIDTH="20" VPOS="2186" HPOS="747"/>
            <String HEIGHT="60" WIDTH="196" VPOS="2186" HPOS="688" CONTENT="faveur" ID="tl_44_4" STYLEREFS="FONT0"/>
            <SP HEIGHT="60" WIDTH="20" VPOS="2186" HPOS="884"/>
            <String HEIGHT="60" WIDTH="118" VPOS="2186" HPOS="825" CONTENT="de" ID="tl_44_5" STYLEREFS="FONT0"/>
            <SP HEIGHT="60" WIDTH="20" VPOS="2186" HPOS="943"/>
            <String HEIGHT="60" WIDTH="118" VPOS="2186" HPOS="884" CONTENT="la" ID="tl_44_6" STYLEREFS="FONT0"/>
            <SP HEIGHT="60" WIDTH="20" VPOS="2186" HPOS="1002"/>
            <String HEIGHT="60" WIDTH="196" VPOS="2186" HPOS="943" CONTENT="petite" ID="tl_44_7" STYLEREFS="FONT0"/>
            <SP HEIGHT="60" WIDTH="20" VPOS="2186" HPOS="1140"/>
            <String HEIGHT="60" WIDTH="177" VPOS="2186" HPOS="1081" CONTENT="jeune" ID="tl_44_8" STYLEREFS="FONT0"/>
            <SP HEIGHT="60" WIDTH="20" VPOS="2186" HPOS="1258"/>
            <String HEIGHT="60" WIDTH="177" VPOS="2186" HPOS="1199" CONTENT="fille" ID="tl_44_9" STYLEREFS="FONT0"/>
            <SP HEIGHT="60" WIDTH="20" VPOS="2186" HPOS="1375"/>
            <String HEIGHT="60" WIDTH="118" VPOS="2186" HPOS="1317" CONTENT="de" ID="tl_44_10" STYLEREFS="FONT0"/>
            <SP HEIGHT="60" WIDTH="20" VPOS="2186" HPOS="1434"/>
            <String HEIGHT="60" WIDTH="157" VPOS="2186" HPOS="1356" CONTENT="Rosam" SUBS_TYPE="HypPart1" SUBS_CONTENT="Rosambeau," ID="tl_44_11" STYLEREFS="FONT0"/>
            <HYP CONTENT="-"/>
          </TextLine>
          <TextLine ID="tl_45" BASELINE="2289" HEIGHT="60" WIDTH="1384" VPOS="2229" HPOS="128">
            <String HEIGHT="60" WIDTH="195" VPOS="2229" HPOS="106" CONTENT="beau," SUBS_TYPE="HypPart2" SUBS_CONTENT="Rosambeau," ID="tl_45_1" STYLEREFS="FONT0"/>
            <SP HEIGHT="60" WIDTH="22" VPOS="2229" HPOS="301"/>
            <String HEIGHT="60" WIDTH="173" VPOS="2229" HPOS="236" CONTENT="dont" ID="tl_45_2" STYLEREFS="FONT0"/>
            <SP HEIGHT="60" WIDTH="22" VPOS="2229" HPOS="409"/>
            <String HEIGHT="60" WIDTH="130" VPOS="2229" HPOS="344" CONTENT="la" ID="tl_45_3" STYLEREFS="FONT0"/>
            <SP HEIGHT="60" WIDTH="22" VPOS="2229" HPOS="474"/>
            <String HEIGHT="60" WIDTH="238" VPOS="2229" HPOS="409" CONTENT="famille" ID="tl_45_4" STYLEREFS="FONT0"/>
            <SP HEIGHT="60" WIDTH="22" VPOS="2229" HPOS="647"/>
            <String HEIGHT="60" WIDTH="151" VPOS="2229" HPOS="582" CONTENT="est" ID="tl_45_5" STYLEREFS="FONT0"/>
            <SP HEIGHT="60" WIDTH="22" VPOS="2229" HPOS="734"/>
            <String HEIGHT="60" WIDTH="173" VPOS="2229" HPOS="669" CONTENT="bien" ID="tl_45_6" STYLEREFS="FONT0"/>
            <SP HEIGHT="60" WIDTH="22" VPOS="2229" HPOS="842"/>
            <String HEIGHT="60" WIDTH="238" VPOS="2229" HPOS="777" CONTENT="pauvre," ID="tl_45_7" STYLEREFS="FONT0"/>
            <SP HEIGHT="60" WIDTH="22" VPOS="2229" HPOS="1015"/>
            <String HEIGHT="60" WIDTH="130" VPOS="2229" HPOS="950" CONTENT="et" ID="tl_45_8" STYLEREFS="FONT0"/>
            <SP HEIGHT="60" WIDTH="22" VPOS="2229" HPOS="1080"/>
            <String HEIGHT="60" WIDTH="151" VPOS="2229" HPOS="1015" CONTENT="qui" ID="tl_45_9" STYLEREFS="FONT0"/>
            <SP HEIGHT="60" WIDTH="22" VPOS="2229" HPOS="1166"/>
            <String HEIGHT="60" WIDTH="151" VPOS="2229" HPOS="1101" CONTENT="est" ID="tl_45_10" STYLEREFS="FONT0"/>
            <SP HEIGHT="60" WIDTH="22" VPOS="2229" HPOS="1253"/>
            <String HEIGHT="60" WIDTH="281" VPOS="2229" HPOS="1188" CONTENT="elle-même" ID="tl_45_11" STYLEREFS="FONT0"/>
            <SP HEIGHT="60" WIDTH="22" VPOS="2229" HPOS="1469"/>
            <String HEIGHT="60" WIDTH="130" VPOS="2229" HPOS="1382" CONTENT="rem" SUBS_TYPE="HypPart1" SUBS_CONTENT="remplie" ID="tl_45_12" STYLEREFS="FONT0"/>
            <HYP CONTENT="-"/>
          </TextLine>
          <TextLine ID="tl_46" BASELINE="2343" HEIGHT="63" WIDTH="1386" VPOS="2280" HPOS="126">
            <String HEIGHT="63" WIDTH="171" VPOS="2280" HPOS="105" CONTENT="plie" SUBS_TYPE="HypPart2" SUBS_CONTENT="remplie" ID="tl_46_1" STYLEREFS="FONT0"/>
            <SP HEIGHT="63" WIDTH="21" VPOS="2280" HPOS="275"/>
            <String HEIGHT="63" WIDTH="384" VPOS="2280" HPOS="211" CONTENT="d’intelligence" ID="tl_46_2" STYLEREFS="FONT0"/>
            <SP HEIGHT="63" WIDTH="21" VPOS="2280" HPOS="595"/>
            <String HEIGHT="63" WIDTH="128" VPOS="2280" HPOS="531" CONTENT="et" ID="tl_46_3" STYLEREFS="FONT0"/>
            <SP HEIGHT="63" WIDTH="21" VPOS="2280" HPOS="659"/>
            <String HEIGHT="63" WIDTH="128" VPOS="2280" HPOS="595" CONTENT="de" ID="tl_46_4" STYLEREFS="FONT0"/>
            <SP HEIGHT="63" WIDTH="21" VPOS="2280" HPOS="723"/>
            <String HEIGHT="63" WIDTH="192" VPOS="2280" HPOS="659" CONTENT="bonne" ID="tl_46_5" STYLEREFS="FONT0"/>
            <SP HEIGHT="63" WIDTH="21" VPOS="2280" HPOS="851"/>
            <String HEIGHT="63" WIDTH="320" VPOS="2280" HPOS="787" CONTENT="volonté...." ID="tl_46_6" STYLEREFS="FONT0"/>
            <SP HEIGHT="63" WIDTH="21" VPOS="2280" HPOS="1107"/>
            <String HEIGHT="63" WIDTH="192" VPOS="2280" HPOS="1043" CONTENT="«Vous" ID="tl_46_7" STYLEREFS="FONT0"/>
            <SP HEIGHT="63" WIDTH="21" VPOS="2280" HPOS="1235"/>
            <String HEIGHT="63" WIDTH="192" VPOS="2280" HPOS="1171" CONTENT="ferez" ID="tl_46_8" STYLEREFS="FONT0"/>
            <SP HEIGHT="63" WIDTH="21" VPOS="2280" HPOS="1363"/>
            <String HEIGHT="63" WIDTH="149" VPOS="2280" HPOS="1299" CONTENT="une" ID="tl_46_9" STYLEREFS="FONT0"/>
            <SP HEIGHT="63" WIDTH="21" VPOS="2280" HPOS="1448"/>
            <String HEIGHT="63" WIDTH="149" VPOS="2280" HPOS="1363" CONTENT="bonne" ID="tl_46_10" STYLEREFS="FONT0"/>
          </TextLine>
          <TextLine ID="tl_47" BASELINE="2389" HEIGHT="57" WIDTH="1382" VPOS="2332" HPOS="130">
            <String HEIGHT="57" WIDTH="251" VPOS="2332" HPOS="109" CONTENT="«action," ID="tl_47_1" STYLEREFS="FONT0"/>
            <SP HEIGHT="57" WIDTH="21" VPOS="2332" HPOS="360"/>
            <String HEIGHT="57" WIDTH="168" VPOS="2332" HPOS="298" CONTENT="bien" ID="tl_47_2" STYLEREFS="FONT0"/>
            <SP HEIGHT="57" WIDTH="21" VPOS="2332" HPOS="465"/>
            <String HEIGHT="57" WIDTH="230" VPOS="2332" HPOS="402" CONTENT="méritée" ID="tl_47_3" STYLEREFS="FONT0"/>
            <SP HEIGHT="57" WIDTH="21" VPOS="2332" HPOS="633"/>
            <String HEIGHT="57" WIDTH="147" VPOS="2332" HPOS="570" CONTENT="par" ID="tl_47_4" STYLEREFS="FONT0"/>
            <SP HEIGHT="57" WIDTH="21" VPOS="2332" HPOS="716"/>
            <String HEIGHT="57" WIDTH="126" VPOS="2332" HPOS="653" CONTENT="la" ID="tl_47_5" STYLEREFS="FONT0"/>
            <SP HEIGHT="57" WIDTH="21" VPOS="2332" HPOS="779"/>
            <String HEIGHT="57" WIDTH="377" VPOS="2332" HPOS="716" CONTENT="gentillessezet" ID="tl_47_6" STYLEREFS="FONT0"/>
            <SP HEIGHT="57" WIDTH="21" VPOS="2332" HPOS="1093"/>
            <String HEIGHT="57" WIDTH="147" VPOS="2332" HPOS="1030" CONTENT="les" ID="tl_47_7" STYLEREFS="FONT0"/>
            <SP HEIGHT="57" WIDTH="21" VPOS="2332" HPOS="1177"/>
            <String HEIGHT="57" WIDTH="335" VPOS="2332" HPOS="1114" CONTENT="dispositions" ID="tl_47_8" STYLEREFS="FONT0"/>
            <SP HEIGHT="57" WIDTH="21" VPOS="2332" HPOS="1449"/>
            <String HEIGHT="57" WIDTH="147" VPOS="2332" HPOS="1365" CONTENT="natu" SUBS_TYPE="HypPart1" SUBS_CONTENT="natu«relles" ID="tl_47_9" STYLEREFS="FONT0"/>
            <HYP CONTENT="-"/>
          </TextLine>
          <TextLine ID="tl_48" BASELINE="2451" HEIGHT="75" WIDTH="1381" VPOS="2376" HPOS="130">
            <String HEIGHT="75" WIDTH="249" VPOS="2376" HPOS="107" CONTENT="«relles" SUBS_TYPE="HypPart2" SUBS_CONTENT="natu«relles" ID="tl_48_1" STYLEREFS="FONT0"/>
            <SP HEIGHT="75" WIDTH="23" VPOS="2376" HPOS="356"/>
            <String HEIGHT="75" WIDTH="136" VPOS="2376" HPOS="288" CONTENT="de" ID="tl_48_2" STYLEREFS="FONT0"/>
            <SP HEIGHT="75" WIDTH="23" VPOS="2376" HPOS="424"/>
            <String HEIGHT="75" WIDTH="136" VPOS="2376" HPOS="356" CONTENT="ma" ID="tl_48_3" STYLEREFS="FONT0"/>
            <SP HEIGHT="75" WIDTH="23" VPOS="2376" HPOS="492"/>
            <String HEIGHT="75" WIDTH="226" VPOS="2376" HPOS="424" CONTENT="petite" ID="tl_48_4" STYLEREFS="FONT0"/>
            <SP HEIGHT="75" WIDTH="23" VPOS="2376" HPOS="651"/>
            <String HEIGHT="75" WIDTH="294" VPOS="2376" HPOS="583" CONTENT="protégée." ID="tl_48_5" STYLEREFS="FONT0"/>
            <SP HEIGHT="75" WIDTH="23" VPOS="2376" HPOS="877"/>
            <String HEIGHT="75" WIDTH="113" VPOS="2376" HPOS="809" CONTENT="—" ID="tl_48_6" STYLEREFS="FONT0"/>
            <SP HEIGHT="75" WIDTH="23" VPOS="2376" HPOS="922"/>
            <String HEIGHT="75" WIDTH="226" VPOS="2376" HPOS="854" CONTENT="Faites" ID="tl_48_7" STYLEREFS="FONT0"/>
            <SP HEIGHT="75" WIDTH="23" VPOS="2376" HPOS="1081"/>
            <String HEIGHT="75" WIDTH="204" VPOS="2376" HPOS="1013" CONTENT="cela," ID="tl_48_8" STYLEREFS="FONT0"/>
            <SP HEIGHT="75" WIDTH="23" VPOS="2376" HPOS="1217"/>
            <String HEIGHT="75" WIDTH="181" VPOS="2376" HPOS="1149" CONTENT="vous" ID="tl_48_9" STYLEREFS="FONT0"/>
            <SP HEIGHT="75" WIDTH="23" VPOS="2376" HPOS="1330"/>
            <String HEIGHT="75" WIDTH="136" VPOS="2376" HPOS="1262" CONTENT="me" ID="tl_48_10" STYLEREFS="FONT0"/>
            <SP HEIGHT="75" WIDTH="23" VPOS="2376" HPOS="1398"/>
            <String HEIGHT="75" WIDTH="204" VPOS="2376" HPOS="1307" CONTENT="rendrez" ID="tl_48_11" STYLEREFS="FONT0"/>
          </TextLine>
          <TextLine ID="tl_49" BASELINE="2490" HEIGHT="63" WIDTH="383" VPOS="2427" HPOS="130">
            <String HEIGHT="63" WIDTH="230" VPOS="2427" HPOS="104" CONTENT="«bien" ID="tl_49_1" STYLEREFS="FONT0"/>
            <SP HEIGHT="63" WIDTH="26" VPOS="2427" HPOS="334"/>
            <String HEIGHT="63" WIDTH="281" VPOS="2427" HPOS="232" CONTENT="content.»" ID="tl_49_2" STYLEREFS="FONT0"/>
          </TextLine>
        </TextBlock>
        <TextBlock ID="r_1_24" HEIGHT="51" WIDTH="1414" VPOS="2482" HPOS="87">
          <TextLine ID="tl_50" BASELINE="2524" HEIGHT="74" WIDTH="1429" VPOS="2450" HPOS="80">
            <String HEIGHT="74" WIDTH="186" VPOS="2450" HPOS="59" CONTENT="4199." ID="tl_50_1" STYLEREFS="FONT0"/>
            <SP HEIGHT="74" WIDTH="21" VPOS="2450" HPOS="246"/>
            <String HEIGHT="74" WIDTH="414" VPOS="2450" HPOS="184" CONTENT="Jefferson" ID="tl_50_2" STYLEREFS="FONT1"/>
            <SP HEIGHT="74" WIDTH="21" VPOS="2450" HPOS="598"/>
            <String HEIGHT="74" WIDTH="269" VPOS="2450" HPOS="536" CONTENT="(Thomas)," ID="tl_50_3" STYLEREFS="FONT0"/>
            <SP HEIGHT="74" WIDTH="21" VPOS="2450" HPOS="805"/>
            <String HEIGHT="74" WIDTH="269" VPOS="2450" HPOS="743" CONTENT="président" ID="tl_50_4" STYLEREFS="FONT0"/>
            <SP HEIGHT="74" WIDTH="21" VPOS="2450" HPOS="1012"/>
            <String HEIGHT="74" WIDTH="145" VPOS="2450" HPOS="950" CONTENT="des" ID="tl_50_5" STYLEREFS="FONT0"/>
            <SP HEIGHT="74" WIDTH="21" VPOS="2450" HPOS="1095"/>
            <String HEIGHT="74" WIDTH="311" VPOS="2450" HPOS="1033" CONTENT="Etats-Unis." ID="tl_50_6" STYLEREFS="FONT0"/>
            <SP HEIGHT="74" WIDTH="21" VPOS="2450" HPOS="1343"/>
            <String HEIGHT="74" WIDTH="186" VPOS="2450" HPOS="1281" CONTENT="Pièce" ID="tl_50_7" STYLEREFS="FONT0"/>
            <SP HEIGHT="74" WIDTH="21" VPOS="2450" HPOS="1468"/>
            <String HEIGHT="74" WIDTH="124" VPOS="2450" HPOS="1385" CONTENT="sig." ID="tl_50_8" STYLEREFS="FONT0"/>
          </TextLine>
        </TextBlock>
        <TextBlock ID="r_1_25" HEIGHT="51" WIDTH="1369" VPOS="2531" HPOS="134">
          <TextLine ID="tl_51" BASELINE="2586" HEIGHT="69" WIDTH="1384" VPOS="2517" HPOS="126">
            <String HEIGHT="69" WIDTH="322" VPOS="2517" HPOS="94" CONTENT="Paris," ID="tl_51_1" STYLEREFS="FONT0"/>
            <SP HEIGHT="69" WIDTH="32" VPOS="2517" HPOS="416"/>
            <String HEIGHT="69" WIDTH="193" VPOS="2517" HPOS="319" CONTENT="31" ID="tl_51_2" STYLEREFS="FONT0"/>
            <SP HEIGHT="69" WIDTH="32" VPOS="2517" HPOS="512"/>
            <String HEIGHT="69" WIDTH="354" VPOS="2517" HPOS="416" CONTENT="janvier" ID="tl_51_3" STYLEREFS="FONT0"/>
            <SP HEIGHT="69" WIDTH="32" VPOS="2517" HPOS="770"/>
            <String HEIGHT="69" WIDTH="290" VPOS="2517" HPOS="673" CONTENT="1787." ID="tl_51_4" STYLEREFS="FONT0"/>
            <SP HEIGHT="69" WIDTH="32" VPOS="2517" HPOS="963"/>
            <String HEIGHT="69" WIDTH="161" VPOS="2517" HPOS="866" CONTENT="1" ID="tl_51_5" STYLEREFS="FONT0"/>
            <SP HEIGHT="69" WIDTH="32" VPOS="2517" HPOS="1027"/>
            <String HEIGHT="69" WIDTH="225" VPOS="2517" HPOS="931" CONTENT="gr." ID="tl_51_6" STYLEREFS="FONT0"/>
            <SP HEIGHT="69" WIDTH="32" VPOS="2517" HPOS="1156"/>
            <String HEIGHT="69" WIDTH="193" VPOS="2517" HPOS="1059" CONTENT="p." ID="tl_51_7" STYLEREFS="FONT0"/>
            <SP HEIGHT="69" WIDTH="32" VPOS="2517" HPOS="1253"/>
            <String HEIGHT="69" WIDTH="290" VPOS="2517" HPOS="1156" CONTENT="in-4." ID="tl_51_8" STYLEREFS="FONT0"/>
            <SP HEIGHT="69" WIDTH="32" VPOS="2517" HPOS="1446"/>
            <String HEIGHT="69" WIDTH="161" VPOS="2517" HPOS="1349" CONTENT="7" ID="tl_51_9" STYLEREFS="FONT0"/>
            <SP HEIGHT="69" WIDTH="32" VPOS="2517" HPOS="1510"/>
            <String HEIGHT="69" WIDTH="129" VPOS="2517" HPOS="1381" CONTENT="50" ID="tl_51_10" STYLEREFS="FONT0"/>
          </TextLine>
        </TextBlock>
        <TextBlock ID="r_1_26" HEIGHT="198" WIDTH="1370" VPOS="2577" HPOS="135">
          <TextLine ID="tl_52" BASELINE="2621" HEIGHT="74" WIDTH="1336" VPOS="2547" HPOS="176">
            <String HEIGHT="74" WIDTH="129" VPOS="2547" HPOS="154" CONTENT="Il" ID="tl_52_1" STYLEREFS="FONT0"/>
            <SP HEIGHT="74" WIDTH="22" VPOS="2547" HPOS="284"/>
            <String HEIGHT="74" WIDTH="280" VPOS="2547" HPOS="219" CONTENT="reconnaît" ID="tl_52_2" STYLEREFS="FONT0"/>
            <SP HEIGHT="74" WIDTH="22" VPOS="2547" HPOS="499"/>
            <String HEIGHT="74" WIDTH="151" VPOS="2547" HPOS="435" CONTENT="que" ID="tl_52_3" STYLEREFS="FONT0"/>
            <SP HEIGHT="74" WIDTH="22" VPOS="2547" HPOS="585"/>
            <String HEIGHT="74" WIDTH="129" VPOS="2547" HPOS="521" CONTENT="M." ID="tl_52_4" STYLEREFS="FONT0"/>
            <SP HEIGHT="74" WIDTH="22" VPOS="2547" HPOS="650"/>
            <String HEIGHT="74" WIDTH="237" VPOS="2547" HPOS="585" CONTENT="Anisson" ID="tl_52_5" STYLEREFS="FONT0"/>
            <SP HEIGHT="74" WIDTH="22" VPOS="2547" HPOS="822"/>
            <String HEIGHT="74" WIDTH="129" VPOS="2547" HPOS="758" CONTENT="du" ID="tl_52_6" STYLEREFS="FONT0"/>
            <SP HEIGHT="74" WIDTH="22" VPOS="2547" HPOS="887"/>
            <String HEIGHT="74" WIDTH="237" VPOS="2547" HPOS="822" CONTENT="Perron," ID="tl_52_7" STYLEREFS="FONT0"/>
            <SP HEIGHT="74" WIDTH="22" VPOS="2547" HPOS="1059"/>
            <String HEIGHT="74" WIDTH="280" VPOS="2547" HPOS="995" CONTENT="directeur" ID="tl_52_8" STYLEREFS="FONT0"/>
            <SP HEIGHT="74" WIDTH="22" VPOS="2547" HPOS="1275"/>
            <String HEIGHT="74" WIDTH="129" VPOS="2547" HPOS="1210" CONTENT="de" ID="tl_52_9" STYLEREFS="FONT0"/>
            <SP HEIGHT="74" WIDTH="22" VPOS="2547" HPOS="1340"/>
            <String HEIGHT="74" WIDTH="259" VPOS="2547" HPOS="1253" CONTENT="l’imprime" SUBS_TYPE="HypPart1" SUBS_CONTENT="l’imprimerie" ID="tl_52_10" STYLEREFS="FONT0"/>
            <HYP CONTENT="-"/>
          </TextLine>
          <TextLine ID="tl_53" BASELINE="2676" HEIGHT="60" WIDTH="1380" VPOS="2616" HPOS="128">
            <String HEIGHT="60" WIDTH="149" VPOS="2616" HPOS="107" CONTENT="rie" SUBS_TYPE="HypPart2" SUBS_CONTENT="l’imprimerie" ID="tl_53_1" STYLEREFS="FONT0"/>
            <SP HEIGHT="60" WIDTH="21" VPOS="2616" HPOS="255"/>
            <String HEIGHT="60" WIDTH="234" VPOS="2616" HPOS="192" CONTENT="royale," ID="tl_53_2" STYLEREFS="FONT0"/>
            <SP HEIGHT="60" WIDTH="21" VPOS="2616" HPOS="425"/>
            <String HEIGHT="60" WIDTH="149" VPOS="2616" HPOS="362" CONTENT="lui" ID="tl_53_3" STYLEREFS="FONT0"/>
            <SP HEIGHT="60" WIDTH="21" VPOS="2616" HPOS="510"/>
            <String HEIGHT="60" WIDTH="106" VPOS="2616" HPOS="446" CONTENT="a" ID="tl_53_4" STYLEREFS="FONT0"/>
            <SP HEIGHT="60" WIDTH="21" VPOS="2616" HPOS="553"/>
            <String HEIGHT="60" WIDTH="170" VPOS="2616" HPOS="489" CONTENT="fait" ID="tl_53_5" STYLEREFS="FONT0"/>
            <SP HEIGHT="60" WIDTH="21" VPOS="2616" HPOS="659"/>
            <String HEIGHT="60" WIDTH="255" VPOS="2616" HPOS="595" CONTENT="remettre" ID="tl_53_6" STYLEREFS="FONT0"/>
            <SP HEIGHT="60" WIDTH="21" VPOS="2616" HPOS="850"/>
            <String HEIGHT="60" WIDTH="127" VPOS="2616" HPOS="786" CONTENT="un" ID="tl_53_7" STYLEREFS="FONT0"/>
            <SP HEIGHT="60" WIDTH="21" VPOS="2616" HPOS="914"/>
            <String HEIGHT="60" WIDTH="297" VPOS="2616" HPOS="850" CONTENT="exemplaire" ID="tl_53_8" STYLEREFS="FONT0"/>
            <SP HEIGHT="60" WIDTH="21" VPOS="2616" HPOS="1147"/>
            <String HEIGHT="60" WIDTH="149" VPOS="2616" HPOS="1083" CONTENT="des" ID="tl_53_9" STYLEREFS="FONT0"/>
            <SP HEIGHT="60" WIDTH="21" VPOS="2616" HPOS="1232"/>
            <String HEIGHT="60" WIDTH="234" VPOS="2616" HPOS="1168" CONTENT="livres," ID="tl_53_10" STYLEREFS="FONT0"/>
            <SP HEIGHT="60" WIDTH="21" VPOS="2616" HPOS="1402"/>
            <String HEIGHT="60" WIDTH="170" VPOS="2616" HPOS="1338" CONTENT="dont" ID="tl_53_11" STYLEREFS="FONT0"/>
            <SP HEIGHT="60" WIDTH="21" VPOS="2616" HPOS="1508"/>
            <String HEIGHT="60" WIDTH="85" VPOS="2616" HPOS="1423" CONTENT="la" ID="tl_53_12" STYLEREFS="FONT0"/>
          </TextLine>
          <TextLine ID="tl_54" BASELINE="2726" HEIGHT="61" WIDTH="1383" VPOS="2665" HPOS="129">
            <String HEIGHT="61" WIDTH="128" VPOS="2665" HPOS="108" CONTENT="la" ID="tl_54_1" STYLEREFS="FONT0"/>
            <SP HEIGHT="61" WIDTH="21" VPOS="2665" HPOS="235"/>
            <String HEIGHT="61" WIDTH="170" VPOS="2665" HPOS="172" CONTENT="note" ID="tl_54_2" STYLEREFS="FONT0"/>
            <SP HEIGHT="61" WIDTH="21" VPOS="2665" HPOS="342"/>
            <String HEIGHT="61" WIDTH="191" VPOS="2665" HPOS="278" CONTENT="suit," ID="tl_54_3" STYLEREFS="FONT0"/>
            <SP HEIGHT="61" WIDTH="21" VPOS="2665" HPOS="469"/>
            <String HEIGHT="61" WIDTH="255" VPOS="2665" HPOS="406" CONTENT="accordés" ID="tl_54_4" STYLEREFS="FONT0"/>
            <SP HEIGHT="61" WIDTH="21" VPOS="2665" HPOS="661"/>
            <String HEIGHT="61" WIDTH="149" VPOS="2665" HPOS="597" CONTENT="par" ID="tl_54_5" STYLEREFS="FONT0"/>
            <SP HEIGHT="61" WIDTH="21" VPOS="2665" HPOS="746"/>
            <String HEIGHT="61" WIDTH="128" VPOS="2665" HPOS="682" CONTENT="le" ID="tl_54_6" STYLEREFS="FONT0"/>
            <SP HEIGHT="61" WIDTH="21" VPOS="2665" HPOS="810"/>
            <String HEIGHT="61" WIDTH="149" VPOS="2665" HPOS="746" CONTENT="Roi" ID="tl_54_7" STYLEREFS="FONT0"/>
            <SP HEIGHT="61" WIDTH="21" VPOS="2665" HPOS="895"/>
            <String HEIGHT="61" WIDTH="149" VPOS="2665" HPOS="831" CONTENT="aux" ID="tl_54_8" STYLEREFS="FONT0"/>
            <SP HEIGHT="61" WIDTH="21" VPOS="2665" HPOS="980"/>
            <String HEIGHT="61" WIDTH="170" VPOS="2665" HPOS="916" CONTENT="deux" ID="tl_54_9" STYLEREFS="FONT0"/>
            <SP HEIGHT="61" WIDTH="21" VPOS="2665" HPOS="1086"/>
            <String HEIGHT="61" WIDTH="319" VPOS="2665" HPOS="1023" CONTENT="universités" ID="tl_54_10" STYLEREFS="FONT0"/>
            <SP HEIGHT="61" WIDTH="21" VPOS="2665" HPOS="1342"/>
            <String HEIGHT="61" WIDTH="149" VPOS="2665" HPOS="1278" CONTENT="des" ID="tl_54_11" STYLEREFS="FONT0"/>
            <SP HEIGHT="61" WIDTH="21" VPOS="2665" HPOS="1427"/>
            <String HEIGHT="61" WIDTH="170" VPOS="2665" HPOS="1342" CONTENT="Etats" SUBS_TYPE="HypPart1" SUBS_CONTENT="EtatsUnis" ID="tl_54_12" STYLEREFS="FONT0"/>
            <HYP CONTENT="-"/>
          </TextLine>
          <TextLine ID="tl_55" BASELINE="2783" HEIGHT="69" WIDTH="432" VPOS="2714" HPOS="127">
            <String HEIGHT="69" WIDTH="182" VPOS="2714" HPOS="104" CONTENT="Unis" SUBS_TYPE="HypPart2" SUBS_CONTENT="EtatsUnis" ID="tl_55_1" STYLEREFS="FONT0"/>
            <SP HEIGHT="69" WIDTH="23" VPOS="2714" HPOS="286"/>
            <String HEIGHT="69" WIDTH="136" VPOS="2714" HPOS="218" CONTENT="de" ID="tl_55_2" STYLEREFS="FONT0"/>
            <SP HEIGHT="69" WIDTH="23" VPOS="2714" HPOS="354"/>
            <String HEIGHT="69" WIDTH="296" VPOS="2714" HPOS="263" CONTENT="l’Amérique." ID="tl_55_3" STYLEREFS="FONT0"/>
          </TextLine>
        </TextBlock>
        <GraphicalElement ID="r_2" HEIGHT="9" WIDTH="72" VPOS="926" HPOS="741"/>
      </PrintSpace>
    </Page>
  </Layout>
</alto>
