1584 2917
625 87 184 92 —
699 87 257 92 350
809 87 110 92 —

109 170 155 98 tard
206 170 175 98 qu’il
322 170 97 98 a
361 170 136 98 mis
438 170 97 98 à
477 170 136 98 lui
555 170 233 98 adresser
729 170 116 98 le
787 170 252 98 Réveil
981 170 116 98 du
1040 170 272 98 peuple
1253 170 175 98 qu’il
1369 170 97 98 a
1389 170 116 98 bien

104 237 205 56 voulu
241 237 159 56 lui
309 237 250 56 demander.

59 287 183 70 4267.
181 287 387 70 Sowinski
507 287 265 70 (Albert),
711 287 265 70 pianiste,
914 287 326 70 compositeur.
1179 287 122 70 L.
1240 287 163 70 aut.
1342 287 183 70 sig.,
1444 287 61 70 à

104 340 142 72 M.
175 340 142 72 le
247 340 380 72 Président...
555 340 261 72 Vannes,
745 340 142 72 21
817 340 285 72 janvier.
1030 340 119 72 3
1078 340 142 72 p.
1149 340 166 72 pl.
1244 340 214 72 in-8.
1386 340 119 72 2
1410 340 95 72 50

155 378 262 67 Nouvelles
357 378 282 67 musicales,
579 378 202 67 villes
720 378 182 67 qu’il
841 378 101 67 a
861 378 222 67 visitées.

58 428 185 76 4268.
182 428 350 76 Stoltz
470 428 226 76 (madame
635 428 247 76 Rosina),
820 428 226 76 célèbre
985 428 309 76 cantatrice.
1231 428 123 76 L.
1293 428 165 76 aut.
1376 428 123 76 sig.

88 481 472 80 Février
432 481 386 80 1854,
689 481 215 80 1
775 481 258 80 p.
904 481 301 80 pl.
1076 481 386 80 in-8.
1333 481 215 80 3
1376 481 129 80 »

153 532 167 66 Elle
257 532 291 66 désirerait
486 532 250 66 beaucoup
674 532 187 66 aller
798 532 125 66 en
861 532 229 66 Russie,
1027 532 167 66 mais
1131 532 125 66 au
1194 532 229 66 théâtre
1340 532 167 66 Natio-

108 582 153 59 nal
196 582 131 59 de
261 582 481 59 Saint-Pétersbourg.
676 582 175 59 Elle
785 582 284 59 prendrait
1004 582 306 59 volontiers
1244 582 131 59 la
1309 582 197 59 peine
1419 582 87 59 de

108 632 311 54 travailler
352 632 133 54 la
419 632 222 54 langue
574 632 178 54 pour
685 632 133 54 un
752 632 311 54 engagement
996 632 133 54 de
1063 632 266 54 quelques
1240 632 200 54 années.

60 678 192 60 4269.
188 678 298 60 Taccani
422 678 277 60 Tasca
635 678 234 60 (madame
806 678 128 60 la
870 678 298 60 comtesse),
1104 678 234 60 célèbre
1253 678 256 60 cantatrice

111 727 272 71 italienne.
324 727 116 71 L.
382 727 155 71 aut.
479 727 155 71 sig.
576 727 136 71 (en
654 727 252 71 italien).
848 727 213 71 Mexico,
1003 727 97 71 7
1042 727 233 71 février.
1217 727 97 71 3
1256 727 116 71 p.
1314 727 136 71 pl.
1372 727 136 71 in

77 774 664 49 Musicale.
588 774 869 49 Intéressante.
1304 774 256 49 5
1355 774 153 49 »

61 800 184 86 4270.
183 800 327 86 Tasea
448 800 143 86 (le
530 800 184 86 comte
653 800 265 86 Ottavio),
857 800 184 86 poëte
979 800 245 86 lombard,
1163 800 306 86 publiciste,
1388 800 122 86 mari

109 873 131 53 de
175 873 131 53 la
240 873 241 53 célèbre
416 873 328 53 cantatrice,
678 873 219 53 madame
831 873 263 53 Taccani.
1028 873 131 53 L.
1094 873 175 53 aut.
1204 873 175 53 sig.
1313 873 153 53 (en
1379 873 131 53 ita-

87 920 385 51 lien).
356 920 231 51 12
471 920 423 51 mars...
779 920 192 51 1
856 920 231 51 p.
971 920 269 51 pl.
1125 920 346 51 in-8.
1356 920 192 51 2
1395 920 115 51 »

58 936 194 101 4271.
188 936 432 101 Thalberg
555 936 345 101 compositeur.
835 936 129 101 1°
900 936 129 101 L.
965 936 173 101 aut.
1072 936 173 101 sig.
1180 936 108 101 2
1224 936 129 101 p.
1288 936 151 101 pl.
1353 936 151 101 in

106 1013 294 81 Musicale.
333 1013 113 81 —
378 1013 136 81 2°
446 1013 249 81 Romance
627 1013 181 81 pour
740 1013 136 81 le
808 1013 226 81 piano.
966 1013 181 81 Aut.
1079 1013 181 81 sig.
1192 1013 271 81 Londres,
1373 1013 136 81 juin

88 1063 387 60 1842.
346 1063 215 60 2
432 1063 258 60 p.
561 1063 258 60 et
690 1063 387 60 quart
948 1063 473 60 in-fol.
1292 1063 258 60 10
1378 1063 129 60 »

62 1097 178 75 4272.
181 1097 356 75 Thiers,
478 1097 178 75 homme
597 1097 218 75 d’Etat,
755 1097 277 75 historien.
973 1097 119 75 L.
1032 1097 178 75 sig.,
1151 1097 119 75 au
1210 1097 238 75 général,
1368 1097 139 75 comte

105 1160 363 64 Sébastiani.
395 1160 242 64 Paris,
565 1160 145 64 27
637 1160 218 64 avril
783 1160 218 64 1840.
928 1160 121 64 4
976 1160 169 64 gr.
1073 1160 145 64 p.
1146 1160 169 64 pl.
1243 1160 218 64 in-4.
1388 1160 145 64 25
1436 1160 73 64 »

158 1208 215 69 Lettre
308 1208 172 69 d’un
415 1208 300 69 très-grand
651 1208 236 69 intérêt
823 1208 150 69 sur
908 1208 150 69 les
994 1208 215 69 motifs
1144 1208 150 69 qui
1230 1208 279 69 retardent
1423 1208 86 69 sa

108 1264 284 63 promotion
327 1264 131 63 au
392 1264 197 63 grade
524 1264 131 63 de
589 1264 262 63 maréchal
786 1264 131 63 de
852 1264 241 63 France,
1027 1264 219 63 motiis
1180 1264 153 63 qui
1267 1264 175 63 sont
1355 1264 153 63 très-

107 1307 317 54 longuement
356 1307 339 54 développés.
628 1307 113 54 —
673 1307 136 54 Le
741 1307 271 54 ministre
944 1307 271 54 commence
1148 1307 158 54 par
1239 1307 204 54 dire,
1352 1307 158 54 qu’il

110 1359 144 58 est
193 1359 205 58 chargé
336 1359 144 58 par
419 1359 123 58 le
480 1359 226 58 cabinet
644 1359 185 58 qu’il
768 1359 103 58 a
809 1359 267 58 l’honneur
1014 1359 123 58 de
1076 1359 267 58 présider,
1281 1359 123 58 et
1343 1359 164 58 avec
1425 1359 82 58 le

107 1410 362 58 consentement
401 1410 226 58 formel
560 1410 136 58 du
628 1410 181 58 roi,
741 1410 158 58 «de
831 1410 158 58 lui
922 1410 271 58 déclarer
1125 1410 226 58 qu’ils
1261 1410 249 58 acceptent

110 1457 378 65 «l’engagement
421 1457 178 65 pris
532 1457 156 65 par
621 1457 200 65 leurs
754 1457 378 65 prédécesseurs
1065 1457 133 65 et
1132 1457 267 65 constaté
1332 1457 156 65 par
1399 1457 111 65 les

112 1502 247 56 «lettres
298 1502 144 56 qui
380 1502 144 56 lui
462 1502 144 56 ont
544 1502 144 56 été
627 1502 247 56 écrites,
812 1502 123 56 de
873 1502 247 56 l’élever
1059 1502 103 56 à
1100 1502 123 56 la
1161 1502 226 56 dignité
1326 1502 123 56 de
1367 1502 144 56 maré-

109 1549 245 57 «réchal
287 1549 134 57 de
354 1549 245 57 France,
532 1549 111 57 à
576 1549 134 57 la
643 1549 267 57 première
843 1549 245 57 vacance
1021 1549 156 57 qui
1110 1549 178 57 aura
1222 1549 178 57 lieu
1333 1549 178 57 dans
1422 1549 89 57 le

108 1602 243 59 «cadre
278 1602 170 59 des
351 1602 388 59 maréchaux....»

62 1619 179 90 4273.
181 1619 317 90 Thoré
439 1619 317 90 (Théophile),
697 1619 258 90 directeur
895 1619 119 90 de
955 1619 278 90 l’Alliance
1173 1619 139 90 des
1252 1619 179 90 arts,
1351 1619 159 90 rédac

111 1694 151 50 teur
205 1694 113 50 du
262 1694 207 50 journal
412 1694 169 50 La
525 1694 169 50 vraie
638 1694 358 50 République,
939 1694 151 50 etc.
1033 1694 113 50 L.
1090 1694 151 50 aut.
1184 1694 151 50 sig.
1278 1694 188 50 Paris.
1410 1694 94 50 4
1429 1694 75 50 p.

29 1737 692 71 pl.
424 1737 889 71 in-8.
1017 1737 494 71 1
1116 1737 395 71 50

62 1770 172 76 4274.
177 1770 229 76 Titon
348 1770 115 76 du
406 1770 267 76 Tillet
616 1770 248 76 (Evrard),
807 1770 191 76 auteur
941 1770 134 76 de:
1017 1770 229 76 Essai
1189 1770 134 76 sur
1266 1770 134 76 les
1323 1770 191 76 hon

111 1836 218 60 neurs
275 1836 218 60 accordés
438 1836 127 60 aux
511 1836 346 60 illustres.
802 1836 109 60 L.
857 1836 109 60 a.
911 1836 109 60 s.
966 1836 200 60 Février
1112 1836 164 60 1771.
1221 1836 91 60 1
1257 1836 109 60 p.
1312 1836 164 60 in-4.
1421 1836 91 60 2
1439 1836 73 60 50

59 1887 187 52 4275.
184 1887 373 52 Tressan
495 1887 145 52 (le
578 1887 187 52 comte
702 1887 166 52 de),
806 1887 290 52 militaire,
1034 1887 332 52 littérateur,
1304 1887 207 52 membre
1428 1887 83 52 de

109 1937 293 86 l’Académie
339 1937 293 86 française,
570 1937 168 86 etc.
674 1937 126 86 L.
737 1937 168 86 aut.
842 1937 188 86 sig.,
968 1937 105 86 à
1009 1937 126 86 M.
1072 1937 126 86 le
1135 1937 272 86 chevalier
1344 1937 126 86 du
1386 1937 126 86 Val-

100 1982 254 53 lier.
269 1982 282 53 Paris,
467 1982 169 53 ce
552 1982 282 53 jeudi.
749 1982 141 53 1
806 1982 169 53 p.
891 1982 198 53 pl.
1004 1982 254 53 in-8.
1173 1982 311 53 Cachet.
1399 1982 141 53 4
1427 1982 85 53 »

60 2024 189 67 4276.
186 2024 421 67 Tronchet,
544 2024 358 67 jurisconsulte
839 2024 253 67 célèbre,
1028 2024 168 67 l’un
1133 2024 147 67 des
1217 2024 295 67 défenseurs
1428 2024 84 67 de

111 2080 194 61 Louis
241 2080 172 61 XVI,
348 2080 129 61 1°
413 2080 215 61 Billet
564 2080 172 61 aut.
671 2080 172 61 sig.
779 2080 129 61 (à
844 2080 129 61 la
908 2080 129 61 3e
973 2080 301 61 personne).
1210 2080 129 61 18
1274 2080 194 61 mars.
1403 2080 108 61 4
1425 2080 86 61 p.

107 2125 170 59 in-8
213 2125 128 59 en
277 2125 277 59 travers.—
490 2125 128 59 2°
554 2125 192 59 Notes
682 2125 170 59 aut.
789 2125 192 59 (plus
916 2125 128 59 de
980 2125 362 59 cent-soixante
1279 2125 234 59 lignes)
1428 2125 85 59 en

107 2182 207 70 marge
245 2182 184 70 d’un
360 2182 230 70 précis
521 2182 161 70 sur
613 2182 299 70 délibéré,
842 2182 184 70 pour
957 2182 138 70 M.
1026 2182 138 70 le
1095 2182 184 70 Duc,
1210 2182 138 70 et
1279 2182 230 70 madame
1417 2182 92 70 la

97 2223 413 53 Duchesse
406 2223 207 53 de
510 2223 551 53 Valentinois.
957 2223 172 53 8
1026 2223 207 53 p.
1129 2223 310 53 in-4.
1336 2223 207 53 40
1405 2223 103 53 »

63 2261 169 72 4277.
176 2261 319 72 Valée,
439 2261 225 72 Maréchal
608 2261 113 72 de
664 2261 207 72 France.
815 2261 113 72 L.
871 2261 150 72 aut.
965 2261 169 72 sig.,
1078 2261 94 72 à
1115 2261 150 72 Mlle
1209 2261 113 72 de
1266 2261 113 72 la
1303 2261 207 72 Roncière.

107 2322 216 51 Paris,
258 2322 129 51 14
323 2322 173 51 fév.
431 2322 194 51 1830.
561 2322 108 51 1
604 2322 129 51 p.
668 2322 151 51 pl.
755 2322 194 51 in-8.
884 2322 194 51 Jolie
1014 2322 129 51 et
1078 2322 237 51 aimable
1251 2322 237 51 lettre.
1424 2322 108 51 3
1445 2322 65 51 »

63 2367 181 60 4278.
183 2367 382 60 Vaillant
505 2367 141 60 (le
585 2367 281 60 Maréchal),
807 2367 342 60 major-général
1088 2367 121 60 de
1148 2367 221 60 l’Armée
1289 2367 221 60 d’Italie,

109 2427 212 61 membre
257 2427 127 61 de
321 2427 318 61 l’Institut.
576 2427 127 61 L.
640 2427 170 61 aut.
746 2427 191 61 sig.,
873 2427 106 61 à
916 2427 318 61 madame.....
1170 2427 106 61 6
1213 2427 234 61 janvier
1361 2427 149 61 1846.

62 2464 899 56 demi-page
753 2464 622 56 in-8.
1168 2464 346 56 2
1237 2464 277 56 50

62 2501 189 74 4279.
188 2501 273 74 Vallet
398 2501 126 74 de
461 2501 378 74 Vériville,
776 2501 168 74 (A),
882 2501 315 74 archéologue
1134 2501 126 74 et
1197 2501 315 74 publiciste.
1428 2501 84 74 L.

106 2561 191 58 aut.
226 2561 191 58 sig.
345 2561 239 58 Paris,
512 2561 119 58 8
560 2561 167 58 mai
655 2561 215 58 1845.
799 2561 119 58 1
846 2561 143 58 p.
918 2561 167 58 pl.
1014 2561 215 58 in-8.
1157 2561 310 58 curieuse.
1396 2561 119 58 1
1419 2561 96 58 50

62 2604 189 62 4280.
188 2604 210 62 Van
336 2604 337 62 Swinden,
609 2604 210 62 (J.-H.
756 2604 189 62 sig.,
883 2604 126 62 L.
946 2604 168 62 aut.
1051 2604 105 62 à
1093 2604 126 62 M.
1156 2604 231 62 Marron,
1325 2604 105 62 à
1346 2604 168 62 Paris.

107 2659 334 55 Amsterdam,
370 2659 119 55 5
417 2659 262 55 janvier
608 2659 215 55 1813.
751 2659 119 55 2
799 2659 167 55 gr.
895 2659 143 55 p.
966 2659 167 55 pl.
1062 2659 143 55 et
1133 2659 215 55 demie
1276 2659 215 55 in-4.
1420 2659 119 55 6
1443 2659 72 55 »

158 2713 206 55 Lettre
302 2713 432 55 très-intéressante
672 2713 123 55 au
734 2713 185 55 sujet
857 2713 123 55 de
919 2713 123 55 la
981 2713 267 55 cessation
1186 2713 123 55 de
1227 2713 288 55 l’inhumation

109 2763 181 54 dans
223 2763 159 54 les
313 2763 272 54 églises,
517 2763 136 54 de
585 2763 430 54 l’établissement
948 2763 136 54 de
1016 2763 317 54 cimetières
1265 2763 181 54 hors
1378 2763 136 54 de
1423 2763 91 54 la

111 2802 212 69 ville,
259 2802 127 69 et
323 2802 127 69 de
386 2802 403 69 l’établissement
725 2802 127 69 de
789 2802 212 69 tarifs
937 2802 169 69 pour
1043 2802 148 69 les
1128 2802 360 69 enterrements,
1403 2802 106 69 les
