1682 2758
658 50 249 87 351
765 50 107 87 —

61 129 194 80 frais
191 129 130 80 de
256 129 303 80 sépulture,
494 129 130 80 et
558 129 151 80 les
645 129 194 80 frais
775 129 151 80 des
861 129 303 80 cérémonies
1099 129 324 80 religieuses
1336 129 130 80 pour

63 204 175 48 tous
173 204 153 48 les
260 204 241 48 cultes;
435 204 219 48 toutes
588 204 153 48 ces
676 204 241 48 mesures
851 204 197 48 étant
982 204 285 48 ordonnées
1201 204 153 48 par
1267 204 197 48 l’empe-

61 254 178 55 reur
172 254 290 55 Napoléon.
395 254 134 55 Il
462 254 134 55 le
529 254 178 55 prie
641 254 312 55 instamment
886 254 134 55 de
953 254 156 55 lui
1042 254 223 55 donner
1198 254 156 55 les
1265 254 201 55 rensei-

58 303 272 69 gnements
262 303 159 69 les
353 303 181 69 plus
466 303 295 69 détaillés
693 303 159 69 sur
783 303 136 69 ce
851 303 159 69 qui
942 303 136 69 se
1010 303 204 69 passe
1146 303 113 69 à
1191 303 204 69 Paris
1327 303 113 69 à
1350 303 113 69 cet

62 345 207 62 égard,
207 345 186 62 etc.,
311 345 124 62 etc.

14 385 207 61 4231.
152 385 460 61 Ventadour
543 385 253 61 (Madame
727 385 138 61 la
796 385 276 61 duchesse
1003 385 184 61 de),
1118 385 345 61 gouvernante
1371 385 92 61 de

63 441 191 59 Louis
190 441 149 59 XV.
275 441 127 59 L.
339 441 170 59 aut.
445 441 170 59 sig.
551 441 106 59 9
593 441 170 59 juin
699 441 191 59 1728.
827 441 106 59 2
869 441 127 59 p.
933 441 191 59 in-4.
1060 441 233 59 (Taches
1208 441 255 59 d’humidité

-31 497 690 46 au
314 497 1034 46 bas).
1003 497 575 46 3
1118 497 345 46 »

20 533 174 61 4282.
135 533 366 61 Verroulé
444 533 309 61 (Stanislas),
695 533 251 61 hautbois.
887 533 116 61 L.
945 533 154 61 aut.
1042 533 154 61 sig.
1138 533 193 61 Paris,
1273 533 96 61 3
1292 533 174 61 février

45 592 345 59 1846.
275 592 192 59 2
351 592 268 59 gr.
505 592 230 59 p.
620 592 345 59 in-4.
850 592 498 59 Musicale.
1233 592 192 59 5
1310 592 192 59 2
1348 592 115 59 »

18 617 186 76 4383.
142 617 351 76 Vidocq
432 617 165 76 chef
535 617 124 76 de
597 617 124 76 la
659 617 227 76 brigade
824 617 124 76 du
886 617 227 76 service
1052 617 124 76 de
1114 617 207 76 sûreté
1258 617 124 76 de
1300 617 165 76 Paris,

66 685 184 60 auteur
195 685 111 60 de
250 685 369 60 Mémoires
563 685 111 60 L.
619 685 148 60 aut.
711 685 148 60 sig.
803 685 92 60 6
840 685 203 60 février
988 685 166 60 1839.
1098 685 92 60 1
1135 685 111 60 p.
1190 685 129 60 pl.
1264 685 166 60 in-8.
1375 685 92 60 1
1393 685 74 60 50

20 726 184 70 4284.
142 726 367 70 Villars
448 726 225 70 (Madame
612 726 122 70 la
673 726 265 70 maréchale
877 726 163 70 de).
979 726 122 70 L.
1040 726 163 70 aut.
1142 726 184 70 sig.,
1265 726 102 70 à
1306 726 122 70 M.
1347 726 122 70 Tru

64 780 209 58 daine.
211 780 126 58 19
273 780 167 58 août
378 780 188 58 1758.
503 780 105 58 3
545 780 126 58 p.
608 780 188 58 in-4.
734 780 126 58 Il
796 780 105 58 y
838 780 105 58 a
880 780 126 58 en
943 780 167 58 tête
1048 780 272 58 plusieurs
1257 780 209 58 lignes
1382 780 84 58 de

33 827 307 54 la
186 827 409 54 main
442 827 307 54 de
595 827 307 54 M.
749 827 665 54 Trudaine.
1260 827 256 54 4
1312 827 153 54 »

21 865 183 75 4285.
143 865 428 75 Villemain,
509 865 204 75 membre
652 865 122 75 de
713 865 285 75 l’Académie
937 865 285 75 française.
1161 865 122 75 L.
1222 865 183 75 aut.,
1324 865 143 75 sig.,

43 924 209 49 à
127 924 251 49 M.
252 924 251 49 le
378 924 418 49 duc...
670 924 209 49 3
754 924 293 49 gr.
921 924 251 49 p.
1046 924 376 49 in-8.
1297 924 209 49 5
1339 924 125 49 »

108 963 277 71 Nouvelles
321 963 341 71 électorales.
598 963 128 71 Il
662 963 107 71 a
704 963 128 71 vu
768 963 277 71 plusieurs
981 963 170 71 fois
1088 963 128 71 M.
1151 963 234 71 Casimir
1301 963 170 71 Périer

62 1024 173 58 dont
171 1024 130 58 la
236 1024 260 58 décision
431 1024 217 58 parait
582 1024 260 58 toujours
778 1024 217 58 ferme.
929 1024 108 58 —
973 1024 347 58 Dispositions
1254 1024 152 58 des
1319 1024 152 58 élec-

63 1064 192 66 teurs
191 1064 213 66 contre
340 1064 298 66 l’hérédité
574 1064 128 66 de
638 1064 128 66 la
702 1064 234 66 pairie.
872 1064 107 66 —
915 1064 192 66 Biais
1043 1064 170 66 pris
1149 1064 149 66 par
1235 1064 128 66 le
1277 1064 192 66 premier

60 1115 272 54 ministre
265 1115 182 54 pour
378 1115 318 54 l’obtenir;
628 1115 113 54 —
673 1115 136 54 il
741 1115 159 54 est
832 1115 182 54 seul
945 1115 204 54 porté
1081 1115 113 54 à
1127 1115 272 54 Pontivy.
1331 1115 136 54 Il
1376 1115 91 54 ne

63 1169 244 59 néglige
240 1169 178 59 rien
351 1169 178 59 pour
462 1169 200 59 aider
595 1169 133 59 au
662 1169 155 59 bon
751 1169 289 59 résultat.
973 1169 222 59 Malgré
1128 1169 155 59 son
1195 1169 266 59 décourage-

64 1213 170 53 ment
170 1213 149 53 sur
255 1213 170 53 bien
362 1213 149 53 des
447 1213 234 53 choses,
617 1213 128 53 il
681 1213 191 53 croit
808 1213 191 53 qu’il
936 1213 106 53 y
979 1213 106 53 a
1021 1213 213 53 devoir
1170 1213 128 53 de
1213 1213 255 53 conscience

65 1259 105 55 à
107 1259 168 55 tout
212 1259 189 55 faire
337 1259 168 55 pour
442 1259 168 55 être
547 1259 147 55 élu
631 1259 168 55 dans
735 1259 126 55 la
798 1259 335 55 circonstance
1050 1259 293 55 présente....

23 1300 188 71 4286.
149 1300 398 71 Viennet,
484 1300 209 71 poëte,
630 1300 209 71 membre
777 1300 126 71 de
840 1300 293 71 l’Académie
1070 1300 293 71 française.
1280 1300 188 71 Article

65 1370 165 56 aut.
169 1370 165 56 sig.
272 1370 144 56 sur
354 1370 289 56 l’histoire
581 1370 124 56 de
643 1370 310 56 l’assemblée
891 1370 330 56 constituante
1159 1370 144 56 par
1242 1370 144 56 Ch.
1304 1370 165 56 Lacre-

66 1404 212 69 telle,
214 1404 127 69 et
278 1404 127 69 le
342 1404 212 69 précis
491 1404 127 69 de
554 1404 297 69 l’histoire
788 1404 127 69 de
852 1404 127 69 la
916 1404 297 69 Révolution
1149 1404 297 69 française,
1362 1404 106 69 par

53 1454 314 53 Rabaut
272 1454 565 53 Saint-Etienne.
744 1454 157 53 6
806 1454 220 53 gr.
932 1454 188 53 p.
1026 1454 220 53 pl.
1152 1454 283 53 in-4.
1340 1454 157 53 5
1372 1454 94 53 »

22 1477 192 75 4287.
149 1477 341 75 Wille
426 1477 383 75 (Jean-George),
746 1477 256 75 graveur,
938 1477 213 75 membre
1087 1477 128 75 de
1151 1477 298 75 l’Académie
1364 1477 106 75 des

64 1549 320 51 Beaux-Arts.
319 1549 277 51 Quittance
532 1549 170 51 aut.
639 1549 170 51 sig.
746 1549 128 51 de
809 1549 128 51 la
873 1549 192 51 somme
1001 1549 128 51 de
1065 1549 341 51 quatre-vingt
1321 1549 149 51 seize

64 1596 220 59 livres
218 1596 176 59 pour
328 1596 198 59 avoir
460 1596 264 59 retouché
658 1596 154 59 une
746 1596 242 59 planche
921 1596 132 59 de
987 1596 132 59 M.
1053 1596 264 59 Léonard,
1229 1596 242 59 représen-

64 1655 181 53 tant
178 1655 136 53 le
246 1655 272 53 triomphe
449 1655 136 53 de
517 1655 136 53 la
585 1655 204 53 paix.
721 1655 227 53 Paris,
880 1655 136 53 14
948 1655 159 53 mai
1039 1655 204 53 1746.
1174 1655 113 53 1
1220 1655 136 53 p.
1288 1655 181 53 in-8
1378 1655 91 53 en

9 1687 921 56 travers.
700 1687 691 56 Rare.
1160 1687 384 56 6
1237 1687 230 56 »

22 1734 174 66 4288.
138 1734 309 66 Wille
389 1734 445 66 (Pierre-Alexandre),
776 1734 174 66 fils,
892 1734 232 66 peintre,
1066 1734 193 66 membre
1201 1734 116 66 de
1240 1734 232 66 l’ancienne

62 1794 264 75 Académie
260 1794 132 75 de
326 1794 286 75 peinture.
546 1794 132 75 L.
612 1794 176 75 aut.
722 1794 198 75 sig.,
853 1794 132 75 au
919 1794 264 75 ministre
1117 1794 132 75 de
1161 1794 308 75 l'intérieur.

53 1842 315 65 Paris,
273 1842 189 65 18
367 1842 346 65 juillet
619 1842 283 65 1810.
808 1842 157 65 1
871 1842 220 65 gr.
997 1842 189 65 p.
1091 1842 346 65 in-fol.
1343 1842 157 65 5
1375 1842 94 65 »

108 1877 143 67 Agé
189 1877 122 67 de
250 1877 122 67 72
311 1877 143 67 ans
393 1877 122 67 il
454 1877 143 67 lui
536 1877 204 67 expose
678 1877 122 67 sa
739 1877 204 67 triste
882 1877 285 67 situation,
1106 1877 122 67 et
1167 1877 122 67 le
1228 1877 163 67 prie
1330 1877 122 67 de
1371 1877 102 67 lui

62 1930 252 63 accorder
251 1930 126 63 un
314 1930 231 63 secours
483 1930 294 63 provisoire
714 1930 147 63 sur
798 1930 147 63 les
882 1930 189 63 fonds
1008 1930 252 63 destinés
1198 1930 105 63 à
1219 1930 252 63 l’encoura-

62 1985 230 89 gement
223 1985 161 89 des
292 1985 298 89 Beaux

58 2260 263 67 N.B
265 2260 113 67 M.
321 2260 226 67 LAVERDET
491 2260 132 67 est
566 2260 150 67 chez
660 2260 132 67 lui
735 2260 113 67 de
791 2260 94 67 1
829 2260 169 67 heure
942 2260 94 67 à
979 2260 113 67 4,
1036 2260 132 67 les
1111 2260 244 67 dimanches
1299 2260 113 67 et
1336 2260 132 67 fètes

23 2309 247 65 exceptés,
213 2309 114 65 et
270 2309 114 65 du
327 2309 114 65 15
384 2309 171 65 avril
498 2309 114 65 au
555 2309 114 65 15
612 2309 228 65 octobre,
784 2309 133 65 les
860 2309 247 65 mercredis
1050 2309 114 65 et
1107 2309 209 65 samedis
1240 2309 228 65 seulement.

328 2483 136 108 Ce
419 2483 151 108 numéro
525 2483 106 108 n’a
585 2483 106 108 été
646 2483 197 108 distribué
797 2483 106 108 que
858 2483 151 108 le
964 2483 91 108 15
994 2483 167 108 juin
