1518 2991
572 80 213 82 EN
643 80 249 82 VENTE

225 158 162 81 A
289 158 195 81 LA
387 158 422 81 LIBRAIRIE
711 158 195 81 DE
808 158 195 81 J.
873 158 357 81 TECHENER,

477 212 157 64 RUE
566 212 134 64 DE
633 212 336 64 LARBRE-SEC,
880 212 112 64 52.

338 319 726 89 CORRESPONDANCE

636 398 174 70 ENTRE

-50 522 1471 61 DUTHHAUOHETRAHAUA

666 577 102 67 ET

391 616 611 125 BROSSETTE,

436 720 208 80 Avocat
582 720 125 80 au
644 720 270 80 Parlement
852 720 125 80 de
894 720 146 80 Lyon.

320 762 249 100 PUBLIÉE
501 762 158 100 SUR
592 762 158 100 LES
683 762 317 100 MANUSCRITS
909 762 249 100 ORIGINAUX

442 838 184 82 PAR
547 838 290 82 AUGUSTE
731 838 290 82 LAVERDET,

207 904 525 78 bINTRODUCTION
639 904 216 78 PAR
763 904 185 78 M.
856 904 278 78 JULES
1010 904 247 78 JANIN.

312 969 239 86 Première
503 969 175 86 édition
631 969 207 86 complète,
790 969 96 86 en
838 969 159 86 partie
933 969 223 86 inédite

39 1017 104 91 Un
91 1017 173 91 volume
212 1017 139 91 in-8
299 1017 104 91 de
351 1017 156 91 XXXII
454 1017 87 91 —
489 1017 121 91 608
558 1017 173 91 pages,
680 1017 139 91 avec
766 1017 121 91 six
836 1017 260 91 fac-simile,
1044 1017 104 91 et
1096 1017 104 91 la
1147 1017 243 91 généalogie
1338 1017 104 91 de
1373 1017 69 91 la

478 1078 194 72 famille
620 1078 106 72 de
673 1078 194 72 Boileau
796 1078 212 72 Despréaux.

556 1127 161 59 —
620 1127 161 59 E
653 1127 194 59 C5OG

259 1156 334 86 SOMMAIRE
510 1156 167 86 DU
593 1156 306 86 CONTENU
816 1156 167 86 DE
900 1156 167 86 CE
955 1156 251 86 VOLUME:

317 1237 271 63 (COMPLÉMENT
534 1237 126 63 DES
606 1237 199 63 OEUVRES
751 1237 108 63 DE
805 1237 199 63 BOILEAU
931 1237 235 63 RESPRÉAUX.)

13 1285 242 60 PREMIÈRE
194 1285 202 60 PARTIE
336 1285 242 60 (Premier
517 1285 222 60 voluine
678 1285 121 60 du
739 1285 303 60 manuscrit).
981 1285 101 60 —
1021 1285 363 60 Correspondance
1304 1285 141 60 entre

54 1337 213 49 Boileau
208 1337 251 49 Despréaux
402 1337 116 49 et
459 1337 251 49 Brossette
653 1337 271 49 (contenant
865 1337 367 49 soixante-quinze
1174 1337 213 49 lettres
1310 1337 135 49 auto-

64 1378 208 56 graphes
216 1378 208 56 signées
367 1378 114 56 de
424 1378 208 56 Boileau
576 1378 284 56 Despréaux).
803 1378 95 56 —
841 1378 171 56 Arrêt
954 1378 114 56 de
1011 1378 227 56 noblesse
1182 1378 114 56 de
1239 1378 114 56 la
1277 1378 171 56 famille

59 1424 119 51 de
119 1424 217 51 Boileau
277 1424 277 51 Despréaux.
494 1424 99 51 —
533 1424 237 51 Sentence
711 1424 138 51 des
790 1424 237 51 requêtes
968 1424 119 51 du
1027 1424 198 51 Palais
1165 1424 138 51 sur
1244 1424 119 51 le
1284 1424 158 51 procès

62 1462 109 60 du
116 1462 200 60 Lutrin.
262 1462 91 60 —
298 1462 200 60 Lettres
443 1462 109 60 et
498 1462 182 60 pièces
625 1462 109 60 de
680 1462 200 60 divers.
825 1462 91 60 —
861 1462 236 60 Testament
1043 1462 109 60 de
1098 1462 200 60 Boileau
1225 1462 218 60 Despréaux,

23 1506 222 55 DEUNIÈME
189 1506 203 55 PARTIE,
336 1506 111 55 ou
392 1506 388 55 Supplément
724 1506 240 55 (deuxième
909 1506 185 55 volume
1038 1506 111 55 du
1093 1506 258 55 manuscrit)
1278 1506 166 55 compres

60 1553 147 51 nant
152 1553 129 51 les
225 1553 203 51 papiers
373 1553 111 51 de
428 1553 203 51 Boileau
575 1553 239 51 Despréaux
760 1553 203 51 laissés
907 1553 92 51 à
944 1553 111 51 sa
999 1553 166 51 mort,
1109 1553 111 51 et
1165 1553 184 51 donnés
1294 1553 92 51 à
1312 1553 129 51 Bros-

736 1588 111 60 —
780 1588 155 60 Les
869 1588 200 60 Héros
1002 1588 133 60 du
1069 1588 222 60 Roman,
1202 1588 244 60 dialogue.

63 1597 171 46 sette
177 1597 133 46 par
253 1597 189 46 l’abbé
385 1597 227 46 Boileau,
556 1597 133 46 son
612 1597 152 46 frère.

58 1644 123 45 ——
120 1644 164 45 Deux
223 1644 267 45 Epitaphes
429 1644 123 45 de
490 1644 226 45 Racine.
655 1644 103 45 —
696 1644 226 45 Réponse
860 1644 103 45 à
901 1644 123 45 un
963 1644 226 45 mémoire
1128 1644 123 45 de
1189 1644 206 45 Claude
1313 1644 123 45 Peps

61 1684 184 55 rault.
190 1684 92 55 —
226 1684 221 55 Lettres:
392 1684 111 55 au
448 1684 166 55 comte
558 1684 111 55 de
614 1684 221 55 Vivonne;
779 1684 92 55 à
816 1684 240 55 Maucroix;
1001 1684 92 55 à
1037 1684 184 55 Racine
1167 1684 147 55 (dix
1240 1684 203 55 lettres);

61 1728 100 47 à
101 1728 201 47 Madame
241 1728 241 47 Manchon,
422 1728 120 47 sa
482 1728 181 47 sœur;
603 1728 100 47 à
643 1728 201 47 Madame
783 1728 120 47 la
843 1728 241 47 marquise
1024 1728 120 47 de
1084 1728 261 47 Villette;
1285 1728 100 47 à
1325 1728 120 47 M.
1365 1728 80 47 de

55 1755 125 64 La
118 1755 270 64 Chapelle,
325 1755 145 64 son
408 1755 187 64 neveu
533 1755 166 64 (dix
637 1755 270 64 lettres);
844 1755 104 64 à
886 1755 125 64 M.
948 1755 125 64 le
1010 1755 187 64 comte
1135 1755 125 64 de
1177 1755 228 64 Maurepas;

1326 1764 129 54 à

56 1805 118 54 M.
115 1805 118 54 de
174 1805 353 54 Pontchartrain;
468 1805 98 54 à
508 1805 118 54 M.
566 1805 196 54 l’abbé
704 1805 216 54 Bignon;
861 1805 98 54 à
900 1805 118 54 M.
959 1805 118 54 le
1017 1805 177 54 comte
1135 1805 118 54 de
1194 1805 177 54 Revel
1312 1805 137 54 sur
1371 1805 78 54 le

55 1845 207 58 combat
200 1845 124 58 de
263 1845 249 58 Crémone;
449 1845 104 58 à
491 1845 124 58 M.
553 1845 124 58 Le
615 1845 249 58 Verrier:
802 1845 104 58 à
843 1845 311 58 Destouches;
1092 1845 124 58 au
1155 1845 166 58 père
1238 1845 207 58 Thoulier

65 1886 168 51 trois
177 1886 242 51 lettres),
363 1886 168 51 etc.,
475 1886 205 51 etc...;
624 1886 223 51 Maucroix
791 1886 93 51 à
829 1886 242 51 Despréaux
1015 1886 168 51 (cinq
1127 1886 242 51 lettres);
1294 1886 149 51 Racine

58 1931 97 51 à
96 1931 271 51 Despréaux;
309 1931 116 51 le
367 1931 155 51 père
464 1931 232 51 Bouhours
639 1931 97 51 à
677 1931 271 51 Despréaux,
890 1931 174 51 etc.,
1007 1931 155 51 etc.
1103 1931 97 51 —
1142 1931 194 51 Pièces
1278 1931 116 51 de
1316 1931 136 51 vers;

52 1972 303 53 Epigrammes;
294 1972 222 53 Chanson
456 1972 101 53 à
497 1972 202 53 boire;
638 1972 222 53 Enigme;
800 1972 222 53 Parodie
962 1972 283 53 burlesque;
1184 1972 243 53 Réponses
1346 1972 101 53 aux

57 2015 235 54 jésuites
233 2015 117 54 de
292 2015 235 54 Trévoux;
468 2015 274 54 Quatrains;
683 2015 176 54 etc.,
800 2015 156 54 etc.
898 2015 235 54 Fragment
1074 2015 156 54 d’un
1171 2015 235 54 prologue
1328 2015 117 54 d’o-

68 2061 264 54 péra....;
271 2061 223 54 Préface
433 2061 163 54 pour
535 2061 122 54 la
596 2061 203 54 Satire
738 2061 163 54 XII;
840 2061 183 54 Notes
961 2061 163 54 pour
1063 2061 366 54 l’intelligence
1347 2061 102 54 des

60 2106 187 49 œuvres
191 2106 224 49 diverses
359 2106 112 49 de
415 2106 261 49 Despréaux,
621 2106 131 49 sur
695 2106 112 49 la
751 2106 205 49 préface
901 2106 112 49 de
957 2106 243 49 l’édition
1144 2106 149 49 in-4
1237 2106 112 49 de
1274 2106 131 49 1701.

27 2141 242 56 TROISIEME
214 2141 205 56 PARTIE,
363 2141 112 56 ou
419 2141 392 56 Appendice
755 2141 93 56 —
792 2141 224 56 Mémoires
960 2141 112 56 de
1016 2141 261 56 Brossette,
1221 2141 131 56 sur
1277 2141 168 56 Boilean

65 2185 272 48 Despréaux,
278 2185 214 48 d’après
434 2185 136 48 les
512 2185 253 48 fragments
706 2185 253 48 originaux
901 2185 253 48 conservés
1095 2185 97 48 à
1134 2185 117 48 la
1173 2185 272 48 Bibliothèque

61 2230 282 56 lmpériale.
282 2230 101 56 —
323 2230 222 56 Lettres
484 2230 121 56 de
544 2230 121 56 M.
605 2230 121 56 A.
665 2230 262 56 Péricaud,
867 2230 121 56 et
927 2230 343 56 dissertation,
1209 2230 121 56 au
1270 2230 181 56 sujet
1370 2230 81 56 de

64 2274 274 48 Brossette.
280 2274 98 48 —
319 2274 176 48 Table
436 2274 274 48 analytique
651 2274 137 48 des
729 2274 176 48 noms,
847 2274 137 48 des
925 2274 196 48 lieux,
1062 2274 176 48 etc.,
1179 2274 176 48 cités
1297 2274 156 48 dans
1375 2274 78 48 la

57 2310 353 58 correspondance
351 2310 176 58 entre
469 2310 216 58 Boileau
626 2310 255 58 Despréaux
822 2310 118 58 et
861 2310 235 58 Brossette.

186 2356 166 62 Prix,
296 2356 185 62 papier
426 2356 166 62 carré
518 2356 148 62 vélin.

1284 2346 116 74 10
1322 2346 97 74 fr.

631 2354 254 84 666
812 2354 182 84 6
994 2354 182 84 6
1066 2354 182 84 6
1139 2354 182 84 6

1288 2405 111 60 15
1325 2405 93 60 fr.

288 2422 199 40 papier
427 2422 179 40 grand
546 2422 199 40 raisin
685 2422 218 40 vélin..
844 2422 99 40 .
884 2422 99 40 .
923 2422 99 40 .
963 2422 99 40 .
1003 2422 99 40 .
1042 2422 99 40 .
1082 2422 99 40 .
1122 2422 99 40 .
1162 2422 99 40 .
1181 2422 60 40 .

100 2446 177 55 —

285 2447 189 65 papier
418 2447 170 65 grand
531 2447 189 65 raisin
645 2447 151 65 vergé.

1281 2448 117 71 15
1320 2448 98 71 fr.

773 2455 124 60 6
823 2455 124 60 6
872 2455 148 60 66
946 2455 124 60 6
996 2455 124 60 6
1045 2455 124 60 6
1095 2455 124 60 6
1144 2455 124 60 6
1169 2455 74 60 0

185 2494 118 51 Il
244 2494 99 51 a
284 2494 138 51 été
363 2494 158 51 tiré
462 2494 276 51 vingt-cinq
679 2494 296 51 exemplaires
915 2494 138 51 sur
994 2494 197 51 papier
1113 2494 138 51 grand

66 2546 183 64 raisin
194 2546 165 64 fort,
304 2546 183 64 vergé,
432 2546 256 64 numérotés,
633 2546 146 64 avec
724 2546 165 64 titre
834 2546 201 64 imprimé
981 2546 146 64 noir
1072 2546 110 64 et
1109 2546 146 64 rouge,

1286 2575 116 63 30
1324 2575 97 63 fr.

48 2596 163 35 et
129 2596 272 35 collés
320 2596 245 35 après
483 2596 490 35 l’impression..
891 2596 136 35 .
946 2596 136 35 .
1000 2596 136 35 .
1136 2596 136 35 .
1163 2596 82 35 .

14 2629 242 72 L’épitaphe
204 2629 104 72 de
256 2629 173 72 Racine
377 2629 121 72 par
446 2629 190 72 Boileau
585 2629 242 72 Despréaux,
775 2629 225 72 conservée
948 2629 138 72 dans
1035 2629 208 72 l’Eglise
1173 2629 277 72 Saint-

55 2675 204 58 du-Mont,
208 2675 102 58 et
259 2675 238 58 reproduite
445 2675 136 58 dans
530 2675 102 58 ce
581 2675 187 58 volume,
717 2675 85 58 a
751 2675 119 58 été
819 2675 153 58 tirée
921 2675 85 58 à
955 2675 153 58 part,
1057 2675 136 58 pour
1141 2675 119 58 les
1209 2675 153 58 trois
1294 2675 153 58 papiers

55 2707 155 68 grand
158 2707 190 68 raisin,
279 2707 207 68 seulement.

222 2797 171 70 Paris.
342 2797 86 70 —
376 2797 257 70 Trpographie
581 2797 103 70 de
632 2797 188 70 Gaittet
769 2797 103 70 et
820 2797 137 70 Cie,
906 2797 120 70 rue
974 2797 274 70 Git-le-Cœur,
1180 2797 68 70 7.
