1196 2171
578 0 70 57 —
606 0 84 57 12
634 0 42 57 —

162 63 138 50 vement
259 63 193 50 recommandé
410 63 96 50 par
465 63 83 50 le
507 63 151 50 général
617 63 289 50 Rossignol
865 63 96 50 qui
920 63 124 50 «vous
1002 63 138 50 promet
1085 63 55 50 de

167 97 115 49 vous
239 97 216 49 débarrasser
412 97 115 49 sous
484 97 87 49 un
527 97 115 49 mois
599 97 87 49 au
643 97 115 49 plus
715 97 115 49 tard
787 97 87 49 de
830 97 87 49 la
859 97 173 49 Vendée...»

170 135 130 43 21366
256 135 144 43 MONCEY
357 135 101 43 (B.
415 135 115 43 Adr.
487 135 159 43 JANNOT,
602 135 130 43 dit),
689 135 101 43 duc
747 135 87 43 de
790 135 216 43 Conegliano,
963 135 173 43 maréchal
1078 135 58 43 de

164 168 127 44 France.
257 168 104 44 L.
326 168 69 44 a.
361 168 115 44 s.
442 168 69 44 au
476 168 127 44 colonel
569 168 127 44 Buquet;
661 168 150 44 Boulogne,
776 168 58 44 6
799 168 150 44 fructidor
915 168 69 44 an
950 168 92 44 XII,
1007 168 58 44 1
1019 168 46 44 p.

168 206 99 46 in-4,
234 206 88 46 tête
289 206 99 46 impr.
355 206 55 46 3
366 206 33 46 »

169 242 87 38 Il
212 242 101 38 lui
270 242 159 38 annonce
385 242 101 38 que
443 242 202 38 l’Empereur
602 242 87 38 va
646 242 188 38 parcourir
790 242 101 38 les
848 242 130 38 camps
935 242 87 38 ou
978 242 87 38 le
1021 242 116 38 port
1079 242 58 38 de

163 274 179 43 Boulogne,
301 274 83 43 et
342 274 83 43 le
383 274 110 43 prie
452 274 83 43 de
493 274 151 43 diriger
603 274 96 43 sur
658 274 83 43 ce
700 274 124 43 point
782 274 165 43 quelques
892 274 165 43 gendarmes.

164 309 122 44 21367
246 309 163 44 MONTAGNE
368 309 95 44 (J.
422 309 95 44 Fr.
477 309 136 44 Cam.),
572 309 136 44 savant
667 309 190 44 chirurgien
816 309 81 44 et
857 309 190 44 botaniste,
1006 309 136 44 membre
1088 309 54 44 de

173 343 181 39 l’Institut.
318 343 109 39 L.
390 343 72 39 a.
426 343 121 39 s.
511 343 109 39 Paris
583 343 109 39 1863,
656 343 60 39 1
680 343 72 39 p.
716 343 84 39 1/2
764 343 109 39 in-8.
837 343 109 39 Jolie
909 343 133 39 lettre.
1006 343 60 39 2
1018 343 48 39 75

177 384 107 43 21368
249 384 143 43 MONTESSU
356 384 167 43 (Pauline),
487 384 131 43 célèbre
582 384 143 43 danseuse
689 384 71 43 de
725 384 143 43 l’Opéra.
832 384 107 43 L.
904 384 131 43 a.
999 384 71 43 s.
1035 384 60 43 à
1059 384 71 43 M.
1082 384 60 43 La-

173 420 108 41 forest,
252 420 49 41 1
272 420 59 41 p.
301 420 69 41 1/2
341 420 89 41 in-8.
400 420 158 41 Rare
528 420 49 41 7
537 420 30 41 »

195 456 201 38 Très-jolie
353 456 144 38 lettre
454 456 86 38 où
497 456 115 38 elle
569 456 86 38 le
612 456 115 38 prie
684 456 86 38 de
727 456 158 38 vouloir
842 456 115 38 bien
914 456 144 38 mettre
1015 456 115 38 dans
1072 456 72 38 son

171 493 152 43 journal
282 493 83 43 un
323 493 152 43 article
434 493 97 43 sur
489 493 124 43 elle,
572 493 83 43 vu
613 493 124 43 qu’on
696 493 69 43 a
724 493 138 43 commis
820 493 138 43 envers
917 493 110 43 elle
986 493 97 43 une
1028 493 110 43 injus-

163 530 110 34 tice
232 530 83 34 en
273 530 83 34 ne
315 530 83 34 la
356 530 151 34 faisant
466 530 96 34 pas
521 530 138 34 danser
618 530 110 34 dans
686 530 83 34 le
728 530 138 34 ballet
810 530 138 34 nouveau.

174 560 130 44 21369
260 560 144 44 MORARD
361 560 87 44 DE
404 560 130 44 GALLE
491 560 159 44 (Justin
606 560 130 44 Bon),
693 560 231 44 vice-amiral,
880 560 87 44 un
924 560 101 44 des
981 560 144 44 marins
1068 560 72 44 les

172 596 103 34 plus
237 596 181 34 distingués
379 596 78 34 de
418 596 78 34 la
457 596 194 34 République.
612 596 116 34 L.
689 596 78 34 a.
728 596 129 34 s.
819 596 65 34 à
845 596 181 34 Dalbarade;
987 596 116 34 Brest
1064 596 78 34 an
1090 596 52 34 V,

169 626 49 50 2
189 626 59 50 p.
218 626 107 50 in-fol.
296 626 49 50 3
306 626 29 50 »

199 658 169 44 Relative
326 658 71 44 à
354 658 85 44 la
397 658 155 44 demande
510 658 99 44 que
566 658 113 44 fait
637 658 85 44 le
679 658 155 44 général
792 658 127 44 Hoche
877 658 85 44 de
919 658 127 44 trois
990 658 155 44 bâtiments

171 691 110 48 pour
240 691 96 48 une
295 691 206 48 destination
445 691 206 48 particulière.

176 727 98 41 21370
241 727 130 41 MORELLET
339 727 141 41 (l’abbé),
448 727 130 41 écrivain
545 727 65 41 et
578 727 163 41 philosophe,
708 727 65 41 de
741 727 119 41 l’Acad.
828 727 76 41 fr.
871 727 98 41 L.
937 727 65 41 a.
958 727 98 41 s.

173 763 74 45 30
210 763 160 45 pluviôse,
332 763 61 45 1
357 763 74 45 p.
394 763 86 45 1/2
443 763 111 45 in-8.
517 763 172 45 Très-jolie
652 763 135 45 lettre.
750 763 61 45 3
762 763 37 45 »

171 790 123 50 21371
254 790 137 50 MORGAN
350 790 151 50 (Sidney
459 790 165 50 OWENSON,
583 790 137 50 lady),
679 790 82 50 la
720 790 151 50 célèbre
830 790 192 50 romancière
967 790 178 50 irlandaise.

300 839 69 44 L.
346 839 46 44 a.
369 839 76 44 s.
422 839 38 44 3
437 839 46 44 p.
460 839 53 44 pl.
491 839 76 44 in-18.
544 839 69 44 Jolie
590 839 84 44 lettre.
651 839 38 44 5
658 839 23 44 »

313 868 103 48 21372
381 868 115 48 MOULIN
461 868 92 48 (Fr.
519 868 115 48 Aug.),
599 868 126 48 général
690 868 69 48 en
725 868 92 48 chef
782 868 69 48 de
816 868 126 48 l’armée
908 868 80 48 des
954 868 103 48 côtes
1022 868 69 48 de
1045 868 92 48 Brest,

289 907 110 44 membre
366 907 66 44 du
399 907 165 44 Directoire.
532 907 99 44 L.
598 907 66 44 a.
631 907 110 44 s.
708 907 66 44 au
741 907 121 44 général
829 907 121 44 Chabot;
917 907 221 44 quartier-général
1094 907 44 44 de

300 941 141 47 Rennes,
403 941 77 47 21
442 941 141 47 floréal
544 941 77 47 an
583 941 90 47 II,
634 941 64 47 1
660 941 77 47 p.
699 941 90 47 1/2
750 941 116 47 in-4,
827 941 103 47 tête
892 941 116 47 impr.
969 941 77 47 et
1007 941 103 47 vig.
1072 941 64 47 2
1085 941 51 47 50

301 973 97 52 21373
366 973 97 52 MURAT
430 973 150 52 (Joachim),
548 973 75 52 roi
591 973 64 52 de
623 973 118 52 Naples.
709 973 97 52 Pièce
774 973 86 52 sig.
828 973 204 52 Joachim;
989 973 150 52 Frakenstein.

281 1013 40 49 9
297 1013 71 49 avril
345 1013 71 49 1807,
392 1013 40 49 1
408 1013 48 49 p.
432 1013 71 49 in-4.
479 1013 40 49 3
487 1013 24 49 »

174 1039 122 54 21374
256 1039 163 54 NAPOLÉON
378 1039 109 54 Ier,
446 1039 163 54 empereur
568 1039 95 54 des
622 1039 176 54 Français.
758 1039 176 54 Apostille
894 1039 81 54 de
934 1039 68 54 4
962 1039 136 54 lignes
1043 1039 95 54 aut.,

170 1080 99 42 sig.
231 1080 173 42 N.
367 1080 86 42 sur
416 1080 86 42 une
466 1080 123 42 lettre
552 1080 74 42 du
589 1080 111 42 baron
663 1080 74 42 de
700 1080 74 42 La
737 1080 185 42 Bouillerie;
885 1080 123 42 Paris,
971 1080 74 42 31
1008 1080 99 42 déc.
1058 1080 86 42 1813,

209 1117 35 47 1
223 1117 42 47 p.
244 1117 76 47 in-fol.
299 1117 42 47 20
313 1117 21 47 »

204 1144 117 54 Pièce
282 1144 156 54 relative
399 1144 91 54 aux
451 1144 169 54 héritiers
581 1144 78 54 du
619 1144 91 54 duc
671 1144 156 54 d’Istrie
788 1144 104 54 (tué
853 1144 65 54 à
866 1144 143 54 Liitzen).

169 1181 117 55 21375
247 1181 168 55 NICCOLINI
376 1181 91 55 (J.
428 1181 104 55 B.),
493 1181 143 55 célèbre
597 1181 117 55 poëte
674 1181 78 55 et
713 1181 130 55 auteur
804 1181 181 55 dramatique
947 1181 156 55 italien.
1050 1181 91 55 Pièce

170 1228 69 45 de
204 1228 92 45 vers
261 1228 92 45 aut.
318 1228 103 45 sig.,
387 1228 57 45 1
410 1228 69 45 p.
445 1228 126 45 in-fol.
536 1228 57 45 3
548 1228 34 45 »

205 1242 138 72 C’est
296 1242 92 72 le
342 1242 245 72 commencement
541 1242 92 72 de
587 1242 92 72 la
633 1242 183 72 première
770 1242 138 72 scène
862 1242 92 72 de
908 1242 92 72 sa
954 1242 183 72 tragédie
1076 1242 61 72 de

177 1292 157 56 Lodovico
291 1292 136 56 Sforza

188 1312 116 72 21376
265 1312 154 72 NOAILLES
381 1312 90 72 (le
432 1312 90 72 duc
483 1312 103 72 de),
548 1312 167 72 historien
676 1312 77 72 de
714 1312 90 72 Mme
766 1312 77 72 de
804 1312 180 72 Maintenon,
945 1312 77 72 de
984 1312 141 72 l’Acad.
1074 1312 64 72 fr.

175 1368 87 54 L.
233 1368 58 54 a.
262 1368 106 54 s.
339 1368 87 54 1865,
397 1368 48 54 1
416 1368 58 54 p.
445 1368 68 54 pl.
484 1368 87 54 in-8.
542 1368 48 54 2
551 1368 39 54 50

176 1403 120 48 21377
256 1403 147 48 ORLÉANS
362 1403 173 48 (Charles,
495 1403 93 48 duc
549 1403 107 48 d’),
615 1403 107 48 père
682 1403 80 48 de
722 1403 120 48 Louis
802 1403 107 48 XII,
869 1403 120 48 connu
948 1403 93 48 par
1002 1403 80 48 sa
1028 1403 107 48 longue

174 1437 149 45 captivité
288 1437 69 45 en
322 1437 172 45 Angleterre,
460 1437 69 45 un
494 1437 80 45 des
540 1437 149 45 meilleurs
654 1437 114 45 poëtes
734 1437 69 45 de
769 1437 80 45 son
815 1437 114 45 temps.
895 1437 103 45 P.
952 1437 103 45 s.

176 1468 85 47 sur
225 1468 122 47 vélin;
310 1468 146 47 Conches,
420 1468 61 47 9
444 1468 122 47 juill.
530 1468 110 47 1450,
603 1468 61 47 1
627 1468 73 47 p.
664 1468 134 47 in-fol.
761 1468 134 47 oblong.
859 1468 73 47 12
883 1468 37 47 »

204 1505 130 55 Ordre
290 1505 87 55 de
334 1505 130 55 payer
420 1505 72 55 à
449 1505 87 55 Me
492 1505 159 55 Étienne
608 1505 159 55 Legoult
723 1505 87 55 la
767 1505 130 55 somme
853 1505 87 55 de
897 1505 101 55 100
954 1505 144 55 livres
1041 1505 101 55 tour-

168 1539 114 50 nois
239 1539 114 50 pour
310 1539 85 50 un
352 1539 142 50 voyage
452 1539 128 50 qu’il
537 1539 114 50 fait
608 1539 227 50 présentement
793 1539 114 50 avec
864 1539 156 50 Antoine
978 1539 85 50 de
1006 1539 142 50 Coignat,

170 1575 165 38 «partant
294 1575 82 38 le
335 1575 96 38 IXe
390 1575 110 38 jour
459 1575 82 38 de
500 1575 151 38 juillet
610 1575 96 38 mil
665 1575 110 38 CCCC
734 1575 179 38 cinquante
871 1575 82 38 de
912 1575 82 38 la
954 1575 124 38 ville
1036 1575 82 38 de
1064 1575 82 38 Cha-

172 1611 94 50 lon
225 1611 94 50 sur
279 1611 81 50 la
320 1611 121 50 Saône
400 1611 108 50 pour
468 1611 108 50 aler
535 1611 81 50 en
575 1611 161 50 embaxade
696 1611 81 50 ou
737 1611 108 50 pays
804 1611 188 50 d’Almeigne
938 1611 108 50 (Alle-

170 1638 142 59 magne)
269 1638 142 59 devers
368 1638 85 59 le
411 1638 99 59 duc
454 1638 255 59 d’Austeriche...»

179 1659 111 59 21378
253 1659 136 59 ORLÉANS
351 1659 148 59 (Gaston,
462 1659 86 59 duc
512 1659 99 59 d’),
573 1659 111 59 frère
647 1659 74 59 de
684 1659 111 59 Louis
758 1659 111 59 XIII.
832 1659 111 59 L.
906 1659 136 59 s.
1005 1659 99 59 camp
1054 1659 99 59 devant

172 1714 189 54 Gravelines,
324 1714 76 54 16
361 1714 101 54 juin
424 1714 113 54 1644,
500 1714 63 54 1
525 1714 76 54 p.
563 1714 88 54 pl.
613 1714 113 54 in-4.
689 1714 63 54 3
701 1714 38 54 »

179 1727 115 72 21379
256 1727 141 72 ORLÉANS
358 1727 346 72 (Louis-Philippe-Joseph,
666 1727 90 72 duc
717 1727 102 72 d’),
781 1727 154 72 surnommé
896 1727 243 72 Égalité
1088 1727 64 72 dé-

174 1785 115 44 puté
245 1785 86 44 de
289 1785 129 44 Paris
375 1785 72 44 à
403 1785 86 44 la
446 1785 215 44 Convention,
619 1785 172 44 décapité
748 1785 86 44 en
791 1785 129 44 1793.
877 1785 144 44 Billet
978 1785 86 44 de
1021 1785 72 44 2
1035 1785 115 44 lignes

179 1827 102 41 aut.
243 1827 102 41 sig.
306 1827 114 41 L.
383 1827 76 41 P.
421 1827 191 41 Joseph;
574 1827 127 41 Paris,
663 1827 76 41 25
701 1827 127 41 juill.
790 1827 114 41 1792,
866 1827 64 41 1
892 1827 76 41 p.
930 1827 102 41 in-4
993 1827 140 41 oblong.
1095 1827 64 41 5
1108 1827 38 41 »

175 1860 126 41 21380
259 1860 126 41 PARIS
343 1860 112 41 (Fr.
413 1860 168 41 Edmond),
539 1860 252 41 contre-amiral,
748 1860 140 41 auteur
846 1860 84 41 de
888 1860 154 41 savants
986 1860 154 41 ouvrages,

174 1888 118 41 membre
257 1888 71 41 de
292 1888 176 41 l’Institut.
433 1888 106 41 L.
504 1888 118 41 a
586 1888 71 41 s.
621 1888 59 41 à
645 1888 82 41 son
692 1888 106 41 fils;
762 1888 118 41 Paris,
845 1888 71 41 20
880 1888 94 41 déc.
939 1888 106 41 1865,
1009 1888 59 41 1
1021 1888 47 41 p.

177 1924 76 51 in-4.
227 1924 42 51 3
236 1924 25 51 »

216 1931 178 73 Très-jolie
356 1931 140 73 lettre,
458 1931 76 73 où
496 1931 76 73 il
534 1931 76 73 le
572 1931 152 73 félicite
686 1931 76 73 de
724 1931 76 73 sa
762 1931 165 73 promotion
889 1931 76 73 au
927 1931 114 73 grade
991 1931 152 73 d’enseigne

173 1994 87 41 de
202 1994 160 41 vaisseau.

181 2004 113 64 21381
257 2004 189 64 PARMENTIER,
408 2004 138 64 célèbre
508 2004 189 64 pharmacien,
659 2004 189 64 propagateur
810 2004 75 64 de
848 2004 75 64 la
885 2004 113 64 pomme
961 2004 75 64 de
986 2004 88 64 terre

181 2062 66 40 en
214 2062 122 40 France.
303 2062 100 40 L.
369 2062 66 40 a.
403 2062 122 40 s.
491 2062 66 40 17
524 2062 100 40 janv.
591 2062 100 40 1781,
657 2062 55 40 1
680 2062 66 40 p.
713 2062 78 40 pl.
757 2062 100 40 in-4.
824 2062 55 40 3
835 2062 44 40 50

211 2092 144 47 Relative
319 2092 60 47 à
343 2092 84 47 son
391 2092 156 47 Traité
510 2092 84 47 des
558 2092 216 47 disettes,
738 2092 96 47 dont
798 2092 72 47 il
834 2092 144 47 s’occupe
941 2092 96 47 sans
989 2092 120 47 relâche.
