<?xml version='1.0' encoding='UTF8'?>
<alto xmlns:xsi="http://www.w3.org/2001/XMLSchema-instance" xmlns="http://www.loc.gov/standards/alto/ns-v2#" xmlns:page="http://schema.primaresearch.org/PAGE/gts/pagecontent/2013-07-15" xsi:schemaLocation="http://www.loc.gov/standards/alto/ns-v2# http://www.loc.gov/standards/alto/alto.xsd">
  <Description>
    <MeasurementUnit>mm10</MeasurementUnit>
    <sourceImageInformation>
         <fileName>1865_06_LAC_N140_0008.jpg</fileName>
      </sourceImageInformation>
    <OCRProcessing ID="IdOcr">
      <ocrProcessingStep>
        <processingDateTime>2020-11-06T13:45:59.025+01:00</processingDateTime>
        <processingSoftware>
               <softwareCreator>CONTRIBUTORS</softwareCreator>
               <softwareName>pdfalto</softwareName>
               <softwareVersion>0.1</softwareVersion>
            </processingSoftware>
      </ocrProcessingStep>
    </OCRProcessing>
  </Description>
  <Styles>
     <TextStyle ID="FONT0" FONTSTYLE=""/>
     <TextStyle ID="FONT1" FONTSTYLE="bold"/>
     <TextStyle ID="FONT2" FONTSTYLE="italics"/>
</Styles>
  <Tags/>
  <Layout>
    <Page ID="Page1" PHYSICAL_IMG_NR="1" HEIGHT="2208" WIDTH="1179">
      <PrintSpace HEIGHT="2208" WIDTH="1179" VPOS="0" HPOS="0">
        <TextBlock ID="r1" HEIGHT="2186" WIDTH="1064" VPOS="9" HPOS="34">
          <TextLine ID="r1l1" BASELINE="44" HEIGHT="45" WIDTH="144" VPOS="-1" HPOS="489">
            <String HEIGHT="45" WIDTH="144" VPOS="-1" HPOS="460" CONTENT="—" ID="r1l1_1" STYLEREFS="FONT0"/>
            <SP HEIGHT="45" WIDTH="29" VPOS="-1" HPOS="604"/>
            <String HEIGHT="45" WIDTH="144" VPOS="-1" HPOS="518" CONTENT="8" ID="r1l1_2" STYLEREFS="FONT0"/>
            <SP HEIGHT="45" WIDTH="29" VPOS="-1" HPOS="662"/>
            <String HEIGHT="45" WIDTH="86" VPOS="-1" HPOS="547" CONTENT="—" ID="r1l1_3" STYLEREFS="FONT0"/>
          </TextLine>
          <TextLine ID="r1l3" BASELINE="104" HEIGHT="58" WIDTH="1069" VPOS="46" HPOS="27">
            <String HEIGHT="58" WIDTH="122" VPOS="46" HPOS="13" CONTENT="19468" ID="r1l3_1" STYLEREFS="FONT0"/>
            <SP HEIGHT="58" WIDTH="14" VPOS="46" HPOS="135"/>
            <String HEIGHT="58" WIDTH="230" VPOS="46" HPOS="95" CONTENT="SAINT-LAMBERT" ID="r1l3_2" STYLEREFS="FONT0"/>
            <SP HEIGHT="58" WIDTH="14" VPOS="46" HPOS="325"/>
            <String HEIGHT="58" WIDTH="95" VPOS="46" HPOS="284" CONTENT="(J." ID="r1l3_3" STYLEREFS="FONT0"/>
            <SP HEIGHT="58" WIDTH="14" VPOS="46" HPOS="379"/>
            <String HEIGHT="58" WIDTH="95" VPOS="46" HPOS="338" CONTENT="Fr." ID="r1l3_4" STYLEREFS="FONT0"/>
            <SP HEIGHT="58" WIDTH="14" VPOS="46" HPOS="433"/>
            <String HEIGHT="58" WIDTH="108" VPOS="46" HPOS="392" CONTENT="de)," ID="r1l3_5" STYLEREFS="FONT0"/>
            <SP HEIGHT="58" WIDTH="14" VPOS="46" HPOS="501"/>
            <String HEIGHT="58" WIDTH="122" VPOS="46" HPOS="460" CONTENT="poëte" ID="r1l3_6" STYLEREFS="FONT0"/>
            <SP HEIGHT="58" WIDTH="14" VPOS="46" HPOS="582"/>
            <String HEIGHT="58" WIDTH="81" VPOS="46" HPOS="541" CONTENT="et" ID="r1l3_7" STYLEREFS="FONT0"/>
            <SP HEIGHT="58" WIDTH="14" VPOS="46" HPOS="622"/>
            <String HEIGHT="58" WIDTH="203" VPOS="46" HPOS="582" CONTENT="philosophe," ID="r1l3_8" STYLEREFS="FONT0"/>
            <SP HEIGHT="58" WIDTH="14" VPOS="46" HPOS="785"/>
            <String HEIGHT="58" WIDTH="81" VPOS="46" HPOS="744" CONTENT="de" ID="r1l3_9" STYLEREFS="FONT0"/>
            <SP HEIGHT="58" WIDTH="14" VPOS="46" HPOS="825"/>
            <String HEIGHT="58" WIDTH="149" VPOS="46" HPOS="785" CONTENT="l’Acad." ID="r1l3_10" STYLEREFS="FONT0"/>
            <SP HEIGHT="58" WIDTH="14" VPOS="46" HPOS="934"/>
            <String HEIGHT="58" WIDTH="95" VPOS="46" HPOS="893" CONTENT="fr." ID="r1l3_11" STYLEREFS="FONT0"/>
            <SP HEIGHT="58" WIDTH="14" VPOS="46" HPOS="988"/>
            <String HEIGHT="58" WIDTH="162" VPOS="46" HPOS="934" CONTENT="L." ID="r1l3_12" STYLEREFS="FONT2"/>
          </TextLine>
          <TextLine ID="r1l6" BASELINE="138" HEIGHT="42" WIDTH="966" VPOS="96" HPOS="133">
            <String HEIGHT="42" WIDTH="134" VPOS="96" HPOS="118" CONTENT="a." ID="r1l6_1" STYLEREFS="FONT2"/>
            <SP HEIGHT="42" WIDTH="15" VPOS="96" HPOS="252"/>
            <String HEIGHT="42" WIDTH="149" VPOS="96" HPOS="207" CONTENT="s." ID="r1l6_2" STYLEREFS="FONT2"/>
            <SP HEIGHT="42" WIDTH="15" VPOS="96" HPOS="356"/>
            <String HEIGHT="42" WIDTH="89" VPOS="96" HPOS="311" CONTENT="au" ID="r1l6_3" STYLEREFS="FONT0"/>
            <SP HEIGHT="42" WIDTH="15" VPOS="96" HPOS="401"/>
            <String HEIGHT="42" WIDTH="119" VPOS="96" HPOS="356" CONTENT="cit." ID="r1l6_4" STYLEREFS="FONT0"/>
            <SP HEIGHT="42" WIDTH="15" VPOS="96" HPOS="475"/>
            <String HEIGHT="42" WIDTH="163" VPOS="96" HPOS="430" CONTENT="Agasse;" ID="r1l6_5" STYLEREFS="FONT0"/>
            <SP HEIGHT="42" WIDTH="15" VPOS="96" HPOS="594"/>
            <String HEIGHT="42" WIDTH="89" VPOS="96" HPOS="549" CONTENT="(5" ID="r1l6_6" STYLEREFS="FONT0"/>
            <SP HEIGHT="42" WIDTH="15" VPOS="96" HPOS="638"/>
            <String HEIGHT="42" WIDTH="178" VPOS="96" HPOS="594" CONTENT="brumaire" ID="r1l6_7" STYLEREFS="FONT0"/>
            <SP HEIGHT="42" WIDTH="15" VPOS="96" HPOS="772"/>
            <String HEIGHT="42" WIDTH="89" VPOS="96" HPOS="727" CONTENT="an" ID="r1l6_8" STYLEREFS="FONT0"/>
            <SP HEIGHT="42" WIDTH="15" VPOS="96" HPOS="817"/>
            <String HEIGHT="42" WIDTH="119" VPOS="96" HPOS="772" CONTENT="IX)," ID="r1l6_9" STYLEREFS="FONT0"/>
            <SP HEIGHT="42" WIDTH="15" VPOS="96" HPOS="891"/>
            <String HEIGHT="42" WIDTH="104" VPOS="96" HPOS="846" CONTENT="1/2" ID="r1l6_10" STYLEREFS="FONT0"/>
            <SP HEIGHT="42" WIDTH="15" VPOS="96" HPOS="950"/>
            <String HEIGHT="42" WIDTH="89" VPOS="96" HPOS="906" CONTENT="p." ID="r1l6_11" STYLEREFS="FONT0"/>
            <SP HEIGHT="42" WIDTH="15" VPOS="96" HPOS="995"/>
            <String HEIGHT="42" WIDTH="134" VPOS="96" HPOS="950" CONTENT="in-8." ID="r1l6_12" STYLEREFS="FONT0"/>
            <SP HEIGHT="42" WIDTH="15" VPOS="96" HPOS="1084"/>
            <String HEIGHT="42" WIDTH="74" VPOS="96" HPOS="1040" CONTENT="4" ID="r1l6_13" STYLEREFS="FONT0"/>
            <SP HEIGHT="42" WIDTH="15" VPOS="96" HPOS="1114"/>
            <String HEIGHT="42" WIDTH="45" VPOS="96" HPOS="1054" CONTENT="»" ID="r1l6_14" STYLEREFS="FONT0"/>
          </TextLine>
          <TextLine ID="r1l10" BASELINE="182" HEIGHT="51" WIDTH="1063" VPOS="131" HPOS="32">
            <String HEIGHT="51" WIDTH="139" VPOS="131" HPOS="17" CONTENT="19469" ID="r1l10_1" STYLEREFS="FONT0"/>
            <SP HEIGHT="51" WIDTH="15" VPOS="131" HPOS="155"/>
            <String HEIGHT="51" WIDTH="185" VPOS="131" HPOS="109" CONTENT="SAINTINE" ID="r1l10_2" STYLEREFS="FONT0"/>
            <SP HEIGHT="51" WIDTH="15" VPOS="131" HPOS="294"/>
            <String HEIGHT="51" WIDTH="339" VPOS="131" HPOS="248" CONTENT="(Xavier-BONIFACE)," ID="r1l10_3" STYLEREFS="FONT0"/>
            <SP HEIGHT="51" WIDTH="15" VPOS="131" HPOS="587"/>
            <String HEIGHT="51" WIDTH="169" VPOS="131" HPOS="540" CONTENT="célèbre" ID="r1l10_4" STYLEREFS="FONT0"/>
            <SP HEIGHT="51" WIDTH="15" VPOS="131" HPOS="710"/>
            <String HEIGHT="51" WIDTH="139" VPOS="131" HPOS="664" CONTENT="poëte" ID="r1l10_5" STYLEREFS="FONT0"/>
            <SP HEIGHT="51" WIDTH="15" VPOS="131" HPOS="802"/>
            <String HEIGHT="51" WIDTH="92" VPOS="131" HPOS="756" CONTENT="et" ID="r1l10_6" STYLEREFS="FONT0"/>
            <SP HEIGHT="51" WIDTH="15" VPOS="131" HPOS="849"/>
            <String HEIGHT="51" WIDTH="154" VPOS="131" HPOS="802" CONTENT="auteur" ID="r1l10_7" STYLEREFS="FONT0"/>
            <SP HEIGHT="51" WIDTH="15" VPOS="131" HPOS="956"/>
            <String HEIGHT="51" WIDTH="200" VPOS="131" HPOS="895" CONTENT="dramatique;" ID="r1l10_8" STYLEREFS="FONT0"/>
          </TextLine>
          <TextLine ID="r1l11" BASELINE="206" HEIGHT="39" WIDTH="968" VPOS="167" HPOS="125">
            <String HEIGHT="39" WIDTH="159" VPOS="167" HPOS="112" CONTENT="l’auteur" ID="r1l11_1" STYLEREFS="FONT0"/>
            <SP HEIGHT="39" WIDTH="13" VPOS="167" HPOS="271"/>
            <String HEIGHT="39" WIDTH="80" VPOS="167" HPOS="231" CONTENT="de" ID="r1l11_2" STYLEREFS="FONT0"/>
            <SP HEIGHT="39" WIDTH="13" VPOS="167" HPOS="311"/>
            <String HEIGHT="39" WIDTH="212" VPOS="167" HPOS="271" CONTENT="Picciola." ID="r1l11_3" STYLEREFS="FONT2"/>
            <SP HEIGHT="39" WIDTH="13" VPOS="167" HPOS="483"/>
            <String HEIGHT="39" WIDTH="80" VPOS="167" HPOS="443" CONTENT="L." ID="r1l11_4" STYLEREFS="FONT2"/>
            <SP HEIGHT="39" WIDTH="13" VPOS="167" HPOS="523"/>
            <String HEIGHT="39" WIDTH="80" VPOS="167" HPOS="483" CONTENT="a." ID="r1l11_5" STYLEREFS="FONT2"/>
            <SP HEIGHT="39" WIDTH="13" VPOS="167" HPOS="563"/>
            <String HEIGHT="39" WIDTH="133" VPOS="167" HPOS="523" CONTENT="s." ID="r1l11_6" STYLEREFS="FONT2"/>
            <SP HEIGHT="39" WIDTH="13" VPOS="167" HPOS="655"/>
            <String HEIGHT="39" WIDTH="66" VPOS="167" HPOS="616" CONTENT="à" ID="r1l11_7" STYLEREFS="FONT0"/>
            <SP HEIGHT="39" WIDTH="13" VPOS="167" HPOS="682"/>
            <String HEIGHT="39" WIDTH="80" VPOS="167" HPOS="642" CONTENT="M." ID="r1l11_8" STYLEREFS="FONT0"/>
            <SP HEIGHT="39" WIDTH="13" VPOS="167" HPOS="722"/>
            <String HEIGHT="39" WIDTH="159" VPOS="167" HPOS="682" CONTENT="Sauvage," ID="r1l11_9" STYLEREFS="FONT0"/>
            <SP HEIGHT="39" WIDTH="13" VPOS="167" HPOS="841"/>
            <String HEIGHT="39" WIDTH="172" VPOS="167" HPOS="801" CONTENT="directeur" ID="r1l11_10" STYLEREFS="FONT0"/>
            <SP HEIGHT="39" WIDTH="13" VPOS="167" HPOS="974"/>
            <String HEIGHT="39" WIDTH="80" VPOS="167" HPOS="934" CONTENT="de" ID="r1l11_11" STYLEREFS="FONT0"/>
            <SP HEIGHT="39" WIDTH="13" VPOS="167" HPOS="1013"/>
            <String HEIGHT="39" WIDTH="133" VPOS="167" HPOS="960" CONTENT="l’Odéon," ID="r1l11_12" STYLEREFS="FONT0"/>
          </TextLine>
          <TextLine ID="r1l12" BASELINE="250" HEIGHT="53" WIDTH="973" VPOS="197" HPOS="131">
            <String HEIGHT="53" WIDTH="97" VPOS="197" HPOS="117" CONTENT="3/4" ID="r1l12_1" STYLEREFS="FONT0"/>
            <SP HEIGHT="53" WIDTH="14" VPOS="197" HPOS="214"/>
            <String HEIGHT="53" WIDTH="83" VPOS="197" HPOS="173" CONTENT="de" ID="r1l12_2" STYLEREFS="FONT0"/>
            <SP HEIGHT="53" WIDTH="14" VPOS="197" HPOS="256"/>
            <String HEIGHT="53" WIDTH="83" VPOS="197" HPOS="214" CONTENT="p." ID="r1l12_3" STYLEREFS="FONT0"/>
            <SP HEIGHT="53" WIDTH="14" VPOS="197" HPOS="298"/>
            <String HEIGHT="53" WIDTH="125" VPOS="197" HPOS="256" CONTENT="in-8." ID="r1l12_4" STYLEREFS="FONT0"/>
            <SP HEIGHT="53" WIDTH="14" VPOS="197" HPOS="381"/>
            <String HEIGHT="53" WIDTH="181" VPOS="197" HPOS="340" CONTENT="Charmante" ID="r1l12_5" STYLEREFS="FONT0"/>
            <SP HEIGHT="53" WIDTH="14" VPOS="197" HPOS="520"/>
            <String HEIGHT="53" WIDTH="83" VPOS="197" HPOS="479" CONTENT="et" ID="r1l12_6" STYLEREFS="FONT0"/>
            <SP HEIGHT="53" WIDTH="14" VPOS="197" HPOS="562"/>
            <String HEIGHT="53" WIDTH="209" VPOS="197" HPOS="520" CONTENT="spirituelle" ID="r1l12_7" STYLEREFS="FONT0"/>
            <SP HEIGHT="53" WIDTH="14" VPOS="197" HPOS="729"/>
            <String HEIGHT="53" WIDTH="153" VPOS="197" HPOS="687" CONTENT="lettre," ID="r1l12_8" STYLEREFS="FONT0"/>
            <SP HEIGHT="53" WIDTH="14" VPOS="197" HPOS="840"/>
            <String HEIGHT="53" WIDTH="167" VPOS="197" HPOS="798" CONTENT="relative" ID="r1l12_9" STYLEREFS="FONT0"/>
            <SP HEIGHT="53" WIDTH="14" VPOS="197" HPOS="965"/>
            <String HEIGHT="53" WIDTH="70" VPOS="197" HPOS="923" CONTENT="à" ID="r1l12_10" STYLEREFS="FONT0"/>
            <SP HEIGHT="53" WIDTH="14" VPOS="197" HPOS="993"/>
            <String HEIGHT="53" WIDTH="125" VPOS="197" HPOS="951" CONTENT="Paër." ID="r1l12_11" STYLEREFS="FONT0"/>
            <SP HEIGHT="53" WIDTH="14" VPOS="197" HPOS="1076"/>
            <String HEIGHT="53" WIDTH="70" VPOS="197" HPOS="1035" CONTENT="1" ID="r1l12_12" STYLEREFS="FONT0"/>
            <SP HEIGHT="53" WIDTH="14" VPOS="197" HPOS="1104"/>
            <String HEIGHT="53" WIDTH="56" VPOS="197" HPOS="1048" CONTENT="75" ID="r1l12_13" STYLEREFS="FONT0"/>
          </TextLine>
          <TextLine ID="r1l14" BASELINE="285" HEIGHT="48" WIDTH="1066" VPOS="237" HPOS="32">
            <String HEIGHT="48" WIDTH="125" VPOS="237" HPOS="18" CONTENT="19470" ID="r1l14_1" STYLEREFS="FONT0"/>
            <SP HEIGHT="48" WIDTH="14" VPOS="237" HPOS="143"/>
            <String HEIGHT="48" WIDTH="222" VPOS="237" HPOS="101" CONTENT="SAN-MARTINO," ID="r1l14_2" STYLEREFS="FONT0"/>
            <SP HEIGHT="48" WIDTH="14" VPOS="237" HPOS="323"/>
            <String HEIGHT="48" WIDTH="125" VPOS="237" HPOS="281" CONTENT="brave" ID="r1l14_3" STYLEREFS="FONT0"/>
            <SP HEIGHT="48" WIDTH="14" VPOS="237" HPOS="406"/>
            <String HEIGHT="48" WIDTH="166" VPOS="237" HPOS="364" CONTENT="général," ID="r1l14_4" STYLEREFS="FONT0"/>
            <SP HEIGHT="48" WIDTH="14" VPOS="237" HPOS="530"/>
            <String HEIGHT="48" WIDTH="83" VPOS="237" HPOS="489" CONTENT="le" ID="r1l14_5" STYLEREFS="FONT0"/>
            <SP HEIGHT="48" WIDTH="14" VPOS="237" HPOS="572"/>
            <String HEIGHT="48" WIDTH="194" VPOS="237" HPOS="530" CONTENT="libérateur" ID="r1l14_6" STYLEREFS="FONT0"/>
            <SP HEIGHT="48" WIDTH="14" VPOS="237" HPOS="724"/>
            <String HEIGHT="48" WIDTH="83" VPOS="237" HPOS="683" CONTENT="du" ID="r1l14_7" STYLEREFS="FONT0"/>
            <SP HEIGHT="48" WIDTH="14" VPOS="237" HPOS="766"/>
            <String HEIGHT="48" WIDTH="138" VPOS="237" HPOS="724" CONTENT="Pérou." ID="r1l14_8" STYLEREFS="FONT0"/>
            <SP HEIGHT="48" WIDTH="14" VPOS="237" HPOS="863"/>
            <String HEIGHT="48" WIDTH="125" VPOS="237" HPOS="821" CONTENT="L." ID="r1l14_9" STYLEREFS="FONT2"/>
            <SP HEIGHT="48" WIDTH="14" VPOS="237" HPOS="946"/>
            <String HEIGHT="48" WIDTH="138" VPOS="237" HPOS="904" CONTENT="a" ID="r1l14_10" STYLEREFS="FONT2"/>
            <SP HEIGHT="48" WIDTH="14" VPOS="237" HPOS="1043"/>
            <String HEIGHT="48" WIDTH="97" VPOS="237" HPOS="1001" CONTENT="s.," ID="r1l14_11" STYLEREFS="FONT0"/>
            <SP HEIGHT="48" WIDTH="14" VPOS="237" HPOS="1098"/>
            <String HEIGHT="48" WIDTH="55" VPOS="237" HPOS="1043" CONTENT="en" ID="r1l14_12" STYLEREFS="FONT0"/>
          </TextLine>
          <TextLine ID="r1l15" BASELINE="308" HEIGHT="36" WIDTH="969" VPOS="272" HPOS="123">
            <String HEIGHT="36" WIDTH="188" VPOS="272" HPOS="109" CONTENT="français," ID="r1l15_1" STYLEREFS="FONT0"/>
            <SP HEIGHT="36" WIDTH="14" VPOS="272" HPOS="297"/>
            <String HEIGHT="36" WIDTH="72" VPOS="272" HPOS="253" CONTENT="à" ID="r1l15_2" STYLEREFS="FONT0"/>
            <SP HEIGHT="36" WIDTH="14" VPOS="272" HPOS="325"/>
            <String HEIGHT="36" WIDTH="101" VPOS="272" HPOS="282" CONTENT="Mme" ID="r1l15_3" STYLEREFS="FONT0"/>
            <SP HEIGHT="36" WIDTH="14" VPOS="272" HPOS="383"/>
            <String HEIGHT="36" WIDTH="87" VPOS="272" HPOS="340" CONTENT="de" ID="r1l15_4" STYLEREFS="FONT0"/>
            <SP HEIGHT="36" WIDTH="14" VPOS="272" HPOS="427"/>
            <String HEIGHT="36" WIDTH="202" VPOS="272" HPOS="383" CONTENT="Goyenèche;" ID="r1l15_5" STYLEREFS="FONT0"/>
            <SP HEIGHT="36" WIDTH="14" VPOS="272" HPOS="586"/>
            <String HEIGHT="36" WIDTH="145" VPOS="272" HPOS="542" CONTENT="Paris," ID="r1l15_6" STYLEREFS="FONT0"/>
            <SP HEIGHT="36" WIDTH="14" VPOS="272" HPOS="687"/>
            <String HEIGHT="36" WIDTH="87" VPOS="272" HPOS="644" CONTENT="29" ID="r1l15_7" STYLEREFS="FONT0"/>
            <SP HEIGHT="36" WIDTH="14" VPOS="272" HPOS="730"/>
            <String HEIGHT="36" WIDTH="116" VPOS="272" HPOS="687" CONTENT="déc." ID="r1l15_8" STYLEREFS="FONT0"/>
            <SP HEIGHT="36" WIDTH="14" VPOS="272" HPOS="803"/>
            <String HEIGHT="36" WIDTH="130" VPOS="272" HPOS="759" CONTENT="1835," ID="r1l15_9" STYLEREFS="FONT0"/>
            <SP HEIGHT="36" WIDTH="14" VPOS="272" HPOS="890"/>
            <String HEIGHT="36" WIDTH="72" VPOS="272" HPOS="846" CONTENT="1" ID="r1l15_10" STYLEREFS="FONT0"/>
            <SP HEIGHT="36" WIDTH="14" VPOS="272" HPOS="918"/>
            <String HEIGHT="36" WIDTH="87" VPOS="272" HPOS="875" CONTENT="p." ID="r1l15_11" STYLEREFS="FONT0"/>
            <SP HEIGHT="36" WIDTH="14" VPOS="272" HPOS="962"/>
            <String HEIGHT="36" WIDTH="130" VPOS="272" HPOS="918" CONTENT="in-4." ID="r1l15_12" STYLEREFS="FONT0"/>
            <SP HEIGHT="36" WIDTH="14" VPOS="272" HPOS="1049"/>
            <String HEIGHT="36" WIDTH="101" VPOS="272" HPOS="991" CONTENT="Char" SUBS_TYPE="HypPart1" SUBS_CONTENT="Charmante" ID="r1l15_13" STYLEREFS="FONT0"/>
            <HYP CONTENT="-"/>
          </TextLine>
          <TextLine ID="r1l17" BASELINE="349" HEIGHT="44" WIDTH="974" VPOS="305" HPOS="133">
            <String HEIGHT="44" WIDTH="487" VPOS="305" HPOS="79" CONTENT="mante" SUBS_TYPE="HypPart2" SUBS_CONTENT="Charmante" ID="r1l17_1" STYLEREFS="FONT0"/>
            <SP HEIGHT="44" WIDTH="54" VPOS="305" HPOS="566"/>
            <String HEIGHT="44" WIDTH="595" VPOS="305" HPOS="404" CONTENT="épître." ID="r1l17_2" STYLEREFS="FONT0"/>
            <SP HEIGHT="44" WIDTH="54" VPOS="305" HPOS="999"/>
            <String HEIGHT="44" WIDTH="271" VPOS="305" HPOS="836" CONTENT="2" ID="r1l17_3" STYLEREFS="FONT0"/>
            <SP HEIGHT="44" WIDTH="54" VPOS="305" HPOS="1107"/>
            <String HEIGHT="44" WIDTH="216" VPOS="305" HPOS="891" CONTENT="50" ID="r1l17_4" STYLEREFS="FONT0"/>
          </TextLine>
          <TextLine ID="r1l22" BASELINE="391" HEIGHT="49" WIDTH="1065" VPOS="342" HPOS="30">
            <String HEIGHT="49" WIDTH="120" VPOS="342" HPOS="17" CONTENT="19471" ID="r1l22_1" STYLEREFS="FONT0"/>
            <SP HEIGHT="49" WIDTH="13" VPOS="342" HPOS="137"/>
            <String HEIGHT="49" WIDTH="133" VPOS="342" HPOS="97" CONTENT="SCARPA" ID="r1l22_2" STYLEREFS="FONT0"/>
            <SP HEIGHT="49" WIDTH="13" VPOS="342" HPOS="230"/>
            <String HEIGHT="49" WIDTH="146" VPOS="342" HPOS="190" CONTENT="(Ant.)," ID="r1l22_3" STYLEREFS="FONT0"/>
            <SP HEIGHT="49" WIDTH="13" VPOS="342" HPOS="336"/>
            <String HEIGHT="49" WIDTH="160" VPOS="342" HPOS="296" CONTENT="illustre" ID="r1l22_4" STYLEREFS="FONT0"/>
            <SP HEIGHT="49" WIDTH="13" VPOS="342" HPOS="456"/>
            <String HEIGHT="49" WIDTH="200" VPOS="342" HPOS="416" CONTENT="anatomiste." ID="r1l22_5" STYLEREFS="FONT0"/>
            <SP HEIGHT="49" WIDTH="13" VPOS="342" HPOS="616"/>
            <String HEIGHT="49" WIDTH="120" VPOS="342" HPOS="576" CONTENT="L." ID="r1l22_6" STYLEREFS="FONT2"/>
            <SP HEIGHT="49" WIDTH="13" VPOS="342" HPOS="696"/>
            <String HEIGHT="49" WIDTH="133" VPOS="342" HPOS="656" CONTENT="a" ID="r1l22_7" STYLEREFS="FONT2"/>
            <SP HEIGHT="49" WIDTH="13" VPOS="342" HPOS="789"/>
            <String HEIGHT="49" WIDTH="80" VPOS="342" HPOS="749" CONTENT="s," ID="r1l22_8" STYLEREFS="FONT0"/>
            <SP HEIGHT="49" WIDTH="13" VPOS="342" HPOS="829"/>
            <String HEIGHT="49" WIDTH="80" VPOS="342" HPOS="789" CONTENT="au" ID="r1l22_9" STYLEREFS="FONT0"/>
            <SP HEIGHT="49" WIDTH="13" VPOS="342" HPOS="869"/>
            <String HEIGHT="49" WIDTH="160" VPOS="342" HPOS="829" CONTENT="ministre" ID="r1l22_10" STYLEREFS="FONT0"/>
            <SP HEIGHT="49" WIDTH="13" VPOS="342" HPOS="989"/>
            <String HEIGHT="49" WIDTH="80" VPOS="342" HPOS="949" CONTENT="de" ID="r1l22_11" STYLEREFS="FONT0"/>
            <SP HEIGHT="49" WIDTH="13" VPOS="342" HPOS="1028"/>
            <String HEIGHT="49" WIDTH="120" VPOS="342" HPOS="975" CONTENT="l’inté" SUBS_TYPE="HypPart1" SUBS_CONTENT="l’intérieur;" ID="r1l22_12" STYLEREFS="FONT0"/>
            <HYP CONTENT="-"/>
          </TextLine>
          <TextLine ID="r1l23" BASELINE="413" HEIGHT="33" WIDTH="977" VPOS="380" HPOS="132">
            <String HEIGHT="33" WIDTH="188" VPOS="380" HPOS="113" CONTENT="rieur;" SUBS_TYPE="HypPart2" SUBS_CONTENT="l’intérieur;" ID="r1l23_1" STYLEREFS="FONT0"/>
            <SP HEIGHT="33" WIDTH="19" VPOS="380" HPOS="301"/>
            <String HEIGHT="33" WIDTH="113" VPOS="380" HPOS="245" CONTENT="25" ID="r1l23_2" STYLEREFS="FONT0"/>
            <SP HEIGHT="33" WIDTH="19" VPOS="380" HPOS="357"/>
            <String HEIGHT="33" WIDTH="169" VPOS="380" HPOS="301" CONTENT="frim." ID="r1l23_3" STYLEREFS="FONT0"/>
            <SP HEIGHT="33" WIDTH="19" VPOS="380" HPOS="470"/>
            <String HEIGHT="33" WIDTH="113" VPOS="380" HPOS="414" CONTENT="an" ID="r1l23_4" STYLEREFS="FONT0"/>
            <SP HEIGHT="33" WIDTH="19" VPOS="380" HPOS="527"/>
            <String HEIGHT="33" WIDTH="132" VPOS="380" HPOS="470" CONTENT="VI," ID="r1l23_5" STYLEREFS="FONT0"/>
            <SP HEIGHT="33" WIDTH="19" VPOS="380" HPOS="602"/>
            <String HEIGHT="33" WIDTH="94" VPOS="380" HPOS="545" CONTENT="1" ID="r1l23_6" STYLEREFS="FONT0"/>
            <SP HEIGHT="33" WIDTH="19" VPOS="380" HPOS="639"/>
            <String HEIGHT="33" WIDTH="113" VPOS="380" HPOS="583" CONTENT="p." ID="r1l23_7" STYLEREFS="FONT0"/>
            <SP HEIGHT="33" WIDTH="19" VPOS="380" HPOS="696"/>
            <String HEIGHT="33" WIDTH="207" VPOS="380" HPOS="639" CONTENT="in-fol." ID="r1l23_8" STYLEREFS="FONT0"/>
            <SP HEIGHT="33" WIDTH="19" VPOS="380" HPOS="846"/>
            <String HEIGHT="33" WIDTH="169" VPOS="380" HPOS="790" CONTENT="Belle" ID="r1l23_9" STYLEREFS="FONT0"/>
            <SP HEIGHT="33" WIDTH="19" VPOS="380" HPOS="959"/>
            <String HEIGHT="33" WIDTH="188" VPOS="380" HPOS="902" CONTENT="pièce." ID="r1l23_10" STYLEREFS="FONT0"/>
            <SP HEIGHT="33" WIDTH="19" VPOS="380" HPOS="1090"/>
            <String HEIGHT="33" WIDTH="94" VPOS="380" HPOS="1034" CONTENT="5" ID="r1l23_11" STYLEREFS="FONT0"/>
            <SP HEIGHT="33" WIDTH="19" VPOS="380" HPOS="1128"/>
            <String HEIGHT="33" WIDTH="56" VPOS="380" HPOS="1053" CONTENT="»" ID="r1l23_12" STYLEREFS="FONT0"/>
          </TextLine>
          <TextLine ID="r1l27" BASELINE="453" HEIGHT="42" WIDTH="1080" VPOS="411" HPOS="24">
            <String HEIGHT="42" WIDTH="126" VPOS="411" HPOS="10" CONTENT="19472" ID="r1l27_1" STYLEREFS="FONT0"/>
            <SP HEIGHT="42" WIDTH="14" VPOS="411" HPOS="136"/>
            <String HEIGHT="42" WIDTH="182" VPOS="411" HPOS="94" CONTENT="SCHNEIDER" ID="r1l27_2" STYLEREFS="FONT0"/>
            <SP HEIGHT="42" WIDTH="14" VPOS="411" HPOS="276"/>
            <String HEIGHT="42" WIDTH="182" VPOS="411" HPOS="234" CONTENT="(Eugène)," ID="r1l27_3" STYLEREFS="FONT0"/>
            <SP HEIGHT="42" WIDTH="14" VPOS="411" HPOS="417"/>
            <String HEIGHT="42" WIDTH="84" VPOS="411" HPOS="375" CONTENT="le" ID="r1l27_4" STYLEREFS="FONT0"/>
            <SP HEIGHT="42" WIDTH="14" VPOS="411" HPOS="459"/>
            <String HEIGHT="42" WIDTH="182" VPOS="411" HPOS="417" CONTENT="président" ID="r1l27_5" STYLEREFS="FONT0"/>
            <SP HEIGHT="42" WIDTH="14" VPOS="411" HPOS="599"/>
            <String HEIGHT="42" WIDTH="84" VPOS="411" HPOS="557" CONTENT="du" ID="r1l27_6" STYLEREFS="FONT0"/>
            <SP HEIGHT="42" WIDTH="14" VPOS="411" HPOS="641"/>
            <String HEIGHT="42" WIDTH="126" VPOS="411" HPOS="599" CONTENT="Corps" ID="r1l27_7" STYLEREFS="FONT0"/>
            <SP HEIGHT="42" WIDTH="14" VPOS="411" HPOS="725"/>
            <String HEIGHT="42" WIDTH="210" VPOS="411" HPOS="683" CONTENT="législatif." ID="r1l27_8" STYLEREFS="FONT0"/>
            <SP HEIGHT="42" WIDTH="14" VPOS="411" HPOS="894"/>
            <String HEIGHT="42" WIDTH="126" VPOS="411" HPOS="852" CONTENT="L." ID="r1l27_9" STYLEREFS="FONT2"/>
            <SP HEIGHT="42" WIDTH="14" VPOS="411" HPOS="978"/>
            <String HEIGHT="42" WIDTH="140" VPOS="411" HPOS="936" CONTENT="a" ID="r1l27_10" STYLEREFS="FONT2"/>
            <SP HEIGHT="42" WIDTH="14" VPOS="411" HPOS="1076"/>
            <String HEIGHT="42" WIDTH="84" VPOS="411" HPOS="1020" CONTENT="s..;" ID="r1l27_11" STYLEREFS="FONT0"/>
          </TextLine>
          <TextLine ID="r1l29" BASELINE="507" HEIGHT="58" WIDTH="983" VPOS="449" HPOS="125">
            <String HEIGHT="58" WIDTH="382" VPOS="449" HPOS="98" CONTENT="Plombières" ID="r1l29_1" STYLEREFS="FONT0"/>
            <SP HEIGHT="58" WIDTH="27" VPOS="449" HPOS="480"/>
            <String HEIGHT="58" WIDTH="246" VPOS="449" HPOS="398" CONTENT="1858," ID="r1l29_2" STYLEREFS="FONT0"/>
            <SP HEIGHT="58" WIDTH="27" VPOS="449" HPOS="644"/>
            <String HEIGHT="58" WIDTH="137" VPOS="449" HPOS="562" CONTENT="1" ID="r1l29_3" STYLEREFS="FONT0"/>
            <SP HEIGHT="58" WIDTH="27" VPOS="449" HPOS="698"/>
            <String HEIGHT="58" WIDTH="164" VPOS="449" HPOS="617" CONTENT="p." ID="r1l29_4" STYLEREFS="FONT0"/>
            <SP HEIGHT="58" WIDTH="27" VPOS="449" HPOS="780"/>
            <String HEIGHT="58" WIDTH="191" VPOS="449" HPOS="698" CONTENT="1/4" ID="r1l29_5" STYLEREFS="FONT0"/>
            <SP HEIGHT="58" WIDTH="27" VPOS="449" HPOS="890"/>
            <String HEIGHT="58" WIDTH="246" VPOS="449" HPOS="808" CONTENT="in-8." ID="r1l29_6" STYLEREFS="FONT0"/>
            <SP HEIGHT="58" WIDTH="27" VPOS="449" HPOS="1053"/>
            <String HEIGHT="58" WIDTH="137" VPOS="449" HPOS="971" CONTENT="1" ID="r1l29_7" STYLEREFS="FONT0"/>
            <SP HEIGHT="58" WIDTH="27" VPOS="449" HPOS="1108"/>
            <String HEIGHT="58" WIDTH="109" VPOS="449" HPOS="999" CONTENT="75" ID="r1l29_8" STYLEREFS="FONT0"/>
          </TextLine>
          <TextLine ID="r1l33" BASELINE="531" HEIGHT="69" WIDTH="1061" VPOS="462" HPOS="35">
            <String HEIGHT="69" WIDTH="134" VPOS="462" HPOS="20" CONTENT="19473" ID="r1l33_1" STYLEREFS="FONT0"/>
            <SP HEIGHT="69" WIDTH="15" VPOS="462" HPOS="155"/>
            <String HEIGHT="69" WIDTH="149" VPOS="462" HPOS="110" CONTENT="SFORCE" ID="r1l33_2" STYLEREFS="FONT0"/>
            <SP HEIGHT="69" WIDTH="15" VPOS="462" HPOS="259"/>
            <String HEIGHT="69" WIDTH="179" VPOS="462" HPOS="214" CONTENT="(Bonne)," ID="r1l33_3" STYLEREFS="FONT0"/>
            <SP HEIGHT="69" WIDTH="15" VPOS="462" HPOS="394"/>
            <String HEIGHT="69" WIDTH="134" VPOS="462" HPOS="349" CONTENT="fille" ID="r1l33_4" STYLEREFS="FONT0"/>
            <SP HEIGHT="69" WIDTH="15" VPOS="462" HPOS="483"/>
            <String HEIGHT="69" WIDTH="90" VPOS="462" HPOS="438" CONTENT="du" ID="r1l33_5" STYLEREFS="FONT0"/>
            <SP HEIGHT="69" WIDTH="15" VPOS="462" HPOS="528"/>
            <String HEIGHT="69" WIDTH="105" VPOS="462" HPOS="483" CONTENT="duc" ID="r1l33_6" STYLEREFS="FONT0"/>
            <SP HEIGHT="69" WIDTH="15" VPOS="462" HPOS="588"/>
            <String HEIGHT="69" WIDTH="239" VPOS="462" HPOS="543" CONTENT="Jean-Galéas," ID="r1l33_7" STYLEREFS="FONT0"/>
            <SP HEIGHT="69" WIDTH="15" VPOS="462" HPOS="782"/>
            <String HEIGHT="69" WIDTH="134" VPOS="462" HPOS="737" CONTENT="reine" ID="r1l33_8" STYLEREFS="FONT0"/>
            <SP HEIGHT="69" WIDTH="15" VPOS="462" HPOS="872"/>
            <String HEIGHT="69" WIDTH="90" VPOS="462" HPOS="827" CONTENT="de" ID="r1l33_9" STYLEREFS="FONT0"/>
            <SP HEIGHT="69" WIDTH="15" VPOS="462" HPOS="917"/>
            <String HEIGHT="69" WIDTH="179" VPOS="462" HPOS="872" CONTENT="Pologne," ID="r1l33_10" STYLEREFS="FONT0"/>
            <SP HEIGHT="69" WIDTH="15" VPOS="462" HPOS="1051"/>
            <String HEIGHT="69" WIDTH="105" VPOS="462" HPOS="991" CONTENT="femme" ID="r1l33_11" STYLEREFS="FONT0"/>
          </TextLine>
          <TextLine ID="r1l34" BASELINE="568" HEIGHT="47" WIDTH="965" VPOS="521" HPOS="128">
            <String HEIGHT="47" WIDTH="88" VPOS="521" HPOS="113" CONTENT="de" ID="r1l34_1" STYLEREFS="FONT0"/>
            <SP HEIGHT="47" WIDTH="15" VPOS="521" HPOS="201"/>
            <String HEIGHT="47" WIDTH="190" VPOS="521" HPOS="157" CONTENT="Sigismond" ID="r1l34_2" STYLEREFS="FONT0"/>
            <SP HEIGHT="47" WIDTH="15" VPOS="521" HPOS="347"/>
            <String HEIGHT="47" WIDTH="117" VPOS="521" HPOS="303" CONTENT="Ier." ID="r1l34_3" STYLEREFS="FONT0"/>
            <SP HEIGHT="47" WIDTH="15" VPOS="521" HPOS="420"/>
            <String HEIGHT="47" WIDTH="88" VPOS="521" HPOS="377" CONTENT="L." ID="r1l34_4" STYLEREFS="FONT0"/>
            <SP HEIGHT="47" WIDTH="15" VPOS="521" HPOS="464"/>
            <String HEIGHT="47" WIDTH="102" VPOS="521" HPOS="420" CONTENT="s.;" ID="r1l34_5" STYLEREFS="FONT0"/>
            <SP HEIGHT="47" WIDTH="15" VPOS="521" HPOS="523"/>
            <String HEIGHT="47" WIDTH="190" VPOS="521" HPOS="479" CONTENT="Varsovie," ID="r1l34_6" STYLEREFS="FONT0"/>
            <SP HEIGHT="47" WIDTH="15" VPOS="521" HPOS="669"/>
            <String HEIGHT="47" WIDTH="88" VPOS="521" HPOS="625" CONTENT="18" ID="r1l34_7" STYLEREFS="FONT0"/>
            <SP HEIGHT="47" WIDTH="15" VPOS="521" HPOS="713"/>
            <String HEIGHT="47" WIDTH="117" VPOS="521" HPOS="669" CONTENT="fév." ID="r1l34_8" STYLEREFS="FONT0"/>
            <SP HEIGHT="47" WIDTH="15" VPOS="521" HPOS="786"/>
            <String HEIGHT="47" WIDTH="132" VPOS="521" HPOS="742" CONTENT="1549," ID="r1l34_9" STYLEREFS="FONT0"/>
            <SP HEIGHT="47" WIDTH="15" VPOS="521" HPOS="874"/>
            <String HEIGHT="47" WIDTH="73" VPOS="521" HPOS="830" CONTENT="1" ID="r1l34_10" STYLEREFS="FONT0"/>
            <SP HEIGHT="47" WIDTH="15" VPOS="521" HPOS="903"/>
            <String HEIGHT="47" WIDTH="88" VPOS="521" HPOS="859" CONTENT="p." ID="r1l34_11" STYLEREFS="FONT0"/>
            <SP HEIGHT="47" WIDTH="15" VPOS="521" HPOS="947"/>
            <String HEIGHT="47" WIDTH="102" VPOS="521" HPOS="903" CONTENT="1/2" ID="r1l34_12" STYLEREFS="FONT0"/>
            <SP HEIGHT="47" WIDTH="15" VPOS="521" HPOS="1005"/>
            <String HEIGHT="47" WIDTH="146" VPOS="521" HPOS="947" CONTENT="in" ID="r1l34_13" STYLEREFS="FONT0"/>
          </TextLine>
          <TextLine ID="r1l35" BASELINE="612" HEIGHT="56" WIDTH="978" VPOS="556" HPOS="132">
            <String HEIGHT="56" WIDTH="978" VPOS="556" HPOS="43" CONTENT="cachet." ID="r1l35_1" STYLEREFS="FONT0"/>
            <SP HEIGHT="56" WIDTH="89" VPOS="556" HPOS="1021"/>
            <String HEIGHT="56" WIDTH="445" VPOS="556" HPOS="754" CONTENT="4" ID="r1l35_2" STYLEREFS="FONT0"/>
            <SP HEIGHT="56" WIDTH="89" VPOS="556" HPOS="1199"/>
            <String HEIGHT="56" WIDTH="267" VPOS="556" HPOS="843" CONTENT="»" ID="r1l35_3" STYLEREFS="FONT0"/>
          </TextLine>
          <TextLine ID="r1l39" BASELINE="638" HEIGHT="58" WIDTH="1070" VPOS="580" HPOS="29">
            <String HEIGHT="58" WIDTH="122" VPOS="580" HPOS="15" CONTENT="19474" ID="r1l39_1" STYLEREFS="FONT0"/>
            <SP HEIGHT="58" WIDTH="14" VPOS="580" HPOS="137"/>
            <String HEIGHT="58" WIDTH="217" VPOS="580" HPOS="97" CONTENT="SIDNEY-SMITH" ID="r1l39_2" STYLEREFS="FONT0"/>
            <SP HEIGHT="58" WIDTH="14" VPOS="580" HPOS="313"/>
            <String HEIGHT="58" WIDTH="122" VPOS="580" HPOS="273" CONTENT="(V.)," ID="r1l39_3" STYLEREFS="FONT0"/>
            <SP HEIGHT="58" WIDTH="14" VPOS="580" HPOS="395"/>
            <String HEIGHT="58" WIDTH="81" VPOS="580" HPOS="354" CONTENT="le" ID="r1l39_4" STYLEREFS="FONT0"/>
            <SP HEIGHT="58" WIDTH="14" VPOS="580" HPOS="435"/>
            <String HEIGHT="58" WIDTH="108" VPOS="580" HPOS="395" CONTENT="plus" ID="r1l39_5" STYLEREFS="FONT0"/>
            <SP HEIGHT="58" WIDTH="14" VPOS="580" HPOS="503"/>
            <String HEIGHT="58" WIDTH="176" VPOS="580" HPOS="462" CONTENT="audacieux" ID="r1l39_6" STYLEREFS="FONT0"/>
            <SP HEIGHT="58" WIDTH="14" VPOS="580" HPOS="638"/>
            <String HEIGHT="58" WIDTH="95" VPOS="580" HPOS="598" CONTENT="des" ID="r1l39_7" STYLEREFS="FONT0"/>
            <SP HEIGHT="58" WIDTH="14" VPOS="580" HPOS="693"/>
            <String HEIGHT="58" WIDTH="149" VPOS="580" HPOS="652" CONTENT="amiraux" ID="r1l39_8" STYLEREFS="FONT0"/>
            <SP HEIGHT="58" WIDTH="14" VPOS="580" HPOS="801"/>
            <String HEIGHT="58" WIDTH="163" VPOS="580" HPOS="760" CONTENT="anglais." ID="r1l39_9" STYLEREFS="FONT0"/>
            <SP HEIGHT="58" WIDTH="14" VPOS="580" HPOS="923"/>
            <String HEIGHT="58" WIDTH="122" VPOS="580" HPOS="882" CONTENT="L." ID="r1l39_10" STYLEREFS="FONT2"/>
            <SP HEIGHT="58" WIDTH="14" VPOS="580" HPOS="1004"/>
            <String HEIGHT="58" WIDTH="81" VPOS="580" HPOS="964" CONTENT="a." ID="r1l39_11" STYLEREFS="FONT2"/>
            <SP HEIGHT="58" WIDTH="14" VPOS="580" HPOS="1045"/>
            <String HEIGHT="58" WIDTH="108" VPOS="580" HPOS="991" CONTENT="s." ID="r1l39_12" STYLEREFS="FONT2"/>
          </TextLine>
          <TextLine ID="r1l40" BASELINE="675" HEIGHT="45" WIDTH="959" VPOS="630" HPOS="133">
            <String HEIGHT="45" WIDTH="85" VPOS="630" HPOS="119" CONTENT="en" ID="r1l40_1" STYLEREFS="FONT0"/>
            <SP HEIGHT="45" WIDTH="14" VPOS="630" HPOS="204"/>
            <String HEIGHT="45" WIDTH="183" VPOS="630" HPOS="161" CONTENT="français," ID="r1l40_2" STYLEREFS="FONT0"/>
            <SP HEIGHT="45" WIDTH="14" VPOS="630" HPOS="345"/>
            <String HEIGHT="45" WIDTH="85" VPOS="630" HPOS="302" CONTENT="au" ID="r1l40_3" STYLEREFS="FONT0"/>
            <SP HEIGHT="45" WIDTH="14" VPOS="630" HPOS="387"/>
            <String HEIGHT="45" WIDTH="99" VPOS="630" HPOS="345" CONTENT="duc" ID="r1l40_4" STYLEREFS="FONT0"/>
            <SP HEIGHT="45" WIDTH="14" VPOS="630" HPOS="443"/>
            <String HEIGHT="45" WIDTH="197" VPOS="630" HPOS="401" CONTENT="d’Otrante;" ID="r1l40_5" STYLEREFS="FONT0"/>
            <SP HEIGHT="45" WIDTH="14" VPOS="630" HPOS="598"/>
            <String HEIGHT="45" WIDTH="141" VPOS="630" HPOS="556" CONTENT="Paris," ID="r1l40_6" STYLEREFS="FONT0"/>
            <SP HEIGHT="45" WIDTH="14" VPOS="630" HPOS="697"/>
            <String HEIGHT="45" WIDTH="85" VPOS="630" HPOS="655" CONTENT="10" ID="r1l40_7" STYLEREFS="FONT0"/>
            <SP HEIGHT="45" WIDTH="14" VPOS="630" HPOS="739"/>
            <String HEIGHT="45" WIDTH="141" VPOS="630" HPOS="697" CONTENT="juill." ID="r1l40_8" STYLEREFS="FONT0"/>
            <SP HEIGHT="45" WIDTH="14" VPOS="630" HPOS="838"/>
            <String HEIGHT="45" WIDTH="127" VPOS="630" HPOS="796" CONTENT="1815," ID="r1l40_9" STYLEREFS="FONT0"/>
            <SP HEIGHT="45" WIDTH="14" VPOS="630" HPOS="923"/>
            <String HEIGHT="45" WIDTH="71" VPOS="630" HPOS="880" CONTENT="1" ID="r1l40_10" STYLEREFS="FONT0"/>
            <SP HEIGHT="45" WIDTH="14" VPOS="630" HPOS="951"/>
            <String HEIGHT="45" WIDTH="85" VPOS="630" HPOS="909" CONTENT="p." ID="r1l40_11" STYLEREFS="FONT0"/>
            <SP HEIGHT="45" WIDTH="14" VPOS="630" HPOS="993"/>
            <String HEIGHT="45" WIDTH="99" VPOS="630" HPOS="951" CONTENT="pl." ID="r1l40_12" STYLEREFS="FONT0"/>
            <SP HEIGHT="45" WIDTH="14" VPOS="630" HPOS="1050"/>
            <String HEIGHT="45" WIDTH="99" VPOS="630" HPOS="993" CONTENT="in" ID="r1l40_13" STYLEREFS="FONT0"/>
          </TextLine>
          <TextLine ID="r1l42" BASELINE="703" HEIGHT="44" WIDTH="75" VPOS="659" HPOS="1021">
            <String HEIGHT="44" WIDTH="94" VPOS="659" HPOS="1002" CONTENT="2" ID="r1l42_1" STYLEREFS="FONT0"/>
            <SP HEIGHT="44" WIDTH="19" VPOS="659" HPOS="1096"/>
            <String HEIGHT="44" WIDTH="75" VPOS="659" HPOS="1021" CONTENT="50" ID="r1l42_2" STYLEREFS="FONT0"/>
          </TextLine>
          <TextLine ID="r1l44" BASELINE="729" HEIGHT="49" WIDTH="1076" VPOS="680" HPOS="18">
            <String HEIGHT="49" WIDTH="124" VPOS="680" HPOS="4" CONTENT="19475" ID="r1l44_1" STYLEREFS="FONT0"/>
            <SP HEIGHT="49" WIDTH="14" VPOS="680" HPOS="128"/>
            <String HEIGHT="49" WIDTH="138" VPOS="680" HPOS="87" CONTENT="SOUMET" ID="r1l44_2" STYLEREFS="FONT0"/>
            <SP HEIGHT="49" WIDTH="14" VPOS="680" HPOS="225"/>
            <String HEIGHT="49" WIDTH="221" VPOS="680" HPOS="184" CONTENT="(Alexandre)," ID="r1l44_3" STYLEREFS="FONT0"/>
            <SP HEIGHT="49" WIDTH="14" VPOS="680" HPOS="404"/>
            <String HEIGHT="49" WIDTH="124" VPOS="680" HPOS="363" CONTENT="poëte" ID="r1l44_4" STYLEREFS="FONT0"/>
            <SP HEIGHT="49" WIDTH="14" VPOS="680" HPOS="487"/>
            <String HEIGHT="49" WIDTH="83" VPOS="680" HPOS="446" CONTENT="et" ID="r1l44_5" STYLEREFS="FONT0"/>
            <SP HEIGHT="49" WIDTH="14" VPOS="680" HPOS="528"/>
            <String HEIGHT="49" WIDTH="138" VPOS="680" HPOS="487" CONTENT="auteur" ID="r1l44_6" STYLEREFS="FONT0"/>
            <SP HEIGHT="49" WIDTH="14" VPOS="680" HPOS="625"/>
            <String HEIGHT="49" WIDTH="207" VPOS="680" HPOS="584" CONTENT="dramatique," ID="r1l44_7" STYLEREFS="FONT0"/>
            <SP HEIGHT="49" WIDTH="14" VPOS="680" HPOS="791"/>
            <String HEIGHT="49" WIDTH="83" VPOS="680" HPOS="749" CONTENT="de" ID="r1l44_8" STYLEREFS="FONT0"/>
            <SP HEIGHT="49" WIDTH="14" VPOS="680" HPOS="832"/>
            <String HEIGHT="49" WIDTH="152" VPOS="680" HPOS="791" CONTENT="l’Acad." ID="r1l44_9" STYLEREFS="FONT0"/>
            <SP HEIGHT="49" WIDTH="14" VPOS="680" HPOS="942"/>
            <String HEIGHT="49" WIDTH="97" VPOS="680" HPOS="901" CONTENT="fr." ID="r1l44_10" STYLEREFS="FONT0"/>
            <SP HEIGHT="49" WIDTH="14" VPOS="680" HPOS="997"/>
            <String HEIGHT="49" WIDTH="152" VPOS="680" HPOS="942" CONTENT="L." ID="r1l44_11" STYLEREFS="FONT2"/>
          </TextLine>
          <TextLine ID="r1l47" BASELINE="761" HEIGHT="34" WIDTH="975" VPOS="727" HPOS="129">
            <String HEIGHT="34" WIDTH="214" VPOS="727" HPOS="105" CONTENT="a." ID="r1l47_1" STYLEREFS="FONT2"/>
            <SP HEIGHT="34" WIDTH="24" VPOS="727" HPOS="319"/>
            <String HEIGHT="34" WIDTH="214" VPOS="727" HPOS="248" CONTENT="s." ID="r1l47_2" STYLEREFS="FONT2"/>
            <SP HEIGHT="34" WIDTH="24" VPOS="727" HPOS="462"/>
            <String HEIGHT="34" WIDTH="119" VPOS="727" HPOS="391" CONTENT="à" ID="r1l47_3" STYLEREFS="FONT2"/>
            <SP HEIGHT="34" WIDTH="24" VPOS="727" HPOS="509"/>
            <String HEIGHT="34" WIDTH="143" VPOS="727" HPOS="438" CONTENT="M." ID="r1l47_4" STYLEREFS="FONT2"/>
            <SP HEIGHT="34" WIDTH="24" VPOS="727" HPOS="581"/>
            <String HEIGHT="34" WIDTH="285" VPOS="727" HPOS="509" CONTENT="Bastide," ID="r1l47_5" STYLEREFS="FONT2"/>
            <SP HEIGHT="34" WIDTH="24" VPOS="727" HPOS="795"/>
            <String HEIGHT="34" WIDTH="119" VPOS="727" HPOS="724" CONTENT="1" ID="r1l47_6" STYLEREFS="FONT2"/>
            <SP HEIGHT="34" WIDTH="24" VPOS="727" HPOS="842"/>
            <String HEIGHT="34" WIDTH="143" VPOS="727" HPOS="771" CONTENT="p." ID="r1l47_7" STYLEREFS="FONT2"/>
            <SP HEIGHT="34" WIDTH="24" VPOS="727" HPOS="914"/>
            <String HEIGHT="34" WIDTH="214" VPOS="727" HPOS="842" CONTENT="in-4." ID="r1l47_8" STYLEREFS="FONT2"/>
            <SP HEIGHT="34" WIDTH="24" VPOS="727" HPOS="1056"/>
            <String HEIGHT="34" WIDTH="119" VPOS="727" HPOS="985" CONTENT="1" ID="r1l47_9" STYLEREFS="FONT2"/>
            <SP HEIGHT="34" WIDTH="24" VPOS="727" HPOS="1104"/>
            <String HEIGHT="34" WIDTH="95" VPOS="727" HPOS="1009" CONTENT="50" ID="r1l47_10" STYLEREFS="FONT2"/>
          </TextLine>
          <TextLine ID="r1l50" BASELINE="803" HEIGHT="49" WIDTH="1076" VPOS="754" HPOS="30">
            <String HEIGHT="49" WIDTH="129" VPOS="754" HPOS="16" CONTENT="19476" ID="r1l50_1" STYLEREFS="FONT0"/>
            <SP HEIGHT="49" WIDTH="14" VPOS="754" HPOS="145"/>
            <String HEIGHT="49" WIDTH="172" VPOS="754" HPOS="102" CONTENT="SPONTINI" ID="r1l50_2" STYLEREFS="FONT0"/>
            <SP HEIGHT="49" WIDTH="14" VPOS="754" HPOS="274"/>
            <String HEIGHT="49" WIDTH="201" VPOS="754" HPOS="231" CONTENT="(Gaspard)," ID="r1l50_3" STYLEREFS="FONT0"/>
            <SP HEIGHT="49" WIDTH="14" VPOS="754" HPOS="432"/>
            <String HEIGHT="49" WIDTH="158" VPOS="754" HPOS="389" CONTENT="célèbre" ID="r1l50_4" STYLEREFS="FONT0"/>
            <SP HEIGHT="49" WIDTH="14" VPOS="754" HPOS="546"/>
            <String HEIGHT="49" WIDTH="215" VPOS="754" HPOS="503" CONTENT="compositeur" ID="r1l50_5" STYLEREFS="FONT0"/>
            <SP HEIGHT="49" WIDTH="14" VPOS="754" HPOS="719"/>
            <String HEIGHT="49" WIDTH="86" VPOS="754" HPOS="676" CONTENT="de" ID="r1l50_6" STYLEREFS="FONT0"/>
            <SP HEIGHT="49" WIDTH="14" VPOS="754" HPOS="762"/>
            <String HEIGHT="49" WIDTH="172" VPOS="754" HPOS="719" CONTENT="musique." ID="r1l50_7" STYLEREFS="FONT0"/>
            <SP HEIGHT="49" WIDTH="14" VPOS="754" HPOS="891"/>
            <String HEIGHT="49" WIDTH="129" VPOS="754" HPOS="848" CONTENT="L." ID="r1l50_8" STYLEREFS="FONT2"/>
            <SP HEIGHT="49" WIDTH="14" VPOS="754" HPOS="977"/>
            <String HEIGHT="49" WIDTH="86" VPOS="754" HPOS="934" CONTENT="a." ID="r1l50_9" STYLEREFS="FONT2"/>
            <SP HEIGHT="49" WIDTH="14" VPOS="754" HPOS="1020"/>
            <String HEIGHT="49" WIDTH="143" VPOS="754" HPOS="977" CONTENT="s." ID="r1l50_10" STYLEREFS="FONT2"/>
            <SP HEIGHT="49" WIDTH="14" VPOS="754" HPOS="1120"/>
            <String HEIGHT="49" WIDTH="43" VPOS="754" HPOS="1063" CONTENT="à" ID="r1l50_11" STYLEREFS="FONT0"/>
          </TextLine>
          <TextLine ID="r1l53" BASELINE="836" HEIGHT="39" WIDTH="969" VPOS="797" HPOS="134">
            <String HEIGHT="39" WIDTH="203" VPOS="797" HPOS="111" CONTENT="âlex." ID="r1l53_1" STYLEREFS="FONT0"/>
            <SP HEIGHT="39" WIDTH="23" VPOS="797" HPOS="314"/>
            <String HEIGHT="39" WIDTH="225" VPOS="797" HPOS="247" CONTENT="Dumas," ID="r1l53_2" STYLEREFS="FONT0"/>
            <SP HEIGHT="39" WIDTH="23" VPOS="797" HPOS="472"/>
            <String HEIGHT="39" WIDTH="113" VPOS="797" HPOS="404" CONTENT="1" ID="r1l53_3" STYLEREFS="FONT0"/>
            <SP HEIGHT="39" WIDTH="23" VPOS="797" HPOS="517"/>
            <String HEIGHT="39" WIDTH="135" VPOS="797" HPOS="449" CONTENT="p." ID="r1l53_4" STYLEREFS="FONT0"/>
            <SP HEIGHT="39" WIDTH="23" VPOS="797" HPOS="585"/>
            <String HEIGHT="39" WIDTH="158" VPOS="797" HPOS="517" CONTENT="pl." ID="r1l53_5" STYLEREFS="FONT0"/>
            <SP HEIGHT="39" WIDTH="23" VPOS="797" HPOS="675"/>
            <String HEIGHT="39" WIDTH="225" VPOS="797" HPOS="607" CONTENT="in-18." ID="r1l53_6" STYLEREFS="FONT0"/>
            <SP HEIGHT="39" WIDTH="23" VPOS="797" HPOS="833"/>
            <String HEIGHT="39" WIDTH="293" VPOS="797" HPOS="765" CONTENT="Curieuse." ID="r1l53_7" STYLEREFS="FONT0"/>
            <SP HEIGHT="39" WIDTH="23" VPOS="797" HPOS="1058"/>
            <String HEIGHT="39" WIDTH="113" VPOS="797" HPOS="990" CONTENT="2" ID="r1l53_8" STYLEREFS="FONT0"/>
            <SP HEIGHT="39" WIDTH="23" VPOS="797" HPOS="1103"/>
            <String HEIGHT="39" WIDTH="90" VPOS="797" HPOS="1013" CONTENT="25" ID="r1l53_9" STYLEREFS="FONT0"/>
          </TextLine>
          <TextLine ID="r1l55" BASELINE="878" HEIGHT="50" WIDTH="1074" VPOS="828" HPOS="23">
            <String HEIGHT="50" WIDTH="138" VPOS="828" HPOS="8" CONTENT="19477" ID="r1l55_1" STYLEREFS="FONT0"/>
            <SP HEIGHT="50" WIDTH="15" VPOS="828" HPOS="146"/>
            <String HEIGHT="50" WIDTH="338" VPOS="828" HPOS="100" CONTENT="STANISLAS-AUGUSTE," ID="r1l55_2" STYLEREFS="FONT0"/>
            <SP HEIGHT="50" WIDTH="15" VPOS="828" HPOS="437"/>
            <String HEIGHT="50" WIDTH="107" VPOS="828" HPOS="391" CONTENT="roi" ID="r1l55_3" STYLEREFS="FONT0"/>
            <SP HEIGHT="50" WIDTH="15" VPOS="828" HPOS="499"/>
            <String HEIGHT="50" WIDTH="92" VPOS="828" HPOS="453" CONTENT="de" ID="r1l55_4" STYLEREFS="FONT0"/>
            <SP HEIGHT="50" WIDTH="15" VPOS="828" HPOS="545"/>
            <String HEIGHT="50" WIDTH="184" VPOS="828" HPOS="499" CONTENT="Pologné," ID="r1l55_5" STYLEREFS="FONT0"/>
            <SP HEIGHT="50" WIDTH="15" VPOS="828" HPOS="683"/>
            <String HEIGHT="50" WIDTH="123" VPOS="828" HPOS="637" CONTENT="sous" ID="r1l55_6" STYLEREFS="FONT0"/>
            <SP HEIGHT="50" WIDTH="15" VPOS="828" HPOS="759"/>
            <String HEIGHT="50" WIDTH="92" VPOS="828" HPOS="713" CONTENT="le" ID="r1l55_7" STYLEREFS="FONT0"/>
            <SP HEIGHT="50" WIDTH="15" VPOS="828" HPOS="805"/>
            <String HEIGHT="50" WIDTH="138" VPOS="828" HPOS="759" CONTENT="règne" ID="r1l55_8" STYLEREFS="FONT0"/>
            <SP HEIGHT="50" WIDTH="15" VPOS="828" HPOS="898"/>
            <String HEIGHT="50" WIDTH="153" VPOS="828" HPOS="852" CONTENT="duquel" ID="r1l55_9" STYLEREFS="FONT0"/>
            <SP HEIGHT="50" WIDTH="15" VPOS="828" HPOS="1005"/>
            <String HEIGHT="50" WIDTH="107" VPOS="828" HPOS="959" CONTENT="eut" ID="r1l55_10" STYLEREFS="FONT0"/>
            <SP HEIGHT="50" WIDTH="15" VPOS="828" HPOS="1066"/>
            <String HEIGHT="50" WIDTH="92" VPOS="828" HPOS="1005" CONTENT="lieu" ID="r1l55_11" STYLEREFS="FONT0"/>
          </TextLine>
          <TextLine ID="r1l56" BASELINE="908" HEIGHT="37" WIDTH="972" VPOS="871" HPOS="124">
            <String HEIGHT="37" WIDTH="81" VPOS="871" HPOS="111" CONTENT="le" ID="r1l56_1" STYLEREFS="FONT0"/>
            <SP HEIGHT="37" WIDTH="14" VPOS="871" HPOS="192"/>
            <String HEIGHT="37" WIDTH="149" VPOS="871" HPOS="151" CONTENT="partage" ID="r1l56_2" STYLEREFS="FONT0"/>
            <SP HEIGHT="37" WIDTH="14" VPOS="871" HPOS="300"/>
            <String HEIGHT="37" WIDTH="81" VPOS="871" HPOS="259" CONTENT="de" ID="r1l56_3" STYLEREFS="FONT0"/>
            <SP HEIGHT="37" WIDTH="14" VPOS="871" HPOS="340"/>
            <String HEIGHT="37" WIDTH="81" VPOS="871" HPOS="300" CONTENT="ce" ID="r1l56_4" STYLEREFS="FONT0"/>
            <SP HEIGHT="37" WIDTH="14" VPOS="871" HPOS="381"/>
            <String HEIGHT="37" WIDTH="189" VPOS="871" HPOS="340" CONTENT="malheureux" ID="r1l56_5" STYLEREFS="FONT0"/>
            <SP HEIGHT="37" WIDTH="14" VPOS="871" HPOS="529"/>
            <String HEIGHT="37" WIDTH="122" VPOS="871" HPOS="489" CONTENT="pays." ID="r1l56_6" STYLEREFS="FONT0"/>
            <SP HEIGHT="37" WIDTH="14" VPOS="871" HPOS="610"/>
            <String HEIGHT="37" WIDTH="108" VPOS="871" HPOS="570" CONTENT="L." ID="r1l56_7" STYLEREFS="FONT2"/>
            <SP HEIGHT="37" WIDTH="14" VPOS="871" HPOS="678"/>
            <String HEIGHT="37" WIDTH="135" VPOS="871" HPOS="637" CONTENT="s.." ID="r1l56_8" STYLEREFS="FONT2"/>
            <SP HEIGHT="37" WIDTH="14" VPOS="871" HPOS="772"/>
            <String HEIGHT="37" WIDTH="81" VPOS="871" HPOS="732" CONTENT="en" ID="r1l56_9" STYLEREFS="FONT0"/>
            <SP HEIGHT="37" WIDTH="14" VPOS="871" HPOS="813"/>
            <String HEIGHT="37" WIDTH="162" VPOS="871" HPOS="772" CONTENT="italien," ID="r1l56_10" STYLEREFS="FONT0"/>
            <SP HEIGHT="37" WIDTH="14" VPOS="871" HPOS="934"/>
            <String HEIGHT="37" WIDTH="81" VPOS="871" HPOS="894" CONTENT="au" ID="r1l56_11" STYLEREFS="FONT0"/>
            <SP HEIGHT="37" WIDTH="14" VPOS="871" HPOS="975"/>
            <String HEIGHT="37" WIDTH="149" VPOS="871" HPOS="934" CONTENT="marquis" ID="r1l56_12" STYLEREFS="FONT0"/>
            <SP HEIGHT="37" WIDTH="14" VPOS="871" HPOS="1083"/>
            <String HEIGHT="37" WIDTH="68" VPOS="871" HPOS="1029" CONTENT="Fr." ID="r1l56_13" STYLEREFS="FONT0"/>
          </TextLine>
          <TextLine ID="r1l57" BASELINE="946" HEIGHT="43" WIDTH="971" VPOS="903" HPOS="126">
            <String HEIGHT="43" WIDTH="333" VPOS="903" HPOS="112" CONTENT="Albergati-Capacelli;" ID="r1l57_1" STYLEREFS="FONT0"/>
            <SP HEIGHT="43" WIDTH="14" VPOS="903" HPOS="445"/>
            <String HEIGHT="43" WIDTH="180" VPOS="903" HPOS="403" CONTENT="Varsovie," ID="r1l57_2" STYLEREFS="FONT0"/>
            <SP HEIGHT="43" WIDTH="14" VPOS="903" HPOS="584"/>
            <String HEIGHT="43" WIDTH="83" VPOS="903" HPOS="542" CONTENT="27" ID="r1l57_3" STYLEREFS="FONT0"/>
            <SP HEIGHT="43" WIDTH="14" VPOS="903" HPOS="625"/>
            <String HEIGHT="43" WIDTH="125" VPOS="903" HPOS="584" CONTENT="janv." ID="r1l57_4" STYLEREFS="FONT0"/>
            <SP HEIGHT="43" WIDTH="14" VPOS="903" HPOS="709"/>
            <String HEIGHT="43" WIDTH="125" VPOS="903" HPOS="667" CONTENT="1773," ID="r1l57_5" STYLEREFS="FONT0"/>
            <SP HEIGHT="43" WIDTH="14" VPOS="903" HPOS="792"/>
            <String HEIGHT="43" WIDTH="69" VPOS="903" HPOS="750" CONTENT="1" ID="r1l57_6" STYLEREFS="FONT0"/>
            <SP HEIGHT="43" WIDTH="14" VPOS="903" HPOS="820"/>
            <String HEIGHT="43" WIDTH="83" VPOS="903" HPOS="778" CONTENT="p." ID="r1l57_7" STYLEREFS="FONT0"/>
            <SP HEIGHT="43" WIDTH="14" VPOS="903" HPOS="861"/>
            <String HEIGHT="43" WIDTH="125" VPOS="903" HPOS="820" CONTENT="in-4." ID="r1l57_8" STYLEREFS="FONT0"/>
            <SP HEIGHT="43" WIDTH="14" VPOS="903" HPOS="944"/>
            <String HEIGHT="43" WIDTH="125" VPOS="903" HPOS="903" CONTENT="Jolie" ID="r1l57_9" STYLEREFS="FONT0"/>
            <SP HEIGHT="43" WIDTH="14" VPOS="903" HPOS="1028"/>
            <String HEIGHT="43" WIDTH="125" VPOS="903" HPOS="972" CONTENT="lettre." ID="r1l57_10" STYLEREFS="FONT0"/>
          </TextLine>
          <TextLine ID="r1l58" BASELINE="975" HEIGHT="39" WIDTH="74" VPOS="936" HPOS="1026">
            <String HEIGHT="39" WIDTH="123" VPOS="936" HPOS="1001" CONTENT="3" ID="r1l58_1" STYLEREFS="FONT0"/>
            <SP HEIGHT="39" WIDTH="25" VPOS="936" HPOS="1125"/>
            <String HEIGHT="39" WIDTH="74" VPOS="936" HPOS="1026" CONTENT="»" ID="r1l58_2" STYLEREFS="FONT0"/>
          </TextLine>
          <TextLine ID="r1l62" BASELINE="1007" HEIGHT="43" WIDTH="1061" VPOS="964" HPOS="32">
            <String HEIGHT="43" WIDTH="136" VPOS="964" HPOS="17" CONTENT="19478" ID="r1l62_1" STYLEREFS="FONT0"/>
            <SP HEIGHT="43" WIDTH="15" VPOS="964" HPOS="153"/>
            <String HEIGHT="43" WIDTH="152" VPOS="964" HPOS="108" CONTENT="SUBLET" ID="r1l62_2" STYLEREFS="FONT0"/>
            <SP HEIGHT="43" WIDTH="15" VPOS="964" HPOS="259"/>
            <String HEIGHT="43" WIDTH="106" VPOS="964" HPOS="214" CONTENT="DES" ID="r1l62_3" STYLEREFS="FONT0"/>
            <SP HEIGHT="43" WIDTH="15" VPOS="964" HPOS="320"/>
            <String HEIGHT="43" WIDTH="152" VPOS="964" HPOS="275" CONTENT="NOYERS" ID="r1l62_4" STYLEREFS="FONT0"/>
            <SP HEIGHT="43" WIDTH="15" VPOS="964" HPOS="426"/>
            <String HEIGHT="43" WIDTH="152" VPOS="964" HPOS="381" CONTENT="(Fr.)," ID="r1l62_5" STYLEREFS="FONT0"/>
            <SP HEIGHT="43" WIDTH="15" VPOS="964" HPOS="532"/>
            <String HEIGHT="43" WIDTH="197" VPOS="964" HPOS="487" CONTENT="intendant" ID="r1l62_6" STYLEREFS="FONT0"/>
            <SP HEIGHT="43" WIDTH="15" VPOS="964" HPOS="684"/>
            <String HEIGHT="43" WIDTH="106" VPOS="964" HPOS="638" CONTENT="des" ID="r1l62_7" STYLEREFS="FONT0"/>
            <SP HEIGHT="43" WIDTH="15" VPOS="964" HPOS="744"/>
            <String HEIGHT="43" WIDTH="182" VPOS="964" HPOS="699" CONTENT="finances" ID="r1l62_8" STYLEREFS="FONT0"/>
            <SP HEIGHT="43" WIDTH="15" VPOS="964" HPOS="881"/>
            <String HEIGHT="43" WIDTH="121" VPOS="964" HPOS="835" CONTENT="sous" ID="r1l62_9" STYLEREFS="FONT0"/>
            <SP HEIGHT="43" WIDTH="15" VPOS="964" HPOS="957"/>
            <String HEIGHT="43" WIDTH="136" VPOS="964" HPOS="911" CONTENT="Louis" ID="r1l62_10" STYLEREFS="FONT0"/>
            <SP HEIGHT="43" WIDTH="15" VPOS="964" HPOS="1048"/>
            <String HEIGHT="43" WIDTH="106" VPOS="964" HPOS="987" CONTENT="XIII," ID="r1l62_11" STYLEREFS="FONT0"/>
          </TextLine>
          <TextLine ID="r1l64" BASELINE="1036" HEIGHT="33" WIDTH="968" VPOS="1003" HPOS="132">
            <String HEIGHT="33" WIDTH="175" VPOS="1003" HPOS="119" CONTENT="fondateur" ID="r1l64_1" STYLEREFS="FONT0"/>
            <SP HEIGHT="33" WIDTH="13" VPOS="1003" HPOS="293"/>
            <String HEIGHT="33" WIDTH="81" VPOS="1003" HPOS="253" CONTENT="de" ID="r1l64_2" STYLEREFS="FONT0"/>
            <SP HEIGHT="33" WIDTH="13" VPOS="1003" HPOS="334"/>
            <String HEIGHT="33" WIDTH="215" VPOS="1003" HPOS="293" CONTENT="l’Imprimerie" ID="r1l64_3" STYLEREFS="FONT0"/>
            <SP HEIGHT="33" WIDTH="13" VPOS="1003" HPOS="508"/>
            <String HEIGHT="33" WIDTH="148" VPOS="1003" HPOS="468" CONTENT="royale." ID="r1l64_4" STYLEREFS="FONT0"/>
            <SP HEIGHT="33" WIDTH="13" VPOS="1003" HPOS="616"/>
            <String HEIGHT="33" WIDTH="121" VPOS="1003" HPOS="576" CONTENT="L." ID="r1l64_5" STYLEREFS="FONT2"/>
            <SP HEIGHT="33" WIDTH="13" VPOS="1003" HPOS="697"/>
            <String HEIGHT="33" WIDTH="134" VPOS="1003" HPOS="656" CONTENT="a" ID="r1l64_6" STYLEREFS="FONT2"/>
            <SP HEIGHT="33" WIDTH="13" VPOS="1003" HPOS="791"/>
            <String HEIGHT="33" WIDTH="81" VPOS="1003" HPOS="750" CONTENT="s." ID="r1l64_7" STYLEREFS="FONT0"/>
            <SP HEIGHT="33" WIDTH="13" VPOS="1003" HPOS="831"/>
            <String HEIGHT="33" WIDTH="81" VPOS="1003" HPOS="791" CONTENT="(à" ID="r1l64_8" STYLEREFS="FONT0"/>
            <SP HEIGHT="33" WIDTH="13" VPOS="1003" HPOS="871"/>
            <String HEIGHT="33" WIDTH="81" VPOS="1003" HPOS="831" CONTENT="M." ID="r1l64_9" STYLEREFS="FONT0"/>
            <SP HEIGHT="33" WIDTH="13" VPOS="1003" HPOS="912"/>
            <String HEIGHT="33" WIDTH="81" VPOS="1003" HPOS="871" CONTENT="de" ID="r1l64_10" STYLEREFS="FONT0"/>
            <SP HEIGHT="33" WIDTH="13" VPOS="1003" HPOS="952"/>
            <String HEIGHT="33" WIDTH="188" VPOS="1003" HPOS="912" CONTENT="Chavigny);" ID="r1l64_11" STYLEREFS="FONT0"/>
            <SP HEIGHT="33" WIDTH="13" VPOS="1003" HPOS="1100"/>
            <String HEIGHT="33" WIDTH="54" VPOS="1003" HPOS="1046" CONTENT="26" ID="r1l64_12" STYLEREFS="FONT0"/>
          </TextLine>
          <TextLine ID="r1l65" BASELINE="1080" HEIGHT="47" WIDTH="977" VPOS="1033" HPOS="124">
            <String HEIGHT="47" WIDTH="212" VPOS="1033" HPOS="103" CONTENT="juill." ID="r1l65_1" STYLEREFS="FONT0"/>
            <SP HEIGHT="47" WIDTH="21" VPOS="1033" HPOS="315"/>
            <String HEIGHT="47" WIDTH="191" VPOS="1033" HPOS="251" CONTENT="1636," ID="r1l65_2" STYLEREFS="FONT0"/>
            <SP HEIGHT="47" WIDTH="21" VPOS="1033" HPOS="443"/>
            <String HEIGHT="47" WIDTH="106" VPOS="1033" HPOS="379" CONTENT="1" ID="r1l65_3" STYLEREFS="FONT0"/>
            <SP HEIGHT="47" WIDTH="21" VPOS="1033" HPOS="485"/>
            <String HEIGHT="47" WIDTH="127" VPOS="1033" HPOS="421" CONTENT="p." ID="r1l65_4" STYLEREFS="FONT0"/>
            <SP HEIGHT="47" WIDTH="21" VPOS="1033" HPOS="549"/>
            <String HEIGHT="47" WIDTH="149" VPOS="1033" HPOS="485" CONTENT="pl." ID="r1l65_5" STYLEREFS="FONT0"/>
            <SP HEIGHT="47" WIDTH="21" VPOS="1033" HPOS="634"/>
            <String HEIGHT="47" WIDTH="191" VPOS="1033" HPOS="570" CONTENT="in-4." ID="r1l65_6" STYLEREFS="FONT0"/>
            <SP HEIGHT="47" WIDTH="21" VPOS="1033" HPOS="761"/>
            <String HEIGHT="47" WIDTH="191" VPOS="1033" HPOS="697" CONTENT="Jolie" ID="r1l65_7" STYLEREFS="FONT0"/>
            <SP HEIGHT="47" WIDTH="21" VPOS="1033" HPOS="889"/>
            <String HEIGHT="47" WIDTH="234" VPOS="1033" HPOS="825" CONTENT="lettre." ID="r1l65_8" STYLEREFS="FONT0"/>
            <SP HEIGHT="47" WIDTH="21" VPOS="1033" HPOS="1059"/>
            <String HEIGHT="47" WIDTH="106" VPOS="1033" HPOS="995" CONTENT="2" ID="r1l65_9" STYLEREFS="FONT0"/>
            <SP HEIGHT="47" WIDTH="21" VPOS="1033" HPOS="1101"/>
            <String HEIGHT="47" WIDTH="85" VPOS="1033" HPOS="1016" CONTENT="50" ID="r1l65_10" STYLEREFS="FONT0"/>
          </TextLine>
          <TextLine ID="r1l69" BASELINE="1117" HEIGHT="68" WIDTH="1078" VPOS="1049" HPOS="25">
            <String HEIGHT="68" WIDTH="131" VPOS="1049" HPOS="10" CONTENT="19479" ID="r1l69_1" STYLEREFS="FONT0"/>
            <SP HEIGHT="68" WIDTH="15" VPOS="1049" HPOS="142"/>
            <String HEIGHT="68" WIDTH="160" VPOS="1049" HPOS="98" CONTENT="SURCOUF" ID="r1l69_2" STYLEREFS="FONT0"/>
            <SP HEIGHT="68" WIDTH="15" VPOS="1049" HPOS="258"/>
            <String HEIGHT="68" WIDTH="189" VPOS="1049" HPOS="214" CONTENT="(Robert)," ID="r1l69_3" STYLEREFS="FONT0"/>
            <SP HEIGHT="68" WIDTH="15" VPOS="1049" HPOS="404"/>
            <String HEIGHT="68" WIDTH="219" VPOS="1049" HPOS="360" CONTENT="l’intrépide" ID="r1l69_4" STYLEREFS="FONT0"/>
            <SP HEIGHT="68" WIDTH="15" VPOS="1049" HPOS="579"/>
            <String HEIGHT="68" WIDTH="175" VPOS="1049" HPOS="535" CONTENT="corsaire" ID="r1l69_5" STYLEREFS="FONT0"/>
            <SP HEIGHT="68" WIDTH="15" VPOS="1049" HPOS="710"/>
            <String HEIGHT="68" WIDTH="87" VPOS="1049" HPOS="666" CONTENT="de" ID="r1l69_6" STYLEREFS="FONT0"/>
            <SP HEIGHT="68" WIDTH="15" VPOS="1049" HPOS="753"/>
            <String HEIGHT="68" WIDTH="219" VPOS="1049" HPOS="710" CONTENT="Saint-Malo." ID="r1l69_7" STYLEREFS="FONT0"/>
            <SP HEIGHT="68" WIDTH="15" VPOS="1049" HPOS="928"/>
            <String HEIGHT="68" WIDTH="87" VPOS="1049" HPOS="884" CONTENT="L." ID="r1l69_8" STYLEREFS="FONT0"/>
            <SP HEIGHT="68" WIDTH="15" VPOS="1049" HPOS="972"/>
            <String HEIGHT="68" WIDTH="102" VPOS="1049" HPOS="928" CONTENT="s.," ID="r1l69_9" STYLEREFS="FONT0"/>
            <SP HEIGHT="68" WIDTH="15" VPOS="1049" HPOS="1030"/>
            <String HEIGHT="68" WIDTH="117" VPOS="1049" HPOS="986" CONTENT="avec" ID="r1l69_10" STYLEREFS="FONT0"/>
            <SP HEIGHT="68" WIDTH="15" VPOS="1049" HPOS="1103"/>
            <String HEIGHT="68" WIDTH="58" VPOS="1049" HPOS="1045" CONTENT="la" ID="r1l69_11" STYLEREFS="FONT0"/>
          </TextLine>
          <TextLine ID="r1l71" BASELINE="1150" HEIGHT="44" WIDTH="984" VPOS="1106" HPOS="129">
            <String HEIGHT="44" WIDTH="228" VPOS="1106" HPOS="115" CONTENT="souscription" ID="r1l71_1" STYLEREFS="FONT0"/>
            <SP HEIGHT="44" WIDTH="14" VPOS="1106" HPOS="343"/>
            <String HEIGHT="44" WIDTH="128" VPOS="1106" HPOS="300" CONTENT="aut.," ID="r1l71_2" STYLEREFS="FONT0"/>
            <SP HEIGHT="44" WIDTH="14" VPOS="1106" HPOS="428"/>
            <String HEIGHT="44" WIDTH="71" VPOS="1106" HPOS="386" CONTENT="à" ID="r1l71_3" STYLEREFS="FONT0"/>
            <SP HEIGHT="44" WIDTH="14" VPOS="1106" HPOS="457"/>
            <String HEIGHT="44" WIDTH="100" VPOS="1106" HPOS="414" CONTENT="MM." ID="r1l71_4" STYLEREFS="FONT0"/>
            <SP HEIGHT="44" WIDTH="14" VPOS="1106" HPOS="514"/>
            <String HEIGHT="44" WIDTH="143" VPOS="1106" HPOS="471" CONTENT="Defly;" ID="r1l71_5" STYLEREFS="FONT0"/>
            <SP HEIGHT="44" WIDTH="14" VPOS="1106" HPOS="614"/>
            <String HEIGHT="44" WIDTH="214" VPOS="1106" HPOS="571" CONTENT="Saint-Malo," ID="r1l71_6" STYLEREFS="FONT0"/>
            <SP HEIGHT="44" WIDTH="14" VPOS="1106" HPOS="785"/>
            <String HEIGHT="44" WIDTH="86" VPOS="1106" HPOS="742" CONTENT="24" ID="r1l71_7" STYLEREFS="FONT0"/>
            <SP HEIGHT="44" WIDTH="14" VPOS="1106" HPOS="828"/>
            <String HEIGHT="44" WIDTH="185" VPOS="1106" HPOS="785" CONTENT="fructidor" ID="r1l71_8" STYLEREFS="FONT0"/>
            <SP HEIGHT="44" WIDTH="14" VPOS="1106" HPOS="970"/>
            <String HEIGHT="44" WIDTH="86" VPOS="1106" HPOS="928" CONTENT="an" ID="r1l71_9" STYLEREFS="FONT0"/>
            <SP HEIGHT="44" WIDTH="14" VPOS="1106" HPOS="1013"/>
            <String HEIGHT="44" WIDTH="128" VPOS="1106" HPOS="970" CONTENT="XIII," ID="r1l71_10" STYLEREFS="FONT0"/>
            <SP HEIGHT="44" WIDTH="14" VPOS="1106" HPOS="1099"/>
            <String HEIGHT="44" WIDTH="71" VPOS="1106" HPOS="1042" CONTENT="1/4" ID="r1l71_11" STYLEREFS="FONT0"/>
          </TextLine>
          <TextLine ID="r1l74" BASELINE="1196" HEIGHT="53" WIDTH="971" VPOS="1143" HPOS="129">
            <String HEIGHT="53" WIDTH="388" VPOS="1143" HPOS="64" CONTENT="de" ID="r1l74_1" STYLEREFS="FONT0"/>
            <SP HEIGHT="53" WIDTH="65" VPOS="1143" HPOS="453"/>
            <String HEIGHT="53" WIDTH="388" VPOS="1143" HPOS="258" CONTENT="p." ID="r1l74_2" STYLEREFS="FONT0"/>
            <SP HEIGHT="53" WIDTH="65" VPOS="1143" HPOS="647"/>
            <String HEIGHT="53" WIDTH="583" VPOS="1143" HPOS="453" CONTENT="in-4." ID="r1l74_3" STYLEREFS="FONT0"/>
            <SP HEIGHT="53" WIDTH="65" VPOS="1143" HPOS="1035"/>
            <String HEIGHT="53" WIDTH="324" VPOS="1143" HPOS="841" CONTENT="4" ID="r1l74_4" STYLEREFS="FONT0"/>
            <SP HEIGHT="53" WIDTH="65" VPOS="1143" HPOS="1165"/>
            <String HEIGHT="53" WIDTH="194" VPOS="1143" HPOS="906" CONTENT="»" ID="r1l74_5" STYLEREFS="FONT0"/>
          </TextLine>
          <TextLine ID="r1l77" BASELINE="1222" HEIGHT="56" WIDTH="1063" VPOS="1166" HPOS="28">
            <String HEIGHT="56" WIDTH="133" VPOS="1166" HPOS="13" CONTENT="19480" ID="r1l77_1" STYLEREFS="FONT0"/>
            <SP HEIGHT="56" WIDTH="15" VPOS="1166" HPOS="146"/>
            <String HEIGHT="56" WIDTH="148" VPOS="1166" HPOS="102" CONTENT="TRAVOT" ID="r1l77_2" STYLEREFS="FONT0"/>
            <SP HEIGHT="56" WIDTH="15" VPOS="1166" HPOS="249"/>
            <String HEIGHT="56" WIDTH="103" VPOS="1166" HPOS="205" CONTENT="(le" ID="r1l77_3" STYLEREFS="FONT0"/>
            <SP HEIGHT="56" WIDTH="15" VPOS="1166" HPOS="309"/>
            <String HEIGHT="56" WIDTH="133" VPOS="1166" HPOS="264" CONTENT="baron" ID="r1l77_4" STYLEREFS="FONT0"/>
            <SP HEIGHT="56" WIDTH="15" VPOS="1166" HPOS="397"/>
            <String HEIGHT="56" WIDTH="89" VPOS="1166" HPOS="353" CONTENT="J." ID="r1l77_5" STYLEREFS="FONT0"/>
            <SP HEIGHT="56" WIDTH="15" VPOS="1166" HPOS="441"/>
            <String HEIGHT="56" WIDTH="177" VPOS="1166" HPOS="397" CONTENT="Pierre)," ID="r1l77_6" STYLEREFS="FONT0"/>
            <SP HEIGHT="56" WIDTH="15" VPOS="1166" HPOS="574"/>
            <String HEIGHT="56" WIDTH="177" VPOS="1166" HPOS="530" CONTENT="général," ID="r1l77_7" STYLEREFS="FONT0"/>
            <SP HEIGHT="56" WIDTH="15" VPOS="1166" HPOS="707"/>
            <String HEIGHT="56" WIDTH="103" VPOS="1166" HPOS="663" CONTENT="qui" ID="r1l77_8" STYLEREFS="FONT0"/>
            <SP HEIGHT="56" WIDTH="15" VPOS="1166" HPOS="766"/>
            <String HEIGHT="56" WIDTH="148" VPOS="1166" HPOS="722" CONTENT="arrêta" ID="r1l77_9" STYLEREFS="FONT0"/>
            <SP HEIGHT="56" WIDTH="15" VPOS="1166" HPOS="870"/>
            <String HEIGHT="56" WIDTH="177" VPOS="1166" HPOS="825" CONTENT="Charette" ID="r1l77_10" STYLEREFS="FONT0"/>
            <SP HEIGHT="56" WIDTH="15" VPOS="1166" HPOS="1002"/>
            <String HEIGHT="56" WIDTH="89" VPOS="1166" HPOS="958" CONTENT="en" ID="r1l77_11" STYLEREFS="FONT0"/>
            <SP HEIGHT="56" WIDTH="15" VPOS="1166" HPOS="1047"/>
            <String HEIGHT="56" WIDTH="103" VPOS="1166" HPOS="988" CONTENT="1796," ID="r1l77_12" STYLEREFS="FONT0"/>
          </TextLine>
          <TextLine ID="r1l78" BASELINE="1251" HEIGHT="36" WIDTH="976" VPOS="1215" HPOS="125">
            <String HEIGHT="36" WIDTH="79" VPOS="1215" HPOS="112" CONTENT="et" ID="r1l78_1" STYLEREFS="FONT0"/>
            <SP HEIGHT="36" WIDTH="13" VPOS="1215" HPOS="191"/>
            <String HEIGHT="36" WIDTH="92" VPOS="1215" HPOS="151" CONTENT="fut" ID="r1l78_2" STYLEREFS="FONT0"/>
            <SP HEIGHT="36" WIDTH="13" VPOS="1215" HPOS="244"/>
            <String HEIGHT="36" WIDTH="158" VPOS="1215" HPOS="204" CONTENT="condamné" ID="r1l78_3" STYLEREFS="FONT0"/>
            <SP HEIGHT="36" WIDTH="13" VPOS="1215" HPOS="362"/>
            <String HEIGHT="36" WIDTH="66" VPOS="1215" HPOS="323" CONTENT="à" ID="r1l78_4" STYLEREFS="FONT0"/>
            <SP HEIGHT="36" WIDTH="13" VPOS="1215" HPOS="389"/>
            <String HEIGHT="36" WIDTH="106" VPOS="1215" HPOS="349" CONTENT="mort" ID="r1l78_5" STYLEREFS="FONT0"/>
            <SP HEIGHT="36" WIDTH="13" VPOS="1215" HPOS="455"/>
            <String HEIGHT="36" WIDTH="79" VPOS="1215" HPOS="415" CONTENT="en" ID="r1l78_6" STYLEREFS="FONT0"/>
            <SP HEIGHT="36" WIDTH="13" VPOS="1215" HPOS="494"/>
            <String HEIGHT="36" WIDTH="119" VPOS="1215" HPOS="455" CONTENT="1816." ID="r1l78_7" STYLEREFS="FONT0"/>
            <SP HEIGHT="36" WIDTH="13" VPOS="1215" HPOS="573"/>
            <String HEIGHT="36" WIDTH="119" VPOS="1215" HPOS="534" CONTENT="L." ID="r1l78_8" STYLEREFS="FONT2"/>
            <SP HEIGHT="36" WIDTH="13" VPOS="1215" HPOS="653"/>
            <String HEIGHT="36" WIDTH="132" VPOS="1215" HPOS="613" CONTENT="a" ID="r1l78_9" STYLEREFS="FONT2"/>
            <SP HEIGHT="36" WIDTH="13" VPOS="1215" HPOS="745"/>
            <String HEIGHT="36" WIDTH="79" VPOS="1215" HPOS="705" CONTENT="s." ID="r1l78_10" STYLEREFS="FONT0"/>
            <SP HEIGHT="36" WIDTH="13" VPOS="1215" HPOS="784"/>
            <String HEIGHT="36" WIDTH="79" VPOS="1215" HPOS="745" CONTENT="au" ID="r1l78_11" STYLEREFS="FONT0"/>
            <SP HEIGHT="36" WIDTH="13" VPOS="1215" HPOS="824"/>
            <String HEIGHT="36" WIDTH="106" VPOS="1215" HPOS="784" CONTENT="cit." ID="r1l78_12" STYLEREFS="FONT0"/>
            <SP HEIGHT="36" WIDTH="13" VPOS="1215" HPOS="890"/>
            <String HEIGHT="36" WIDTH="171" VPOS="1215" HPOS="850" CONTENT="Messager," ID="r1l78_13" STYLEREFS="FONT0"/>
            <SP HEIGHT="36" WIDTH="13" VPOS="1215" HPOS="1022"/>
            <String HEIGHT="36" WIDTH="92" VPOS="1215" HPOS="982" CONTENT="son" ID="r1l78_14" STYLEREFS="FONT0"/>
            <SP HEIGHT="36" WIDTH="13" VPOS="1215" HPOS="1075"/>
            <String HEIGHT="36" WIDTH="79" VPOS="1215" HPOS="1022" CONTENT="aide" ID="r1l78_15" STYLEREFS="FONT0"/>
          </TextLine>
          <TextLine ID="r1l81" BASELINE="1288" HEIGHT="41" WIDTH="977" VPOS="1247" HPOS="126">
            <String HEIGHT="41" WIDTH="93" VPOS="1247" HPOS="110" CONTENT="de" ID="r1l81_1" STYLEREFS="FONT0"/>
            <SP HEIGHT="41" WIDTH="16" VPOS="1247" HPOS="204"/>
            <String HEIGHT="41" WIDTH="140" VPOS="1247" HPOS="157" CONTENT="camp;" ID="r1l81_2" STYLEREFS="FONT0"/>
            <SP HEIGHT="41" WIDTH="16" VPOS="1247" HPOS="297"/>
            <String HEIGHT="41" WIDTH="171" VPOS="1247" HPOS="250" CONTENT="Rennes," ID="r1l81_3" STYLEREFS="FONT0"/>
            <SP HEIGHT="41" WIDTH="16" VPOS="1247" HPOS="421"/>
            <String HEIGHT="41" WIDTH="93" VPOS="1247" HPOS="374" CONTENT="29" ID="r1l81_4" STYLEREFS="FONT0"/>
            <SP HEIGHT="41" WIDTH="16" VPOS="1247" HPOS="467"/>
            <String HEIGHT="41" WIDTH="171" VPOS="1247" HPOS="421" CONTENT="ventôse" ID="r1l81_5" STYLEREFS="FONT0"/>
            <SP HEIGHT="41" WIDTH="16" VPOS="1247" HPOS="591"/>
            <String HEIGHT="41" WIDTH="93" VPOS="1247" HPOS="545" CONTENT="an" ID="r1l81_6" STYLEREFS="FONT0"/>
            <SP HEIGHT="41" WIDTH="16" VPOS="1247" HPOS="638"/>
            <String HEIGHT="41" WIDTH="109" VPOS="1247" HPOS="591" CONTENT="IX," ID="r1l81_7" STYLEREFS="FONT0"/>
            <SP HEIGHT="41" WIDTH="16" VPOS="1247" HPOS="700"/>
            <String HEIGHT="41" WIDTH="78" VPOS="1247" HPOS="653" CONTENT="1" ID="r1l81_8" STYLEREFS="FONT0"/>
            <SP HEIGHT="41" WIDTH="16" VPOS="1247" HPOS="731"/>
            <String HEIGHT="41" WIDTH="93" VPOS="1247" HPOS="684" CONTENT="p." ID="r1l81_9" STYLEREFS="FONT0"/>
            <SP HEIGHT="41" WIDTH="16" VPOS="1247" HPOS="777"/>
            <String HEIGHT="41" WIDTH="140" VPOS="1247" HPOS="731" CONTENT="in-4." ID="r1l81_10" STYLEREFS="FONT0"/>
            <SP HEIGHT="41" WIDTH="16" VPOS="1247" HPOS="870"/>
            <String HEIGHT="41" WIDTH="264" VPOS="1247" HPOS="824" CONTENT="Intéressante." ID="r1l81_11" STYLEREFS="FONT0"/>
            <SP HEIGHT="41" WIDTH="16" VPOS="1247" HPOS="1087"/>
            <String HEIGHT="41" WIDTH="78" VPOS="1247" HPOS="1041" CONTENT="4" ID="r1l81_12" STYLEREFS="FONT0"/>
            <SP HEIGHT="41" WIDTH="16" VPOS="1247" HPOS="1119"/>
            <String HEIGHT="41" WIDTH="47" VPOS="1247" HPOS="1056" CONTENT="»" ID="r1l81_13" STYLEREFS="FONT0"/>
          </TextLine>
          <TextLine ID="r1l83" BASELINE="1336" HEIGHT="68" WIDTH="1078" VPOS="1268" HPOS="26">
            <String HEIGHT="68" WIDTH="137" VPOS="1268" HPOS="11" CONTENT="19481" ID="r1l83_1" STYLEREFS="FONT0"/>
            <SP HEIGHT="68" WIDTH="15" VPOS="1268" HPOS="147"/>
            <String HEIGHT="68" WIDTH="182" VPOS="1268" HPOS="102" CONTENT="VAUBLANC" ID="r1l83_2" STYLEREFS="FONT0"/>
            <SP HEIGHT="68" WIDTH="15" VPOS="1268" HPOS="284"/>
            <String HEIGHT="68" WIDTH="182" VPOS="1268" HPOS="239" CONTENT="(VIENNOT" ID="r1l83_3" STYLEREFS="FONT0"/>
            <SP HEIGHT="68" WIDTH="15" VPOS="1268" HPOS="421"/>
            <String HEIGHT="68" WIDTH="121" VPOS="1268" HPOS="375" CONTENT="de)," ID="r1l83_4" STYLEREFS="FONT0"/>
            <SP HEIGHT="68" WIDTH="15" VPOS="1268" HPOS="497"/>
            <String HEIGHT="68" WIDTH="167" VPOS="1268" HPOS="451" CONTENT="député," ID="r1l83_5" STYLEREFS="FONT0"/>
            <SP HEIGHT="68" WIDTH="15" VPOS="1268" HPOS="618"/>
            <String HEIGHT="68" WIDTH="182" VPOS="1268" HPOS="573" CONTENT="ministre" ID="r1l83_6" STYLEREFS="FONT0"/>
            <SP HEIGHT="68" WIDTH="15" VPOS="1268" HPOS="755"/>
            <String HEIGHT="68" WIDTH="91" VPOS="1268" HPOS="709" CONTENT="et" ID="r1l83_7" STYLEREFS="FONT0"/>
            <SP HEIGHT="68" WIDTH="15" VPOS="1268" HPOS="800"/>
            <String HEIGHT="68" WIDTH="182" VPOS="1268" HPOS="755" CONTENT="écrivain" ID="r1l83_8" STYLEREFS="FONT0"/>
            <SP HEIGHT="68" WIDTH="15" VPOS="1268" HPOS="937"/>
            <String HEIGHT="68" WIDTH="213" VPOS="1268" HPOS="891" CONTENT="royaliste," ID="r1l83_9" STYLEREFS="FONT0"/>
            <SP HEIGHT="68" WIDTH="15" VPOS="1268" HPOS="1104"/>
            <String HEIGHT="68" WIDTH="61" VPOS="1268" HPOS="1043" CONTENT="de" ID="r1l83_10" STYLEREFS="FONT0"/>
          </TextLine>
          <TextLine ID="r1l85" BASELINE="1361" HEIGHT="43" WIDTH="964" VPOS="1318" HPOS="134">
            <String HEIGHT="43" WIDTH="180" VPOS="1318" HPOS="118" CONTENT="l’Acad." ID="r1l85_1" STYLEREFS="FONT0"/>
            <SP HEIGHT="43" WIDTH="16" VPOS="1318" HPOS="297"/>
            <String HEIGHT="43" WIDTH="114" VPOS="1318" HPOS="248" CONTENT="fr." ID="r1l85_2" STYLEREFS="FONT0"/>
            <SP HEIGHT="43" WIDTH="16" VPOS="1318" HPOS="363"/>
            <String HEIGHT="43" WIDTH="147" VPOS="1318" HPOS="314" CONTENT="L." ID="r1l85_3" STYLEREFS="FONT2"/>
            <SP HEIGHT="43" WIDTH="16" VPOS="1318" HPOS="461"/>
            <String HEIGHT="43" WIDTH="98" VPOS="1318" HPOS="412" CONTENT="a." ID="r1l85_4" STYLEREFS="FONT2"/>
            <SP HEIGHT="43" WIDTH="16" VPOS="1318" HPOS="510"/>
            <String HEIGHT="43" WIDTH="180" VPOS="1318" HPOS="461" CONTENT="s." ID="r1l85_5" STYLEREFS="FONT2"/>
            <SP HEIGHT="43" WIDTH="16" VPOS="1318" HPOS="641"/>
            <String HEIGHT="43" WIDTH="98" VPOS="1318" HPOS="591" CONTENT="28" ID="r1l85_6" STYLEREFS="FONT0"/>
            <SP HEIGHT="43" WIDTH="16" VPOS="1318" HPOS="690"/>
            <String HEIGHT="43" WIDTH="163" VPOS="1318" HPOS="641" CONTENT="juill." ID="r1l85_7" STYLEREFS="FONT0"/>
            <SP HEIGHT="43" WIDTH="16" VPOS="1318" HPOS="804"/>
            <String HEIGHT="43" WIDTH="147" VPOS="1318" HPOS="755" CONTENT="1826," ID="r1l85_8" STYLEREFS="FONT0"/>
            <SP HEIGHT="43" WIDTH="16" VPOS="1318" HPOS="902"/>
            <String HEIGHT="43" WIDTH="82" VPOS="1318" HPOS="853" CONTENT="1" ID="r1l85_9" STYLEREFS="FONT0"/>
            <SP HEIGHT="43" WIDTH="16" VPOS="1318" HPOS="935"/>
            <String HEIGHT="43" WIDTH="98" VPOS="1318" HPOS="886" CONTENT="p." ID="r1l85_10" STYLEREFS="FONT0"/>
            <SP HEIGHT="43" WIDTH="16" VPOS="1318" HPOS="984"/>
            <String HEIGHT="43" WIDTH="147" VPOS="1318" HPOS="935" CONTENT="in-4." ID="r1l85_11" STYLEREFS="FONT0"/>
            <SP HEIGHT="43" WIDTH="16" VPOS="1318" HPOS="1082"/>
            <String HEIGHT="43" WIDTH="82" VPOS="1318" HPOS="1033" CONTENT="2" ID="r1l85_12" STYLEREFS="FONT0"/>
            <SP HEIGHT="43" WIDTH="16" VPOS="1318" HPOS="1114"/>
            <String HEIGHT="43" WIDTH="49" VPOS="1318" HPOS="1049" CONTENT="»" ID="r1l85_13" STYLEREFS="FONT0"/>
          </TextLine>
          <TextLine ID="r1l89" BASELINE="1399" HEIGHT="60" WIDTH="1080" VPOS="1339" HPOS="23">
            <String HEIGHT="60" WIDTH="143" VPOS="1339" HPOS="7" CONTENT="19482" ID="r1l89_1" STYLEREFS="FONT0"/>
            <SP HEIGHT="60" WIDTH="16" VPOS="1339" HPOS="150"/>
            <String HEIGHT="60" WIDTH="318" VPOS="1339" HPOS="102" CONTENT="VILLARET-JOYEUSE" ID="r1l89_2" STYLEREFS="FONT0"/>
            <SP HEIGHT="60" WIDTH="16" VPOS="1339" HPOS="420"/>
            <String HEIGHT="60" WIDTH="111" VPOS="1339" HPOS="372" CONTENT="(L." ID="r1l89_3" STYLEREFS="FONT0"/>
            <SP HEIGHT="60" WIDTH="16" VPOS="1339" HPOS="484"/>
            <String HEIGHT="60" WIDTH="191" VPOS="1339" HPOS="436" CONTENT="Thomas)," ID="r1l89_4" STYLEREFS="FONT0"/>
            <SP HEIGHT="60" WIDTH="16" VPOS="1339" HPOS="627"/>
            <String HEIGHT="60" WIDTH="175" VPOS="1339" HPOS="579" CONTENT="amiral," ID="r1l89_5" STYLEREFS="FONT0"/>
            <SP HEIGHT="60" WIDTH="16" VPOS="1339" HPOS="754"/>
            <String HEIGHT="60" WIDTH="222" VPOS="1339" HPOS="706" CONTENT="commandant" ID="r1l89_6" STYLEREFS="FONT0"/>
            <SP HEIGHT="60" WIDTH="16" VPOS="1339" HPOS="928"/>
            <String HEIGHT="60" WIDTH="95" VPOS="1339" HPOS="881" CONTENT="la" ID="r1l89_7" STYLEREFS="FONT0"/>
            <SP HEIGHT="60" WIDTH="16" VPOS="1339" HPOS="976"/>
            <String HEIGHT="60" WIDTH="159" VPOS="1339" HPOS="928" CONTENT="flotte" ID="r1l89_8" STYLEREFS="FONT0"/>
            <SP HEIGHT="60" WIDTH="16" VPOS="1339" HPOS="1087"/>
            <String HEIGHT="60" WIDTH="79" VPOS="1339" HPOS="1024" CONTENT="ré" SUBS_TYPE="HypPart1" SUBS_CONTENT="républicaine" ID="r1l89_9" STYLEREFS="FONT0"/>
            <HYP CONTENT="-"/>
          </TextLine>
          <TextLine ID="r1l90" BASELINE="1433" HEIGHT="42" WIDTH="968" VPOS="1391" HPOS="128">
            <String HEIGHT="42" WIDTH="215" VPOS="1391" HPOS="113" CONTENT="publicaine" SUBS_TYPE="HypPart2" SUBS_CONTENT="républicaine" ID="r1l90_1" STYLEREFS="FONT0"/>
            <SP HEIGHT="42" WIDTH="15" VPOS="1391" HPOS="328"/>
            <String HEIGHT="42" WIDTH="92" VPOS="1391" HPOS="282" CONTENT="au" ID="r1l90_2" STYLEREFS="FONT0"/>
            <SP HEIGHT="42" WIDTH="15" VPOS="1391" HPOS="374"/>
            <String HEIGHT="42" WIDTH="154" VPOS="1391" HPOS="328" CONTENT="combat" ID="r1l90_3" STYLEREFS="FONT0"/>
            <SP HEIGHT="42" WIDTH="15" VPOS="1391" HPOS="481"/>
            <String HEIGHT="42" WIDTH="92" VPOS="1391" HPOS="435" CONTENT="où" ID="r1l90_4" STYLEREFS="FONT0"/>
            <SP HEIGHT="42" WIDTH="15" VPOS="1391" HPOS="527"/>
            <String HEIGHT="42" WIDTH="184" VPOS="1391" HPOS="481" CONTENT="périrent" ID="r1l90_5" STYLEREFS="FONT0"/>
            <SP HEIGHT="42" WIDTH="15" VPOS="1391" HPOS="666"/>
            <String HEIGHT="42" WIDTH="92" VPOS="1391" HPOS="620" CONTENT="si" ID="r1l90_6" STYLEREFS="FONT0"/>
            <SP HEIGHT="42" WIDTH="15" VPOS="1391" HPOS="712"/>
            <String HEIGHT="42" WIDTH="261" VPOS="1391" HPOS="666" CONTENT="glorieusement" ID="r1l90_7" STYLEREFS="FONT0"/>
            <SP HEIGHT="42" WIDTH="15" VPOS="1391" HPOS="927"/>
            <String HEIGHT="42" WIDTH="108" VPOS="1391" HPOS="881" CONTENT="les" ID="r1l90_8" STYLEREFS="FONT0"/>
            <SP HEIGHT="42" WIDTH="15" VPOS="1391" HPOS="988"/>
            <String HEIGHT="42" WIDTH="154" VPOS="1391" HPOS="942" CONTENT="marins" ID="r1l90_9" STYLEREFS="FONT0"/>
            <SP HEIGHT="42" WIDTH="15" VPOS="1391" HPOS="1096"/>
            <String HEIGHT="42" WIDTH="61" VPOS="1391" HPOS="1035" CONTENT="du" ID="r1l90_10" STYLEREFS="FONT0"/>
          </TextLine>
          <TextLine ID="r1l91" BASELINE="1459" HEIGHT="34" WIDTH="962" VPOS="1425" HPOS="131">
            <String HEIGHT="34" WIDTH="154" VPOS="1425" HPOS="118" CONTENT="vaisseau" ID="r1l91_1" STYLEREFS="FONT0"/>
            <SP HEIGHT="34" WIDTH="13" VPOS="1425" HPOS="272"/>
            <String HEIGHT="34" WIDTH="77" VPOS="1425" HPOS="234" CONTENT="le" ID="r1l91_2" STYLEREFS="FONT0"/>
            <SP HEIGHT="34" WIDTH="13" VPOS="1425" HPOS="311"/>
            <String HEIGHT="34" WIDTH="192" VPOS="1425" HPOS="272" CONTENT="Vengeur." ID="r1l91_3" STYLEREFS="FONT2"/>
            <SP HEIGHT="34" WIDTH="13" VPOS="1425" HPOS="464"/>
            <String HEIGHT="34" WIDTH="77" VPOS="1425" HPOS="426" CONTENT="L." ID="r1l91_4" STYLEREFS="FONT2"/>
            <SP HEIGHT="34" WIDTH="13" VPOS="1425" HPOS="503"/>
            <String HEIGHT="34" WIDTH="77" VPOS="1425" HPOS="464" CONTENT="a." ID="r1l91_5" STYLEREFS="FONT2"/>
            <SP HEIGHT="34" WIDTH="13" VPOS="1425" HPOS="541"/>
            <String HEIGHT="34" WIDTH="128" VPOS="1425" HPOS="503" CONTENT="s." ID="r1l91_6" STYLEREFS="FONT2"/>
            <SP HEIGHT="34" WIDTH="13" VPOS="1425" HPOS="631"/>
            <String HEIGHT="34" WIDTH="64" VPOS="1425" HPOS="593" CONTENT="à" ID="r1l91_7" STYLEREFS="FONT0"/>
            <SP HEIGHT="34" WIDTH="13" VPOS="1425" HPOS="657"/>
            <String HEIGHT="34" WIDTH="77" VPOS="1425" HPOS="618" CONTENT="M." ID="r1l91_8" STYLEREFS="FONT0"/>
            <SP HEIGHT="34" WIDTH="13" VPOS="1425" HPOS="695"/>
            <String HEIGHT="34" WIDTH="167" VPOS="1425" HPOS="657" CONTENT="Bresseau;" ID="r1l91_9" STYLEREFS="FONT0"/>
            <SP HEIGHT="34" WIDTH="13" VPOS="1425" HPOS="824"/>
            <String HEIGHT="34" WIDTH="103" VPOS="1425" HPOS="785" CONTENT="fort" ID="r1l91_10" STYLEREFS="FONT0"/>
            <SP HEIGHT="34" WIDTH="13" VPOS="1425" HPOS="888"/>
            <String HEIGHT="34" WIDTH="77" VPOS="1425" HPOS="849" CONTENT="de" ID="r1l91_11" STYLEREFS="FONT0"/>
            <SP HEIGHT="34" WIDTH="13" VPOS="1425" HPOS="926"/>
            <String HEIGHT="34" WIDTH="141" VPOS="1425" HPOS="888" CONTENT="France," ID="r1l91_12" STYLEREFS="FONT0"/>
            <SP HEIGHT="34" WIDTH="13" VPOS="1425" HPOS="1029"/>
            <String HEIGHT="34" WIDTH="77" VPOS="1425" HPOS="990" CONTENT="30" ID="r1l91_13" STYLEREFS="FONT0"/>
            <SP HEIGHT="34" WIDTH="13" VPOS="1425" HPOS="1067"/>
            <String HEIGHT="34" WIDTH="77" VPOS="1425" HPOS="1016" CONTENT="mars" ID="r1l91_14" STYLEREFS="FONT0"/>
          </TextLine>
          <TextLine ID="r1l92" BASELINE="1496" HEIGHT="39" WIDTH="971" VPOS="1457" HPOS="128">
            <String HEIGHT="39" WIDTH="168" VPOS="1457" HPOS="109" CONTENT="1806," ID="r1l92_1" STYLEREFS="FONT0"/>
            <SP HEIGHT="39" WIDTH="19" VPOS="1457" HPOS="277"/>
            <String HEIGHT="39" WIDTH="93" VPOS="1457" HPOS="221" CONTENT="1" ID="r1l92_2" STYLEREFS="FONT0"/>
            <SP HEIGHT="39" WIDTH="19" VPOS="1457" HPOS="315"/>
            <String HEIGHT="39" WIDTH="112" VPOS="1457" HPOS="259" CONTENT="p." ID="r1l92_3" STYLEREFS="FONT0"/>
            <SP HEIGHT="39" WIDTH="19" VPOS="1457" HPOS="371"/>
            <String HEIGHT="39" WIDTH="131" VPOS="1457" HPOS="315" CONTENT="pl." ID="r1l92_4" STYLEREFS="FONT0"/>
            <SP HEIGHT="39" WIDTH="19" VPOS="1457" HPOS="445"/>
            <String HEIGHT="39" WIDTH="224" VPOS="1457" HPOS="389" CONTENT="in-fol.," ID="r1l92_5" STYLEREFS="FONT0"/>
            <SP HEIGHT="39" WIDTH="19" VPOS="1457" HPOS="614"/>
            <String HEIGHT="39" WIDTH="149" VPOS="1457" HPOS="557" CONTENT="tête" ID="r1l92_6" STYLEREFS="FONT0"/>
            <SP HEIGHT="39" WIDTH="19" VPOS="1457" HPOS="707"/>
            <String HEIGHT="39" WIDTH="168" VPOS="1457" HPOS="651" CONTENT="impr." ID="r1l92_7" STYLEREFS="FONT0"/>
            <SP HEIGHT="39" WIDTH="19" VPOS="1457" HPOS="819"/>
            <String HEIGHT="39" WIDTH="112" VPOS="1457" HPOS="763" CONTENT="et" ID="r1l92_8" STYLEREFS="FONT0"/>
            <SP HEIGHT="39" WIDTH="19" VPOS="1457" HPOS="875"/>
            <String HEIGHT="39" WIDTH="243" VPOS="1457" HPOS="819" CONTENT="vignette." ID="r1l92_9" STYLEREFS="FONT0"/>
            <SP HEIGHT="39" WIDTH="19" VPOS="1457" HPOS="1062"/>
            <String HEIGHT="39" WIDTH="93" VPOS="1457" HPOS="1006" CONTENT="2" ID="r1l92_10" STYLEREFS="FONT0"/>
            <SP HEIGHT="39" WIDTH="19" VPOS="1457" HPOS="1099"/>
            <String HEIGHT="39" WIDTH="75" VPOS="1457" HPOS="1024" CONTENT="50" ID="r1l92_11" STYLEREFS="FONT0"/>
          </TextLine>
          <TextLine ID="r1l95" BASELINE="1543" HEIGHT="73" WIDTH="1069" VPOS="1470" HPOS="23">
            <String HEIGHT="73" WIDTH="120" VPOS="1470" HPOS="10" CONTENT="19483" ID="r1l95_1" STYLEREFS="FONT0"/>
            <SP HEIGHT="73" WIDTH="13" VPOS="1470" HPOS="130"/>
            <String HEIGHT="73" WIDTH="134" VPOS="1470" HPOS="90" CONTENT="VOLNEY" ID="r1l95_2" STYLEREFS="FONT0"/>
            <SP HEIGHT="73" WIDTH="13" VPOS="1470" HPOS="223"/>
            <String HEIGHT="73" WIDTH="94" VPOS="1470" HPOS="183" CONTENT="(le" ID="r1l95_3" STYLEREFS="FONT0"/>
            <SP HEIGHT="73" WIDTH="13" VPOS="1470" HPOS="277"/>
            <String HEIGHT="73" WIDTH="120" VPOS="1470" HPOS="237" CONTENT="comte" ID="r1l95_4" STYLEREFS="FONT0"/>
            <SP HEIGHT="73" WIDTH="13" VPOS="1470" HPOS="357"/>
            <String HEIGHT="73" WIDTH="107" VPOS="1470" HPOS="317" CONTENT="de)," ID="r1l95_5" STYLEREFS="FONT0"/>
            <SP HEIGHT="73" WIDTH="13" VPOS="1470" HPOS="424"/>
            <String HEIGHT="73" WIDTH="160" VPOS="1470" HPOS="384" CONTENT="écrivain" ID="r1l95_6" STYLEREFS="FONT0"/>
            <SP HEIGHT="73" WIDTH="13" VPOS="1470" HPOS="544"/>
            <String HEIGHT="73" WIDTH="200" VPOS="1470" HPOS="504" CONTENT="philosophe," ID="r1l95_7" STYLEREFS="FONT0"/>
            <SP HEIGHT="73" WIDTH="13" VPOS="1470" HPOS="704"/>
            <String HEIGHT="73" WIDTH="160" VPOS="1470" HPOS="664" CONTENT="l’auteur" ID="r1l95_8" STYLEREFS="FONT0"/>
            <SP HEIGHT="73" WIDTH="13" VPOS="1470" HPOS="825"/>
            <String HEIGHT="73" WIDTH="94" VPOS="1470" HPOS="785" CONTENT="des" ID="r1l95_9" STYLEREFS="FONT0"/>
            <SP HEIGHT="73" WIDTH="13" VPOS="1470" HPOS="878"/>
            <String HEIGHT="73" WIDTH="200" VPOS="1470" HPOS="838" CONTENT="Ruinesi." ID="r1l95_10" STYLEREFS="FONT2"/>
            <SP HEIGHT="73" WIDTH="13" VPOS="1470" HPOS="1039"/>
            <String HEIGHT="73" WIDTH="107" VPOS="1470" HPOS="985" CONTENT="L." ID="r1l95_11" STYLEREFS="FONT2"/>
          </TextLine>
          <TextLine ID="r1l97" BASELINE="1566" HEIGHT="35" WIDTH="979" VPOS="1531" HPOS="126">
            <String HEIGHT="35" WIDTH="205" VPOS="1531" HPOS="103" CONTENT="a." ID="r1l97_1" STYLEREFS="FONT2"/>
            <SP HEIGHT="35" WIDTH="23" VPOS="1531" HPOS="308"/>
            <String HEIGHT="35" WIDTH="228" VPOS="1531" HPOS="240" CONTENT="s." ID="r1l97_2" STYLEREFS="FONT2"/>
            <SP HEIGHT="35" WIDTH="23" VPOS="1531" HPOS="468"/>
            <String HEIGHT="35" WIDTH="114" VPOS="1531" HPOS="399" CONTENT="à" ID="r1l97_3" STYLEREFS="FONT0"/>
            <SP HEIGHT="35" WIDTH="23" VPOS="1531" HPOS="513"/>
            <String HEIGHT="35" WIDTH="137" VPOS="1531" HPOS="445" CONTENT="M." ID="r1l97_4" STYLEREFS="FONT0"/>
            <SP HEIGHT="35" WIDTH="23" VPOS="1531" HPOS="581"/>
            <String HEIGHT="35" WIDTH="273" VPOS="1531" HPOS="513" CONTENT="Jaubert," ID="r1l97_5" STYLEREFS="FONT0"/>
            <SP HEIGHT="35" WIDTH="23" VPOS="1531" HPOS="786"/>
            <String HEIGHT="35" WIDTH="159" VPOS="1531" HPOS="718" CONTENT="1/2" ID="r1l97_6" STYLEREFS="FONT0"/>
            <SP HEIGHT="35" WIDTH="23" VPOS="1531" HPOS="877"/>
            <String HEIGHT="35" WIDTH="137" VPOS="1531" HPOS="809" CONTENT="p." ID="r1l97_7" STYLEREFS="FONT0"/>
            <SP HEIGHT="35" WIDTH="23" VPOS="1531" HPOS="946"/>
            <String HEIGHT="35" WIDTH="205" VPOS="1531" HPOS="877" CONTENT="in-8." ID="r1l97_8" STYLEREFS="FONT0"/>
            <SP HEIGHT="35" WIDTH="23" VPOS="1531" HPOS="1082"/>
            <String HEIGHT="35" WIDTH="114" VPOS="1531" HPOS="1014" CONTENT="3" ID="r1l97_9" STYLEREFS="FONT0"/>
            <SP HEIGHT="35" WIDTH="23" VPOS="1531" HPOS="1128"/>
            <String HEIGHT="35" WIDTH="68" VPOS="1531" HPOS="1037" CONTENT="»" ID="r1l97_10" STYLEREFS="FONT0"/>
          </TextLine>
          <TextLine ID="r1l100" BASELINE="1622" HEIGHT="74" WIDTH="1073" VPOS="1548" HPOS="26">
            <String HEIGHT="74" WIDTH="114" VPOS="1548" HPOS="13" CONTENT="19484" ID="r1l100_1" STYLEREFS="FONT0"/>
            <SP HEIGHT="74" WIDTH="13" VPOS="1548" HPOS="127"/>
            <String HEIGHT="74" WIDTH="151" VPOS="1548" HPOS="89" CONTENT="VOLTAIRE" ID="r1l100_2" STYLEREFS="FONT0"/>
            <SP HEIGHT="74" WIDTH="13" VPOS="1548" HPOS="241"/>
            <String HEIGHT="74" WIDTH="88" VPOS="1548" HPOS="203" CONTENT="(F." ID="r1l100_3" STYLEREFS="FONT0"/>
            <SP HEIGHT="74" WIDTH="13" VPOS="1548" HPOS="291"/>
            <String HEIGHT="74" WIDTH="76" VPOS="1548" HPOS="253" CONTENT="M." ID="r1l100_4" STYLEREFS="FONT0"/>
            <SP HEIGHT="74" WIDTH="13" VPOS="1548" HPOS="329"/>
            <String HEIGHT="74" WIDTH="126" VPOS="1548" HPOS="291" CONTENT="Arouet" ID="r1l100_5" STYLEREFS="FONT0"/>
            <SP HEIGHT="74" WIDTH="13" VPOS="1548" HPOS="417"/>
            <String HEIGHT="74" WIDTH="101" VPOS="1548" HPOS="379" CONTENT="de)," ID="r1l100_6" STYLEREFS="FONT0"/>
            <SP HEIGHT="74" WIDTH="13" VPOS="1548" HPOS="480"/>
            <String HEIGHT="74" WIDTH="114" VPOS="1548" HPOS="443" CONTENT="notre" ID="r1l100_7" STYLEREFS="FONT0"/>
            <SP HEIGHT="74" WIDTH="13" VPOS="1548" HPOS="556"/>
            <String HEIGHT="74" WIDTH="114" VPOS="1548" HPOS="518" CONTENT="grand" ID="r1l100_8" STYLEREFS="FONT0"/>
            <SP HEIGHT="74" WIDTH="13" VPOS="1548" HPOS="632"/>
            <String HEIGHT="74" WIDTH="164" VPOS="1548" HPOS="594" CONTENT="écrivain." ID="r1l100_9" STYLEREFS="FONT0"/>
            <SP HEIGHT="74" WIDTH="13" VPOS="1548" HPOS="758"/>
            <String HEIGHT="74" WIDTH="114" VPOS="1548" HPOS="720" CONTENT="L." ID="r1l100_10" STYLEREFS="FONT2"/>
            <SP HEIGHT="74" WIDTH="13" VPOS="1548" HPOS="834"/>
            <String HEIGHT="74" WIDTH="126" VPOS="1548" HPOS="796" CONTENT="s." ID="r1l100_11" STYLEREFS="FONT2"/>
            <SP HEIGHT="74" WIDTH="13" VPOS="1548" HPOS="922"/>
            <String HEIGHT="74" WIDTH="227" VPOS="1548" HPOS="872" CONTENT="l'aveugle" ID="r1l100_12" STYLEREFS="FONT2"/>
          </TextLine>
          <TextLine ID="r1l101" BASELINE="1639" HEIGHT="41" WIDTH="979" VPOS="1598" HPOS="125">
            <String HEIGHT="41" WIDTH="163" VPOS="1598" HPOS="110" CONTENT="V" ID="r1l101_1" STYLEREFS="FONT2"/>
            <SP HEIGHT="41" WIDTH="15" VPOS="1598" HPOS="273"/>
            <String HEIGHT="41" WIDTH="89" VPOS="1598" HPOS="229" CONTENT="au" ID="r1l101_2" STYLEREFS="FONT0"/>
            <SP HEIGHT="41" WIDTH="15" VPOS="1598" HPOS="318"/>
            <String HEIGHT="41" WIDTH="178" VPOS="1598" HPOS="273" CONTENT="maréchal" ID="r1l101_3" STYLEREFS="FONT0"/>
            <SP HEIGHT="41" WIDTH="15" VPOS="1598" HPOS="451"/>
            <String HEIGHT="41" WIDTH="89" VPOS="1598" HPOS="407" CONTENT="de" ID="r1l101_4" STYLEREFS="FONT0"/>
            <SP HEIGHT="41" WIDTH="15" VPOS="1598" HPOS="496"/>
            <String HEIGHT="41" WIDTH="208" VPOS="1598" HPOS="451" CONTENT="Richelieu;" ID="r1l101_5" STYLEREFS="FONT0"/>
            <SP HEIGHT="41" WIDTH="15" VPOS="1598" HPOS="659"/>
            <String HEIGHT="41" WIDTH="89" VPOS="1598" HPOS="615" CONTENT="21" ID="r1l101_6" STYLEREFS="FONT0"/>
            <SP HEIGHT="41" WIDTH="15" VPOS="1598" HPOS="704"/>
            <String HEIGHT="41" WIDTH="163" VPOS="1598" HPOS="659" CONTENT="auguste" ID="r1l101_7" STYLEREFS="FONT0"/>
            <SP HEIGHT="41" WIDTH="15" VPOS="1598" HPOS="822"/>
            <String HEIGHT="41" WIDTH="134" VPOS="1598" HPOS="778" CONTENT="1763," ID="r1l101_8" STYLEREFS="FONT0"/>
            <SP HEIGHT="41" WIDTH="15" VPOS="1598" HPOS="911"/>
            <String HEIGHT="41" WIDTH="74" VPOS="1598" HPOS="867" CONTENT="3" ID="r1l101_9" STYLEREFS="FONT0"/>
            <SP HEIGHT="41" WIDTH="15" VPOS="1598" HPOS="941"/>
            <String HEIGHT="41" WIDTH="89" VPOS="1598" HPOS="896" CONTENT="p." ID="r1l101_10" STYLEREFS="FONT0"/>
            <SP HEIGHT="41" WIDTH="15" VPOS="1598" HPOS="985"/>
            <String HEIGHT="41" WIDTH="134" VPOS="1598" HPOS="941" CONTENT="in-4." ID="r1l101_11" STYLEREFS="FONT0"/>
            <SP HEIGHT="41" WIDTH="15" VPOS="1598" HPOS="1074"/>
            <String HEIGHT="41" WIDTH="89" VPOS="1598" HPOS="1030" CONTENT="17" ID="r1l101_12" STYLEREFS="FONT0"/>
            <SP HEIGHT="41" WIDTH="15" VPOS="1598" HPOS="1119"/>
            <String HEIGHT="41" WIDTH="45" VPOS="1598" HPOS="1060" CONTENT="»" ID="r1l101_13" STYLEREFS="FONT0"/>
          </TextLine>
          <TextLine ID="r1l104" BASELINE="1672" HEIGHT="44" WIDTH="930" VPOS="1628" HPOS="166">
            <String HEIGHT="44" WIDTH="247" VPOS="1628" HPOS="151" CONTENT="Très-curieuse" ID="r1l104_1" STYLEREFS="FONT0"/>
            <SP HEIGHT="44" WIDTH="15" VPOS="1628" HPOS="399"/>
            <String HEIGHT="44" WIDTH="160" VPOS="1628" HPOS="355" CONTENT="épître." ID="r1l104_2" STYLEREFS="FONT0"/>
            <SP HEIGHT="44" WIDTH="15" VPOS="1628" HPOS="515"/>
            <String HEIGHT="44" WIDTH="87" VPOS="1628" HPOS="471" CONTENT="M." ID="r1l104_3" STYLEREFS="FONT0"/>
            <SP HEIGHT="44" WIDTH="15" VPOS="1628" HPOS="558"/>
            <String HEIGHT="44" WIDTH="87" VPOS="1628" HPOS="515" CONTENT="de" ID="r1l104_4" STYLEREFS="FONT0"/>
            <SP HEIGHT="44" WIDTH="15" VPOS="1628" HPOS="602"/>
            <String HEIGHT="44" WIDTH="203" VPOS="1628" HPOS="558" CONTENT="Montperoux" ID="r1l104_5" STYLEREFS="FONT0"/>
            <SP HEIGHT="44" WIDTH="15" VPOS="1628" HPOS="762"/>
            <String HEIGHT="44" WIDTH="102" VPOS="1628" HPOS="718" CONTENT="lui" ID="r1l104_6" STYLEREFS="FONT0"/>
            <SP HEIGHT="44" WIDTH="15" VPOS="1628" HPOS="820"/>
            <String HEIGHT="44" WIDTH="73" VPOS="1628" HPOS="776" CONTENT="a" ID="r1l104_7" STYLEREFS="FONT0"/>
            <SP HEIGHT="44" WIDTH="15" VPOS="1628" HPOS="849"/>
            <String HEIGHT="44" WIDTH="116" VPOS="1628" HPOS="805" CONTENT="sans" ID="r1l104_8" STYLEREFS="FONT0"/>
            <SP HEIGHT="44" WIDTH="15" VPOS="1628" HPOS="922"/>
            <String HEIGHT="44" WIDTH="131" VPOS="1628" HPOS="878" CONTENT="doute" ID="r1l104_9" STYLEREFS="FONT0"/>
            <SP HEIGHT="44" WIDTH="15" VPOS="1628" HPOS="1009"/>
            <String HEIGHT="44" WIDTH="131" VPOS="1628" HPOS="965" CONTENT="conté" ID="r1l104_10" STYLEREFS="FONT0"/>
            <SP HEIGHT="44" WIDTH="15" VPOS="1628" HPOS="1096"/>
            <String HEIGHT="44" WIDTH="58" VPOS="1628" HPOS="1038" CONTENT="la" ID="r1l104_11" STYLEREFS="FONT0"/>
          </TextLine>
          <TextLine ID="r1l105" BASELINE="1715" HEIGHT="51" WIDTH="973" VPOS="1664" HPOS="126">
            <String HEIGHT="51" WIDTH="144" VPOS="1664" HPOS="110" CONTENT="farce" ID="r1l105_1" STYLEREFS="FONT0"/>
            <SP HEIGHT="51" WIDTH="16" VPOS="1664" HPOS="254"/>
            <String HEIGHT="51" WIDTH="96" VPOS="1664" HPOS="206" CONTENT="de" ID="r1l105_2" STYLEREFS="FONT0"/>
            <SP HEIGHT="51" WIDTH="16" VPOS="1664" HPOS="301"/>
            <String HEIGHT="51" WIDTH="175" VPOS="1664" HPOS="254" CONTENT="Genève." ID="r1l105_3" STYLEREFS="FONT0"/>
            <SP HEIGHT="51" WIDTH="16" VPOS="1664" HPOS="429"/>
            <String HEIGHT="51" WIDTH="144" VPOS="1664" HPOS="381" CONTENT="«Vous" ID="r1l105_4" STYLEREFS="FONT0"/>
            <SP HEIGHT="51" WIDTH="16" VPOS="1664" HPOS="525"/>
            <String HEIGHT="51" WIDTH="160" VPOS="1664" HPOS="477" CONTENT="verrez" ID="r1l105_5" STYLEREFS="FONT0"/>
            <SP HEIGHT="51" WIDTH="16" VPOS="1664" HPOS="636"/>
            <String HEIGHT="51" WIDTH="144" VPOS="1664" HPOS="589" CONTENT="comme" ID="r1l105_6" STYLEREFS="FONT0"/>
            <SP HEIGHT="51" WIDTH="16" VPOS="1664" HPOS="732"/>
            <String HEIGHT="51" WIDTH="112" VPOS="1664" HPOS="684" CONTENT="les" ID="r1l105_7" STYLEREFS="FONT0"/>
            <SP HEIGHT="51" WIDTH="16" VPOS="1664" HPOS="796"/>
            <String HEIGHT="51" WIDTH="175" VPOS="1664" HPOS="748" CONTENT="enfants" ID="r1l105_8" STYLEREFS="FONT0"/>
            <SP HEIGHT="51" WIDTH="16" VPOS="1664" HPOS="924"/>
            <String HEIGHT="51" WIDTH="96" VPOS="1664" HPOS="876" CONTENT="de" ID="r1l105_9" STYLEREFS="FONT0"/>
            <SP HEIGHT="51" WIDTH="16" VPOS="1664" HPOS="971"/>
            <String HEIGHT="51" WIDTH="160" VPOS="1664" HPOS="924" CONTENT="Calvin" ID="r1l105_10" STYLEREFS="FONT0"/>
            <SP HEIGHT="51" WIDTH="16" VPOS="1664" HPOS="1083"/>
            <String HEIGHT="51" WIDTH="80" VPOS="1664" HPOS="1019" CONTENT="ont" ID="r1l105_11" STYLEREFS="FONT0"/>
          </TextLine>
          <TextLine ID="r1l106" BASELINE="1739" HEIGHT="41" WIDTH="960" VPOS="1698" HPOS="131">
            <String HEIGHT="41" WIDTH="153" VPOS="1698" HPOS="117" CONTENT="changé." ID="r1l106_1" STYLEREFS="FONT0"/>
            <SP HEIGHT="41" WIDTH="14" VPOS="1698" HPOS="270"/>
            <String HEIGHT="41" WIDTH="83" VPOS="1698" HPOS="228" CONTENT="Il" ID="r1l106_2" STYLEREFS="FONT0"/>
            <SP HEIGHT="41" WIDTH="14" VPOS="1698" HPOS="312"/>
            <String HEIGHT="41" WIDTH="97" VPOS="1698" HPOS="270" CONTENT="est" ID="r1l106_3" STYLEREFS="FONT0"/>
            <SP HEIGHT="41" WIDTH="14" VPOS="1698" HPOS="368"/>
            <String HEIGHT="41" WIDTH="125" VPOS="1698" HPOS="326" CONTENT="assez" ID="r1l106_4" STYLEREFS="FONT0"/>
            <SP HEIGHT="41" WIDTH="14" VPOS="1698" HPOS="451"/>
            <String HEIGHT="41" WIDTH="167" VPOS="1698" HPOS="409" CONTENT="plaisant" ID="r1l106_5" STYLEREFS="FONT0"/>
            <SP HEIGHT="41" WIDTH="14" VPOS="1698" HPOS="576"/>
            <String HEIGHT="41" WIDTH="83" VPOS="1698" HPOS="534" CONTENT="de" ID="r1l106_6" STYLEREFS="FONT0"/>
            <SP HEIGHT="41" WIDTH="14" VPOS="1698" HPOS="618"/>
            <String HEIGHT="41" WIDTH="111" VPOS="1698" HPOS="576" CONTENT="voir" ID="r1l106_7" STYLEREFS="FONT0"/>
            <SP HEIGHT="41" WIDTH="14" VPOS="1698" HPOS="688"/>
            <String HEIGHT="41" WIDTH="111" VPOS="1698" HPOS="646" CONTENT="tout" ID="r1l106_8" STYLEREFS="FONT0"/>
            <SP HEIGHT="41" WIDTH="14" VPOS="1698" HPOS="757"/>
            <String HEIGHT="41" WIDTH="83" VPOS="1698" HPOS="715" CONTENT="un" ID="r1l106_9" STYLEREFS="FONT0"/>
            <SP HEIGHT="41" WIDTH="14" VPOS="1698" HPOS="799"/>
            <String HEIGHT="41" WIDTH="139" VPOS="1698" HPOS="757" CONTENT="peuple" ID="r1l106_10" STYLEREFS="FONT0"/>
            <SP HEIGHT="41" WIDTH="14" VPOS="1698" HPOS="896"/>
            <String HEIGHT="41" WIDTH="167" VPOS="1698" HPOS="854" CONTENT="demander" ID="r1l106_11" STYLEREFS="FONT0"/>
            <SP HEIGHT="41" WIDTH="14" VPOS="1698" HPOS="1021"/>
            <String HEIGHT="41" WIDTH="125" VPOS="1698" HPOS="966" CONTENT="répara" SUBS_TYPE="HypPart1" SUBS_CONTENT="réparation" ID="r1l106_12" STYLEREFS="FONT0"/>
            <HYP CONTENT="-"/>
          </TextLine>
          <TextLine ID="r1l107" BASELINE="1770" HEIGHT="32" WIDTH="966" VPOS="1738" HPOS="126">
            <String HEIGHT="32" WIDTH="115" VPOS="1738" HPOS="112" CONTENT="tion" SUBS_TYPE="HypPart2" SUBS_CONTENT="réparation" ID="r1l107_1" STYLEREFS="FONT0"/>
            <SP HEIGHT="32" WIDTH="14" VPOS="1738" HPOS="227"/>
            <String HEIGHT="32" WIDTH="115" VPOS="1738" HPOS="184" CONTENT="pour" ID="r1l107_2" STYLEREFS="FONT0"/>
            <SP HEIGHT="32" WIDTH="14" VPOS="1738" HPOS="299"/>
            <String HEIGHT="32" WIDTH="231" VPOS="1738" HPOS="256" CONTENT="Jean-Jacques" ID="r1l107_3" STYLEREFS="FONT0"/>
            <SP HEIGHT="32" WIDTH="14" VPOS="1738" HPOS="486"/>
            <String HEIGHT="32" WIDTH="202" VPOS="1738" HPOS="443" CONTENT="Rousseau.»" ID="r1l107_4" STYLEREFS="FONT0"/>
            <SP HEIGHT="32" WIDTH="14" VPOS="1738" HPOS="645"/>
            <String HEIGHT="32" WIDTH="101" VPOS="1738" HPOS="602" CONTENT="Ils" ID="r1l107_5" STYLEREFS="FONT0"/>
            <SP HEIGHT="32" WIDTH="14" VPOS="1738" HPOS="703"/>
            <String HEIGHT="32" WIDTH="202" VPOS="1738" HPOS="659" CONTENT="prétendent" ID="r1l107_6" STYLEREFS="FONT0"/>
            <SP HEIGHT="32" WIDTH="14" VPOS="1738" HPOS="861"/>
            <String HEIGHT="32" WIDTH="115" VPOS="1738" HPOS="818" CONTENT="que," ID="r1l107_7" STYLEREFS="FONT0"/>
            <SP HEIGHT="32" WIDTH="14" VPOS="1738" HPOS="933"/>
            <String HEIGHT="32" WIDTH="87" VPOS="1738" HPOS="890" CONTENT="si" ID="r1l107_8" STYLEREFS="FONT0"/>
            <SP HEIGHT="32" WIDTH="14" VPOS="1738" HPOS="977"/>
            <String HEIGHT="32" WIDTH="87" VPOS="1738" HPOS="933" CONTENT="un" ID="r1l107_9" STYLEREFS="FONT0"/>
            <SP HEIGHT="32" WIDTH="14" VPOS="1738" HPOS="1020"/>
            <String HEIGHT="32" WIDTH="130" VPOS="1738" HPOS="962" CONTENT="citoyen" ID="r1l107_10" STYLEREFS="FONT0"/>
          </TextLine>
          <TextLine ID="r1l108" BASELINE="1807" HEIGHT="45" WIDTH="960" VPOS="1762" HPOS="133">
            <String HEIGHT="45" WIDTH="87" VPOS="1762" HPOS="118" CONTENT="de" ID="r1l108_1" STYLEREFS="FONT0"/>
            <SP HEIGHT="45" WIDTH="15" VPOS="1762" HPOS="206"/>
            <String HEIGHT="45" WIDTH="145" VPOS="1762" HPOS="162" CONTENT="Genève" ID="r1l108_2" STYLEREFS="FONT0"/>
            <SP HEIGHT="45" WIDTH="15" VPOS="1762" HPOS="308"/>
            <String HEIGHT="45" WIDTH="145" VPOS="1762" HPOS="264" CONTENT="trouve" ID="r1l108_3" STYLEREFS="FONT0"/>
            <SP HEIGHT="45" WIDTH="15" VPOS="1762" HPOS="409"/>
            <String HEIGHT="45" WIDTH="87" VPOS="1762" HPOS="366" CONTENT="la" ID="r1l108_4" STYLEREFS="FONT0"/>
            <SP HEIGHT="45" WIDTH="15" VPOS="1762" HPOS="453"/>
            <String HEIGHT="45" WIDTH="175" VPOS="1762" HPOS="409" CONTENT="religion" ID="r1l108_5" STYLEREFS="FONT0"/>
            <SP HEIGHT="45" WIDTH="15" VPOS="1762" HPOS="584"/>
            <String HEIGHT="45" WIDTH="204" VPOS="1762" HPOS="540" CONTENT="chrétienne" ID="r1l108_6" STYLEREFS="FONT0"/>
            <SP HEIGHT="45" WIDTH="15" VPOS="1762" HPOS="744"/>
            <String HEIGHT="45" WIDTH="189" VPOS="1762" HPOS="700" CONTENT="mauvaise," ID="r1l108_7" STYLEREFS="FONT0"/>
            <SP HEIGHT="45" WIDTH="15" VPOS="1762" HPOS="889"/>
            <String HEIGHT="45" WIDTH="87" VPOS="1762" HPOS="846" CONTENT="il" ID="r1l108_8" STYLEREFS="FONT0"/>
            <SP HEIGHT="45" WIDTH="15" VPOS="1762" HPOS="933"/>
            <String HEIGHT="45" WIDTH="116" VPOS="1762" HPOS="889" CONTENT="faut" ID="r1l108_9" STYLEREFS="FONT0"/>
            <SP HEIGHT="45" WIDTH="15" VPOS="1762" HPOS="1006"/>
            <String HEIGHT="45" WIDTH="145" VPOS="1762" HPOS="948" CONTENT="discuter" ID="r1l108_10" STYLEREFS="FONT0"/>
          </TextLine>
          <TextLine ID="r1l109" BASELINE="1836" HEIGHT="34" WIDTH="974" VPOS="1802" HPOS="125">
            <String HEIGHT="34" WIDTH="105" VPOS="1802" HPOS="110" CONTENT="ses" ID="r1l109_1" STYLEREFS="FONT0"/>
            <SP HEIGHT="34" WIDTH="15" VPOS="1802" HPOS="215"/>
            <String HEIGHT="34" WIDTH="165" VPOS="1802" HPOS="170" CONTENT="raisons" ID="r1l109_2" STYLEREFS="FONT0"/>
            <SP HEIGHT="34" WIDTH="15" VPOS="1802" HPOS="335"/>
            <String HEIGHT="34" WIDTH="225" VPOS="1802" HPOS="290" CONTENT="modestement" ID="r1l109_3" STYLEREFS="FONT0"/>
            <SP HEIGHT="34" WIDTH="15" VPOS="1802" HPOS="515"/>
            <String HEIGHT="34" WIDTH="120" VPOS="1802" HPOS="470" CONTENT="avec" ID="r1l109_4" STYLEREFS="FONT0"/>
            <SP HEIGHT="34" WIDTH="15" VPOS="1802" HPOS="590"/>
            <String HEIGHT="34" WIDTH="120" VPOS="1802" HPOS="545" CONTENT="lui." ID="r1l109_5" STYLEREFS="FONT0"/>
            <SP HEIGHT="34" WIDTH="15" VPOS="1802" HPOS="664"/>
            <String HEIGHT="34" WIDTH="90" VPOS="1802" HPOS="619" CONTENT="Il" ID="r1l109_6" STYLEREFS="FONT0"/>
            <SP HEIGHT="34" WIDTH="15" VPOS="1802" HPOS="709"/>
            <String HEIGHT="34" WIDTH="165" VPOS="1802" HPOS="664" CONTENT="termine" ID="r1l109_7" STYLEREFS="FONT0"/>
            <SP HEIGHT="34" WIDTH="15" VPOS="1802" HPOS="829"/>
            <String HEIGHT="34" WIDTH="150" VPOS="1802" HPOS="784" CONTENT="ainsi:" ID="r1l109_8" STYLEREFS="FONT0"/>
            <SP HEIGHT="34" WIDTH="15" VPOS="1802" HPOS="934"/>
            <String HEIGHT="34" WIDTH="105" VPOS="1802" HPOS="889" CONTENT="«Je" ID="r1l109_9" STYLEREFS="FONT0"/>
            <SP HEIGHT="34" WIDTH="15" VPOS="1802" HPOS="994"/>
            <String HEIGHT="34" WIDTH="90" VPOS="1802" HPOS="949" CONTENT="me" ID="r1l109_10" STYLEREFS="FONT0"/>
            <SP HEIGHT="34" WIDTH="15" VPOS="1802" HPOS="1039"/>
            <String HEIGHT="34" WIDTH="120" VPOS="1802" HPOS="979" CONTENT="flatte" ID="r1l109_11" STYLEREFS="FONT0"/>
          </TextLine>
          <TextLine ID="r1l111" BASELINE="1874" HEIGHT="51" WIDTH="970" VPOS="1823" HPOS="130">
            <String HEIGHT="51" WIDTH="182" VPOS="1823" HPOS="115" CONTENT="toujours" ID="r1l111_1" STYLEREFS="FONT0"/>
            <SP HEIGHT="51" WIDTH="15" VPOS="1823" HPOS="297"/>
            <String HEIGHT="51" WIDTH="106" VPOS="1823" HPOS="251" CONTENT="que" ID="r1l111_2" STYLEREFS="FONT0"/>
            <SP HEIGHT="51" WIDTH="15" VPOS="1823" HPOS="357"/>
            <String HEIGHT="51" WIDTH="121" VPOS="1823" HPOS="312" CONTENT="vous" ID="r1l111_3" STYLEREFS="FONT0"/>
            <SP HEIGHT="51" WIDTH="15" VPOS="1823" HPOS="433"/>
            <String HEIGHT="51" WIDTH="197" VPOS="1823" HPOS="388" CONTENT="daignerez" ID="r1l111_4" STYLEREFS="FONT0"/>
            <SP HEIGHT="51" WIDTH="15" VPOS="1823" HPOS="585"/>
            <String HEIGHT="51" WIDTH="136" VPOS="1823" HPOS="539" CONTENT="aussi" ID="r1l111_5" STYLEREFS="FONT0"/>
            <SP HEIGHT="51" WIDTH="15" VPOS="1823" HPOS="676"/>
            <String HEIGHT="51" WIDTH="121" VPOS="1823" HPOS="630" CONTENT="être" ID="r1l111_6" STYLEREFS="FONT0"/>
            <SP HEIGHT="51" WIDTH="15" VPOS="1823" HPOS="751"/>
            <String HEIGHT="51" WIDTH="106" VPOS="1823" HPOS="706" CONTENT="mon" ID="r1l111_7" STYLEREFS="FONT0"/>
            <SP HEIGHT="51" WIDTH="15" VPOS="1823" HPOS="812"/>
            <String HEIGHT="51" WIDTH="136" VPOS="1823" HPOS="767" CONTENT="juge," ID="r1l111_8" STYLEREFS="FONT0"/>
            <SP HEIGHT="51" WIDTH="15" VPOS="1823" HPOS="903"/>
            <String HEIGHT="51" WIDTH="91" VPOS="1823" HPOS="858" CONTENT="et" ID="r1l111_9" STYLEREFS="FONT0"/>
            <SP HEIGHT="51" WIDTH="15" VPOS="1823" HPOS="948"/>
            <String HEIGHT="51" WIDTH="106" VPOS="1823" HPOS="903" CONTENT="que" ID="r1l111_10" STYLEREFS="FONT0"/>
            <SP HEIGHT="51" WIDTH="15" VPOS="1823" HPOS="1009"/>
            <String HEIGHT="51" WIDTH="152" VPOS="1823" HPOS="948" CONTENT="Mariette" ID="r1l111_11" STYLEREFS="FONT0"/>
          </TextLine>
          <TextLine ID="r1l113" BASELINE="1908" HEIGHT="37" WIDTH="972" VPOS="1871" HPOS="128">
            <String HEIGHT="37" WIDTH="114" VPOS="1871" HPOS="114" CONTENT="vous" ID="r1l113_1" STYLEREFS="FONT0"/>
            <SP HEIGHT="37" WIDTH="14" VPOS="1871" HPOS="228"/>
            <String HEIGHT="37" WIDTH="200" VPOS="1871" HPOS="185" CONTENT="présentera" ID="r1l113_2" STYLEREFS="FONT0"/>
            <SP HEIGHT="37" WIDTH="14" VPOS="1871" HPOS="385"/>
            <String HEIGHT="37" WIDTH="100" VPOS="1871" HPOS="342" CONTENT="une" ID="r1l113_3" STYLEREFS="FONT0"/>
            <SP HEIGHT="37" WIDTH="14" VPOS="1871" HPOS="442"/>
            <String HEIGHT="37" WIDTH="157" VPOS="1871" HPOS="400" CONTENT="requête" ID="r1l113_4" STYLEREFS="FONT0"/>
            <SP HEIGHT="37" WIDTH="14" VPOS="1871" HPOS="557"/>
            <String HEIGHT="37" WIDTH="114" VPOS="1871" HPOS="514" CONTENT="pour" ID="r1l113_5" STYLEREFS="FONT0"/>
            <SP HEIGHT="37" WIDTH="14" VPOS="1871" HPOS="628"/>
            <String HEIGHT="37" WIDTH="86" VPOS="1871" HPOS="585" CONTENT="le" ID="r1l113_6" STYLEREFS="FONT0"/>
            <SP HEIGHT="37" WIDTH="14" VPOS="1871" HPOS="671"/>
            <String HEIGHT="37" WIDTH="143" VPOS="1871" HPOS="628" CONTENT="traité" ID="r1l113_7" STYLEREFS="FONT0"/>
            <SP HEIGHT="37" WIDTH="14" VPOS="1871" HPOS="771"/>
            <String HEIGHT="37" WIDTH="157" VPOS="1871" HPOS="728" CONTENT="d’Arau." ID="r1l113_8" STYLEREFS="FONT0"/>
            <SP HEIGHT="37" WIDTH="14" VPOS="1871" HPOS="886"/>
            <String HEIGHT="37" WIDTH="86" VPOS="1871" HPOS="843" CONTENT="Je" ID="r1l113_9" STYLEREFS="FONT0"/>
            <SP HEIGHT="37" WIDTH="14" VPOS="1871" HPOS="928"/>
            <String HEIGHT="37" WIDTH="129" VPOS="1871" HPOS="886" CONTENT="serai" ID="r1l113_10" STYLEREFS="FONT0"/>
            <SP HEIGHT="37" WIDTH="14" VPOS="1871" HPOS="1014"/>
            <String HEIGHT="37" WIDTH="114" VPOS="1871" HPOS="971" CONTENT="jugé" ID="r1l113_11" STYLEREFS="FONT0"/>
            <SP HEIGHT="37" WIDTH="14" VPOS="1871" HPOS="1086"/>
            <String HEIGHT="37" WIDTH="71" VPOS="1871" HPOS="1029" CONTENT="par" ID="r1l113_12" STYLEREFS="FONT0"/>
          </TextLine>
          <TextLine ID="r1l114" BASELINE="1940" HEIGHT="40" WIDTH="964" VPOS="1900" HPOS="133">
            <String HEIGHT="40" WIDTH="119" VPOS="1900" HPOS="118" CONTENT="vous" ID="r1l114_1" STYLEREFS="FONT0"/>
            <SP HEIGHT="40" WIDTH="15" VPOS="1900" HPOS="237"/>
            <String HEIGHT="40" WIDTH="89" VPOS="1900" HPOS="192" CONTENT="en" ID="r1l114_2" STYLEREFS="FONT0"/>
            <SP HEIGHT="40" WIDTH="15" VPOS="1900" HPOS="281"/>
            <String HEIGHT="40" WIDTH="119" VPOS="1900" HPOS="237" CONTENT="vers" ID="r1l114_3" STYLEREFS="FONT0"/>
            <SP HEIGHT="40" WIDTH="15" VPOS="1900" HPOS="355"/>
            <String HEIGHT="40" WIDTH="89" VPOS="1900" HPOS="311" CONTENT="et" ID="r1l114_4" STYLEREFS="FONT0"/>
            <SP HEIGHT="40" WIDTH="15" VPOS="1900" HPOS="400"/>
            <String HEIGHT="40" WIDTH="89" VPOS="1900" HPOS="355" CONTENT="en" ID="r1l114_5" STYLEREFS="FONT0"/>
            <SP HEIGHT="40" WIDTH="15" VPOS="1900" HPOS="444"/>
            <String HEIGHT="40" WIDTH="148" VPOS="1900" HPOS="400" CONTENT="prose;" ID="r1l114_6" STYLEREFS="FONT0"/>
            <SP HEIGHT="40" WIDTH="15" VPOS="1900" HPOS="548"/>
            <String HEIGHT="40" WIDTH="119" VPOS="1900" HPOS="504" CONTENT="mais" ID="r1l114_7" STYLEREFS="FONT0"/>
            <SP HEIGHT="40" WIDTH="15" VPOS="1900" HPOS="622"/>
            <String HEIGHT="40" WIDTH="89" VPOS="1900" HPOS="578" CONTENT="il" ID="r1l114_8" STYLEREFS="FONT0"/>
            <SP HEIGHT="40" WIDTH="15" VPOS="1900" HPOS="667"/>
            <String HEIGHT="40" WIDTH="133" VPOS="1900" HPOS="622" CONTENT="m’est" ID="r1l114_9" STYLEREFS="FONT0"/>
            <SP HEIGHT="40" WIDTH="15" VPOS="1900" HPOS="756"/>
            <String HEIGHT="40" WIDTH="119" VPOS="1900" HPOS="711" CONTENT="plus" ID="r1l114_10" STYLEREFS="FONT0"/>
            <SP HEIGHT="40" WIDTH="15" VPOS="1900" HPOS="830"/>
            <String HEIGHT="40" WIDTH="119" VPOS="1900" HPOS="786" CONTENT="aisé" ID="r1l114_11" STYLEREFS="FONT0"/>
            <SP HEIGHT="40" WIDTH="15" VPOS="1900" HPOS="904"/>
            <String HEIGHT="40" WIDTH="89" VPOS="1900" HPOS="860" CONTENT="de" ID="r1l114_12" STYLEREFS="FONT0"/>
            <SP HEIGHT="40" WIDTH="15" VPOS="1900" HPOS="949"/>
            <String HEIGHT="40" WIDTH="163" VPOS="1900" HPOS="904" CONTENT="changer" ID="r1l114_13" STYLEREFS="FONT0"/>
            <SP HEIGHT="40" WIDTH="15" VPOS="1900" HPOS="1067"/>
            <String HEIGHT="40" WIDTH="89" VPOS="1900" HPOS="1008" CONTENT="deux" ID="r1l114_14" STYLEREFS="FONT0"/>
          </TextLine>
          <TextLine ID="r1l115" BASELINE="1976" HEIGHT="43" WIDTH="860" VPOS="1933" HPOS="129">
            <String HEIGHT="43" WIDTH="125" VPOS="1933" HPOS="115" CONTENT="actes" ID="r1l115_1" STYLEREFS="FONT0"/>
            <SP HEIGHT="43" WIDTH="14" VPOS="1933" HPOS="240"/>
            <String HEIGHT="43" WIDTH="83" VPOS="1933" HPOS="198" CONTENT="de" ID="r1l115_2" STYLEREFS="FONT0"/>
            <SP HEIGHT="43" WIDTH="14" VPOS="1933" HPOS="282"/>
            <String HEIGHT="43" WIDTH="166" VPOS="1933" HPOS="240" CONTENT="tragédie" ID="r1l115_3" STYLEREFS="FONT0"/>
            <SP HEIGHT="43" WIDTH="14" VPOS="1933" HPOS="406"/>
            <String HEIGHT="43" WIDTH="97" VPOS="1933" HPOS="365" CONTENT="que" ID="r1l115_4" STYLEREFS="FONT0"/>
            <SP HEIGHT="43" WIDTH="14" VPOS="1933" HPOS="462"/>
            <String HEIGHT="43" WIDTH="83" VPOS="1933" HPOS="420" CONTENT="de" ID="r1l115_5" STYLEREFS="FONT0"/>
            <SP HEIGHT="43" WIDTH="14" VPOS="1933" HPOS="504"/>
            <String HEIGHT="43" WIDTH="125" VPOS="1933" HPOS="462" CONTENT="faire" ID="r1l115_6" STYLEREFS="FONT0"/>
            <SP HEIGHT="43" WIDTH="14" VPOS="1933" HPOS="587"/>
            <String HEIGHT="43" WIDTH="83" VPOS="1933" HPOS="545" CONTENT="un" ID="r1l115_7" STYLEREFS="FONT0"/>
            <SP HEIGHT="43" WIDTH="14" VPOS="1933" HPOS="628"/>
            <String HEIGHT="43" WIDTH="139" VPOS="1933" HPOS="587" CONTENT="factum" ID="r1l115_8" STYLEREFS="FONT0"/>
            <SP HEIGHT="43" WIDTH="14" VPOS="1933" HPOS="725"/>
            <String HEIGHT="43" WIDTH="139" VPOS="1933" HPOS="684" CONTENT="contre" ID="r1l115_9" STYLEREFS="FONT0"/>
            <SP HEIGHT="43" WIDTH="14" VPOS="1933" HPOS="823"/>
            <String HEIGHT="43" WIDTH="222" VPOS="1933" HPOS="767" CONTENT="l’église.»lmis" ID="r1l115_10" STYLEREFS="FONT0"/>
          </TextLine>
          <TextLine ID="r1l118" BASELINE="2045" HEIGHT="38" WIDTH="948" VPOS="2007" HPOS="38">
            <String HEIGHT="38" WIDTH="77" VPOS="2007" HPOS="19" CONTENT="" ID="r1l118_1" STYLEREFS="FONT0"/>
            <SP HEIGHT="38" WIDTH="19" VPOS="2007" HPOS="96"/>
            <String HEIGHT="38" WIDTH="348" VPOS="2007" HPOS="38" CONTENT="L’authenticité" ID="r1l118_2" STYLEREFS="FONT0"/>
            <SP HEIGHT="38" WIDTH="19" VPOS="2007" HPOS="386"/>
            <String HEIGHT="38" WIDTH="135" VPOS="2007" HPOS="328" CONTENT="des" ID="r1l118_3" STYLEREFS="FONT0"/>
            <SP HEIGHT="38" WIDTH="19" VPOS="2007" HPOS="464"/>
            <String HEIGHT="38" WIDTH="290" VPOS="2007" HPOS="406" CONTENT="Autographes" ID="r1l118_4" STYLEREFS="FONT0"/>
            <SP HEIGHT="38" WIDTH="19" VPOS="2007" HPOS="696"/>
            <String HEIGHT="38" WIDTH="135" VPOS="2007" HPOS="638" CONTENT="est" ID="r1l118_5" STYLEREFS="FONT0"/>
            <SP HEIGHT="38" WIDTH="19" VPOS="2007" HPOS="773"/>
            <String HEIGHT="38" WIDTH="290" VPOS="2007" HPOS="696" CONTENT="garantie." ID="r1l118_6" STYLEREFS="FONT0"/>
          </TextLine>
          <TextLine ID="r1l119" BASELINE="2106" HEIGHT="63" WIDTH="1042" VPOS="2043" HPOS="63">
            <String HEIGHT="63" WIDTH="86" VPOS="2043" HPOS="49" CONTENT="Le" ID="r1l119_1" STYLEREFS="FONT0"/>
            <SP HEIGHT="63" WIDTH="14" VPOS="2043" HPOS="134"/>
            <String HEIGHT="63" WIDTH="186" VPOS="2043" HPOS="92" CONTENT="Catalogue" ID="r1l119_2" STYLEREFS="FONT0"/>
            <SP HEIGHT="63" WIDTH="14" VPOS="2043" HPOS="277"/>
            <String HEIGHT="63" WIDTH="114" VPOS="2043" HPOS="234" CONTENT="sera" ID="r1l119_3" STYLEREFS="FONT0"/>
            <SP HEIGHT="63" WIDTH="14" VPOS="2043" HPOS="348"/>
            <String HEIGHT="63" WIDTH="143" VPOS="2043" HPOS="306" CONTENT="envoyé" ID="r1l119_4" STYLEREFS="FONT0"/>
            <SP HEIGHT="63" WIDTH="14" VPOS="2043" HPOS="448"/>
            <String HEIGHT="63" WIDTH="71" VPOS="2043" HPOS="406" CONTENT="à" ID="r1l119_5" STYLEREFS="FONT0"/>
            <SP HEIGHT="63" WIDTH="14" VPOS="2043" HPOS="477"/>
            <String HEIGHT="63" WIDTH="143" VPOS="2043" HPOS="434" CONTENT="toutes" ID="r1l119_6" STYLEREFS="FONT0"/>
            <SP HEIGHT="63" WIDTH="14" VPOS="2043" HPOS="577"/>
            <String HEIGHT="63" WIDTH="100" VPOS="2043" HPOS="534" CONTENT="les" ID="r1l119_7" STYLEREFS="FONT0"/>
            <SP HEIGHT="63" WIDTH="14" VPOS="2043" HPOS="634"/>
            <String HEIGHT="63" WIDTH="186" VPOS="2043" HPOS="591" CONTENT="personnes" ID="r1l119_8" STYLEREFS="FONT0"/>
            <SP HEIGHT="63" WIDTH="14" VPOS="2043" HPOS="777"/>
            <String HEIGHT="63" WIDTH="100" VPOS="2043" HPOS="734" CONTENT="qui" ID="r1l119_9" STYLEREFS="FONT0"/>
            <SP HEIGHT="63" WIDTH="14" VPOS="2043" HPOS="834"/>
            <String HEIGHT="63" WIDTH="86" VPOS="2043" HPOS="791" CONTENT="en" ID="r1l119_10" STYLEREFS="FONT0"/>
            <SP HEIGHT="63" WIDTH="14" VPOS="2043" HPOS="877"/>
            <String HEIGHT="63" WIDTH="143" VPOS="2043" HPOS="834" CONTENT="feront" ID="r1l119_11" STYLEREFS="FONT0"/>
            <SP HEIGHT="63" WIDTH="14" VPOS="2043" HPOS="977"/>
            <String HEIGHT="63" WIDTH="86" VPOS="2043" HPOS="934" CONTENT="la" ID="r1l119_12" STYLEREFS="FONT0"/>
            <SP HEIGHT="63" WIDTH="14" VPOS="2043" HPOS="1019"/>
            <String HEIGHT="63" WIDTH="143" VPOS="2043" HPOS="962" CONTENT="demande." ID="r1l119_13" STYLEREFS="FONT0"/>
          </TextLine>
          <TextLine ID="r1l120" BASELINE="2154" HEIGHT="67" WIDTH="187" VPOS="2087" HPOS="41">
            <String HEIGHT="67" WIDTH="206" VPOS="2087" HPOS="22" CONTENT="(Affranchir)" ID="r1l120_1" STYLEREFS="FONT2"/>
          </TextLine>
          <TextLine ID="r1l122" BASELINE="2210" HEIGHT="53" WIDTH="603" VPOS="2157" HPOS="259">
            <String HEIGHT="53" WIDTH="221" VPOS="2157" HPOS="244" CONTENT="Strasbourg," ID="r1l122_1" STYLEREFS="FONT0"/>
            <SP HEIGHT="53" WIDTH="15" VPOS="2157" HPOS="465"/>
            <String HEIGHT="53" WIDTH="221" VPOS="2157" HPOS="421" CONTENT="typographie" ID="r1l122_2" STYLEREFS="FONT0"/>
            <SP HEIGHT="53" WIDTH="15" VPOS="2157" HPOS="641"/>
            <String HEIGHT="53" WIDTH="88" VPOS="2157" HPOS="597" CONTENT="de" ID="r1l122_3" STYLEREFS="FONT0"/>
            <SP HEIGHT="53" WIDTH="15" VPOS="2157" HPOS="686"/>
            <String HEIGHT="53" WIDTH="88" VPOS="2157" HPOS="641" CONTENT="G." ID="r1l122_4" STYLEREFS="FONT0"/>
            <SP HEIGHT="53" WIDTH="15" VPOS="2157" HPOS="730"/>
            <String HEIGHT="53" WIDTH="191" VPOS="2157" HPOS="671" CONTENT="Silbermann." ID="r1l122_5" STYLEREFS="FONT0"/>
          </TextLine>
        </TextBlock>
      </PrintSpace>
    </Page>
  </Layout>
</alto>
