1199 2247
456 3 166 73 —
522 3 166 73 5
555 3 100 73 —

12 77 122 49 19421
94 77 81 49 LE
134 77 122 49 JEUNE
216 77 95 49 (le
270 77 149 49 baron),
378 77 163 49 général,
500 77 149 49 peintre
609 77 149 49 habile.
717 77 122 49 L.
799 77 81 49 a.
839 77 136 49 s.
934 77 68 49 à
961 77 81 49 M.
989 77 108 49 Sauvo;

80 115 269 43 2
188 115 323 43 p.
349 115 376 43 pl.
564 115 484 43 in-8.
887 115 269 43 3
941 115 161 43 »

149 148 177 50 Curieuse
282 148 147 50 lettre
385 148 177 50 relative
517 148 103 50 aux
576 148 177 50 attaques
709 148 88 50 de
753 148 162 50 Norvins
871 148 147 50 contre
959 148 147 50 Oudinot,

120 187 112 54 dont
190 187 84 54 il
232 187 154 54 raconte
343 187 84 54 la
385 187 168 54 conduite
511 187 70 54 à
539 187 84 54 la
581 187 168 54 bataille
706 187 84 54 de
734 187 126 54 Wagram.

12 226 140 56 19422
106 226 172 56 LÉONARD
231 226 281 56 (Martin-Aug.),
465 226 187 56 écrivain
605 226 281 56 ecclésiastique
839 226 94 56 et
886 226 218 56 théologien
1042 226 62 56 du

124 264 206 43 dix-huitième
292 264 142 43 siècle.
395 264 116 43 L.
472 264 77 43 a.
511 264 129 43 s.
601 264 64 43 à
627 264 155 43 Mgr....;
743 264 155 43 Avignon,
859 264 64 43 9
885 264 116 43 sept.
962 264 116 43 1738,
1040 264 64 43 3
1052 264 52 43 p.

62 291 725 56 in-4.
546 291 403 56 5
707 291 403 56 2
788 291 322 56 50

160 332 124 47 Belle
243 332 138 47 lettre
340 332 152 47 d’envoi
450 332 110 47 d’un
519 332 83 47 de
561 332 97 47 ses
602 332 152 47 ouvrages.

15 362 131 54 19423
103 362 131 54 LEONI
190 362 290 54 (Louis-Diomède),
436 362 160 54 célèbre
552 362 203 54 sculpteur,
712 362 160 54 peintre
828 362 87 54 et
872 362 160 54 graveur
973 362 131 54 italien

126 391 170 57 surnommé
254 391 128 57 Il
339 391 185 57 Padovano.
481 391 85 57 L.
524 391 85 57 a.
566 391 142 57 s.
666 391 71 57 à
694 391 156 57 Léonard
808 391 213 57 Buonarroti;
978 391 128 57 Rome,
1049 391 57 57 28

115 444 113 45 mars
185 444 127 45 1566,
270 444 71 45 1
298 444 85 45 p.
341 444 169 45 in-fol.,
467 444 155 45 cachet,
580 444 183 45 filigrane
721 444 71 45 à
749 444 85 45 la
792 444 127 45 fleur
876 444 85 45 de
919 444 113 45 lis.
975 444 127 45 Superbe

101 477 404 36 pièce.
384 477 647 36 Rare
909 477 243 36 30
990 477 121 36 »

154 491 121 59 Cette
234 491 134 59 lettre
328 491 134 59 paraît
422 491 108 59 être
490 491 161 59 relative
611 491 94 59 aux
664 491 161 59 affaires
785 491 81 59 de
826 491 81 59 la
866 491 188 59 succession
1014 491 81 59 de
1041 491 67 59 Mi-

121 535 129 52 chel
185 535 113 52 Ange.

21 562 131 72 19424
109 562 160 72 LÉOPOLD
225 562 102 72 Ier
283 562 174 72 empereur
414 562 232 72 d’Allemagne.
603 562 131 72 L.
690 562 87 72 a.
733 562 145 72 s.
835 562 73 72 à
864 562 87 72 M.
908 562 87 72 de
937 562 174 72 Lobkowitz;

123 614 273 38 Luxembourg,
341 614 91 38 4
377 614 145 38 juin
468 614 164 38 1697,
577 614 91 38 1
614 614 109 38 p.
668 614 127 38 pl.
741 614 218 38 in-fol.,
905 614 200 38 cachet.
1050 614 91 38 8
1068 614 55 38 »

23 637 140 69 19425
116 637 171 69 LINGUET
240 637 279 69 (Simon-Henri),
472 637 171 69 célèbre
596 637 155 69 avocat
705 637 93 69 et
751 637 233 69 publiciste,
937 637 186 69 décapité
1061 637 62 69 en

129 687 151 46 1794.
230 687 151 46 L.
331 687 101 46 a.
381 687 168 46 s.
498 687 84 46 à
532 687 101 46 M.
582 687 252 46 Panckoucke,
783 687 84 46 1
817 687 101 46 p.
867 687 117 46 pl.
934 687 151 46 in-8.
1035 687 84 46 2
1052 687 67 46 50

20 705 127 71 19426
105 705 127 71 LOBAU
189 705 155 71 (George
303 705 155 71 MOUTON,
416 705 127 71 comte
500 705 113 71 de),
571 705 170 71 maréchal
698 705 85 71 de
741 705 155 71 France.
854 705 127 71 L.
938 705 85 71 a.
981 705 141 71 s.
1066 705 42 71 à

123 760 99 45 son
179 760 169 45 notaire;
306 760 85 45 27
349 760 113 45 nov.
419 760 127 45 1817,
504 760 71 45 2
532 760 85 45 p.
574 760 99 45 1/4
631 760 127 45 in-4.
715 760 183 45 Curieuse.
856 760 226 45 Rare
1039 760 71 45 3
1054 760 56 45 50

26 779 119 67 19427
105 779 119 67 LOUIS
184 779 105 67 XII,
250 779 92 67 roi
303 779 79 67 de
342 779 145 67 France.
448 779 119 67 L.
527 779 132 67 s.
619 779 92 67 aux
672 779 105 67 gens
738 779 132 67 tenant
830 779 92 67 son
883 779 145 67 conseil
988 779 66 67 à
1002 779 105 67 Milan;

111 828 278 56 Blois,
306 828 167 56 19
389 828 361 56 novembre,
667 828 139 56 1
722 828 167 56 p.
806 828 250 56 in-4.
972 828 167 56 10
1028 828 83 56 »

162 858 127 54 Ayant
247 858 142 54 appris
346 858 142 54 qu’ils
445 858 99 54 ont
501 858 127 54 voulu
586 858 170 54 empêcher
714 858 170 54 l’amiral
841 858 85 54 de
884 858 142 54 Rhodes
983 858 85 54 de
1011 858 99 54 jouir

124 900 94 61 des
177 900 188 61 privilèges
325 900 81 61 de
366 900 81 61 sa
406 900 175 61 religion,
541 900 81 61 il
581 900 81 61 le
621 900 108 61 prie
689 900 81 61 de
729 900 108 61 bien
796 900 148 61 traiter
904 900 161 61 celui-ci
1025 900 81 61 en
1052 900 67 61 ses

116 937 131 43 affaires.

21 957 127 58 19428
106 957 127 58 LOUIS
191 957 127 58 XIII,
276 957 99 58 roi
332 957 85 58 de
375 957 156 58 France.
488 957 127 58 L.
573 957 142 58 s.
672 957 71 58 à
700 957 85 58 M.
743 957 85 58 de
785 957 170 58 Lambert,
913 957 198 58 gouverneur
1054 957 57 58 de

126 1006 129 43 Metz;
211 1006 372 43 Saint-Germain-en-Laye,
540 1006 86 43 20
583 1006 129 43 avril
669 1006 129 43 1643,
755 1006 71 43 1
783 1006 86 43 p.
826 1006 100 43 pl.
883 1006 172 43 in-fol.,
998 1006 114 43 traces

103 1046 205 37 de
205 1046 376 37 cachet,
478 1046 341 37 tachée
717 1046 341 37 d’eau.
956 1046 171 37 3
990 1046 137 37 50

164 1073 84 44 Le
206 1073 140 44 traité
304 1073 84 44 de
346 1073 182 44 l’échange
486 1073 154 44 général
598 1073 98 44 des
653 1073 210 44 prisonniers
821 1073 126 44 ayant
905 1073 98 44 été
961 1073 154 44 conclu,
1059 1073 56 44 il

125 1104 86 47 le
168 1104 115 47 prie
239 1104 187 47 d’envoyer
383 1104 72 47 à
412 1104 158 47 Péronne
527 1104 115 47 tous
598 1104 115 47 ceux
670 1104 129 47 qu’il
756 1104 158 47 retient
871 1104 115 47 dans
943 1104 86 47 la
986 1104 129 47 ville
1058 1104 57 47 de

120 1152 97 40 Metz.

34 1154 121 86 19429
114 1154 121 86 LOUIS
195 1154 108 86 XIV,
263 1154 94 86 roi
317 1154 81 86 de
357 1154 148 86 France.
465 1154 121 86 L.
546 1154 135 86 s.
640 1154 67 86 à
667 1154 81 86 M.
708 1154 81 86 Du
748 1154 162 86 Corroys;
856 1154 256 86 Saint-

123 1215 239 41 Laye,
283 1215 159 41 29
362 1215 239 41 avril
521 1215 239 41 1659,
680 1215 133 41 1
733 1215 159 41 p.
813 1215 292 41 in-fol.
1025 1215 133 41 6
1051 1215 80 41 »

158 1233 125 62 Comme
242 1233 84 62 il
283 1233 70 62 a
311 1233 153 62 résolu,
423 1233 97 62 par
478 1233 139 62 l’avis
576 1233 84 62 de
618 1233 84 62 la
659 1233 125 62 reine
743 1233 167 62 régente,
868 1233 84 62 sa
910 1233 125 62 mère,
994 1233 84 62 de
1022 1233 97 62 faire

128 1283 185 46 assembler
270 1283 100 46 les
327 1283 128 46 États
413 1283 86 46 de
456 1283 100 46 son
513 1283 114 46 pays
584 1283 86 46 et
627 1283 128 46 duché
713 1283 86 46 de
755 1283 185 46 Bretagne,
898 1283 114 46 pour
969 1283 114 46 leur
1026 1283 86 46 pro-

140 1315 115 45 oser
211 1315 86 45 ce
254 1315 129 45 qu’il
340 1315 72 45 a
369 1315 115 45 jugé
440 1315 200 45 nécessaire
598 1315 115 45 pour
669 1315 86 45 le
712 1315 115 45 bien
784 1315 86 45 du
827 1315 172 45 royaume,
956 1315 86 45 il
998 1315 86 45 le
1027 1315 86 45 prie

129 1355 84 39 de
171 1355 126 39 venir
255 1355 70 39 y
283 1355 182 39 assister,
423 1355 84 39 «à
465 1355 112 39 quel
535 1355 140 39 effect
633 1355 112 39 vous
703 1355 112 39 vous
773 1355 182 39 trouverez
913 1355 84 39 en
955 1355 84 39 ma
997 1355 126 39 ville
1067 1355 56 39 de

138 1391 144 44 Vannes
239 1391 87 44 au
282 1391 115 44 VIIe
340 1391 115 44 juin.»

31 1422 112 50 19429
105 1422 187 50 bis
255 1422 75 50 LE
292 1422 112 50 MÊME.
366 1422 112 50 L.
441 1422 112 50 s
516 1422 62 50 à
541 1422 187 50 l’empereur;
690 1422 187 50 Versailles,
839 1422 75 50 15
877 1422 137 50 février
976 1422 112 50 1710,
1051 1422 62 50 1
1063 1422 50 50 p.

109 1463 222 47 pl.
236 1463 285 47 in-4,
426 1463 348 47 cachets
680 1463 190 47 et
775 1463 285 47 soie.
965 1463 190 47 15
1028 1463 95 47 »

159 1500 86 43 Il
202 1500 101 43 lui
259 1500 115 43 fait
331 1500 115 43 part
403 1500 86 43 de
446 1500 86 43 la
489 1500 187 43 naissance
633 1500 115 43 d’un
705 1500 115 43 fils
777 1500 86 43 de
820 1500 86 43 la
863 1500 173 43 duchesse
993 1500 86 43 de
1021 1500 101 43 Bour-

144 1533 125 47 jogne
227 1533 139 47 (Louis
311 1533 83 47 XV).

37 1544 115 68 19430
114 1544 115 68 LOUIS
191 1544 102 68 XVI,
254 1544 89 68 roi
305 1544 77 68 de
344 1544 141 68 France.
446 1544 115 68 L.
523 1544 77 68 a.
561 1544 128 68 s.
650 1544 77 68 (à
689 1544 77 68 M.
727 1544 77 68 de
765 1544 192 68 Miroménil);
919 1544 89 68 (18
970 1544 102 68 fév.
1021 1544 102 68 1784),

108 1605 339 46 1/4
301 1605 290 46 de
446 1605 290 46 p.
592 1605 436 46 in-8.
882 1605 290 46 27
979 1605 145 46 »

16 1639 121 42 19431
96 1639 241 42 LOUIS-PHILIPPE
297 1639 107 42 Ier,
364 1639 94 42 roi
418 1639 94 42 des
471 1639 174 42 Français.
606 1639 121 42 L.
686 1639 80 42 a.
726 1639 147 42 s.
833 1639 174 42 Sackville
968 1639 147 42 street,
1061 1639 54 42 11

126 1672 194 50 mars
247 1672 218 50 1800,
392 1672 121 50 1
440 1672 145 50 p.
513 1672 218 50 in-4.
658 1672 218 50 Jolie
803 1672 266 50 lettre.
997 1672 145 50 10
1045 1672 73 50 »

124 2167 302 53 1531,
326 2167 235 53 1/2
460 2167 201 53 p.
561 2167 235 53 gr.
695 2167 369 53 in-fol.
963 2167 201 53 10
1030 2167 101 53 »

136 2122 79 49 de
175 2122 92 49 ses
228 2122 170 49 ouvrages.
359 2122 105 49 L.
424 2122 131 49 s.
516 2122 79 49 en
555 2122 131 49 latin,
647 2122 79 49 au
686 2122 92 49 duc
739 2122 79 49 de
778 2122 131 49 Milan;
870 2122 184 49 Bruxelles,
1014 2122 79 49 23
1040 2122 79 49 nov.

144 2090 106 45 les
204 2090 197 45 Pays-Bas,
356 2090 197 45 princesse
507 2090 227 45 remarquable
688 2090 76 45 à
719 2090 182 45 laquelle
855 2090 151 45 Erasme
961 2090 76 45 a
991 2090 136 45 dédié
1067 2090 61 45 un

29 2055 126 50 19433
113 2055 211 50 bis
282 2055 141 50 MARIE,
380 2055 126 50 reine
465 2055 84 50 de
507 2055 169 50 Hongrie,
633 2055 112 50 sœur
703 2055 84 50 de
746 2055 253 50 Charles-Quint,
942 2055 183 50 gouvernante

133 2033 147 39 d’après
240 2033 120 39 leurs
320 2033 160 39 extraits
440 2033 80 39 de
467 2033 160 39 registres.

136 1991 70 42 à
164 1991 182 42 l’annonce
304 1991 112 42 pure
374 1991 84 42 et
415 1991 140 42 simple
513 1991 98 42 des
569 1991 126 42 édits
653 1991 84 42 du
695 1991 112 42 roi,
765 1991 98 42 des
821 1991 154 42 séances
918 1991 196 42 académiques,

133 1960 134 40 source.
230 1960 73 40 Il
267 1960 73 40 le
303 1960 146 40 prévient
413 1960 85 40 que
462 1960 158 40 désormais
584 1960 73 40 il
620 1960 73 40 se
657 1960 146 40 réduira,
767 1960 98 40 dans
828 1960 158 40 l’article
937 1960 183 40 Paris

171 1925 78 42 Il
210 1925 78 42 se
249 1925 130 42 plaint
340 1925 156 42 vivement
457 1925 91 42 des
509 1925 143 42 dégoûts
613 1925 104 42 dont
679 1925 117 42 le
757 1925 195 42 Mercure
913 1925 91 42 est
965 1925 104 42 pour
1030 1925 91 42 lui
1069 1925 52 42 la

126 1876 261 66 ckoucke;
322 1876 217 66 Paris,
474 1876 130 66 25
539 1876 174 66 nov.
647 1876 195 66 1785,
778 1876 109 66 1
821 1876 130 66 p.
886 1876 195 66 in-4.
1016 1876 109 66 3
1038 1876 87 66 50

37 1840 130 55 19433
123 1840 245 55 MALLET-DU-PAN
325 1840 202 55 (Jacques),
483 1840 202 55 publiciste
641 1840 202 55 royaliste.
800 1840 130 55 L.
886 1840 86 55 a.
929 1840 144 55 s.
1030 1840 72 55 à
1045 1840 86 55 Pan-

66 1809 896 50 oblong.
717 1809 407 50 3
798 1809 326 50 50

133 1777 228 51 Beauvilliers.
320 1777 134 51 Quitt.
414 1777 107 51 aut.
481 1777 121 51 sig.,
562 1777 94 51 sur
615 1777 134 51 vélin;
709 1777 201 51 Versailles,
870 1777 67 51 7
897 1777 121 51 avril
977 1777 121 51 1700,
1045 1777 80 51 in

135 1748 240 41 ambassadeur
327 1748 80 41 à
359 1748 128 41 Rome
439 1748 96 41 et
487 1748 96 41 en
535 1748 192 41 Espagne,
679 1748 112 41 ami
743 1748 96 41 de
791 1748 176 41 Fénelon
919 1748 96 41 et
967 1748 96 41 du
1015 1748 112 41 duc
1063 1748 64 41 de

35 1711 139 46 19432
127 1711 185 46 LOUVILLE
265 1711 123 46 (Ch.
342 1711 123 46 Aug.
419 1711 262 46 d’ALLONVILLE,
635 1711 169 46 marquis
758 1711 123 46 de),
835 1711 154 46 habile
927 1711 185 46 diplomate,
