1137 2229
437 4 158 55 —
501 4 158 55 7
532 4 95 55 —

-4 58 141 64 19452
90 58 188 64 OLLIVIER
231 58 188 64 (Émile),
372 58 156 64 avocat
481 58 219 64 distingué,
653 58 156 64 député
763 58 94 64 de
810 58 94 64 la
856 58 141 64 Seine
950 58 94 64 au
982 58 109 64 Corps

100 104 253 48 législatif.
303 104 152 48 L.
404 104 101 48 a.
455 104 186 48 s.
590 104 84 48 1
623 104 101 48 p.
674 104 152 48 in-8.
775 104 287 48 Intéressante.
1012 104 84 48 2
1028 104 68 48 50

4 149 125 48 19453
87 149 139 48 ORIANI
185 149 195 48 (Barnabé),
338 149 153 48 célèbre
449 149 181 48 astronome
588 149 167 48 italien.
713 149 125 48 L.
796 149 83 48 a.
838 149 139 48 s.
935 149 83 48 au
977 149 111 48 cit.
1033 149 69 48 Pa-

112 179 144 45 maldi,
213 179 173 45 ministre
342 179 87 45 de
386 179 231 45 l’intérieur;
573 179 144 45 Milan,
674 179 87 45 30
718 179 173 45 messidor
848 179 87 45 an
891 179 101 45 IX,
949 179 101 45 3/4
1006 179 87 45 de
1035 179 58 45 p.

81 209 413 55 in-fol.
382 209 338 55 Belle
607 209 413 55 lettre.
907 209 188 55 3
945 209 150 55 50

3 245 135 54 19454
93 245 165 54 ORLÉANS
213 245 210 54 (Philippe,
378 245 105 54 duc
438 245 120 54 d’),
513 245 150 54 régent
618 245 90 54 de
663 245 165 54 France.
783 245 120 54 État
858 245 165 54 général
978 245 105 54 des
1023 245 75 54 or-

112 292 191 47 donnances
259 292 103 47 des
318 292 265 47 gratifications
539 292 103 47 que
597 292 88 47 le
641 292 103 47 roy
700 292 118 47 fait
774 292 176 47 remettre
906 292 118 47 tous
979 292 103 47 les
1024 292 73 47 ans

111 321 140 49 entre
205 321 109 49 les
267 321 140 49 mains
361 321 94 49 de
408 321 94 49 M.
455 321 234 49 d’Argenson,
642 321 218 49 lieutenant
813 321 94 49 de
860 321 172 49 police;
969 321 125 49 Paris,

110 357 103 47 13
161 357 155 47 avril
265 357 155 47 1717,
368 357 86 47 8
403 357 103 47 p.
455 357 121 47 1/2
524 357 190 47 in-fol.
662 357 155 47 Pièce
765 357 138 47 fort
851 357 224 47 curieuse.
1024 357 86 47 4
1041 357 69 47 50

143 392 101 51 Cet
200 392 115 51 état
272 392 101 51 est
329 392 129 51 signé
416 392 101 51 par
473 392 86 51 le
516 392 158 51 régent,
631 392 86 51 la
674 392 129 51 somme
761 392 158 51 remplie
875 392 86 51 de
919 392 86 51 sa
962 392 129 51 main,
1034 392 57 51 et

115 431 71 43 le
151 431 83 43 mot
198 431 167 43 bon
329 431 83 43 est
377 431 83 43 mis
425 431 83 43 par
472 431 83 43 lui
520 431 60 43 à
544 431 119 43 chaque
615 431 119 43 article.

13 465 129 55 19455
99 465 158 55 ORLÉANS
214 465 288 55 (Louis-Philippe,
458 465 101 55 duc
516 465 115 55 d’),
588 465 173 55 surnommé
703 465 388 55 Philippe

113 515 266 37 conventionnel,
335 515 177 37 décapité
467 515 89 37 en
512 515 133 37 1793.
600 515 89 37 1°
645 515 133 37 Pièce
733 515 133 37 sig.;
822 515 89 37 30
866 515 118 37 août
940 515 133 37 1785,
1028 515 74 37 1
1043 515 59 37 p.

117 545 173 47 in-fol.
243 545 79 47 —
275 545 95 47 2°
322 545 158 47 Billet
433 545 126 47 aut.
511 545 95 47 de
559 545 79 47 4
590 545 173 47 lignes,
717 545 110 47 1/2
780 545 95 47 p.
827 545 126 47 in-8
906 545 173 47 oblong.
1032 545 79 47 7
1048 545 47 47 »

5 590 130 42 19456
91 590 130 42 OSCAR
178 590 116 42 Ier,
250 590 101 42 roi
308 590 87 42 de
352 590 145 42 Suède,
453 590 116 42 fils
525 590 87 42 et
569 590 203 42 successeur
728 590 87 42 de
771 590 217 42 Bernadotte.
945 590 101 42 L.
988 590 116 42 s.

96 615 123 52 2
146 615 221 52 sept.
293 615 221 52 1835,
440 615 123 52 1
489 615 147 52 p.
563 615 172 52 1/2
661 615 221 52 in-4,
808 615 270 52 cachet.
1005 615 123 52 3
1029 615 74 52 »

17 641 138 77 19457
108 641 183 77 PASTORET
246 641 122 77 (CI.
322 641 122 77 Emm.
399 641 92 77 J.
445 641 107 77 P.,
506 641 107 77 mis
567 641 122 77 de),
643 641 153 77 député
750 641 76 77 à
781 641 229 77 l’Assemblée
949 641 153 77 législa-

118 684 118 71 tive,
196 684 131 71 membre
288 684 78 71 de
327 684 144 71 l’Acad.
432 684 92 71 fr.
484 684 118 71 L.
563 684 78 71 a.
602 684 144 71 s.
707 684 78 71 24
746 684 105 71 fév.
811 684 118 71 1791,
890 684 65 71 1
916 684 78 71 p.
955 684 118 71 in-4.
1034 684 65 71 2
1047 684 52 71 50

144 724 177 51 Relative
277 724 74 51 à
306 724 88 51 la
350 724 206 51 nomination
512 724 88 51 de
556 724 118 51 deux
630 724 132 51 curés
718 724 103 51 qui
777 724 132 51 n’ont
866 724 103 51 pas
924 724 118 51 cinq
998 724 103 51 ans
1042 724 59 51 de

121 763 171 50 service,
249 763 171 50 élection
377 763 185 50 contraire
519 763 100 50 aux
576 763 156 50 décrets
690 763 85 50 de
732 763 213 50 l’Assemblée
903 763 199 50 nationale,
1045 763 57 50 et

123 801 96 52 jui
178 801 82 52 ne
219 801 109 52 peut
274 801 164 52 subsister.

13 840 126 62 19458
97 840 126 62 PATIN
181 840 168 62 (Henri),
308 840 197 62 traducteur
462 840 154 62 habile,
575 840 140 62 membre
673 840 84 62 de
715 840 154 62 l’Acad.
827 840 98 62 fr.
883 840 126 62 L.
968 840 84 62 a.
996 840 112 62 s.

104 883 142 43 8
160 883 313 43 juillet
388 883 256 43 1848,
559 883 142 43 1
616 883 171 43 p.
701 883 199 43 pl.
815 883 256 43 in-8.
986 883 142 43 2
1015 883 85 43 »

148 908 176 53 Relative
280 908 88 53 au
324 908 176 53 discours
456 908 132 53 qu’il
544 908 132 53 vient
633 908 88 53 de
677 908 191 53 prononcer
823 908 103 53 aux
882 908 220 53 funérailles
1043 908 59 53 du

116 955 164 39 vicomte
235 955 90 39 de
265 955 239 39 Chateaubriand.

23 975 118 58 19459
102 975 157 58 PERSIGNY
220 975 92 58 (F.
272 975 105 58 de),
338 975 197 58 ex-ministre
495 975 79 58 de
535 975 210 58 l’intérieur.
705 975 118 58 L.
784 975 79 58 a.
823 975 144 58 s.
928 975 131 58 Paris;
1020 975 66 58 6
1033 975 79 58 nov.

92 1014 415 51 1862,
369 1014 231 51 1
461 1014 277 51 p.
599 1014 415 51 in-8.
876 1014 231 51 2
922 1014 185 51 50

25 1056 144 46 19460
121 1056 160 46 PÉTION
233 1056 208 46 (Jérôme),
393 1056 144 46 maire
489 1056 96 46 de
537 1056 160 46 Paris,
650 1056 272 46 conventionnel
874 1056 208 46 girondin,
1018 1056 96 46 mort

116 1093 236 46 misérablement
311 1093 153 46 pendant
422 1093 83 46 sa
464 1093 236 46 proscription.
658 1093 125 46 L.
742 1093 83 46 a.
783 1093 153 46 s.
895 1093 83 46 22
936 1093 125 46 mars,
1020 1093 97 46 1/2
1061 1093 56 46 p.

24 1132 984 46 in-4.
680 1132 547 46 3
789 1132 328 46 »

23 1167 126 57 19461
107 1167 181 57 PHILIBERT
246 1167 98 57 II,
302 1167 98 57 duc
358 1167 84 57 de
400 1167 154 57 Savoie,
512 1167 98 57 dit
568 1167 126 57 le
651 1167 181 57 Beau
791 1167 154 57 célèbre
903 1167 98 57 par
958 1167 84 57 sa
986 1167 126 57 passion

131 1204 102 44 pour
195 1204 89 44 les
246 1204 166 44 tournois,
373 1204 102 44 mort
437 1204 64 44 à
462 1204 204 44 vingt-quatre
628 1204 102 44 ans,
692 1204 76 44 en
730 1204 115 44 1504.
806 1204 115 44 L.
883 1204 140 44 s.
985 1204 76 44 en
1010 1204 102 44 latin,

129 1242 92 52 au
175 1242 108 52 duc
236 1242 92 52 de
282 1242 154 52 Milan,
390 1242 108 52 son
452 1242 154 52 oncle;
559 1242 154 52 Turin,
667 1242 108 52 1er
728 1242 185 52 décembre
867 1242 108 52 3/4
928 1242 92 52 de
975 1242 92 52 p.
1005 1242 108 52 in

127 1258 174 57 Belle
242 1258 193 57 pièce;
377 1258 231 57 curieuse
551 1258 270 57 signature.
763 1258 308 57 Rare
1014 1258 116 57 10
1052 1258 58 57 »

17 1294 130 54 19462
103 1294 130 54 PIGNA
190 1294 101 54 (J.
248 1294 87 54 B.
291 1294 202 54 NICOLUCCI,
450 1294 101 54 dit
508 1294 116 54 le),
580 1294 173 54 écrivain
710 1294 159 54 célèbre
825 1294 87 54 du
869 1294 173 54 seizième
984 1294 130 54 siècle,

130 1356 190 33 historien
277 1356 103 33 des
335 1356 161 33 princes
453 1356 146 33 d’Este
555 1356 88 33 et
599 1356 88 33 de
643 1356 205 33 l’Arioste,
804 1356 146 33 ennemi
907 1356 88 33 du
951 1356 146 33 Tasse.
1038 1356 103 33 Pièce

120 1367 202 59 sig.;
254 1367 112 59 6
299 1367 180 59 nov.
411 1367 202 59 1566,
546 1367 112 59 1
591 1367 135 59 p.
658 1367 269 59 in-fol.,
861 1367 247 59 cachet.
1040 1367 112 59 4
1063 1367 67 59 »

17 1413 128 61 19463
102 1413 170 61 PLOUVIER
230 1413 199 61 (Édouard),
386 1413 128 61 poëte
471 1413 85 61 et
514 1413 142 61 auteur
613 1413 213 61 dramatique,
783 1413 170 61 l’auteur
911 1413 85 61 de
940 1413 170 61 Ma

125 1441 149 62 dame
234 1441 149 62 Aubert.
342 1441 81 62 L.
383 1441 81 62 a.
424 1441 149 62 s.
532 1441 81 62 en
573 1441 122 62 vers,
654 1441 68 62 à
681 1441 122 62 Louis
763 1441 163 62 Jourdan;
885 1441 81 62 13
925 1441 108 62 mai,
993 1441 68 62 1
1020 1441 81 62 p.
1047 1441 68 62 pl.

42 1475 887 57 in-8.
633 1475 493 57 2
731 1475 394 57 25

30 1518 117 73 19464
108 1518 117 73 PONCY
186 1518 182 73 (Charles),
328 1518 143 73 ouvrier
432 1518 130 73 maçon,
523 1518 117 73 poëte
601 1518 156 73 célèbre.
718 1518 117 73 L.
796 1518 78 73 a.
835 1518 130 73 s.
925 1518 65 73 à
951 1518 78 73 L.
990 1518 130 73 Boitel
1068 1518 39 73 :

113 1563 191 58 18
209 1563 383 58 juillet,
496 1563 160 58 3
560 1563 191 58 p.
655 1563 223 58 1/2
783 1563 287 58 in-8.
974 1563 160 58 3
1006 1563 128 58 50

163 1587 161 56 Curieuse
283 1587 80 56 et
324 1587 201 56 spirituelle
485 1587 148 56 épître.
592 1587 80 56 Il
632 1587 94 56 lui
686 1587 134 56 envoie
780 1587 80 56 un
820 1587 174 56 manuscrit
954 1587 107 56 avec
1008 1587 107 56 prière

129 1634 84 47 de
171 1634 209 47 l’examiner,
338 1634 84 47 et
380 1634 84 47 de
422 1634 98 47 lui
477 1634 111 47 dire
547 1634 98 47 son
603 1634 125 47 avis.
686 1634 98 47 «Je
742 1634 111 47 veux
812 1634 70 47 à
839 1634 111 47 tout
909 1634 111 47 prix
965 1634 153 47 connaître

131 1666 114 44 cette
207 1666 265 44 impression
434 1666 114 44 avant
510 1666 76 44 de
548 1666 76 44 me
586 1666 126 44 livrer
674 1666 63 44 à
699 1666 189 44 l’autre...»
851 1666 76 44 Il
889 1666 76 44 ne
927 1666 101 44 veut
990 1666 88 44 pas
1028 1666 88 44 faire

134 1695 79 48 de
173 1695 79 48 la
213 1695 197 48 publication
370 1695 79 48 de
409 1695 79 48 ce
449 1695 184 48 bouquet
593 1695 66 48 à
619 1695 197 48 chloris
777 1695 92 48 une
829 1695 144 48 affaire
934 1695 79 48 de
961 1695 157 48 librairie,

134 1734 114 41 «car
205 1734 100 41 par
262 1734 100 41 les
319 1734 128 41 temps
404 1734 85 41 de
447 1734 128 41 prose
532 1734 100 41 qui
589 1734 171 41 courent,
717 1734 85 41 il
760 1734 100 41 est
817 1734 157 41 douteux
931 1734 100 41 que
988 1734 85 41 je
1016 1734 100 41 pusse

138 1761 138 53 jamais
235 1761 151 53 rentrer
345 1761 110 53 dans
414 1761 96 53 mes
469 1761 138 53 frais,
565 1761 83 53 si
606 1761 151 53 j’étais
717 1761 124 53 assez
799 1761 110 53 naïf
868 1761 110 53 pour
937 1761 83 53 en
978 1761 124 53 faire
1047 1761 69 53 une

120 1806 240 52 spéculation...»

31 1810 121 82 19465
111 1810 147 82 ROULAND
218 1810 188 82 (Gustave),
366 1810 201 82 ex-ministre
526 1810 80 82 de
567 1810 228 82 l’instruction
754 1810 174 82 publique.
888 1810 121 82 L.
969 1810 80 82 a.
995 1810 121 82 s.

114 1871 362 55 1857,
355 1871 201 55 1
435 1871 241 55 p.
556 1871 281 55 pl.
716 1871 362 55 in-8.
957 1871 201 55 2
998 1871 121 55 »

41 1906 119 59 19466
120 1906 159 59 ROUSSEAU
240 1906 93 59 (J.
293 1906 106 59 J.),
359 1906 119 59 notre
439 1906 119 59 grand
519 1906 173 59 écrivain.
651 1906 119 59 L.
731 1906 133 59 a.
824 1906 66 59 à
851 1906 80 59 M.
890 1906 159 59 Lenieps;
1010 1906 80 59 ce
1036 1906 80 59 ven-

129 1943 173 61 dredi
244 1943 134 61 17,
321 1943 96 61 1
359 1943 115 61 p.
417 1943 134 61 pl.
494 1943 173 61 in-8,
609 1943 192 61 cachet
743 1943 154 61 bien
839 1943 250 61 conservé.
1031 1943 115 61 12
1069 1943 58 61 »

175 1985 81 50 Il
215 1985 94 50 lui
269 1985 134 50 envoie
363 1985 81 50 un
403 1985 134 50 panier
497 1985 81 50 de
538 1985 161 50 cerises,
659 1985 81 50 et
699 1985 94 50 lui
753 1985 148 50 annonce
860 1985 121 50 qu’il
941 1985 94 50 est
982 1985 134 50 toujours

133 2013 115 57 dans
204 2013 86 57 le
247 2013 115 57 même
319 2013 129 57 état,
405 2013 86 57 et
448 2013 143 57 obligé
548 2013 100 57 par
606 2013 100 57 ses
663 2013 215 57 souffrances
835 2013 86 57 de
878 2013 129 57 vivre
950 2013 172 57 absolument

127 2064 94 37 seul.

30 2063 137 77 19467
121 2063 137 77 ROZOI
212 2063 107 77 (P.
273 2063 167 77 Barnabé
395 2063 122 77 de),
471 2063 152 77 poëte,
578 2063 152 77 auteur
684 2063 228 77 dramatique,
867 2063 213 77 publiciste
1019 2063 107 77 roya-

145 2116 127 54 liste,
234 2116 89 54 mis
285 2116 63 54 à
310 2116 101 54 mort
373 2116 76 54 en
411 2116 114 54 1792.
487 2116 114 54 L.
563 2116 76 54 a.
601 2116 127 54 s.
690 2116 63 54 à
716 2116 152 54 l’évêque
830 2116 76 54 de
868 2116 152 54 Lisieux,
982 2116 63 54 1
1007 2116 76 54 p.
1032 2116 89 54 in

73 2158 976 53 Curieuse.
824 2158 375 53 3
899 2158 225 53 »
