1198 2242
534 13 157 73 3
565 13 94 73 —

35 86 132 49 19894
123 86 161 49 DUPLEIX
241 86 191 49 (Joseph),
387 86 176 49 illustre
519 86 323 49 gouverneur-général
798 86 103 49 des
857 86 220 49 possessions
1018 86 103 49 fran-

146 131 113 47 aises
222 131 100 47 dans
284 131 88 47 les
334 131 125 47 Indes.
422 131 113 47 L.
497 131 125 47 s.
585 131 63 47 à
610 131 75 47 M.
648 131 175 47 Delheyrit;
786 131 188 47 Pondichéry,
936 131 75 47 21
974 131 113 47 sept.
1036 131 88 47 1744,

121 161 148 48 4
181 161 178 48 p.
270 161 208 48 pl.
389 161 327 48 in-fol.
626 161 475 48 Rare
1012 161 148 48 6
1042 161 89 48 »

171 200 169 41 Relative
298 200 70 41 à
326 200 84 41 la
368 200 141 41 guerre
466 200 99 41 que
523 200 84 41 la
565 200 141 41 France
664 200 127 41 vient
748 200 84 41 de
790 200 169 41 déclarer
917 200 70 41 à
931 200 197 41 l’Angleterre

137 234 87 42 et
180 234 101 42 qui
238 234 87 42 va
281 234 188 42 suspendre
426 234 144 42 toutes
527 234 101 42 les
584 234 130 42 idées
671 234 87 42 de
700 234 159 42 commerce.

32 272 135 39 19395
122 272 165 39 DUSAULX
241 272 165 39 (Jean),
361 272 194 39 l’élégant
511 272 209 39 traducteur
675 272 90 39 de
720 272 180 39 Juvénal,
855 272 150 39 membre
959 272 90 39 de
989 272 135 39 l’Acad.

140 305 82 46 des
187 305 200 46 inscriptions.
352 305 106 46 L.
422 305 70 46 a.
457 305 117 46 s.
540 305 59 46 à
563 305 129 46 Palloy;
657 305 117 46 Paris,
739 305 59 46 8
763 305 94 46 août
822 305 106 46 1789,
892 305 59 46 1
916 305 70 46 p.
951 305 82 46 pl.
998 305 106 46 in-4.
1068 305 59 46 3
1080 305 47 46 50

158 328 167 55 Relative
284 328 70 55 à
312 328 98 55 des
367 328 154 55 papiers
479 328 126 55 qu’on
563 328 70 55 a
591 328 154 55 trouvés
702 328 84 55 en
744 328 209 55 démolissant
912 328 84 55 la
954 328 181 55 Bastille.
1079 328 56 55 Il

141 376 114 55 prie
212 376 157 55 Palloy,
326 376 86 55 de
369 376 86 55 la
412 376 114 55 part
483 376 86 55 du
526 376 143 55 maire,
626 376 86 55 de
669 376 157 55 veiller
783 376 100 55 sur
840 376 100 55 les
898 376 228 55 inscriptions
1069 376 57 55 et

142 409 134 49 autres
236 409 175 49 monuments
370 409 94 49 qui
424 409 188 49 pourraient
571 409 134 49 servir
665 409 67 49 à
692 409 188 49 l’histoire
840 409 81 49 de
880 409 121 49 cette
947 409 175 49 forteresse.

34 447 134 55 19396
124 447 164 55 FARNÈSE
243 447 283 55 (Pierre-Louis),
482 447 104 55 1er
541 447 104 55 duc
601 447 90 55 de
646 447 134 55 Parme
735 447 90 55 et
780 447 90 55 de
825 447 209 55 Plaisance,
989 447 119 55 fils
1048 447 75 55 na-

145 482 125 56 turel
228 482 83 56 du
270 482 111 56 pape
339 482 111 56 Paul
408 482 111 56 III,
478 482 139 56 fameux
575 482 97 56 par
630 482 97 56 ses
686 482 180 56 cruautés.
824 482 125 56 L.
907 482 152 56 s.
1018 482 111 56 avec
1074 482 55 56 la

134 525 205 40 souscript.
295 525 132 40 aut.,
383 525 88 40 au
427 525 102 40 mis
485 525 102 40 del
544 525 146 40 Vasto;
646 525 132 40 Rome,
734 525 88 40 22
778 525 117 40 oct.
851 525 132 40 1542,
939 525 73 40 1
968 525 88 40 p.
1012 525 102 40 pl.
1056 525 73 40 in-

124 543 250 59 fol.,
291 543 305 59 cachet.
513 543 277 59 Légère
707 543 388 59 déchirure.
1012 543 139 59 6
1040 543 83 59 »

41 584 135 57 19397
131 584 165 57 FARNÈSE
251 584 240 57 (Alexandre),
446 584 105 57 duc
506 584 90 57 de
551 584 150 57 Parme,
655 584 120 57 l’un
730 584 105 57 des
790 584 120 57 plus
865 584 150 57 grands
955 584 180 57 capitaines

137 623 81 58 de
177 623 94 58 son
231 623 148 58 siècle.
339 623 121 58 Pièce
420 623 121 58 sig.;
501 623 189 58 Bruxelles,
649 623 81 58 17
690 623 108 58 déc.
757 623 121 58 1587,
838 623 67 58 1
865 623 81 58 p.
906 623 94 58 gr.
960 623 148 58 in-fol.
1068 623 67 58 7
1081 623 54 58 50

169 657 173 55 Relative
298 657 72 55 à
327 657 86 55 la
370 657 173 55 pétition
500 657 86 55 de
543 657 86 55 la
586 657 130 55 veuve
672 657 86 55 et
716 657 101 55 des
773 657 158 55 enfants
888 657 86 55 de
931 657 101 55 feu
989 657 144 55 Hugues
1075 657 58 55 de

145 689 199 52 Richebourg;
304 689 80 52 il
344 689 80 52 la
384 689 133 52 relève
477 689 80 52 de
517 689 80 52 la
557 689 213 52 confiscation
729 689 93 52 des
783 689 120 52 biens
862 689 93 52 que
915 689 173 52 possédait
1035 689 93 52 ledit

145 730 88 47 de
189 730 205 47 Richebourg
350 730 73 47 à
379 730 132 47 Douai
467 730 88 47 et
511 730 102 47 aux
555 730 161 47 environs.

42 759 138 71 19398
134 759 169 71 FAUCHER
257 759 169 71 (Léon),
380 759 215 71 économiste
548 759 92 71 et
595 759 230 71 publiciste,
779 759 246 71 représentant
978 759 92 71 du
1009 759 123 71 peuple

149 807 80 44 en
189 807 120 44 1848,
269 807 174 44 ministre,
403 807 134 44 membre
496 807 80 44 de
537 807 201 44 l’Institut.
697 807 120 44 L.
777 807 80 44 a.
817 807 147 44 s.
924 807 80 44 24
965 807 120 44 sept.
1031 807 94 44 1846,

107 840 423 50 1/2
348 840 363 50 p.
530 840 544 50 in-4.
892 840 302 50 2
953 840 181 50 »

45 866 123 58 19399
127 866 123 58 FAURE
209 866 163 58 (Jules),
331 866 109 58 l’un
400 866 95 58 des
454 866 177 58 meilleurs
590 866 177 58 chanteurs
726 866 82 58 de
767 866 272 58 l’Opéra-Comique.
985 866 150 58 L.

131 906 300 51 a.
331 906 367 51 s.
598 906 167 51 1
665 906 200 51 p.
765 906 300 51 in-8.
965 906 167 51 1
998 906 134 51 25

41 938 137 63 19400
132 938 152 63 FAVRAS
239 938 107 63 (le
300 938 168 63 marquis
422 938 122 63 de),
498 938 137 63 pendu
589 938 91 63 en
635 938 137 63 place
727 938 91 63 de
772 938 152 63 Grève,
879 938 91 63 en
925 938 137 63 1790,
1016 938 122 63 pour
1077 938 61 63 un

151 980 164 49 zomplot
270 980 193 49 ténébreux
419 980 89 49 où
464 980 179 49 Monsieur
597 980 149 49 (Louis
702 980 149 49 XVIII)
806 980 134 49 était
895 980 119 49 fort
954 980 179 49 compromis.

144 1012 161 55 Billet
257 1012 129 55 aut.
337 1012 145 55 sig.;
434 1012 161 55 Paris,
547 1012 81 55 6
579 1012 129 55 déc.
660 1012 145 55 1773,
756 1012 113 55 1/2
821 1012 97 55 p.
869 1012 129 55 in-8
950 1012 177 55 oblong.
1079 1012 81 55 5
1095 1012 48 55 »

46 1044 140 66 19401
140 1044 202 66 FERDINAND
295 1044 125 66 Ier,
373 1044 109 66 roi
436 1044 93 66 de
482 1044 171 66 Naples,
607 1044 156 66 prince
716 1044 156 66 fameux
825 1044 109 66 par
887 1044 109 66 ses
949 1044 187 66 cruautés
1074 1044 62 66 et

143 1085 149 50 abhorré
252 1085 81 50 de
292 1085 95 50 ses
346 1085 149 50 sujets.
455 1085 122 50 L.
536 1085 81 50 a.
577 1085 135 50 s.
671 1085 81 50 au
712 1085 95 50 duc
766 1085 81 50 de
807 1085 135 50 Milan;
901 1085 68 50 8
928 1085 122 50 déc.,
1010 1085 68 50 1
1037 1085 81 50 p.
1064 1085 81 50 in

148 1111 218 60 oblong,
307 1111 218 60 cachet.
466 1111 179 60 Jolie
585 1111 199 60 pièce,
724 1111 159 60 bien
823 1111 278 60 conservée.
1042 1111 99 60 7
1062 1111 79 60 50

46 1170 138 47 19402
138 1170 231 47 FRAYSSINOUS
322 1170 184 47 (Denis),
461 1170 154 47 évêque
568 1170 261 47 d’Hermopolis,
783 1170 246 47 grand-maître
983 1170 92 47 de
1014 1170 123 47 l’Uni-

150 1197 152 50 versité,
264 1197 164 50 ministre,
390 1197 76 50 de
428 1197 139 50 l’Acad.
529 1197 88 50 fr.
580 1197 114 50 L.
656 1197 76 50 a.
694 1197 139 50 s.
795 1197 126 50 Gènes,
883 1197 88 50 1er
934 1197 101 50 nov.
997 1197 114 50 1830,
1073 1197 63 50 1
1085 1197 51 50 p.

97 1225 486 65 1/4
374 1225 624 65 in-4.
790 1225 347 65 3
860 1225 277 65 25

181 1268 162 52 Relative
303 1268 68 52 à
330 1268 95 52 son
384 1268 135 52 voyage
479 1268 176 52 d’Italie,
614 1268 95 52 que
668 1268 135 52 l’état
762 1268 81 52 de
803 1268 81 52 sa
843 1268 135 52 santé,
938 1268 162 52 ébranlée
1046 1268 81 52 for-

150 1297 147 55 tement
253 1297 103 55 par
312 1297 103 55 les
371 1297 191 55 dernières
518 1297 206 55 commotions
679 1297 220 55 politiques,
856 1297 103 55 l’a
915 1297 132 55 forcé
988 1297 147 55 d’entre

135 1347 153 46 prendre.

45 1370 144 60 15403
141 1370 176 60 FREGOSO
270 1370 176 60 (Pierre
398 1370 176 60 CAMpo),
526 1370 128 60 doge
607 1370 96 60 de
655 1370 160 60 Gènes,
767 1370 112 60 qui
831 1370 128 60 céda
911 1370 144 60 cette
1008 1370 144 60 ville
1088 1370 48 60 à

151 1414 160 52 Charles
268 1414 102 52 VII
326 1414 87 52 en
370 1414 131 52 1458,
457 1414 87 52 et
501 1414 117 52 qui,
574 1414 175 52 voulant,
705 1414 160 52 l’année
822 1414 189 52 suivante,
953 1414 189 52 reconquérir

154 1440 92 56 son
207 1440 171 56 autorité,
338 1440 92 56 fut
391 1440 158 56 massacré
510 1440 92 56 par
563 1440 92 56 les
615 1440 171 56 Français.
747 1440 119 56 L.
826 1440 79 56 a.
866 1440 132 56 s.
958 1440 66 56 à
985 1440 158 56 Leonado;
1090 1440 53 56 15

144 1479 158 60 juillet
259 1479 130 60 1455,
345 1479 72 60 1
374 1479 86 60 p.
417 1479 130 60 in-4,
504 1479 158 60 cachet.
619 1479 130 60 Belle
705 1479 144 60 pièce.
806 1479 302 60 Très-rare
1065 1479 86 60 14
1094 1479 43 60 »

53 1510 136 59 19404
144 1510 167 59 GAVARNI
265 1510 257 59 (Sulpice-Paul
477 1510 212 59 CHEVALIER,
643 1510 136 59 dit),
734 1510 91 59 un
780 1510 91 59 de
825 1510 106 59 nos
886 1510 197 59 meilleurs
1022 1510 121 59 dessi-

154 1554 231 53 nateurs.
327 1554 173 53 L.
443 1554 116 53 a.
500 1554 193 53 s.
635 1554 96 53 à
674 1554 250 53 Mlle....,
866 1554 96 53 1
905 1554 116 53 p.
962 1554 173 53 in-8.
1078 1554 96 53 2
1097 1554 58 53 »

46 1584 118 56 19405
125 1584 144 56 GOLDONI
229 1584 184 56 (Charles),
374 1584 144 56 célèbre
479 1584 131 56 auteur
570 1584 197 56 dramatique,
728 1584 79 56 le
767 1584 236 56 Molière
964 1584 79 56 de
990 1584 144 56 l’Italie.

158 1641 121 37 L.
238 1641 81 37 a.
279 1641 135 37 s.
373 1641 94 37 (au
427 1641 148 37 marquis
535 1641 202 37 Capacelli);
697 1641 189 37 Compiègne,
846 1641 81 37 10
886 1641 108 37 août
954 1641 121 37 1765,
1035 1641 67 37 3
1062 1641 81 37 p.
1089 1641 67 37 pl.

71 1663 877 65 in-4.
655 1663 584 65 28
850 1663 292 65 »

188 1693 169 66 Curieuse
315 1693 155 66 épître,
428 1693 169 66 relative
555 1693 71 66 à
583 1693 99 66 une
639 1693 155 66 comédie
752 1693 367 66 d’Albergati-Capacelli,
1076 1693 85 66 et
1105 1693 42 66 à

162 1737 97 47 une
217 1737 166 47 aventure
342 1737 111 47 fort
411 1737 124 47 drôle
494 1737 97 47 qui
549 1737 124 47 vient
632 1737 83 47 de
673 1737 97 47 lui
729 1737 166 47 arriver:
853 1737 83 47 on
894 1737 152 47 voulait
1005 1737 97 47 lui
1046 1737 97 47 faire

166 1765 126 55 payer
250 1765 98 55 200
306 1765 112 55 liv.
377 1765 112 55 pour
447 1765 84 55 le
489 1765 112 55 port
559 1765 112 55 d’un
616 1765 126 55 paquet.

47 1779 147 83 19406
145 1779 180 83 HANRIOT
276 1779 164 83 (Fr.),
391 1779 229 83 commandant
571 1779 98 83 la
620 1779 147 83 force
718 1779 147 83 armée
816 1779 98 83 de
866 1779 147 83 Paris
964 1779 180 83 pendant
1078 1779 66 83 la

167 1846 154 46 Terreur,
283 1846 154 46 décapité
399 1846 103 46 avec
463 1846 206 46 Robespierre.
630 1846 116 46 L.
707 1846 141 46 s.
810 1846 129 46 Paris,
900 1846 77 46 22
938 1846 154 46 frimaire
1054 1846 77 46 an
1080 1846 64 46 II,

142 1872 132 53 1
194 1872 158 53 p.
274 1872 317 53 in-fol.,
511 1872 211 53 tête
643 1872 264 53 impr.,
828 1872 290 53 cachet.
1039 1872 132 53 3
1066 1872 79 53 »

58 1899 134 84 19407
147 1899 208 84 HÉDOUVILLE
311 1899 119 84 (Th.
385 1899 149 84 Jos.),
490 1899 164 84 général
609 1899 89 84 en
653 1899 134 84 chef,
742 1899 238 84 pacificateur
936 1899 89 84 de
980 1899 89 84 la
1010 1899 134 84 Vendée.

166 1952 122 47 L.
248 1952 81 47 a.
288 1952 135 47 s.
383 1952 81 47 au
424 1952 108 47 gén.
492 1952 149 47 Travot;
600 1952 81 47 La
641 1952 244 47 Roche-Courbon,
844 1952 81 47 11
885 1952 176 47 thermidor
1020 1952 81 47 an
1047 1952 95 47 VIII,

137 1982 170 53 1
205 1982 204 53 p.
307 1982 238 53 pl.
443 1982 306 53 in-4,
647 1982 272 53 tête
816 1982 306 53 impr.
1020 1982 170 53 6
1054 1982 102 53 »

191 2008 93 69 On
238 2008 202 69 soupçonne
393 2008 202 69 plusieurs
549 2008 186 69 ex-chefs
688 2008 171 69 chouans
812 2008 93 69 de
859 2008 171 69 vouloir
968 2008 186 69 renouveler

165 2052 110 56 dans
234 2052 83 56 la
275 2052 138 56 Vendée
372 2052 96 56 les
427 2052 165 56 horreurs
551 2052 83 56 de
592 2052 83 56 la
633 2052 138 56 guerre
729 2052 193 56 intestine.
881 2052 110 56 Rien
950 2052 83 56 ne
977 2052 179 56 seconderait

169 2084 126 55 mieux
253 2084 126 55 leurs
337 2084 154 55 projets
450 2084 98 55 que
506 2084 98 55 des
562 2084 168 55 rapports
688 2084 154 55 ambigus
800 2084 98 55 par
856 2084 168 55 lesquels
983 2084 84 55 on
1011 2084 140 55 parvien-

170 2123 125 52 drait
254 2123 70 52 à
281 2123 139 52 rendre
379 2123 167 52 suspects
504 2123 111 52 ceux
574 2123 83 52 de
615 2123 97 52 ces
671 2123 167 52 ex-chefs
796 2123 153 52 chouans
907 2123 97 52 qui
963 2123 83 52 se
1005 2123 111 52 sont
1061 2123 83 52 sou-

166 2151 99 61 mis
222 2151 84 61 de
264 2151 127 61 bonne
349 2151 99 61 foi
405 2151 99 61 aux
461 2151 113 61 lois
532 2151 84 61 de
574 2151 84 61 la
616 2151 211 61 république.
785 2151 84 61 Il
827 2151 141 61 espère
926 2151 113 61 avec
996 2151 84 61 la
1024 2151 127 61 gendar
