1155 2247
17 27 652 103 LIBRAIRIE
506 27 570 103 ANCIENNE

325 133 183 77 ET
385 133 396 77 AUTOGRAPHES

497 211 96 58 DE

239 265 371 80 JACQUES
505 265 371 80 CHARAVAY

51 341 252 70 Rue
227 341 177 70 des
328 341 530 70 Grands-Augustins,
757 341 227 70 26.

11 401 189 57 LIVRES
144 401 227 57 ANCIENS,
314 401 189 57 ACHATS
447 401 114 57 DE
504 401 322 57 BIBLIOTHÈQUES
769 401 114 57 ET
826 401 114 57 DE
864 401 246 57 COLLECTIONS

58 451 354 53 D’AUTOGRAPHES;
354 451 256 53 ÉCHANGES,
551 451 315 53 COMMISSIONS;
807 451 197 53 VENTES
925 451 177 53 D’AUTO-

61 489 192 50 GRAPHES
200 489 87 50 A
235 489 227 50 L’AMIABLE
409 489 227 50 MOYENNANT
583 489 174 50 Dix
705 489 139 50 pour
792 489 174 50 cent,
914 489 105 50 ET
967 489 122 50 AUX
1019 489 87 50 EN-

62 536 146 52 CHÈRES
165 536 205 52 PUBLIQUES,
326 536 176 52 Vingt
458 536 117 52 pour
531 536 117 52 cent
604 536 103 52 sur
663 536 88 52 la
707 536 176 52 totalité
838 536 88 52 de
882 536 88 52 la
912 536 190 52 vente,

55 574 131 54 ALA
130 574 187 54 CHARGE
261 574 131 54 DES
336 574 244 54 VENDEURS,
524 574 150 54 TOUT
599 574 187 54 COMPRIS.

329 694 151 49 N°
430 694 134 49 140.
514 694 84 49 —
547 694 134 49 JUIN
614 694 185 49 1865.

383 795 347 65 AUTOGRAPHES.

21 862 123 55 19368
103 862 137 55 ALBRET
199 862 137 55 (Henri
295 862 110 55 d’),
364 862 96 55 roi
418 862 82 55 de
459 862 164 55 Navarre,
583 862 192 55 grand-père
733 862 82 55 de
774 862 123 55 Henri
857 862 96 55 IV.
911 862 123 55 L.
980 862 123 55 s.

117 910 114 38 avec
188 910 86 38 la
231 910 200 38 souscript.
388 910 129 38 aut.,
474 910 71 38 à
503 910 86 38 M.
546 910 86 38 Du
588 910 143 38 Ludde;
688 910 114 38 Pau,
760 910 86 38 30
803 910 129 38 sept.
889 910 129 38 1553,
974 910 71 38 1
1003 910 86 38 p.
1032 910 71 38 in-

101 936 236 44 fol.
248 936 265 44 Belle
425 936 295 44 lettre
631 936 412 44 militaire.
955 936 177 44 10
1014 936 88 44 »

18 976 140 49 19369
112 976 187 49 ALDRIDGE
252 976 156 49 (Ira),
361 976 171 49 célèbre
485 976 156 49 acteur
594 976 140 49 nègre
688 976 109 49 qui
750 976 78 49 a
781 976 125 49 joué
859 976 125 49 avec
937 976 156 49 succès
1030 976 78 49 les

127 1014 92 36 rôles
188 1014 215 36 d’Othello
372 1014 184 36 Macbeth
526 1014 61 36 et
557 1014 194 36 Shylock
720 1014 123 36 surnommé
812 1014 61 36 le
843 1014 123 36 Talma
935 1014 92 36 noir.
997 1014 61 36 L.
1017 1014 82 36 a

120 1044 229 43 s
297 1044 106 43 en
350 1044 212 43 anglais;
508 1044 106 43 25
561 1044 141 43 oct.
649 1044 159 43 1854,
755 1044 88 43 1
791 1044 106 43 p.
843 1044 123 43 1/2
914 1044 159 43 in-8.
1020 1044 88 43 3
1037 1044 71 43 50

148 1075 151 52 Relative
262 1075 63 52 à
287 1075 88 52 son
337 1075 151 52 portrait
450 1075 101 52 dans
513 1075 75 52 le
551 1075 101 52 rôle
614 1075 264 52 d'Othello
840 1075 63 52 —
865 1075 75 52 On
903 1075 63 52 a
928 1075 113 52 joint
1003 1075 63 52 à
1016 1075 88 52 cette

117 1112 139 41 lettre
214 1112 83 41 un
256 1112 111 41 beau
325 1112 166 41 portrait
436 1112 111 41 gravé.

23 1143 135 44 19370
113 1143 180 44 ALPHONSE
248 1143 120 44 Ier,
322 1143 105 44 roi
382 1143 90 44 de
427 1143 150 44 Naples
532 1143 90 44 et
577 1143 195 44 d’Aragon,
727 1143 150 44 prince
832 1143 195 44 valeureux
981 1143 90 44 et
1011 1143 90 44 pro-

120 1183 156 31 tecteur
233 1183 99 31 des
290 1183 170 31 lettres,
418 1183 99 31 qui
475 1183 156 31 disputa
588 1183 184 31 longtemps
730 1183 99 31 son
787 1183 156 31 royaume
900 1183 71 31 à
929 1183 128 31 Louis
1000 1183 99 31 d’An-

125 1213 104 44 jou.
190 1213 104 44 L.
255 1213 130 44 s
347 1213 78 44 au
386 1213 91 44 duc
438 1213 78 44 de
477 1213 130 44 Milan;
568 1213 78 44 11
607 1213 117 44 avril
686 1213 117 44 1456,
764 1213 65 44 1
790 1213 78 44 p.
829 1213 104 44 in-4
894 1213 143 44 oblong,
986 1213 117 44 cachet.

75 1247 969 45 Rare
863 1247 303 45 8
923 1247 182 45 »

18 1270 135 54 19371
108 1270 150 54 AUMALE
213 1270 150 54 (Henri
319 1270 210 54 d’ORLÉANS,
484 1270 105 54 duc
544 1270 120 54 d’),
619 1270 120 54 fils
694 1270 90 54 de
739 1270 286 54 Louis-Philippe,
965 1270 135 54 gouver-

125 1317 105 42 neur
190 1317 78 42 de
229 1317 183 42 l’Algérie.
373 1317 118 42 L.
452 1317 118 42 s
530 1317 78 42 au
569 1317 144 42 général
674 1317 183 42 Herbillon;
818 1317 131 42 Alger,
909 1317 78 42 26
948 1317 118 42 janv.
1014 1317 91 42 1848,

108 1351 147 39 1
166 1351 177 39 p.
255 1351 206 39 pl.
373 1351 265 39 in-4.
549 1351 501 39 Intéressante.
991 1351 147 39 3
1021 1351 88 39 »

16 1368 128 71 19372
101 1368 328 71 BARAGUEY-D’HILLIERS
387 1368 100 71 (le
444 1368 128 71 comte
529 1368 185 71 Achille),
672 1368 171 71 maréchal
800 1368 86 71 de
843 1368 157 71 France.
943 1368 157 71 L.

109 1428 183 42 a.
231 1428 203 42 s.
373 1428 122 42 au
434 1428 325 42 général....;
698 1428 102 42 1
739 1428 122 42 p.
800 1428 142 42 pl.
881 1428 183 42 in-8.
1003 1428 102 42 2
1024 1428 81 42 50

147 1459 182 48 Relative
283 1459 106 48 aux
344 1459 182 48 attaques
480 1459 243 48 calomnieuses
677 1459 197 48 répandues
829 1459 121 48 dans
905 1459 106 48 les
950 1459 152 48 journaux

117 1498 152 37 contre
223 1498 91 37 la
269 1498 167 37 mémoire
390 1498 91 37 du
435 1498 167 37 général
557 1498 197 37 Damrémont
709 1498 121 37 (tué
784 1498 91 37 au
830 1498 137 37 siège
921 1498 91 37 de
951 1498 152 37 Constan

117 1531 85 40 tine).

17 1542 144 72 19373
113 1542 240 72 BEAUHARNAIS
305 1542 240 72 (Hortense),
497 1542 144 72 reine
593 1542 96 72 de
641 1542 208 72 Hollande,
801 1542 128 72 mère
881 1542 96 72 de
913 1542 192 72 l’Empereur

121 1601 158 37 Napoléon
239 1601 105 37 III.
305 1601 118 37 L.
384 1601 131 37 s.
476 1601 79 37 au
515 1601 158 37 libraire
633 1601 171 37 Ladvocat;
764 1601 197 37 Arenenberg,
922 1601 79 37 21
962 1601 105 37 nov.
1014 1601 92 37 1822,

83 1633 268 52 1
191 1633 322 52 p.
352 1633 376 52 1/2
566 1633 483 52 in-8.
888 1633 268 52 8
942 1633 161 52 »

154 1654 120 49 C’est
234 1654 107 49 avec
301 1654 147 49 plaisir
407 1654 147 49 qu’elle
514 1654 227 49 s’adresserait
701 1654 67 49 à
728 1654 94 49 lui
781 1654 107 49 pour
848 1654 80 49 la
888 1654 200 49 publication
1035 1654 67 49 des

125 1689 150 53 lettres
235 1689 82 53 de
275 1689 191 53 l’Empereur
426 1689 68 53 à
453 1689 82 53 sa
494 1689 123 53 mère,
576 1689 82 53 si
617 1689 109 53 elle
685 1689 82 53 ne
726 1689 177 53 craignait
862 1689 96 53 que
917 1689 96 53 son
972 1689 123 53 fils,
1040 1689 68 53 qui

114 1725 129 48 n’est
200 1725 100 48 pas
257 1725 115 48 près
329 1725 158 48 d’elle,
444 1725 129 48 n’eût
530 1725 115 48 pris
602 1725 172 48 quelques
731 1725 230 48 engagements.
917 1725 144 48 «Quant
1018 1725 72 48 à
1032 1725 72 48 mes

121 1768 196 34 romancés,
271 1768 120 34 dont
347 1768 90 34 je
392 1768 90 34 ne
437 1768 166 34 compose
557 1768 105 34 que
618 1768 90 34 la
663 1768 181 34 musique,
798 1768 90 34 je
843 1768 90 34 ne
888 1768 150 34 trouve
979 1768 120 34 aucune

116 1799 162 41 d’elles
234 1799 133 41 digne
323 1799 88 41 de
367 1799 162 41 figurer
485 1799 118 41 dans
559 1799 88 41 un
603 1799 162 41 ouvrage
721 1799 133 41 aussi
809 1799 192 41 important
957 1799 103 41 que
1001 1799 103 41 votre

126 1828 112 48 livre
200 1828 87 48 des
250 1828 136 48 Cent
349 1828 74 48 et
386 1828 136 48 Un
485 1828 136 48 surtout
584 1828 62 48 à
609 1828 99 48 côté
671 1828 87 48 des
721 1828 186 48 notabilités
869 1828 186 48 littéraires
1018 1828 87 48 qui
1055 1828 50 48 le

56 1865 580 45 remplissent.»

25 1888 136 57 19374
116 1888 151 57 BEDEAU
222 1888 318 57 (Marie-Alphonse),
494 1888 136 57 brave
585 1888 182 57 général,
721 1888 151 57 député
827 1888 91 57 et
857 1888 242 57 vice

117 1935 79 36 de
156 1935 197 36 l’Assemblée
314 1935 210 36 constituante
485 1935 79 36 en
524 1935 118 36 1848,
603 1935 79 36 né
642 1935 105 36 près
708 1935 79 36 de
747 1935 144 36 Nantes.
852 1935 118 36 L.
931 1935 79 36 a.
971 1935 131 36 s.
1049 1935 53 36 au

125 1963 176 47 directeur
261 1963 81 47 du
302 1963 271 47 Moniteur;
532 1963 81 47 17
573 1963 149 47 octobre
681 1963 122 47 1848,
762 1963 68 47 2
789 1963 81 47 p.
830 1963 95 47 pl.
884 1963 122 47 in-8.
952 1963 149 47 Curieuse.

1014 1999 93 40 2
1032 1999 74 40 50

19 2029 123 50 19375
101 2029 136 50 BENOIT
197 2029 109 50 XIV,
265 2029 109 50 pape
333 2029 177 50 illustre.
470 2029 123 50 L.
552 2029 136 50 s.
647 2029 150 50 avecila
756 2029 218 50 souscription
934 2029 82 50 et
975 2029 68 50 7
988 2029 123 50 petites

124 2072 147 43 lignes
227 2072 133 43 aut.,
316 2072 88 43 au
360 2072 162 43 marquis
478 2072 206 43 Albergati;
640 2072 162 43 Ancône,
758 2072 88 43 30
802 2072 133 43 janv.
890 2072 133 43 1749,
978 2072 74 43 1
1008 2072 88 43 p.
1037 2072 74 43 in-

82 2108 372 40 fol.
315 2108 419 40 Belle
594 2108 465 40 pièce.
920 2108 233 40 5
966 2108 140 40 »

21 2140 129 49 19376
107 2140 172 49 BÉRANGER
236 2140 101 49 (P.
294 2140 86 49 J.
337 2140 115 49 de),
409 2140 129 49 notre
495 2140 216 49 chansonnier
667 2140 187 49 national.
811 2140 129 49 L.
897 2140 86 49 a.
941 2140 144 49 s.
1041 2140 72 49 à
1056 2140 57 49 un

114 2178 197 54 poëte;
252 2178 197 54 Passy,
391 2178 118 54 20
450 2178 158 54 déc.
548 2178 178 54 1847,
667 2178 99 54 1
706 2178 118 54 p.
766 2178 138 54 pl.
844 2178 178 54 in-8.
963 2178 99 54 5
1002 2178 99 54 5
1022 2178 79 54 50
