<?xml version='1.0' encoding='UTF8'?>
<alto xmlns:xsi="http://www.w3.org/2001/XMLSchema-instance" xmlns="http://www.loc.gov/standards/alto/ns-v2#" xmlns:page="http://schema.primaresearch.org/PAGE/gts/pagecontent/2013-07-15" xsi:schemaLocation="http://www.loc.gov/standards/alto/ns-v2# http://www.loc.gov/standards/alto/alto.xsd">
  <Description>
    <MeasurementUnit>pixel</MeasurementUnit>
    <sourceImageInformation>
         <fileName>1865_06_LAC_N140_0004.jpg</fileName>
      </sourceImageInformation>
    <OCRProcessing ID="IdOcr">
      <ocrProcessingStep>
        <processingDateTime>2020-11-06T13:45:57.885+01:00</processingDateTime>
        <processingSoftware>
               <softwareCreator>CONTRIBUTORS</softwareCreator>
               <softwareName>pdfalto</softwareName>
               <softwareVersion>0.1</softwareVersion>
            </processingSoftware>
      </ocrProcessingStep>
    </OCRProcessing>
  </Description>
  <Styles>
     <TextStyle ID="FONT0" FONTSTYLE=""/>
     <TextStyle ID="FONT1" FONTSTYLE="bold"/>
     <TextStyle ID="FONT2" FONTSTYLE="italics"/>
</Styles>
  <Tags/>
  <Layout>
    <Page ID="Page1" PHYSICAL_IMG_NR="1" HEIGHT="2252" WIDTH="1143">
      <PrintSpace HEIGHT="2252" WIDTH="1143" VPOS="0" HPOS="0">
        <TextBlock ID="r1" HEIGHT="2201" WIDTH="1103" VPOS="16" HPOS="24">
          <TextLine ID="r2l1" BASELINE="77" HEIGHT="60" WIDTH="163" VPOS="17" HPOS="479">
            <String HEIGHT="60" WIDTH="163" VPOS="17" HPOS="446" CONTENT="—" ID="r2l1_1" STYLEREFS="FONT0"/>
            <SP HEIGHT="60" WIDTH="33" VPOS="17" HPOS="609"/>
            <String HEIGHT="60" WIDTH="163" VPOS="17" HPOS="512" CONTENT="4" ID="r2l1_2" STYLEREFS="FONT0"/>
            <SP HEIGHT="60" WIDTH="33" VPOS="17" HPOS="675"/>
            <String HEIGHT="60" WIDTH="98" VPOS="17" HPOS="544" CONTENT="—" ID="r2l1_3" STYLEREFS="FONT0"/>
          </TextLine>
          <TextLine ID="r2l2" BASELINE="126" HEIGHT="54" WIDTH="962" VPOS="72" HPOS="134">
            <String HEIGHT="54" WIDTH="125" VPOS="72" HPOS="120" CONTENT="merie" ID="r2l2_1" STYLEREFS="FONT0"/>
            <SP HEIGHT="54" WIDTH="14" VPOS="72" HPOS="246"/>
            <String HEIGHT="54" WIDTH="70" VPOS="72" HPOS="204" CONTENT="à" ID="r2l2_2" STYLEREFS="FONT0"/>
            <SP HEIGHT="54" WIDTH="14" VPOS="72" HPOS="273"/>
            <String HEIGHT="54" WIDTH="112" VPOS="72" HPOS="232" CONTENT="pied" ID="r2l2_3" STYLEREFS="FONT0"/>
            <SP HEIGHT="54" WIDTH="14" VPOS="72" HPOS="343"/>
            <String HEIGHT="54" WIDTH="84" VPOS="72" HPOS="301" CONTENT="et" ID="r2l2_4" STYLEREFS="FONT0"/>
            <SP HEIGHT="54" WIDTH="14" VPOS="72" HPOS="385"/>
            <String HEIGHT="54" WIDTH="70" VPOS="72" HPOS="343" CONTENT="à" ID="r2l2_5" STYLEREFS="FONT0"/>
            <SP HEIGHT="54" WIDTH="14" VPOS="72" HPOS="413"/>
            <String HEIGHT="54" WIDTH="139" VPOS="72" HPOS="371" CONTENT="cheval" ID="r2l2_6" STYLEREFS="FONT0"/>
            <SP HEIGHT="54" WIDTH="14" VPOS="72" HPOS="510"/>
            <String HEIGHT="54" WIDTH="167" VPOS="72" HPOS="469" CONTENT="étouffer" ID="r2l2_7" STYLEREFS="FONT0"/>
            <SP HEIGHT="54" WIDTH="14" VPOS="72" HPOS="636"/>
            <String HEIGHT="54" WIDTH="98" VPOS="72" HPOS="594" CONTENT="les" ID="r2l2_8" STYLEREFS="FONT0"/>
            <SP HEIGHT="54" WIDTH="14" VPOS="72" HPOS="692"/>
            <String HEIGHT="54" WIDTH="139" VPOS="72" HPOS="650" CONTENT="germes" ID="r2l2_9" STYLEREFS="FONT0"/>
            <SP HEIGHT="54" WIDTH="14" VPOS="72" HPOS="789"/>
            <String HEIGHT="54" WIDTH="251" VPOS="72" HPOS="747" CONTENT="d’insurrection" ID="r2l2_10" STYLEREFS="FONT0"/>
            <SP HEIGHT="54" WIDTH="14" VPOS="72" HPOS="998"/>
            <String HEIGHT="54" WIDTH="98" VPOS="72" HPOS="957" CONTENT="qui" ID="r2l2_11" STYLEREFS="FONT0"/>
            <SP HEIGHT="54" WIDTH="14" VPOS="72" HPOS="1054"/>
            <String HEIGHT="54" WIDTH="98" VPOS="72" HPOS="998" CONTENT="pour" SUBS_TYPE="HypPart1" SUBS_CONTENT="pourraient" ID="r2l2_12" STYLEREFS="FONT0"/>
            <HYP CONTENT="-"/>
          </TextLine>
          <TextLine ID="r2l4" BASELINE="166" HEIGHT="50" WIDTH="206" VPOS="116" HPOS="128">
            <String HEIGHT="50" WIDTH="137" VPOS="116" HPOS="114" CONTENT="raient" SUBS_TYPE="HypPart2" SUBS_CONTENT="pourraient" ID="r2l4_1" STYLEREFS="FONT0"/>
            <SP HEIGHT="50" WIDTH="14" VPOS="116" HPOS="252"/>
            <String HEIGHT="50" WIDTH="137" VPOS="116" HPOS="197" CONTENT="exister." ID="r2l4_2" STYLEREFS="FONT0"/>
          </TextLine>
          <TextLine ID="r2l5" BASELINE="206" HEIGHT="56" WIDTH="1065" VPOS="150" HPOS="35">
            <String HEIGHT="56" WIDTH="109" VPOS="150" HPOS="23" CONTENT="19407" ID="r2l5_1" STYLEREFS="FONT0"/>
            <SP HEIGHT="56" WIDTH="12" VPOS="150" HPOS="132"/>
            <String HEIGHT="56" WIDTH="182" VPOS="150" HPOS="96" CONTENT="bis" ID="r2l5_2" STYLEREFS="FONT2"/>
            <SP HEIGHT="56" WIDTH="12" VPOS="150" HPOS="277"/>
            <String HEIGHT="56" WIDTH="109" VPOS="150" HPOS="241" CONTENT="HENRI" ID="r2l5_3" STYLEREFS="FONT0"/>
            <SP HEIGHT="56" WIDTH="12" VPOS="150" HPOS="350"/>
            <String HEIGHT="56" WIDTH="97" VPOS="150" HPOS="313" CONTENT="III," ID="r2l5_4" STYLEREFS="FONT0"/>
            <SP HEIGHT="56" WIDTH="12" VPOS="150" HPOS="410"/>
            <String HEIGHT="56" WIDTH="85" VPOS="150" HPOS="374" CONTENT="roi" ID="r2l5_5" STYLEREFS="FONT0"/>
            <SP HEIGHT="56" WIDTH="12" VPOS="150" HPOS="459"/>
            <String HEIGHT="56" WIDTH="73" VPOS="150" HPOS="422" CONTENT="de" ID="r2l5_6" STYLEREFS="FONT0"/>
            <SP HEIGHT="56" WIDTH="12" VPOS="150" HPOS="495"/>
            <String HEIGHT="56" WIDTH="133" VPOS="150" HPOS="459" CONTENT="France." ID="r2l5_7" STYLEREFS="FONT0"/>
            <SP HEIGHT="56" WIDTH="12" VPOS="150" HPOS="592"/>
            <String HEIGHT="56" WIDTH="109" VPOS="150" HPOS="555" CONTENT="L." ID="r2l5_8" STYLEREFS="FONT2"/>
            <SP HEIGHT="56" WIDTH="12" VPOS="150" HPOS="664"/>
            <String HEIGHT="56" WIDTH="73" VPOS="150" HPOS="628" CONTENT="a." ID="r2l5_9" STYLEREFS="FONT2"/>
            <SP HEIGHT="56" WIDTH="12" VPOS="150" HPOS="701"/>
            <String HEIGHT="56" WIDTH="121" VPOS="150" HPOS="664" CONTENT="s." ID="r2l5_10" STYLEREFS="FONT2"/>
            <SP HEIGHT="56" WIDTH="12" VPOS="150" HPOS="785"/>
            <String HEIGHT="56" WIDTH="61" VPOS="150" HPOS="749" CONTENT="à" ID="r2l5_11" STYLEREFS="FONT0"/>
            <SP HEIGHT="56" WIDTH="12" VPOS="150" HPOS="810"/>
            <String HEIGHT="56" WIDTH="157" VPOS="150" HPOS="773" CONTENT="Villeroy," ID="r2l5_12" STYLEREFS="FONT0"/>
            <SP HEIGHT="56" WIDTH="12" VPOS="150" HPOS="931"/>
            <String HEIGHT="56" WIDTH="61" VPOS="150" HPOS="894" CONTENT="1" ID="r2l5_13" STYLEREFS="FONT0"/>
            <SP HEIGHT="56" WIDTH="12" VPOS="150" HPOS="955"/>
            <String HEIGHT="56" WIDTH="73" VPOS="150" HPOS="918" CONTENT="p." ID="r2l5_14" STYLEREFS="FONT0"/>
            <SP HEIGHT="56" WIDTH="12" VPOS="150" HPOS="991"/>
            <String HEIGHT="56" WIDTH="85" VPOS="150" HPOS="955" CONTENT="pl." ID="r2l5_15" STYLEREFS="FONT0"/>
            <SP HEIGHT="56" WIDTH="12" VPOS="150" HPOS="1039"/>
            <String HEIGHT="56" WIDTH="109" VPOS="150" HPOS="991" CONTENT="in" ID="r2l5_16" STYLEREFS="FONT0"/>
          </TextLine>
          <TextLine ID="r2l7" BASELINE="234" HEIGHT="45" WIDTH="971" VPOS="189" HPOS="132">
            <String HEIGHT="45" WIDTH="486" VPOS="189" HPOS="78" CONTENT="Belle" ID="r2l7_1" STYLEREFS="FONT0"/>
            <SP HEIGHT="45" WIDTH="54" VPOS="189" HPOS="564"/>
            <String HEIGHT="45" WIDTH="593" VPOS="189" HPOS="402" CONTENT="lettre." ID="r2l7_2" STYLEREFS="FONT0"/>
            <SP HEIGHT="45" WIDTH="54" VPOS="189" HPOS="995"/>
            <String HEIGHT="45" WIDTH="324" VPOS="189" HPOS="833" CONTENT="18" ID="r2l7_3" STYLEREFS="FONT0"/>
            <SP HEIGHT="45" WIDTH="54" VPOS="189" HPOS="1157"/>
            <String HEIGHT="45" WIDTH="162" VPOS="189" HPOS="941" CONTENT="»" ID="r2l7_4" STYLEREFS="FONT0"/>
          </TextLine>
          <TextLine ID="r2l8" BASELINE="270" HEIGHT="55" WIDTH="1074" VPOS="215" HPOS="34">
            <String HEIGHT="55" WIDTH="138" VPOS="215" HPOS="19" CONTENT="19408" ID="r2l8_1" STYLEREFS="FONT0"/>
            <SP HEIGHT="55" WIDTH="15" VPOS="215" HPOS="157"/>
            <String HEIGHT="55" WIDTH="184" VPOS="215" HPOS="111" CONTENT="HOUCHARD" ID="r2l8_2" STYLEREFS="FONT0"/>
            <SP HEIGHT="55" WIDTH="15" VPOS="215" HPOS="295"/>
            <String HEIGHT="55" WIDTH="107" VPOS="215" HPOS="249" CONTENT="(J." ID="r2l8_3" STYLEREFS="FONT0"/>
            <SP HEIGHT="55" WIDTH="15" VPOS="215" HPOS="356"/>
            <String HEIGHT="55" WIDTH="153" VPOS="215" HPOS="310" CONTENT="Nic.)," ID="r2l8_4" STYLEREFS="FONT0"/>
            <SP HEIGHT="55" WIDTH="15" VPOS="215" HPOS="464"/>
            <String HEIGHT="55" WIDTH="169" VPOS="215" HPOS="418" CONTENT="général" ID="r2l8_5" STYLEREFS="FONT0"/>
            <SP HEIGHT="55" WIDTH="15" VPOS="215" HPOS="586"/>
            <String HEIGHT="55" WIDTH="92" VPOS="215" HPOS="540" CONTENT="en" ID="r2l8_6" STYLEREFS="FONT0"/>
            <SP HEIGHT="55" WIDTH="15" VPOS="215" HPOS="632"/>
            <String HEIGHT="55" WIDTH="123" VPOS="215" HPOS="586" CONTENT="chef" ID="r2l8_7" STYLEREFS="FONT0"/>
            <SP HEIGHT="55" WIDTH="15" VPOS="215" HPOS="709"/>
            <String HEIGHT="55" WIDTH="92" VPOS="215" HPOS="663" CONTENT="de" ID="r2l8_8" STYLEREFS="FONT0"/>
            <SP HEIGHT="55" WIDTH="15" VPOS="215" HPOS="755"/>
            <String HEIGHT="55" WIDTH="169" VPOS="215" HPOS="709" CONTENT="l’armée" ID="r2l8_9" STYLEREFS="FONT0"/>
            <SP HEIGHT="55" WIDTH="15" VPOS="215" HPOS="878"/>
            <String HEIGHT="55" WIDTH="92" VPOS="215" HPOS="832" CONTENT="du" ID="r2l8_10" STYLEREFS="FONT0"/>
            <SP HEIGHT="55" WIDTH="15" VPOS="215" HPOS="924"/>
            <String HEIGHT="55" WIDTH="138" VPOS="215" HPOS="878" CONTENT="Rhin," ID="r2l8_11" STYLEREFS="FONT0"/>
            <SP HEIGHT="55" WIDTH="15" VPOS="215" HPOS="1016"/>
            <String HEIGHT="55" WIDTH="153" VPOS="215" HPOS="955" CONTENT="décapité" ID="r2l8_12" STYLEREFS="FONT0"/>
          </TextLine>
          <TextLine ID="r2l10" BASELINE="308" HEIGHT="40" WIDTH="967" VPOS="268" HPOS="137">
            <String HEIGHT="40" WIDTH="74" VPOS="268" HPOS="125" CONTENT="en" ID="r2l10_1" STYLEREFS="FONT0"/>
            <SP HEIGHT="40" WIDTH="12" VPOS="268" HPOS="199"/>
            <String HEIGHT="40" WIDTH="112" VPOS="268" HPOS="162" CONTENT="1793." ID="r2l10_2" STYLEREFS="FONT0"/>
            <SP HEIGHT="40" WIDTH="12" VPOS="268" HPOS="273"/>
            <String HEIGHT="40" WIDTH="112" VPOS="268" HPOS="236" CONTENT="L." ID="r2l10_3" STYLEREFS="FONT2"/>
            <SP HEIGHT="40" WIDTH="12" VPOS="268" HPOS="348"/>
            <String HEIGHT="40" WIDTH="136" VPOS="268" HPOS="311" CONTENT="s." ID="r2l10_4" STYLEREFS="FONT2"/>
            <SP HEIGHT="40" WIDTH="12" VPOS="268" HPOS="447"/>
            <String HEIGHT="40" WIDTH="99" VPOS="268" HPOS="410" CONTENT="avec" ID="r2l10_5" STYLEREFS="FONT0"/>
            <SP HEIGHT="40" WIDTH="12" VPOS="268" HPOS="509"/>
            <String HEIGHT="40" WIDTH="87" VPOS="268" HPOS="472" CONTENT="une" ID="r2l10_6" STYLEREFS="FONT0"/>
            <SP HEIGHT="40" WIDTH="12" VPOS="268" HPOS="559"/>
            <String HEIGHT="40" WIDTH="99" VPOS="268" HPOS="521" CONTENT="lig." ID="r2l10_7" STYLEREFS="FONT0"/>
            <SP HEIGHT="40" WIDTH="12" VPOS="268" HPOS="621"/>
            <String HEIGHT="40" WIDTH="112" VPOS="268" HPOS="583" CONTENT="aut.," ID="r2l10_8" STYLEREFS="FONT0"/>
            <SP HEIGHT="40" WIDTH="12" VPOS="268" HPOS="695"/>
            <String HEIGHT="40" WIDTH="74" VPOS="268" HPOS="658" CONTENT="au" ID="r2l10_9" STYLEREFS="FONT0"/>
            <SP HEIGHT="40" WIDTH="12" VPOS="268" HPOS="732"/>
            <String HEIGHT="40" WIDTH="149" VPOS="268" HPOS="695" CONTENT="ministre" ID="r2l10_10" STYLEREFS="FONT0"/>
            <SP HEIGHT="40" WIDTH="12" VPOS="268" HPOS="844"/>
            <String HEIGHT="40" WIDTH="74" VPOS="268" HPOS="806" CONTENT="de" ID="r2l10_11" STYLEREFS="FONT0"/>
            <SP HEIGHT="40" WIDTH="12" VPOS="268" HPOS="881"/>
            <String HEIGHT="40" WIDTH="74" VPOS="268" HPOS="844" CONTENT="la" ID="r2l10_12" STYLEREFS="FONT0"/>
            <SP HEIGHT="40" WIDTH="12" VPOS="268" HPOS="918"/>
            <String HEIGHT="40" WIDTH="136" VPOS="268" HPOS="881" CONTENT="guerre;" ID="r2l10_13" STYLEREFS="FONT0"/>
            <SP HEIGHT="40" WIDTH="12" VPOS="268" HPOS="1017"/>
            <String HEIGHT="40" WIDTH="136" VPOS="268" HPOS="968" CONTENT="quartier" SUBS_TYPE="HypPart1" SUBS_CONTENT="quartiergénéral" ID="r2l10_14" STYLEREFS="FONT0"/>
            <HYP CONTENT="-"/>
          </TextLine>
          <TextLine ID="r2l12" BASELINE="337" HEIGHT="40" WIDTH="971" VPOS="297" HPOS="137">
            <String HEIGHT="40" WIDTH="194" VPOS="297" HPOS="119" CONTENT="général" SUBS_TYPE="HypPart2" SUBS_CONTENT="quartiergénéral" ID="r2l12_1" STYLEREFS="FONT0"/>
            <SP HEIGHT="40" WIDTH="18" VPOS="297" HPOS="314"/>
            <String HEIGHT="40" WIDTH="106" VPOS="297" HPOS="261" CONTENT="de" ID="r2l12_2" STYLEREFS="FONT0"/>
            <SP HEIGHT="40" WIDTH="18" VPOS="297" HPOS="367"/>
            <String HEIGHT="40" WIDTH="212" VPOS="297" HPOS="314" CONTENT="Forbach," ID="r2l12_3" STYLEREFS="FONT0"/>
            <SP HEIGHT="40" WIDTH="18" VPOS="297" HPOS="525"/>
            <String HEIGHT="40" WIDTH="106" VPOS="297" HPOS="472" CONTENT="19" ID="r2l12_4" STYLEREFS="FONT0"/>
            <SP HEIGHT="40" WIDTH="18" VPOS="297" HPOS="578"/>
            <String HEIGHT="40" WIDTH="141" VPOS="297" HPOS="525" CONTENT="juin" ID="r2l12_5" STYLEREFS="FONT0"/>
            <SP HEIGHT="40" WIDTH="18" VPOS="297" HPOS="667"/>
            <String HEIGHT="40" WIDTH="159" VPOS="297" HPOS="614" CONTENT="1793," ID="r2l12_6" STYLEREFS="FONT0"/>
            <SP HEIGHT="40" WIDTH="18" VPOS="297" HPOS="773"/>
            <String HEIGHT="40" WIDTH="88" VPOS="297" HPOS="720" CONTENT="1" ID="r2l12_7" STYLEREFS="FONT0"/>
            <SP HEIGHT="40" WIDTH="18" VPOS="297" HPOS="808"/>
            <String HEIGHT="40" WIDTH="106" VPOS="297" HPOS="755" CONTENT="p." ID="r2l12_8" STYLEREFS="FONT0"/>
            <SP HEIGHT="40" WIDTH="18" VPOS="297" HPOS="861"/>
            <String HEIGHT="40" WIDTH="124" VPOS="297" HPOS="808" CONTENT="3/4" ID="r2l12_9" STYLEREFS="FONT0"/>
            <SP HEIGHT="40" WIDTH="18" VPOS="297" HPOS="931"/>
            <String HEIGHT="40" WIDTH="194" VPOS="297" HPOS="878" CONTENT="in-fol." ID="r2l12_10" STYLEREFS="FONT0"/>
            <SP HEIGHT="40" WIDTH="18" VPOS="297" HPOS="1073"/>
            <String HEIGHT="40" WIDTH="88" VPOS="297" HPOS="1020" CONTENT="5" ID="r2l12_11" STYLEREFS="FONT0"/>
            <SP HEIGHT="40" WIDTH="18" VPOS="297" HPOS="1108"/>
            <String HEIGHT="40" WIDTH="71" VPOS="297" HPOS="1037" CONTENT="50" ID="r2l12_12" STYLEREFS="FONT0"/>
          </TextLine>
          <TextLine ID="r2l14" BASELINE="373" HEIGHT="44" WIDTH="951" VPOS="329" HPOS="160">
            <String HEIGHT="44" WIDTH="176" VPOS="329" HPOS="145" CONTENT="Curieuse" ID="r2l14_1" STYLEREFS="FONT0"/>
            <SP HEIGHT="44" WIDTH="15" VPOS="329" HPOS="321"/>
            <String HEIGHT="44" WIDTH="161" VPOS="329" HPOS="277" CONTENT="lettre," ID="r2l14_2" STYLEREFS="FONT0"/>
            <SP HEIGHT="44" WIDTH="15" VPOS="329" HPOS="438"/>
            <String HEIGHT="44" WIDTH="176" VPOS="329" HPOS="394" CONTENT="relative" ID="r2l14_3" STYLEREFS="FONT0"/>
            <SP HEIGHT="44" WIDTH="15" VPOS="329" HPOS="570"/>
            <String HEIGHT="44" WIDTH="73" VPOS="329" HPOS="526" CONTENT="à" ID="r2l14_4" STYLEREFS="FONT0"/>
            <SP HEIGHT="44" WIDTH="15" VPOS="329" HPOS="599"/>
            <String HEIGHT="44" WIDTH="102" VPOS="329" HPOS="555" CONTENT="son" ID="r2l14_5" STYLEREFS="FONT0"/>
            <SP HEIGHT="44" WIDTH="15" VPOS="329" HPOS="657"/>
            <String HEIGHT="44" WIDTH="146" VPOS="329" HPOS="614" CONTENT="armée," ID="r2l14_6" STYLEREFS="FONT0"/>
            <SP HEIGHT="44" WIDTH="15" VPOS="329" HPOS="760"/>
            <String HEIGHT="44" WIDTH="102" VPOS="329" HPOS="716" CONTENT="qui" ID="r2l14_7" STYLEREFS="FONT0"/>
            <SP HEIGHT="44" WIDTH="15" VPOS="329" HPOS="818"/>
            <String HEIGHT="44" WIDTH="88" VPOS="329" HPOS="774" CONTENT="se" ID="r2l14_8" STYLEREFS="FONT0"/>
            <SP HEIGHT="44" WIDTH="15" VPOS="329" HPOS="862"/>
            <String HEIGHT="44" WIDTH="146" VPOS="329" HPOS="818" CONTENT="trouve" ID="r2l14_9" STYLEREFS="FONT0"/>
            <SP HEIGHT="44" WIDTH="15" VPOS="329" HPOS="965"/>
            <String HEIGHT="44" WIDTH="117" VPOS="329" HPOS="921" CONTENT="dans" ID="r2l14_10" STYLEREFS="FONT0"/>
            <SP HEIGHT="44" WIDTH="15" VPOS="329" HPOS="1038"/>
            <String HEIGHT="44" WIDTH="88" VPOS="329" HPOS="994" CONTENT="un" ID="r2l14_11" STYLEREFS="FONT0"/>
            <SP HEIGHT="44" WIDTH="15" VPOS="329" HPOS="1082"/>
            <String HEIGHT="44" WIDTH="88" VPOS="329" HPOS="1023" CONTENT="état" ID="r2l14_12" STYLEREFS="FONT0"/>
          </TextLine>
          <TextLine ID="r2l16" BASELINE="416" HEIGHT="42" WIDTH="971" VPOS="374" HPOS="137">
            <String HEIGHT="42" WIDTH="164" VPOS="374" HPOS="122" CONTENT="complet" ID="r2l16_1" STYLEREFS="FONT0"/>
            <SP HEIGHT="42" WIDTH="15" VPOS="374" HPOS="286"/>
            <String HEIGHT="42" WIDTH="90" VPOS="374" HPOS="242" CONTENT="de" ID="r2l16_2" STYLEREFS="FONT0"/>
            <SP HEIGHT="42" WIDTH="15" VPOS="374" HPOS="331"/>
            <String HEIGHT="42" WIDTH="209" VPOS="374" HPOS="286" CONTENT="dénuement." ID="r2l16_3" STYLEREFS="FONT0"/>
            <SP HEIGHT="42" WIDTH="15" VPOS="374" HPOS="496"/>
            <String HEIGHT="42" WIDTH="164" VPOS="374" HPOS="451" CONTENT="Demande" ID="r2l16_4" STYLEREFS="FONT0"/>
            <SP HEIGHT="42" WIDTH="15" VPOS="374" HPOS="615"/>
            <String HEIGHT="42" WIDTH="90" VPOS="374" HPOS="570" CONTENT="de" ID="r2l16_5" STYLEREFS="FONT0"/>
            <SP HEIGHT="42" WIDTH="15" VPOS="374" HPOS="660"/>
            <String HEIGHT="42" WIDTH="179" VPOS="374" HPOS="615" CONTENT="chevaux," ID="r2l16_6" STYLEREFS="FONT0"/>
            <SP HEIGHT="42" WIDTH="15" VPOS="374" HPOS="794"/>
            <String HEIGHT="42" WIDTH="90" VPOS="374" HPOS="749" CONTENT="de" ID="r2l16_7" STYLEREFS="FONT0"/>
            <SP HEIGHT="42" WIDTH="15" VPOS="374" HPOS="839"/>
            <String HEIGHT="42" WIDTH="149" VPOS="374" HPOS="794" CONTENT="canons" ID="r2l16_8" STYLEREFS="FONT0"/>
            <SP HEIGHT="42" WIDTH="15" VPOS="374" HPOS="944"/>
            <String HEIGHT="42" WIDTH="90" VPOS="374" HPOS="899" CONTENT="et" ID="r2l16_9" STYLEREFS="FONT0"/>
            <SP HEIGHT="42" WIDTH="15" VPOS="374" HPOS="988"/>
            <String HEIGHT="42" WIDTH="90" VPOS="374" HPOS="944" CONTENT="de" ID="r2l16_10" STYLEREFS="FONT0"/>
            <SP HEIGHT="42" WIDTH="15" VPOS="374" HPOS="1033"/>
            <String HEIGHT="42" WIDTH="134" VPOS="374" HPOS="974" CONTENT="fusils." ID="r2l16_11" STYLEREFS="FONT0"/>
          </TextLine>
          <TextLine ID="r2l17" BASELINE="453" HEIGHT="46" WIDTH="1065" VPOS="407" HPOS="33">
            <String HEIGHT="46" WIDTH="124" VPOS="407" HPOS="19" CONTENT="19409" ID="r2l17_1" STYLEREFS="FONT0"/>
            <SP HEIGHT="46" WIDTH="14" VPOS="407" HPOS="144"/>
            <String HEIGHT="46" WIDTH="97" VPOS="407" HPOS="102" CONTENT="IDA" ID="r2l17_2" STYLEREFS="FONT0"/>
            <SP HEIGHT="46" WIDTH="14" VPOS="407" HPOS="199"/>
            <String HEIGHT="46" WIDTH="221" VPOS="407" HPOS="157" CONTENT="SAINTE-ELME," ID="r2l17_3" STYLEREFS="FONT0"/>
            <SP HEIGHT="46" WIDTH="14" VPOS="407" HPOS="379"/>
            <String HEIGHT="46" WIDTH="152" VPOS="407" HPOS="337" CONTENT="célèbre" ID="r2l17_4" STYLEREFS="FONT0"/>
            <SP HEIGHT="46" WIDTH="14" VPOS="407" HPOS="489"/>
            <String HEIGHT="46" WIDTH="235" VPOS="407" HPOS="448" CONTENT="femme-auteur," ID="r2l17_5" STYLEREFS="FONT0"/>
            <SP HEIGHT="46" WIDTH="14" VPOS="407" HPOS="683"/>
            <String HEIGHT="46" WIDTH="111" VPOS="407" HPOS="642" CONTENT="dite" ID="r2l17_6" STYLEREFS="FONT0"/>
            <SP HEIGHT="46" WIDTH="14" VPOS="407" HPOS="752"/>
            <String HEIGHT="46" WIDTH="124" VPOS="407" HPOS="711" CONTENT="la" ID="r2l17_7" STYLEREFS="FONT2"/>
            <SP HEIGHT="46" WIDTH="14" VPOS="407" HPOS="835"/>
            <String HEIGHT="46" WIDTH="249" VPOS="407" HPOS="794" CONTENT="Contemporaine." ID="r2l17_8" STYLEREFS="FONT2"/>
            <SP HEIGHT="46" WIDTH="14" VPOS="407" HPOS="1043"/>
            <String HEIGHT="46" WIDTH="111" VPOS="407" HPOS="987" CONTENT="L." ID="r2l17_9" STYLEREFS="FONT2"/>
          </TextLine>
          <TextLine ID="r2l20" BASELINE="497" HEIGHT="50" WIDTH="967" VPOS="447" HPOS="135">
            <String HEIGHT="50" WIDTH="153" VPOS="447" HPOS="118" CONTENT="a." ID="r2l20_1" STYLEREFS="FONT2"/>
            <SP HEIGHT="50" WIDTH="17" VPOS="447" HPOS="271"/>
            <String HEIGHT="50" WIDTH="170" VPOS="447" HPOS="220" CONTENT="s." ID="r2l20_2" STYLEREFS="FONT2"/>
            <SP HEIGHT="50" WIDTH="17" VPOS="447" HPOS="389"/>
            <String HEIGHT="50" WIDTH="119" VPOS="447" HPOS="339" CONTENT="(au" ID="r2l20_3" STYLEREFS="FONT0"/>
            <SP HEIGHT="50" WIDTH="17" VPOS="447" HPOS="457"/>
            <String HEIGHT="50" WIDTH="238" VPOS="447" HPOS="406" CONTENT="secrétaire" ID="r2l20_4" STYLEREFS="FONT0"/>
            <SP HEIGHT="50" WIDTH="17" VPOS="447" HPOS="644"/>
            <String HEIGHT="50" WIDTH="102" VPOS="447" HPOS="593" CONTENT="de" ID="r2l20_5" STYLEREFS="FONT0"/>
            <SP HEIGHT="50" WIDTH="17" VPOS="447" HPOS="695"/>
            <String HEIGHT="50" WIDTH="170" VPOS="447" HPOS="644" CONTENT="Jouy)," ID="r2l20_6" STYLEREFS="FONT0"/>
            <SP HEIGHT="50" WIDTH="17" VPOS="447" HPOS="814"/>
            <String HEIGHT="50" WIDTH="85" VPOS="447" HPOS="763" CONTENT="3" ID="r2l20_7" STYLEREFS="FONT0"/>
            <SP HEIGHT="50" WIDTH="17" VPOS="447" HPOS="848"/>
            <String HEIGHT="50" WIDTH="102" VPOS="447" HPOS="797" CONTENT="p." ID="r2l20_8" STYLEREFS="FONT0"/>
            <SP HEIGHT="50" WIDTH="17" VPOS="447" HPOS="898"/>
            <String HEIGHT="50" WIDTH="119" VPOS="447" HPOS="848" CONTENT="1/2" ID="r2l20_9" STYLEREFS="FONT0"/>
            <SP HEIGHT="50" WIDTH="17" VPOS="447" HPOS="966"/>
            <String HEIGHT="50" WIDTH="153" VPOS="447" HPOS="915" CONTENT="in-8." ID="r2l20_10" STYLEREFS="FONT0"/>
            <SP HEIGHT="50" WIDTH="17" VPOS="447" HPOS="1068"/>
            <String HEIGHT="50" WIDTH="85" VPOS="447" HPOS="1017" CONTENT="4" ID="r2l20_11" STYLEREFS="FONT0"/>
            <SP HEIGHT="50" WIDTH="17" VPOS="447" HPOS="1102"/>
            <String HEIGHT="50" WIDTH="68" VPOS="447" HPOS="1034" CONTENT="50" ID="r2l20_12" STYLEREFS="FONT0"/>
          </TextLine>
          <TextLine ID="r2l21" BASELINE="521" HEIGHT="43" WIDTH="945" VPOS="478" HPOS="159">
            <String HEIGHT="43" WIDTH="206" VPOS="478" HPOS="147" CONTENT="Très-curieuse" ID="r2l21_1" STYLEREFS="FONT0"/>
            <SP HEIGHT="43" WIDTH="12" VPOS="478" HPOS="353"/>
            <String HEIGHT="43" WIDTH="121" VPOS="478" HPOS="316" CONTENT="lettre" ID="r2l21_2" STYLEREFS="FONT0"/>
            <SP HEIGHT="43" WIDTH="12" VPOS="478" HPOS="438"/>
            <String HEIGHT="43" WIDTH="182" VPOS="478" HPOS="401" CONTENT="littéraire," ID="r2l21_3" STYLEREFS="FONT0"/>
            <SP HEIGHT="43" WIDTH="12" VPOS="478" HPOS="583"/>
            <String HEIGHT="43" WIDTH="145" VPOS="478" HPOS="547" CONTENT="relative" ID="r2l21_4" STYLEREFS="FONT0"/>
            <SP HEIGHT="43" WIDTH="12" VPOS="478" HPOS="692"/>
            <String HEIGHT="43" WIDTH="61" VPOS="478" HPOS="656" CONTENT="à" ID="r2l21_5" STYLEREFS="FONT0"/>
            <SP HEIGHT="43" WIDTH="12" VPOS="478" HPOS="716"/>
            <String HEIGHT="43" WIDTH="73" VPOS="478" HPOS="680" CONTENT="un" ID="r2l21_6" STYLEREFS="FONT0"/>
            <SP HEIGHT="43" WIDTH="12" VPOS="478" HPOS="753"/>
            <String HEIGHT="43" WIDTH="133" VPOS="478" HPOS="716" CONTENT="ouvrage" ID="r2l21_7" STYLEREFS="FONT0"/>
            <SP HEIGHT="43" WIDTH="12" VPOS="478" HPOS="850"/>
            <String HEIGHT="43" WIDTH="73" VPOS="478" HPOS="813" CONTENT="de" ID="r2l21_8" STYLEREFS="FONT0"/>
            <SP HEIGHT="43" WIDTH="12" VPOS="478" HPOS="886"/>
            <String HEIGHT="43" WIDTH="109" VPOS="478" HPOS="850" CONTENT="Jouy," ID="r2l21_9" STYLEREFS="FONT0"/>
            <SP HEIGHT="43" WIDTH="12" VPOS="478" HPOS="959"/>
            <String HEIGHT="43" WIDTH="194" VPOS="478" HPOS="910" CONTENT="Cécile" ID="r2l21_10" STYLEREFS="FONT2"/>
          </TextLine>
          <TextLine ID="r2l22" BASELINE="558" HEIGHT="42" WIDTH="966" VPOS="516" HPOS="139">
            <String HEIGHT="42" WIDTH="86" VPOS="516" HPOS="127" CONTENT="qui" ID="r2l22_1" STYLEREFS="FONT0"/>
            <SP HEIGHT="42" WIDTH="12" VPOS="516" HPOS="212"/>
            <String HEIGHT="42" WIDTH="86" VPOS="516" HPOS="176" CONTENT="lui" ID="r2l22_2" STYLEREFS="FONT0"/>
            <SP HEIGHT="42" WIDTH="12" VPOS="516" HPOS="261"/>
            <String HEIGHT="42" WIDTH="98" VPOS="516" HPOS="225" CONTENT="fait" ID="r2l22_3" STYLEREFS="FONT0"/>
            <SP HEIGHT="42" WIDTH="12" VPOS="516" HPOS="322"/>
            <String HEIGHT="42" WIDTH="135" VPOS="516" HPOS="286" CONTENT="l’effet" ID="r2l22_4" STYLEREFS="FONT0"/>
            <SP HEIGHT="42" WIDTH="12" VPOS="516" HPOS="420"/>
            <String HEIGHT="42" WIDTH="110" VPOS="516" HPOS="384" CONTENT="d’une" ID="r2l22_5" STYLEREFS="FONT0"/>
            <SP HEIGHT="42" WIDTH="12" VPOS="516" HPOS="494"/>
            <String HEIGHT="42" WIDTH="220" VPOS="516" HPOS="457" CONTENT="sensibilité" ID="r2l22_6" STYLEREFS="FONT2"/>
            <SP HEIGHT="42" WIDTH="12" VPOS="516" HPOS="677"/>
            <String HEIGHT="42" WIDTH="147" VPOS="516" HPOS="640" CONTENT="rapiécée" ID="r2l22_7" STYLEREFS="FONT2"/>
            <SP HEIGHT="42" WIDTH="12" VPOS="516" HPOS="787"/>
            <String HEIGHT="42" WIDTH="73" VPOS="516" HPOS="750" CONTENT="de" ID="r2l22_8" STYLEREFS="FONT2"/>
            <SP HEIGHT="42" WIDTH="12" VPOS="516" HPOS="824"/>
            <String HEIGHT="42" WIDTH="98" VPOS="516" HPOS="787" CONTENT="brie" ID="r2l22_9" STYLEREFS="FONT2"/>
            <SP HEIGHT="42" WIDTH="12" VPOS="516" HPOS="885"/>
            <String HEIGHT="42" WIDTH="73" VPOS="516" HPOS="848" CONTENT="et" ID="r2l22_10" STYLEREFS="FONT2"/>
            <SP HEIGHT="42" WIDTH="12" VPOS="516" HPOS="922"/>
            <String HEIGHT="42" WIDTH="73" VPOS="516" HPOS="885" CONTENT="de" ID="r2l22_11" STYLEREFS="FONT2"/>
            <SP HEIGHT="42" WIDTH="12" VPOS="516" HPOS="958"/>
            <String HEIGHT="42" WIDTH="159" VPOS="516" HPOS="922" CONTENT="broc" ID="r2l22_12" STYLEREFS="FONT2"/>
            <SP HEIGHT="42" WIDTH="12" VPOS="516" HPOS="1081"/>
            <String HEIGHT="42" WIDTH="73" VPOS="516" HPOS="1032" CONTENT="Elle" ID="r2l22_13" STYLEREFS="FONT0"/>
          </TextLine>
          <TextLine ID="r2l23" BASELINE="592" HEIGHT="43" WIDTH="974" VPOS="549" HPOS="133">
            <String HEIGHT="43" WIDTH="103" VPOS="549" HPOS="118" CONTENT="est" ID="r2l23_1" STYLEREFS="FONT0"/>
            <SP HEIGHT="43" WIDTH="15" VPOS="549" HPOS="222"/>
            <String HEIGHT="43" WIDTH="148" VPOS="549" HPOS="177" CONTENT="malade" ID="r2l23_2" STYLEREFS="FONT0"/>
            <SP HEIGHT="43" WIDTH="15" VPOS="549" HPOS="325"/>
            <String HEIGHT="43" WIDTH="89" VPOS="549" HPOS="281" CONTENT="et" ID="r2l23_3" STYLEREFS="FONT0"/>
            <SP HEIGHT="43" WIDTH="15" VPOS="549" HPOS="369"/>
            <String HEIGHT="43" WIDTH="89" VPOS="549" HPOS="325" CONTENT="se" ID="r2l23_4" STYLEREFS="FONT0"/>
            <SP HEIGHT="43" WIDTH="15" VPOS="549" HPOS="413"/>
            <String HEIGHT="43" WIDTH="148" VPOS="549" HPOS="369" CONTENT="plaint" ID="r2l23_5" STYLEREFS="FONT0"/>
            <SP HEIGHT="43" WIDTH="15" VPOS="549" HPOS="517"/>
            <String HEIGHT="43" WIDTH="192" VPOS="549" HPOS="472" CONTENT="amèrement" ID="r2l23_6" STYLEREFS="FONT0"/>
            <SP HEIGHT="43" WIDTH="15" VPOS="549" HPOS="664"/>
            <String HEIGHT="43" WIDTH="89" VPOS="549" HPOS="620" CONTENT="de" ID="r2l23_7" STYLEREFS="FONT0"/>
            <SP HEIGHT="43" WIDTH="15" VPOS="549" HPOS="709"/>
            <String HEIGHT="43" WIDTH="89" VPOS="549" HPOS="664" CONTENT="sa" ID="r2l23_8" STYLEREFS="FONT0"/>
            <SP HEIGHT="43" WIDTH="15" VPOS="549" HPOS="753"/>
            <String HEIGHT="43" WIDTH="221" VPOS="549" HPOS="709" CONTENT="malheureuse" ID="r2l23_9" STYLEREFS="FONT0"/>
            <SP HEIGHT="43" WIDTH="15" VPOS="549" HPOS="930"/>
            <String HEIGHT="43" WIDTH="192" VPOS="549" HPOS="886" CONTENT="position." ID="r2l23_10" STYLEREFS="FONT0"/>
            <SP HEIGHT="43" WIDTH="15" VPOS="549" HPOS="1077"/>
            <String HEIGHT="43" WIDTH="89" VPOS="549" HPOS="1018" CONTENT="Elle" ID="r2l23_11" STYLEREFS="FONT0"/>
          </TextLine>
          <TextLine ID="r2l24" BASELINE="621" HEIGHT="35" WIDTH="975" VPOS="586" HPOS="132">
            <String HEIGHT="35" WIDTH="173" VPOS="586" HPOS="116" CONTENT="termine" ID="r2l24_1" STYLEREFS="FONT0"/>
            <SP HEIGHT="35" WIDTH="16" VPOS="586" HPOS="289"/>
            <String HEIGHT="35" WIDTH="157" VPOS="586" HPOS="242" CONTENT="ainsi:" ID="r2l24_2" STYLEREFS="FONT0"/>
            <SP HEIGHT="35" WIDTH="16" VPOS="586" HPOS="399"/>
            <String HEIGHT="35" WIDTH="204" VPOS="586" HPOS="352" CONTENT="«N’a-t-on" ID="r2l24_3" STYLEREFS="FONT0"/>
            <SP HEIGHT="35" WIDTH="16" VPOS="586" HPOS="557"/>
            <String HEIGHT="35" WIDTH="110" VPOS="586" HPOS="509" CONTENT="pas" ID="r2l24_4" STYLEREFS="FONT0"/>
            <SP HEIGHT="35" WIDTH="16" VPOS="586" HPOS="620"/>
            <String HEIGHT="35" WIDTH="142" VPOS="586" HPOS="572" CONTENT="tenté" ID="r2l24_5" STYLEREFS="FONT0"/>
            <SP HEIGHT="35" WIDTH="16" VPOS="586" HPOS="714"/>
            <String HEIGHT="35" WIDTH="94" VPOS="586" HPOS="667" CONTENT="ma" ID="r2l24_6" STYLEREFS="FONT0"/>
            <SP HEIGHT="35" WIDTH="16" VPOS="586" HPOS="761"/>
            <String HEIGHT="35" WIDTH="236" VPOS="586" HPOS="714" CONTENT="conversion?" ID="r2l24_7" STYLEREFS="FONT0"/>
            <SP HEIGHT="35" WIDTH="16" VPOS="586" HPOS="950"/>
            <String HEIGHT="35" WIDTH="110" VPOS="586" HPOS="903" CONTENT="Oh!" ID="r2l24_8" STYLEREFS="FONT0"/>
            <SP HEIGHT="35" WIDTH="16" VPOS="586" HPOS="1013"/>
            <String HEIGHT="35" WIDTH="94" VPOS="586" HPOS="965" CONTENT="la" ID="r2l24_9" STYLEREFS="FONT0"/>
            <SP HEIGHT="35" WIDTH="16" VPOS="586" HPOS="1060"/>
            <String HEIGHT="35" WIDTH="110" VPOS="586" HPOS="997" CONTENT="bonne" ID="r2l24_10" STYLEREFS="FONT0"/>
          </TextLine>
          <TextLine ID="r2l25" BASELINE="664" HEIGHT="44" WIDTH="961" VPOS="620" HPOS="138">
            <String HEIGHT="44" WIDTH="153" VPOS="620" HPOS="123" CONTENT="farce," ID="r2l25_1" STYLEREFS="FONT0"/>
            <SP HEIGHT="44" WIDTH="15" VPOS="620" HPOS="275"/>
            <String HEIGHT="44" WIDTH="107" VPOS="620" HPOS="230" CONTENT="mon" ID="r2l25_2" STYLEREFS="FONT0"/>
            <SP HEIGHT="44" WIDTH="15" VPOS="620" HPOS="336"/>
            <String HEIGHT="44" WIDTH="122" VPOS="620" HPOS="291" CONTENT="cher" ID="r2l25_3" STYLEREFS="FONT0"/>
            <SP HEIGHT="44" WIDTH="15" VPOS="620" HPOS="413"/>
            <String HEIGHT="44" WIDTH="122" VPOS="620" HPOS="367" CONTENT="amil" ID="r2l25_4" STYLEREFS="FONT0"/>
            <SP HEIGHT="44" WIDTH="15" VPOS="620" HPOS="489"/>
            <String HEIGHT="44" WIDTH="198" VPOS="620" HPOS="443" CONTENT="N’importe" ID="r2l25_5" STYLEREFS="FONT0"/>
            <SP HEIGHT="44" WIDTH="15" VPOS="620" HPOS="641"/>
            <String HEIGHT="44" WIDTH="92" VPOS="620" HPOS="596" CONTENT="ce" ID="r2l25_6" STYLEREFS="FONT0"/>
            <SP HEIGHT="44" WIDTH="15" VPOS="620" HPOS="687"/>
            <String HEIGHT="44" WIDTH="107" VPOS="620" HPOS="641" CONTENT="qui" ID="r2l25_7" STYLEREFS="FONT0"/>
            <SP HEIGHT="44" WIDTH="15" VPOS="620" HPOS="748"/>
            <String HEIGHT="44" WIDTH="168" VPOS="620" HPOS="702" CONTENT="arrive," ID="r2l25_8" STYLEREFS="FONT0"/>
            <SP HEIGHT="44" WIDTH="15" VPOS="620" HPOS="870"/>
            <String HEIGHT="44" WIDTH="107" VPOS="620" HPOS="824" CONTENT="moi" ID="r2l25_9" STYLEREFS="FONT0"/>
            <SP HEIGHT="44" WIDTH="15" VPOS="620" HPOS="931"/>
            <String HEIGHT="44" WIDTH="137" VPOS="620" HPOS="885" CONTENT="aussi" ID="r2l25_10" STYLEREFS="FONT0"/>
            <SP HEIGHT="44" WIDTH="15" VPOS="620" HPOS="1023"/>
            <String HEIGHT="44" WIDTH="92" VPOS="620" HPOS="977" CONTENT="ce" ID="r2l25_11" STYLEREFS="FONT0"/>
            <SP HEIGHT="44" WIDTH="15" VPOS="620" HPOS="1068"/>
            <String HEIGHT="44" WIDTH="92" VPOS="620" HPOS="1007" CONTENT="sera" ID="r2l25_12" STYLEREFS="FONT0"/>
          </TextLine>
          <TextLine ID="r2l26" BASELINE="696" HEIGHT="47" WIDTH="476" VPOS="649" HPOS="129">
            <String HEIGHT="47" WIDTH="148" VPOS="649" HPOS="113" CONTENT="comme" ID="r2l26_1" STYLEREFS="FONT0"/>
            <SP HEIGHT="47" WIDTH="16" VPOS="649" HPOS="260"/>
            <String HEIGHT="47" WIDTH="213" VPOS="649" HPOS="211" CONTENT="Voltaire," ID="r2l26_2" STYLEREFS="FONT0"/>
            <SP HEIGHT="47" WIDTH="16" VPOS="649" HPOS="424"/>
            <String HEIGHT="47" WIDTH="148" VPOS="649" HPOS="375" CONTENT="comme" ID="r2l26_3" STYLEREFS="FONT0"/>
            <SP HEIGHT="47" WIDTH="16" VPOS="649" HPOS="523"/>
            <String HEIGHT="47" WIDTH="148" VPOS="649" HPOS="457" CONTENT="Talma.»" ID="r2l26_4" STYLEREFS="FONT0"/>
          </TextLine>
          <TextLine ID="r2l27" BASELINE="738" HEIGHT="51" WIDTH="1077" VPOS="687" HPOS="28">
            <String HEIGHT="51" WIDTH="149" VPOS="687" HPOS="11" CONTENT="19410" ID="r2l27_1" STYLEREFS="FONT0"/>
            <SP HEIGHT="51" WIDTH="17" VPOS="687" HPOS="161"/>
            <String HEIGHT="51" WIDTH="199" VPOS="687" HPOS="111" CONTENT="ISABELLE" ID="r2l27_2" STYLEREFS="FONT0"/>
            <SP HEIGHT="51" WIDTH="17" VPOS="687" HPOS="310"/>
            <String HEIGHT="51" WIDTH="99" VPOS="687" HPOS="260" CONTENT="DE" ID="r2l27_3" STYLEREFS="FONT0"/>
            <SP HEIGHT="51" WIDTH="17" VPOS="687" HPOS="359"/>
            <String HEIGHT="51" WIDTH="199" VPOS="687" HPOS="310" CONTENT="CLERMONT" ID="r2l27_4" STYLEREFS="FONT0"/>
            <SP HEIGHT="51" WIDTH="17" VPOS="687" HPOS="509"/>
            <String HEIGHT="51" WIDTH="99" VPOS="687" HPOS="459" CONTENT="ET" ID="r2l27_5" STYLEREFS="FONT0"/>
            <SP HEIGHT="51" WIDTH="17" VPOS="687" HPOS="558"/>
            <String HEIGHT="51" WIDTH="215" VPOS="687" HPOS="509" CONTENT="D’ARAGON," ID="r2l27_6" STYLEREFS="FONT0"/>
            <SP HEIGHT="51" WIDTH="17" VPOS="687" HPOS="724"/>
            <String HEIGHT="51" WIDTH="149" VPOS="687" HPOS="674" CONTENT="reine" ID="r2l27_7" STYLEREFS="FONT0"/>
            <SP HEIGHT="51" WIDTH="17" VPOS="687" HPOS="823"/>
            <String HEIGHT="51" WIDTH="99" VPOS="687" HPOS="774" CONTENT="de" ID="r2l27_8" STYLEREFS="FONT0"/>
            <SP HEIGHT="51" WIDTH="17" VPOS="687" HPOS="873"/>
            <String HEIGHT="51" WIDTH="182" VPOS="687" HPOS="823" CONTENT="Naples," ID="r2l27_9" STYLEREFS="FONT0"/>
            <SP HEIGHT="51" WIDTH="17" VPOS="687" HPOS="1006"/>
            <String HEIGHT="51" WIDTH="149" VPOS="687" HPOS="956" CONTENT="femme" ID="r2l27_10" STYLEREFS="FONT0"/>
            <SP HEIGHT="51" WIDTH="17" VPOS="687" HPOS="1105"/>
            <String HEIGHT="51" WIDTH="66" VPOS="687" HPOS="1039" CONTENT="de" ID="r2l27_11" STYLEREFS="FONT0"/>
          </TextLine>
          <TextLine ID="r2l28" BASELINE="761" HEIGHT="41" WIDTH="960" VPOS="720" HPOS="138">
            <String HEIGHT="41" WIDTH="166" VPOS="720" HPOS="125" CONTENT="Ferdinand" ID="r2l28_1" STYLEREFS="FONT0"/>
            <SP HEIGHT="41" WIDTH="13" VPOS="720" HPOS="292"/>
            <String HEIGHT="41" WIDTH="102" VPOS="720" HPOS="253" CONTENT="Ier." ID="r2l28_2" STYLEREFS="FONT0"/>
            <SP HEIGHT="41" WIDTH="13" VPOS="720" HPOS="356"/>
            <String HEIGHT="41" WIDTH="115" VPOS="720" HPOS="317" CONTENT="L." ID="r2l28_3" STYLEREFS="FONT2"/>
            <SP HEIGHT="41" WIDTH="13" VPOS="720" HPOS="432"/>
            <String HEIGHT="41" WIDTH="128" VPOS="720" HPOS="394" CONTENT="s." ID="r2l28_4" STYLEREFS="FONT2"/>
            <SP HEIGHT="41" WIDTH="13" VPOS="720" HPOS="522"/>
            <String HEIGHT="41" WIDTH="64" VPOS="720" HPOS="484" CONTENT="à" ID="r2l28_5" STYLEREFS="FONT0"/>
            <SP HEIGHT="41" WIDTH="13" VPOS="720" HPOS="548"/>
            <String HEIGHT="41" WIDTH="90" VPOS="720" HPOS="509" CONTENT="Fr." ID="r2l28_6" STYLEREFS="FONT0"/>
            <SP HEIGHT="41" WIDTH="13" VPOS="720" HPOS="599"/>
            <String HEIGHT="41" WIDTH="141" VPOS="720" HPOS="560" CONTENT="Sforce," ID="r2l28_7" STYLEREFS="FONT0"/>
            <SP HEIGHT="41" WIDTH="13" VPOS="720" HPOS="701"/>
            <String HEIGHT="41" WIDTH="90" VPOS="720" HPOS="663" CONTENT="duc" ID="r2l28_8" STYLEREFS="FONT0"/>
            <SP HEIGHT="41" WIDTH="13" VPOS="720" HPOS="752"/>
            <String HEIGHT="41" WIDTH="77" VPOS="720" HPOS="714" CONTENT="de" ID="r2l28_9" STYLEREFS="FONT0"/>
            <SP HEIGHT="41" WIDTH="13" VPOS="720" HPOS="791"/>
            <String HEIGHT="41" WIDTH="128" VPOS="720" HPOS="752" CONTENT="Milan;" ID="r2l28_10" STYLEREFS="FONT0"/>
            <SP HEIGHT="41" WIDTH="13" VPOS="720" HPOS="880"/>
            <String HEIGHT="41" WIDTH="115" VPOS="720" HPOS="842" CONTENT="Nôle," ID="r2l28_11" STYLEREFS="FONT0"/>
            <SP HEIGHT="41" WIDTH="13" VPOS="720" HPOS="957"/>
            <String HEIGHT="41" WIDTH="77" VPOS="720" HPOS="919" CONTENT="13" ID="r2l28_12" STYLEREFS="FONT0"/>
            <SP HEIGHT="41" WIDTH="13" VPOS="720" HPOS="996"/>
            <String HEIGHT="41" WIDTH="102" VPOS="720" HPOS="957" CONTENT="juin" ID="r2l28_13" STYLEREFS="FONT0"/>
            <SP HEIGHT="41" WIDTH="13" VPOS="720" HPOS="1060"/>
            <String HEIGHT="41" WIDTH="90" VPOS="720" HPOS="1008" CONTENT="1458," ID="r2l28_14" STYLEREFS="FONT0"/>
          </TextLine>
          <TextLine ID="r2l31" BASELINE="806" HEIGHT="53" WIDTH="976" VPOS="753" HPOS="128">
            <String HEIGHT="53" WIDTH="128" VPOS="753" HPOS="102" CONTENT="1" ID="r2l31_1" STYLEREFS="FONT0"/>
            <SP HEIGHT="53" WIDTH="26" VPOS="753" HPOS="231"/>
            <String HEIGHT="53" WIDTH="154" VPOS="753" HPOS="154" CONTENT="p." ID="r2l31_2" STYLEREFS="FONT0"/>
            <SP HEIGHT="53" WIDTH="26" VPOS="753" HPOS="308"/>
            <String HEIGHT="53" WIDTH="205" VPOS="753" HPOS="231" CONTENT="in-8" ID="r2l31_3" STYLEREFS="FONT0"/>
            <SP HEIGHT="53" WIDTH="26" VPOS="753" HPOS="436"/>
            <String HEIGHT="53" WIDTH="283" VPOS="753" HPOS="359" CONTENT="oblong," ID="r2l31_4" STYLEREFS="FONT0"/>
            <SP HEIGHT="53" WIDTH="26" VPOS="753" HPOS="642"/>
            <String HEIGHT="53" WIDTH="231" VPOS="753" HPOS="565" CONTENT="trace" ID="r2l31_5" STYLEREFS="FONT0"/>
            <SP HEIGHT="53" WIDTH="26" VPOS="753" HPOS="796"/>
            <String HEIGHT="53" WIDTH="154" VPOS="753" HPOS="719" CONTENT="de" ID="r2l31_6" STYLEREFS="FONT0"/>
            <SP HEIGHT="53" WIDTH="26" VPOS="753" HPOS="873"/>
            <String HEIGHT="53" WIDTH="283" VPOS="753" HPOS="796" CONTENT="cachet." ID="r2l31_7" STYLEREFS="FONT0"/>
            <SP HEIGHT="53" WIDTH="26" VPOS="753" HPOS="1078"/>
            <String HEIGHT="53" WIDTH="128" VPOS="753" HPOS="1001" CONTENT="5" ID="r2l31_8" STYLEREFS="FONT0"/>
            <SP HEIGHT="53" WIDTH="26" VPOS="753" HPOS="1130"/>
            <String HEIGHT="53" WIDTH="77" VPOS="753" HPOS="1027" CONTENT="»" ID="r2l31_9" STYLEREFS="FONT0"/>
          </TextLine>
          <TextLine ID="r2l32" BASELINE="847" HEIGHT="67" WIDTH="1068" VPOS="780" HPOS="30">
            <String HEIGHT="67" WIDTH="134" VPOS="780" HPOS="15" CONTENT="19811" ID="r2l32_1" STYLEREFS="FONT0"/>
            <SP HEIGHT="67" WIDTH="15" VPOS="780" HPOS="149"/>
            <String HEIGHT="67" WIDTH="208" VPOS="780" HPOS="104" CONTENT="KELLERMANN" ID="r2l32_2" STYLEREFS="FONT0"/>
            <SP HEIGHT="67" WIDTH="15" VPOS="780" HPOS="312"/>
            <String HEIGHT="67" WIDTH="252" VPOS="780" HPOS="267" CONTENT="(Christophe)," ID="r2l32_3" STYLEREFS="FONT0"/>
            <SP HEIGHT="67" WIDTH="15" VPOS="780" HPOS="520"/>
            <String HEIGHT="67" WIDTH="104" VPOS="780" HPOS="475" CONTENT="duc" ID="r2l32_4" STYLEREFS="FONT0"/>
            <SP HEIGHT="67" WIDTH="15" VPOS="780" HPOS="579"/>
            <String HEIGHT="67" WIDTH="89" VPOS="780" HPOS="534" CONTENT="de" ID="r2l32_5" STYLEREFS="FONT0"/>
            <SP HEIGHT="67" WIDTH="15" VPOS="780" HPOS="623"/>
            <String HEIGHT="67" WIDTH="148" VPOS="780" HPOS="579" CONTENT="Valmy," ID="r2l32_6" STYLEREFS="FONT0"/>
            <SP HEIGHT="67" WIDTH="15" VPOS="780" HPOS="727"/>
            <String HEIGHT="67" WIDTH="178" VPOS="780" HPOS="683" CONTENT="maréchal" ID="r2l32_7" STYLEREFS="FONT0"/>
            <SP HEIGHT="67" WIDTH="15" VPOS="780" HPOS="861"/>
            <String HEIGHT="67" WIDTH="89" VPOS="780" HPOS="816" CONTENT="de" ID="r2l32_8" STYLEREFS="FONT0"/>
            <SP HEIGHT="67" WIDTH="15" VPOS="780" HPOS="905"/>
            <String HEIGHT="67" WIDTH="163" VPOS="780" HPOS="861" CONTENT="France." ID="r2l32_9" STYLEREFS="FONT0"/>
            <SP HEIGHT="67" WIDTH="15" VPOS="780" HPOS="1024"/>
            <String HEIGHT="67" WIDTH="134" VPOS="780" HPOS="965" CONTENT="L" ID="r2l32_10" STYLEREFS="FONT2"/>
          </TextLine>
          <TextLine ID="r2l33" BASELINE="882" HEIGHT="47" WIDTH="977" VPOS="835" HPOS="131">
            <String HEIGHT="47" WIDTH="120" VPOS="835" HPOS="118" CONTENT="a." ID="r2l33_1" STYLEREFS="FONT2"/>
            <SP HEIGHT="47" WIDTH="13" VPOS="835" HPOS="238"/>
            <String HEIGHT="47" WIDTH="134" VPOS="835" HPOS="198" CONTENT="s." ID="r2l33_2" STYLEREFS="FONT2"/>
            <SP HEIGHT="47" WIDTH="13" VPOS="835" HPOS="332"/>
            <String HEIGHT="47" WIDTH="67" VPOS="835" HPOS="292" CONTENT="à" ID="r2l33_3" STYLEREFS="FONT0"/>
            <SP HEIGHT="47" WIDTH="13" VPOS="835" HPOS="359"/>
            <String HEIGHT="47" WIDTH="80" VPOS="835" HPOS="318" CONTENT="la" ID="r2l33_4" STYLEREFS="FONT0"/>
            <SP HEIGHT="47" WIDTH="13" VPOS="835" HPOS="399"/>
            <String HEIGHT="47" WIDTH="174" VPOS="835" HPOS="359" CONTENT="citoyenne" ID="r2l33_5" STYLEREFS="FONT0"/>
            <SP HEIGHT="47" WIDTH="13" VPOS="835" HPOS="533"/>
            <String HEIGHT="47" WIDTH="161" VPOS="835" HPOS="492" CONTENT="Lamotte;" ID="r2l33_6" STYLEREFS="FONT0"/>
            <SP HEIGHT="47" WIDTH="13" VPOS="835" HPOS="653"/>
            <String HEIGHT="47" WIDTH="147" VPOS="835" HPOS="613" CONTENT="(prison" ID="r2l33_7" STYLEREFS="FONT0"/>
            <SP HEIGHT="47" WIDTH="13" VPOS="835" HPOS="760"/>
            <String HEIGHT="47" WIDTH="80" VPOS="835" HPOS="720" CONTENT="de" ID="r2l33_8" STYLEREFS="FONT0"/>
            <SP HEIGHT="47" WIDTH="13" VPOS="835" HPOS="800"/>
            <String HEIGHT="47" WIDTH="187" VPOS="835" HPOS="760" CONTENT="l’Abbaye)," ID="r2l33_9" STYLEREFS="FONT0"/>
            <SP HEIGHT="47" WIDTH="13" VPOS="835" HPOS="947"/>
            <String HEIGHT="47" WIDTH="80" VPOS="835" HPOS="907" CONTENT="16" ID="r2l33_10" STYLEREFS="FONT0"/>
            <SP HEIGHT="47" WIDTH="13" VPOS="835" HPOS="988"/>
            <String HEIGHT="47" WIDTH="107" VPOS="835" HPOS="947" CONTENT="mars" ID="r2l33_11" STYLEREFS="FONT0"/>
            <SP HEIGHT="47" WIDTH="13" VPOS="835" HPOS="1054"/>
            <String HEIGHT="47" WIDTH="80" VPOS="835" HPOS="1014" CONTENT="an" ID="r2l33_12" STYLEREFS="FONT0"/>
            <SP HEIGHT="47" WIDTH="13" VPOS="835" HPOS="1095"/>
            <String HEIGHT="47" WIDTH="67" VPOS="835" HPOS="1041" CONTENT="II," ID="r2l33_13" STYLEREFS="FONT0"/>
          </TextLine>
          <TextLine ID="r2l35" BASELINE="918" HEIGHT="51" WIDTH="969" VPOS="867" HPOS="127">
            <String HEIGHT="51" WIDTH="251" VPOS="867" HPOS="91" CONTENT="1/2" ID="r2l35_1" STYLEREFS="FONT0"/>
            <SP HEIGHT="51" WIDTH="36" VPOS="867" HPOS="342"/>
            <String HEIGHT="51" WIDTH="215" VPOS="867" HPOS="235" CONTENT="p." ID="r2l35_2" STYLEREFS="FONT0"/>
            <SP HEIGHT="51" WIDTH="36" VPOS="867" HPOS="450"/>
            <String HEIGHT="51" WIDTH="323" VPOS="867" HPOS="342" CONTENT="in-4." ID="r2l35_3" STYLEREFS="FONT0"/>
            <SP HEIGHT="51" WIDTH="36" VPOS="867" HPOS="665"/>
            <String HEIGHT="51" WIDTH="467" VPOS="867" HPOS="558" CONTENT="Curieuse." ID="r2l35_4" STYLEREFS="FONT0"/>
            <SP HEIGHT="51" WIDTH="36" VPOS="867" HPOS="1024"/>
            <String HEIGHT="51" WIDTH="215" VPOS="867" HPOS="917" CONTENT="10" ID="r2l35_5" STYLEREFS="FONT0"/>
            <SP HEIGHT="51" WIDTH="36" VPOS="867" HPOS="1132"/>
            <String HEIGHT="51" WIDTH="108" VPOS="867" HPOS="988" CONTENT="»" ID="r2l35_6" STYLEREFS="FONT0"/>
          </TextLine>
          <TextLine ID="r2l36" BASELINE="942" HEIGHT="41" WIDTH="1082" VPOS="901" HPOS="22">
            <String HEIGHT="41" WIDTH="120" VPOS="901" HPOS="9" CONTENT="19412" ID="r2l36_1" STYLEREFS="FONT0"/>
            <SP HEIGHT="41" WIDTH="13" VPOS="901" HPOS="129"/>
            <String HEIGHT="41" WIDTH="134" VPOS="901" HPOS="89" CONTENT="KEMBLE" ID="r2l36_2" STYLEREFS="FONT0"/>
            <SP HEIGHT="41" WIDTH="13" VPOS="901" HPOS="222"/>
            <String HEIGHT="41" WIDTH="187" VPOS="901" HPOS="182" CONTENT="(Charles)," ID="r2l36_3" STYLEREFS="FONT0"/>
            <SP HEIGHT="41" WIDTH="13" VPOS="901" HPOS="369"/>
            <String HEIGHT="41" WIDTH="80" VPOS="901" HPOS="329" CONTENT="un" ID="r2l36_4" STYLEREFS="FONT0"/>
            <SP HEIGHT="41" WIDTH="13" VPOS="901" HPOS="409"/>
            <String HEIGHT="41" WIDTH="94" VPOS="901" HPOS="369" CONTENT="des" ID="r2l36_5" STYLEREFS="FONT0"/>
            <SP HEIGHT="41" WIDTH="13" VPOS="901" HPOS="463"/>
            <String HEIGHT="41" WIDTH="174" VPOS="901" HPOS="423" CONTENT="meilleurs" ID="r2l36_6" STYLEREFS="FONT0"/>
            <SP HEIGHT="41" WIDTH="13" VPOS="901" HPOS="596"/>
            <String HEIGHT="41" WIDTH="147" VPOS="901" HPOS="556" CONTENT="acteurs" ID="r2l36_7" STYLEREFS="FONT0"/>
            <SP HEIGHT="41" WIDTH="13" VPOS="901" HPOS="703"/>
            <String HEIGHT="41" WIDTH="80" VPOS="901" HPOS="663" CONTENT="de" ID="r2l36_8" STYLEREFS="FONT0"/>
            <SP HEIGHT="41" WIDTH="13" VPOS="901" HPOS="743"/>
            <String HEIGHT="41" WIDTH="227" VPOS="901" HPOS="703" CONTENT="l’Angleterre." ID="r2l36_9" STYLEREFS="FONT0"/>
            <SP HEIGHT="41" WIDTH="13" VPOS="901" HPOS="930"/>
            <String HEIGHT="41" WIDTH="120" VPOS="901" HPOS="890" CONTENT="L." ID="r2l36_10" STYLEREFS="FONT2"/>
            <SP HEIGHT="41" WIDTH="13" VPOS="901" HPOS="1010"/>
            <String HEIGHT="41" WIDTH="80" VPOS="901" HPOS="970" CONTENT="a." ID="r2l36_11" STYLEREFS="FONT2"/>
            <SP HEIGHT="41" WIDTH="13" VPOS="901" HPOS="1051"/>
            <String HEIGHT="41" WIDTH="107" VPOS="901" HPOS="997" CONTENT="s." ID="r2l36_12" STYLEREFS="FONT2"/>
          </TextLine>
          <TextLine ID="r2l38" BASELINE="988" HEIGHT="52" WIDTH="979" VPOS="936" HPOS="134">
            <String HEIGHT="52" WIDTH="140" VPOS="936" HPOS="106" CONTENT="à" ID="r2l38_1" STYLEREFS="FONT0"/>
            <SP HEIGHT="52" WIDTH="28" VPOS="936" HPOS="246"/>
            <String HEIGHT="52" WIDTH="168" VPOS="936" HPOS="162" CONTENT="M." ID="r2l38_2" STYLEREFS="FONT0"/>
            <SP HEIGHT="52" WIDTH="28" VPOS="936" HPOS="330"/>
            <String HEIGHT="52" WIDTH="280" VPOS="936" HPOS="246" CONTENT="Poole;" ID="r2l38_3" STYLEREFS="FONT0"/>
            <SP HEIGHT="52" WIDTH="28" VPOS="936" HPOS="526"/>
            <String HEIGHT="52" WIDTH="252" VPOS="936" HPOS="442" CONTENT="1825," ID="r2l38_4" STYLEREFS="FONT0"/>
            <SP HEIGHT="52" WIDTH="28" VPOS="936" HPOS="693"/>
            <String HEIGHT="52" WIDTH="196" VPOS="936" HPOS="610" CONTENT="1/2" ID="r2l38_5" STYLEREFS="FONT0"/>
            <SP HEIGHT="52" WIDTH="28" VPOS="936" HPOS="805"/>
            <String HEIGHT="52" WIDTH="168" VPOS="936" HPOS="721" CONTENT="p." ID="r2l38_6" STYLEREFS="FONT0"/>
            <SP HEIGHT="52" WIDTH="28" VPOS="936" HPOS="889"/>
            <String HEIGHT="52" WIDTH="252" VPOS="936" HPOS="805" CONTENT="in-8." ID="r2l38_7" STYLEREFS="FONT0"/>
            <SP HEIGHT="52" WIDTH="28" VPOS="936" HPOS="1057"/>
            <String HEIGHT="52" WIDTH="140" VPOS="936" HPOS="973" CONTENT="3" ID="r2l38_8" STYLEREFS="FONT0"/>
            <SP HEIGHT="52" WIDTH="28" VPOS="936" HPOS="1113"/>
            <String HEIGHT="52" WIDTH="112" VPOS="936" HPOS="1001" CONTENT="50" ID="r2l38_9" STYLEREFS="FONT0"/>
          </TextLine>
          <TextLine ID="r2l39" BASELINE="1022" HEIGHT="64" WIDTH="1077" VPOS="958" HPOS="31">
            <String HEIGHT="64" WIDTH="123" VPOS="958" HPOS="17" CONTENT="19413" ID="r2l39_1" STYLEREFS="FONT0"/>
            <SP HEIGHT="64" WIDTH="14" VPOS="958" HPOS="140"/>
            <String HEIGHT="64" WIDTH="150" VPOS="958" HPOS="99" CONTENT="KOSSUTH" ID="r2l39_2" STYLEREFS="FONT0"/>
            <SP HEIGHT="64" WIDTH="14" VPOS="958" HPOS="249"/>
            <String HEIGHT="64" WIDTH="164" VPOS="958" HPOS="208" CONTENT="(Louis)," ID="r2l39_3" STYLEREFS="FONT0"/>
            <SP HEIGHT="64" WIDTH="14" VPOS="958" HPOS="372"/>
            <String HEIGHT="64" WIDTH="82" VPOS="958" HPOS="331" CONTENT="le" ID="r2l39_4" STYLEREFS="FONT0"/>
            <SP HEIGHT="64" WIDTH="14" VPOS="958" HPOS="413"/>
            <String HEIGHT="64" WIDTH="177" VPOS="958" HPOS="372" CONTENT="dictateur" ID="r2l39_5" STYLEREFS="FONT0"/>
            <SP HEIGHT="64" WIDTH="14" VPOS="958" HPOS="549"/>
            <String HEIGHT="64" WIDTH="82" VPOS="958" HPOS="508" CONTENT="de" ID="r2l39_6" STYLEREFS="FONT0"/>
            <SP HEIGHT="64" WIDTH="14" VPOS="958" HPOS="590"/>
            <String HEIGHT="64" WIDTH="82" VPOS="958" HPOS="549" CONTENT="la" ID="r2l39_7" STYLEREFS="FONT0"/>
            <SP HEIGHT="64" WIDTH="14" VPOS="958" HPOS="631"/>
            <String HEIGHT="64" WIDTH="150" VPOS="958" HPOS="590" CONTENT="Hongrie" ID="r2l39_8" STYLEREFS="FONT0"/>
            <SP HEIGHT="64" WIDTH="14" VPOS="958" HPOS="740"/>
            <String HEIGHT="64" WIDTH="82" VPOS="958" HPOS="699" CONTENT="en" ID="r2l39_9" STYLEREFS="FONT0"/>
            <SP HEIGHT="64" WIDTH="14" VPOS="958" HPOS="781"/>
            <String HEIGHT="64" WIDTH="123" VPOS="958" HPOS="740" CONTENT="1848." ID="r2l39_10" STYLEREFS="FONT0"/>
            <SP HEIGHT="64" WIDTH="14" VPOS="958" HPOS="863"/>
            <String HEIGHT="64" WIDTH="123" VPOS="958" HPOS="822" CONTENT="P." ID="r2l39_11" STYLEREFS="FONT2"/>
            <SP HEIGHT="64" WIDTH="14" VPOS="958" HPOS="944"/>
            <String HEIGHT="64" WIDTH="150" VPOS="958" HPOS="904" CONTENT="s.." ID="r2l39_12" STYLEREFS="FONT2"/>
            <SP HEIGHT="64" WIDTH="14" VPOS="958" HPOS="1053"/>
            <String HEIGHT="64" WIDTH="109" VPOS="958" HPOS="1013" CONTENT="avec" ID="r2l39_13" STYLEREFS="FONT0"/>
            <SP HEIGHT="64" WIDTH="14" VPOS="958" HPOS="1122"/>
            <String HEIGHT="64" WIDTH="41" VPOS="958" HPOS="1067" CONTENT="4" ID="r2l39_14" STYLEREFS="FONT0"/>
          </TextLine>
          <TextLine ID="r2l41" BASELINE="1057" HEIGHT="40" WIDTH="989" VPOS="1017" HPOS="131">
            <String HEIGHT="40" WIDTH="255" VPOS="1017" HPOS="99" CONTENT="mots" ID="r2l41_1" STYLEREFS="FONT0"/>
            <SP HEIGHT="40" WIDTH="32" VPOS="1017" HPOS="354"/>
            <String HEIGHT="40" WIDTH="287" VPOS="1017" HPOS="259" CONTENT="aut.," ID="r2l41_2" STYLEREFS="FONT0"/>
            <SP HEIGHT="40" WIDTH="32" VPOS="1017" HPOS="546"/>
            <String HEIGHT="40" WIDTH="160" VPOS="1017" HPOS="450" CONTENT="1" ID="r2l41_3" STYLEREFS="FONT0"/>
            <SP HEIGHT="40" WIDTH="32" VPOS="1017" HPOS="610"/>
            <String HEIGHT="40" WIDTH="191" VPOS="1017" HPOS="514" CONTENT="p." ID="r2l41_4" STYLEREFS="FONT0"/>
            <SP HEIGHT="40" WIDTH="32" VPOS="1017" HPOS="705"/>
            <String HEIGHT="40" WIDTH="223" VPOS="1017" HPOS="610" CONTENT="gr." ID="r2l41_5" STYLEREFS="FONT0"/>
            <SP HEIGHT="40" WIDTH="32" VPOS="1017" HPOS="833"/>
            <String HEIGHT="40" WIDTH="351" VPOS="1017" HPOS="737" CONTENT="in-fol." ID="r2l41_6" STYLEREFS="FONT0"/>
            <SP HEIGHT="40" WIDTH="32" VPOS="1017" HPOS="1088"/>
            <String HEIGHT="40" WIDTH="160" VPOS="1017" HPOS="992" CONTENT="6" ID="r2l41_7" STYLEREFS="FONT0"/>
            <SP HEIGHT="40" WIDTH="32" VPOS="1017" HPOS="1152"/>
            <String HEIGHT="40" WIDTH="96" VPOS="1017" HPOS="1024" CONTENT="»" ID="r2l41_8" STYLEREFS="FONT0"/>
          </TextLine>
          <TextLine ID="r2l42" BASELINE="1096" HEIGHT="46" WIDTH="1074" VPOS="1050" HPOS="23">
            <String HEIGHT="46" WIDTH="118" VPOS="1050" HPOS="10" CONTENT="19414" ID="r2l42_1" STYLEREFS="FONT0"/>
            <SP HEIGHT="46" WIDTH="13" VPOS="1050" HPOS="128"/>
            <String HEIGHT="46" WIDTH="157" VPOS="1050" HPOS="88" CONTENT="LACÉPÈDE" ID="r2l42_2" STYLEREFS="FONT0"/>
            <SP HEIGHT="46" WIDTH="13" VPOS="1050" HPOS="246"/>
            <String HEIGHT="46" WIDTH="92" VPOS="1050" HPOS="206" CONTENT="(le" ID="r2l42_3" STYLEREFS="FONT0"/>
            <SP HEIGHT="46" WIDTH="13" VPOS="1050" HPOS="298"/>
            <String HEIGHT="46" WIDTH="118" VPOS="1050" HPOS="259" CONTENT="comte" ID="r2l42_4" STYLEREFS="FONT0"/>
            <SP HEIGHT="46" WIDTH="13" VPOS="1050" HPOS="377"/>
            <String HEIGHT="46" WIDTH="105" VPOS="1050" HPOS="337" CONTENT="de)," ID="r2l42_5" STYLEREFS="FONT0"/>
            <SP HEIGHT="46" WIDTH="13" VPOS="1050" HPOS="442"/>
            <String HEIGHT="46" WIDTH="79" VPOS="1050" HPOS="403" CONTENT="le" ID="r2l42_6" STYLEREFS="FONT0"/>
            <SP HEIGHT="46" WIDTH="13" VPOS="1050" HPOS="481"/>
            <String HEIGHT="46" WIDTH="144" VPOS="1050" HPOS="442" CONTENT="célèbre" ID="r2l42_7" STYLEREFS="FONT0"/>
            <SP HEIGHT="46" WIDTH="13" VPOS="1050" HPOS="586"/>
            <String HEIGHT="46" WIDTH="210" VPOS="1050" HPOS="547" CONTENT="naturaliste." ID="r2l42_8" STYLEREFS="FONT0"/>
            <SP HEIGHT="46" WIDTH="13" VPOS="1050" HPOS="756"/>
            <String HEIGHT="46" WIDTH="118" VPOS="1050" HPOS="717" CONTENT="L." ID="r2l42_9" STYLEREFS="FONT2"/>
            <SP HEIGHT="46" WIDTH="13" VPOS="1050" HPOS="835"/>
            <String HEIGHT="46" WIDTH="79" VPOS="1050" HPOS="796" CONTENT="a." ID="r2l42_10" STYLEREFS="FONT2"/>
            <SP HEIGHT="46" WIDTH="13" VPOS="1050" HPOS="874"/>
            <String HEIGHT="46" WIDTH="131" VPOS="1050" HPOS="835" CONTENT="s." ID="r2l42_11" STYLEREFS="FONT2"/>
            <SP HEIGHT="46" WIDTH="13" VPOS="1050" HPOS="966"/>
            <String HEIGHT="46" WIDTH="79" VPOS="1050" HPOS="927" CONTENT="au" ID="r2l42_12" STYLEREFS="FONT0"/>
            <SP HEIGHT="46" WIDTH="13" VPOS="1050" HPOS="1005"/>
            <String HEIGHT="46" WIDTH="105" VPOS="1050" HPOS="966" CONTENT="cit." ID="r2l42_13" STYLEREFS="FONT0"/>
            <SP HEIGHT="46" WIDTH="13" VPOS="1050" HPOS="1071"/>
            <String HEIGHT="46" WIDTH="79" VPOS="1050" HPOS="1018" CONTENT="Jos." ID="r2l42_14" STYLEREFS="FONT0"/>
          </TextLine>
          <TextLine ID="r2l44" BASELINE="1137" HEIGHT="49" WIDTH="970" VPOS="1088" HPOS="136">
            <String HEIGHT="49" WIDTH="287" VPOS="1088" HPOS="114" CONTENT="Lavallée;" ID="r2l44_1" STYLEREFS="FONT0"/>
            <SP HEIGHT="49" WIDTH="22" VPOS="1088" HPOS="401"/>
            <String HEIGHT="49" WIDTH="132" VPOS="1088" HPOS="334" CONTENT="11" ID="r2l44_2" STYLEREFS="FONT0"/>
            <SP HEIGHT="49" WIDTH="22" VPOS="1088" HPOS="467"/>
            <String HEIGHT="49" WIDTH="287" VPOS="1088" HPOS="401" CONTENT="fructidor" ID="r2l44_3" STYLEREFS="FONT0"/>
            <SP HEIGHT="49" WIDTH="22" VPOS="1088" HPOS="687"/>
            <String HEIGHT="49" WIDTH="132" VPOS="1088" HPOS="621" CONTENT="an" ID="r2l44_4" STYLEREFS="FONT0"/>
            <SP HEIGHT="49" WIDTH="22" VPOS="1088" HPOS="753"/>
            <String HEIGHT="49" WIDTH="154" VPOS="1088" HPOS="687" CONTENT="XI," ID="r2l44_5" STYLEREFS="FONT0"/>
            <SP HEIGHT="49" WIDTH="22" VPOS="1088" HPOS="841"/>
            <String HEIGHT="49" WIDTH="110" VPOS="1088" HPOS="775" CONTENT="1" ID="r2l44_6" STYLEREFS="FONT0"/>
            <SP HEIGHT="49" WIDTH="22" VPOS="1088" HPOS="886"/>
            <String HEIGHT="49" WIDTH="132" VPOS="1088" HPOS="819" CONTENT="p." ID="r2l44_7" STYLEREFS="FONT0"/>
            <SP HEIGHT="49" WIDTH="22" VPOS="1088" HPOS="952"/>
            <String HEIGHT="49" WIDTH="198" VPOS="1088" HPOS="886" CONTENT="in-4." ID="r2l44_8" STYLEREFS="FONT0"/>
            <SP HEIGHT="49" WIDTH="22" VPOS="1088" HPOS="1084"/>
            <String HEIGHT="49" WIDTH="110" VPOS="1088" HPOS="1018" CONTENT="2" ID="r2l44_9" STYLEREFS="FONT0"/>
            <SP HEIGHT="49" WIDTH="22" VPOS="1088" HPOS="1128"/>
            <String HEIGHT="49" WIDTH="66" VPOS="1088" HPOS="1040" CONTENT="»" ID="r2l44_10" STYLEREFS="FONT0"/>
          </TextLine>
          <TextLine ID="r2l45" BASELINE="1166" HEIGHT="46" WIDTH="946" VPOS="1120" HPOS="161">
            <String HEIGHT="46" WIDTH="112" VPOS="1120" HPOS="149" CONTENT="Belle" ID="r2l45_1" STYLEREFS="FONT0"/>
            <SP HEIGHT="46" WIDTH="12" VPOS="1120" HPOS="261"/>
            <String HEIGHT="46" WIDTH="137" VPOS="1120" HPOS="223" CONTENT="lettre," ID="r2l45_2" STYLEREFS="FONT0"/>
            <SP HEIGHT="46" WIDTH="12" VPOS="1120" HPOS="360"/>
            <String HEIGHT="46" WIDTH="149" VPOS="1120" HPOS="323" CONTENT="relative" ID="r2l45_3" STYLEREFS="FONT0"/>
            <SP HEIGHT="46" WIDTH="12" VPOS="1120" HPOS="472"/>
            <String HEIGHT="46" WIDTH="62" VPOS="1120" HPOS="435" CONTENT="à" ID="r2l45_4" STYLEREFS="FONT0"/>
            <SP HEIGHT="46" WIDTH="12" VPOS="1120" HPOS="497"/>
            <String HEIGHT="46" WIDTH="87" VPOS="1120" HPOS="460" CONTENT="son" ID="r2l45_5" STYLEREFS="FONT0"/>
            <SP HEIGHT="46" WIDTH="12" VPOS="1120" HPOS="547"/>
            <String HEIGHT="46" WIDTH="187" VPOS="1120" HPOS="510" CONTENT="Histoire" ID="r2l45_6" STYLEREFS="FONT2"/>
            <SP HEIGHT="46" WIDTH="12" VPOS="1120" HPOS="696"/>
            <String HEIGHT="46" WIDTH="87" VPOS="1120" HPOS="659" CONTENT="des" ID="r2l45_7" STYLEREFS="FONT2"/>
            <SP HEIGHT="46" WIDTH="12" VPOS="1120" HPOS="746"/>
            <String HEIGHT="46" WIDTH="199" VPOS="1120" HPOS="709" CONTENT="poissons" ID="r2l45_8" STYLEREFS="FONT2"/>
            <SP HEIGHT="46" WIDTH="12" VPOS="1120" HPOS="908"/>
            <String HEIGHT="46" WIDTH="75" VPOS="1120" HPOS="871" CONTENT="et" ID="r2l45_9" STYLEREFS="FONT0"/>
            <SP HEIGHT="46" WIDTH="12" VPOS="1120" HPOS="945"/>
            <String HEIGHT="46" WIDTH="62" VPOS="1120" HPOS="908" CONTENT="à" ID="r2l45_10" STYLEREFS="FONT0"/>
            <SP HEIGHT="46" WIDTH="12" VPOS="1120" HPOS="970"/>
            <String HEIGHT="46" WIDTH="75" VPOS="1120" HPOS="933" CONTENT="sa" ID="r2l45_11" STYLEREFS="FONT0"/>
            <SP HEIGHT="46" WIDTH="12" VPOS="1120" HPOS="1007"/>
            <String HEIGHT="46" WIDTH="149" VPOS="1120" HPOS="958" CONTENT="nomination" ID="r2l45_12" STYLEREFS="FONT0"/>
          </TextLine>
          <TextLine ID="r2l46" BASELINE="1204" HEIGHT="47" WIDTH="444" VPOS="1157" HPOS="128">
            <String HEIGHT="47" WIDTH="72" VPOS="1157" HPOS="114" CONTENT="à" ID="r2l46_1" STYLEREFS="FONT0"/>
            <SP HEIGHT="47" WIDTH="14" VPOS="1157" HPOS="185"/>
            <String HEIGHT="47" WIDTH="86" VPOS="1157" HPOS="142" CONTENT="la" ID="r2l46_2" STYLEREFS="FONT0"/>
            <SP HEIGHT="47" WIDTH="14" VPOS="1157" HPOS="228"/>
            <String HEIGHT="47" WIDTH="129" VPOS="1157" HPOS="185" CONTENT="place" ID="r2l46_3" STYLEREFS="FONT0"/>
            <SP HEIGHT="47" WIDTH="14" VPOS="1157" HPOS="314"/>
            <String HEIGHT="47" WIDTH="86" VPOS="1157" HPOS="271" CONTENT="de" ID="r2l46_4" STYLEREFS="FONT0"/>
            <SP HEIGHT="47" WIDTH="14" VPOS="1157" HPOS="357"/>
            <String HEIGHT="47" WIDTH="272" VPOS="1157" HPOS="300" CONTENT="grand" ID="r2l46_5" STYLEREFS="FONT0"/>
          </TextLine>
          <TextLine ID="r2l47" BASELINE="1249" HEIGHT="51" WIDTH="1071" VPOS="1198" HPOS="31">
            <String HEIGHT="51" WIDTH="120" VPOS="1198" HPOS="18" CONTENT="19415" ID="r2l47_1" STYLEREFS="FONT0"/>
            <SP HEIGHT="51" WIDTH="13" VPOS="1198" HPOS="138"/>
            <String HEIGHT="51" WIDTH="228" VPOS="1198" HPOS="98" CONTENT="LACHAMBEAUDIE" ID="r2l47_2" STYLEREFS="FONT0"/>
            <SP HEIGHT="51" WIDTH="13" VPOS="1198" HPOS="326"/>
            <String HEIGHT="51" WIDTH="174" VPOS="1198" HPOS="285" CONTENT="(Pierre)," ID="r2l47_3" STYLEREFS="FONT0"/>
            <SP HEIGHT="51" WIDTH="13" VPOS="1198" HPOS="459"/>
            <String HEIGHT="51" WIDTH="120" VPOS="1198" HPOS="419" CONTENT="poëte" ID="r2l47_4" STYLEREFS="FONT0"/>
            <SP HEIGHT="51" WIDTH="13" VPOS="1198" HPOS="540"/>
            <String HEIGHT="51" WIDTH="80" VPOS="1198" HPOS="500" CONTENT="et" ID="r2l47_5" STYLEREFS="FONT0"/>
            <SP HEIGHT="51" WIDTH="13" VPOS="1198" HPOS="580"/>
            <String HEIGHT="51" WIDTH="187" VPOS="1198" HPOS="540" CONTENT="fabuliste." ID="r2l47_6" STYLEREFS="FONT0"/>
            <SP HEIGHT="51" WIDTH="13" VPOS="1198" HPOS="727"/>
            <String HEIGHT="51" WIDTH="214" VPOS="1198" HPOS="687" CONTENT="Pétrarque" ID="r2l47_7" STYLEREFS="FONT2"/>
            <SP HEIGHT="51" WIDTH="13" VPOS="1198" HPOS="901"/>
            <String HEIGHT="51" WIDTH="80" VPOS="1198" HPOS="861" CONTENT="et" ID="r2l47_8" STYLEREFS="FONT2"/>
            <SP HEIGHT="51" WIDTH="13" VPOS="1198" HPOS="941"/>
            <String HEIGHT="51" WIDTH="120" VPOS="1198" HPOS="901" CONTENT="Laure" ID="r2l47_9" STYLEREFS="FONT2"/>
            <SP HEIGHT="51" WIDTH="13" VPOS="1198" HPOS="1022"/>
            <String HEIGHT="51" WIDTH="134" VPOS="1198" HPOS="968" CONTENT="dans" ID="r2l47_10" STYLEREFS="FONT2"/>
          </TextLine>
          <TextLine ID="r2l48" BASELINE="1281" HEIGHT="46" WIDTH="971" VPOS="1235" HPOS="132">
            <String HEIGHT="46" WIDTH="200" VPOS="1235" HPOS="119" CONTENT="l’église" ID="r2l48_1" STYLEREFS="FONT2"/>
            <SP HEIGHT="46" WIDTH="13" VPOS="1235" HPOS="318"/>
            <String HEIGHT="46" WIDTH="80" VPOS="1235" HPOS="278" CONTENT="de" ID="r2l48_2" STYLEREFS="FONT2"/>
            <SP HEIGHT="46" WIDTH="13" VPOS="1235" HPOS="358"/>
            <String HEIGHT="46" WIDTH="239" VPOS="1235" HPOS="318" CONTENT="Sainte-Claire," ID="r2l48_3" STYLEREFS="FONT2"/>
            <SP HEIGHT="46" WIDTH="13" VPOS="1235" HPOS="558"/>
            <String HEIGHT="46" WIDTH="173" VPOS="1235" HPOS="518" CONTENT="chæur" ID="r2l48_4" STYLEREFS="FONT2"/>
            <SP HEIGHT="46" WIDTH="13" VPOS="1235" HPOS="691"/>
            <String HEIGHT="46" WIDTH="120" VPOS="1235" HPOS="651" CONTENT="pièce" ID="r2l48_5" STYLEREFS="FONT0"/>
            <SP HEIGHT="46" WIDTH="13" VPOS="1235" HPOS="770"/>
            <String HEIGHT="46" WIDTH="80" VPOS="1235" HPOS="731" CONTENT="de" ID="r2l48_6" STYLEREFS="FONT0"/>
            <SP HEIGHT="46" WIDTH="13" VPOS="1235" HPOS="810"/>
            <String HEIGHT="46" WIDTH="106" VPOS="1235" HPOS="770" CONTENT="vers" ID="r2l48_7" STYLEREFS="FONT0"/>
            <SP HEIGHT="46" WIDTH="13" VPOS="1235" HPOS="877"/>
            <String HEIGHT="46" WIDTH="106" VPOS="1235" HPOS="837" CONTENT="aut." ID="r2l48_8" STYLEREFS="FONT0"/>
            <SP HEIGHT="46" WIDTH="13" VPOS="1235" HPOS="943"/>
            <String HEIGHT="46" WIDTH="120" VPOS="1235" HPOS="903" CONTENT="sig.," ID="r2l48_9" STYLEREFS="FONT0"/>
            <SP HEIGHT="46" WIDTH="13" VPOS="1235" HPOS="1023"/>
            <String HEIGHT="46" WIDTH="67" VPOS="1235" HPOS="983" CONTENT="1" ID="r2l48_10" STYLEREFS="FONT0"/>
            <SP HEIGHT="46" WIDTH="13" VPOS="1235" HPOS="1050"/>
            <String HEIGHT="46" WIDTH="80" VPOS="1235" HPOS="1010" CONTENT="p." ID="r2l48_11" STYLEREFS="FONT0"/>
            <SP HEIGHT="46" WIDTH="13" VPOS="1235" HPOS="1090"/>
            <String HEIGHT="46" WIDTH="67" VPOS="1235" HPOS="1036" CONTENT="1/2" ID="r2l48_12" STYLEREFS="FONT0"/>
          </TextLine>
          <TextLine ID="r2l50" BASELINE="1310" HEIGHT="47" WIDTH="988" VPOS="1263" HPOS="127">
            <String HEIGHT="47" WIDTH="906" VPOS="1263" HPOS="45" CONTENT="in-fol." ID="r2l50_1" STYLEREFS="FONT0"/>
            <SP HEIGHT="47" WIDTH="82" VPOS="1263" HPOS="950"/>
            <String HEIGHT="47" WIDTH="412" VPOS="1263" HPOS="703" CONTENT="2" ID="r2l50_2" STYLEREFS="FONT0"/>
            <SP HEIGHT="47" WIDTH="82" VPOS="1263" HPOS="1115"/>
            <String HEIGHT="47" WIDTH="329" VPOS="1263" HPOS="786" CONTENT="25" ID="r2l50_3" STYLEREFS="FONT0"/>
          </TextLine>
          <TextLine ID="r2l51" BASELINE="1343" HEIGHT="43" WIDTH="1070" VPOS="1300" HPOS="30">
            <String HEIGHT="43" WIDTH="116" VPOS="1300" HPOS="17" CONTENT="19416" ID="r2l51_1" STYLEREFS="FONT0"/>
            <SP HEIGHT="43" WIDTH="13" VPOS="1300" HPOS="133"/>
            <String HEIGHT="43" WIDTH="180" VPOS="1300" HPOS="94" CONTENT="LACORDAIRE" ID="r2l51_2" STYLEREFS="FONT0"/>
            <SP HEIGHT="43" WIDTH="13" VPOS="1300" HPOS="275"/>
            <String HEIGHT="43" WIDTH="116" VPOS="1300" HPOS="236" CONTENT="(H.)," ID="r2l51_3" STYLEREFS="FONT0"/>
            <SP HEIGHT="43" WIDTH="13" VPOS="1300" HPOS="352"/>
            <String HEIGHT="43" WIDTH="193" VPOS="1300" HPOS="314" CONTENT="prédicateur" ID="r2l51_4" STYLEREFS="FONT0"/>
            <SP HEIGHT="43" WIDTH="13" VPOS="1300" HPOS="507"/>
            <String HEIGHT="43" WIDTH="168" VPOS="1300" HPOS="468" CONTENT="illustre," ID="r2l51_5" STYLEREFS="FONT0"/>
            <SP HEIGHT="43" WIDTH="13" VPOS="1300" HPOS="636"/>
            <String HEIGHT="43" WIDTH="77" VPOS="1300" HPOS="597" CONTENT="de" ID="r2l51_6" STYLEREFS="FONT0"/>
            <SP HEIGHT="43" WIDTH="13" VPOS="1300" HPOS="675"/>
            <String HEIGHT="43" WIDTH="142" VPOS="1300" HPOS="636" CONTENT="l’Acad." ID="r2l51_7" STYLEREFS="FONT0"/>
            <SP HEIGHT="43" WIDTH="13" VPOS="1300" HPOS="778"/>
            <String HEIGHT="43" WIDTH="90" VPOS="1300" HPOS="739" CONTENT="fr." ID="r2l51_8" STYLEREFS="FONT0"/>
            <SP HEIGHT="43" WIDTH="13" VPOS="1300" HPOS="829"/>
            <String HEIGHT="43" WIDTH="116" VPOS="1300" HPOS="791" CONTENT="L." ID="r2l51_9" STYLEREFS="FONT2"/>
            <SP HEIGHT="43" WIDTH="13" VPOS="1300" HPOS="907"/>
            <String HEIGHT="43" WIDTH="77" VPOS="1300" HPOS="868" CONTENT="a." ID="r2l51_10" STYLEREFS="FONT2"/>
            <SP HEIGHT="43" WIDTH="13" VPOS="1300" HPOS="945"/>
            <String HEIGHT="43" WIDTH="142" VPOS="1300" HPOS="907" CONTENT="s." ID="r2l51_11" STYLEREFS="FONT2"/>
            <SP HEIGHT="43" WIDTH="13" VPOS="1300" HPOS="1048"/>
            <String HEIGHT="43" WIDTH="103" VPOS="1300" HPOS="997" CONTENT="Paris," ID="r2l51_12" STYLEREFS="FONT0"/>
          </TextLine>
          <TextLine ID="r2l53" BASELINE="1383" HEIGHT="44" WIDTH="966" VPOS="1339" HPOS="135">
            <String HEIGHT="44" WIDTH="115" VPOS="1339" HPOS="112" CONTENT="3" ID="r2l53_1" STYLEREFS="FONT0"/>
            <SP HEIGHT="44" WIDTH="23" VPOS="1339" HPOS="227"/>
            <String HEIGHT="44" WIDTH="184" VPOS="1339" HPOS="158" CONTENT="oct." ID="r2l53_2" STYLEREFS="FONT0"/>
            <SP HEIGHT="44" WIDTH="23" VPOS="1339" HPOS="342"/>
            <String HEIGHT="44" WIDTH="207" VPOS="1339" HPOS="273" CONTENT="1835," ID="r2l53_3" STYLEREFS="FONT0"/>
            <SP HEIGHT="44" WIDTH="23" VPOS="1339" HPOS="480"/>
            <String HEIGHT="44" WIDTH="115" VPOS="1339" HPOS="411" CONTENT="1" ID="r2l53_4" STYLEREFS="FONT0"/>
            <SP HEIGHT="44" WIDTH="23" VPOS="1339" HPOS="526"/>
            <String HEIGHT="44" WIDTH="138" VPOS="1339" HPOS="457" CONTENT="p." ID="r2l53_5" STYLEREFS="FONT0"/>
            <SP HEIGHT="44" WIDTH="23" VPOS="1339" HPOS="595"/>
            <String HEIGHT="44" WIDTH="207" VPOS="1339" HPOS="526" CONTENT="in-4." ID="r2l53_6" STYLEREFS="FONT0"/>
            <SP HEIGHT="44" WIDTH="23" VPOS="1339" HPOS="733"/>
            <String HEIGHT="44" WIDTH="207" VPOS="1339" HPOS="664" CONTENT="Jolie" ID="r2l53_7" STYLEREFS="FONT0"/>
            <SP HEIGHT="44" WIDTH="23" VPOS="1339" HPOS="871"/>
            <String HEIGHT="44" WIDTH="253" VPOS="1339" HPOS="802" CONTENT="lettre." ID="r2l53_8" STYLEREFS="FONT0"/>
            <SP HEIGHT="44" WIDTH="23" VPOS="1339" HPOS="1055"/>
            <String HEIGHT="44" WIDTH="115" VPOS="1339" HPOS="986" CONTENT="2" ID="r2l53_9" STYLEREFS="FONT0"/>
            <SP HEIGHT="44" WIDTH="23" VPOS="1339" HPOS="1101"/>
            <String HEIGHT="44" WIDTH="92" VPOS="1339" HPOS="1009" CONTENT="50" ID="r2l53_10" STYLEREFS="FONT0"/>
          </TextLine>
          <TextLine ID="r2l54" BASELINE="1429" HEIGHT="57" WIDTH="1073" VPOS="1372" HPOS="27">
            <String HEIGHT="57" WIDTH="132" VPOS="1372" HPOS="12" CONTENT="19417" ID="r2l54_1" STYLEREFS="FONT0"/>
            <SP HEIGHT="57" WIDTH="15" VPOS="1372" HPOS="145"/>
            <String HEIGHT="57" WIDTH="162" VPOS="1372" HPOS="100" CONTENT="LAHARPE" ID="r2l54_2" STYLEREFS="FONT0"/>
            <SP HEIGHT="57" WIDTH="15" VPOS="1372" HPOS="262"/>
            <String HEIGHT="57" WIDTH="103" VPOS="1372" HPOS="218" CONTENT="(J." ID="r2l54_3" STYLEREFS="FONT0"/>
            <SP HEIGHT="57" WIDTH="15" VPOS="1372" HPOS="321"/>
            <String HEIGHT="57" WIDTH="88" VPOS="1372" HPOS="277" CONTENT="F." ID="r2l54_4" STYLEREFS="FONT0"/>
            <SP HEIGHT="57" WIDTH="15" VPOS="1372" HPOS="365"/>
            <String HEIGHT="57" WIDTH="118" VPOS="1372" HPOS="321" CONTENT="de)," ID="r2l54_5" STYLEREFS="FONT0"/>
            <SP HEIGHT="57" WIDTH="15" VPOS="1372" HPOS="439"/>
            <String HEIGHT="57" WIDTH="220" VPOS="1372" HPOS="394" CONTENT="littérateur" ID="r2l54_6" STYLEREFS="FONT0"/>
            <SP HEIGHT="57" WIDTH="15" VPOS="1372" HPOS="615"/>
            <String HEIGHT="57" WIDTH="88" VPOS="1372" HPOS="571" CONTENT="et" ID="r2l54_7" STYLEREFS="FONT0"/>
            <SP HEIGHT="57" WIDTH="15" VPOS="1372" HPOS="659"/>
            <String HEIGHT="57" WIDTH="176" VPOS="1372" HPOS="615" CONTENT="critique" ID="r2l54_8" STYLEREFS="FONT0"/>
            <SP HEIGHT="57" WIDTH="15" VPOS="1372" HPOS="791"/>
            <String HEIGHT="57" WIDTH="176" VPOS="1372" HPOS="747" CONTENT="célèbre," ID="r2l54_9" STYLEREFS="FONT0"/>
            <SP HEIGHT="57" WIDTH="15" VPOS="1372" HPOS="924"/>
            <String HEIGHT="57" WIDTH="88" VPOS="1372" HPOS="880" CONTENT="de" ID="r2l54_10" STYLEREFS="FONT0"/>
            <SP HEIGHT="57" WIDTH="15" VPOS="1372" HPOS="968"/>
            <String HEIGHT="57" WIDTH="162" VPOS="1372" HPOS="924" CONTENT="l’Acad." ID="r2l54_11" STYLEREFS="FONT0"/>
            <SP HEIGHT="57" WIDTH="15" VPOS="1372" HPOS="1085"/>
            <String HEIGHT="57" WIDTH="73" VPOS="1372" HPOS="1027" CONTENT="fr." ID="r2l54_12" STYLEREFS="FONT0"/>
          </TextLine>
          <TextLine ID="r2l56" BASELINE="1464" HEIGHT="48" WIDTH="968" VPOS="1416" HPOS="135">
            <String HEIGHT="48" WIDTH="77" VPOS="1416" HPOS="122" CONTENT="L." ID="r2l56_1" STYLEREFS="FONT0"/>
            <SP HEIGHT="48" WIDTH="13" VPOS="1416" HPOS="200"/>
            <String HEIGHT="48" WIDTH="116" VPOS="1416" HPOS="161" CONTENT="aut.," ID="r2l56_2" STYLEREFS="FONT0"/>
            <SP HEIGHT="48" WIDTH="13" VPOS="1416" HPOS="277"/>
            <String HEIGHT="48" WIDTH="103" VPOS="1416" HPOS="238" CONTENT="sig." ID="r2l56_3" STYLEREFS="FONT0"/>
            <SP HEIGHT="48" WIDTH="13" VPOS="1416" HPOS="342"/>
            <String HEIGHT="48" WIDTH="116" VPOS="1416" HPOS="303" CONTENT="L." ID="r2l56_4" STYLEREFS="FONT2"/>
            <SP HEIGHT="48" WIDTH="13" VPOS="1416" HPOS="419"/>
            <String HEIGHT="48" WIDTH="142" VPOS="1416" HPOS="380" CONTENT="h." ID="r2l56_5" STYLEREFS="FONT2"/>
            <SP HEIGHT="48" WIDTH="13" VPOS="1416" HPOS="522"/>
            <String HEIGHT="48" WIDTH="65" VPOS="1416" HPOS="483" CONTENT="à" ID="r2l56_6" STYLEREFS="FONT0"/>
            <SP HEIGHT="48" WIDTH="13" VPOS="1416" HPOS="548"/>
            <String HEIGHT="48" WIDTH="77" VPOS="1416" HPOS="509" CONTENT="M." ID="r2l56_7" STYLEREFS="FONT0"/>
            <SP HEIGHT="48" WIDTH="13" VPOS="1416" HPOS="587"/>
            <String HEIGHT="48" WIDTH="142" VPOS="1416" HPOS="548" CONTENT="Agasse;" ID="r2l56_8" STYLEREFS="FONT0"/>
            <SP HEIGHT="48" WIDTH="13" VPOS="1416" HPOS="690"/>
            <String HEIGHT="48" WIDTH="77" VPOS="1416" HPOS="651" CONTENT="22" ID="r2l56_9" STYLEREFS="FONT0"/>
            <SP HEIGHT="48" WIDTH="13" VPOS="1416" HPOS="729"/>
            <String HEIGHT="48" WIDTH="116" VPOS="1416" HPOS="690" CONTENT="avril" ID="r2l56_10" STYLEREFS="FONT0"/>
            <SP HEIGHT="48" WIDTH="13" VPOS="1416" HPOS="806"/>
            <String HEIGHT="48" WIDTH="116" VPOS="1416" HPOS="767" CONTENT="1798," ID="r2l56_11" STYLEREFS="FONT0"/>
            <SP HEIGHT="48" WIDTH="13" VPOS="1416" HPOS="884"/>
            <String HEIGHT="48" WIDTH="65" VPOS="1416" HPOS="845" CONTENT="2" ID="r2l56_12" STYLEREFS="FONT0"/>
            <SP HEIGHT="48" WIDTH="13" VPOS="1416" HPOS="909"/>
            <String HEIGHT="48" WIDTH="77" VPOS="1416" HPOS="871" CONTENT="p." ID="r2l56_13" STYLEREFS="FONT0"/>
            <SP HEIGHT="48" WIDTH="13" VPOS="1416" HPOS="948"/>
            <String HEIGHT="48" WIDTH="90" VPOS="1416" HPOS="909" CONTENT="pl." ID="r2l56_14" STYLEREFS="FONT0"/>
            <SP HEIGHT="48" WIDTH="13" VPOS="1416" HPOS="1000"/>
            <String HEIGHT="48" WIDTH="116" VPOS="1416" HPOS="961" CONTENT="in-4." ID="r2l56_15" STYLEREFS="FONT0"/>
            <SP HEIGHT="48" WIDTH="13" VPOS="1416" HPOS="1077"/>
            <String HEIGHT="48" WIDTH="65" VPOS="1416" HPOS="1038" CONTENT="7" ID="r2l56_16" STYLEREFS="FONT0"/>
            <SP HEIGHT="48" WIDTH="13" VPOS="1416" HPOS="1103"/>
            <String HEIGHT="48" WIDTH="52" VPOS="1416" HPOS="1051" CONTENT="50" ID="r2l56_17" STYLEREFS="FONT0"/>
          </TextLine>
          <TextLine ID="r2l57" BASELINE="1502" HEIGHT="48" WIDTH="934" VPOS="1454" HPOS="164">
            <String HEIGHT="48" WIDTH="151" VPOS="1454" HPOS="151" CONTENT="Curieuse" ID="r2l57_1" STYLEREFS="FONT0"/>
            <SP HEIGHT="48" WIDTH="13" VPOS="1454" HPOS="303"/>
            <String HEIGHT="48" WIDTH="126" VPOS="1454" HPOS="265" CONTENT="épître" ID="r2l57_2" STYLEREFS="FONT0"/>
            <SP HEIGHT="48" WIDTH="13" VPOS="1454" HPOS="391"/>
            <String HEIGHT="48" WIDTH="151" VPOS="1454" HPOS="353" CONTENT="relative" ID="r2l57_3" STYLEREFS="FONT0"/>
            <SP HEIGHT="48" WIDTH="13" VPOS="1454" HPOS="505"/>
            <String HEIGHT="48" WIDTH="63" VPOS="1454" HPOS="467" CONTENT="à" ID="r2l57_4" STYLEREFS="FONT0"/>
            <SP HEIGHT="48" WIDTH="13" VPOS="1454" HPOS="530"/>
            <String HEIGHT="48" WIDTH="202" VPOS="1454" HPOS="492" CONTENT="l’impression" ID="r2l57_5" STYLEREFS="FONT0"/>
            <SP HEIGHT="48" WIDTH="13" VPOS="1454" HPOS="694"/>
            <String HEIGHT="48" WIDTH="76" VPOS="1454" HPOS="656" CONTENT="de" ID="r2l57_6" STYLEREFS="FONT0"/>
            <SP HEIGHT="48" WIDTH="13" VPOS="1454" HPOS="732"/>
            <String HEIGHT="48" WIDTH="88" VPOS="1454" HPOS="694" CONTENT="son" ID="r2l57_7" STYLEREFS="FONT0"/>
            <SP HEIGHT="48" WIDTH="13" VPOS="1454" HPOS="782"/>
            <String HEIGHT="48" WIDTH="151" VPOS="1454" HPOS="745" CONTENT="Cours" ID="r2l57_8" STYLEREFS="FONT2"/>
            <SP HEIGHT="48" WIDTH="13" VPOS="1454" HPOS="896"/>
            <String HEIGHT="48" WIDTH="76" VPOS="1454" HPOS="858" CONTENT="de" ID="r2l57_9" STYLEREFS="FONT2"/>
            <SP HEIGHT="48" WIDTH="13" VPOS="1454" HPOS="934"/>
            <String HEIGHT="48" WIDTH="215" VPOS="1454" HPOS="883" CONTENT="littérature" ID="r2l57_10" STYLEREFS="FONT2"/>
          </TextLine>
          <TextLine ID="r2l58" BASELINE="1524" HEIGHT="39" WIDTH="965" VPOS="1485" HPOS="131">
            <String HEIGHT="39" WIDTH="80" VPOS="1485" HPOS="118" CONTENT="et" ID="r2l58_1" STYLEREFS="FONT0"/>
            <SP HEIGHT="39" WIDTH="13" VPOS="1485" HPOS="198"/>
            <String HEIGHT="39" WIDTH="67" VPOS="1485" HPOS="158" CONTENT="à" ID="r2l58_2" STYLEREFS="FONT0"/>
            <SP HEIGHT="39" WIDTH="13" VPOS="1485" HPOS="225"/>
            <String HEIGHT="39" WIDTH="134" VPOS="1485" HPOS="185" CONTENT="divers" ID="r2l58_3" STYLEREFS="FONT0"/>
            <SP HEIGHT="39" WIDTH="13" VPOS="1485" HPOS="319"/>
            <String HEIGHT="39" WIDTH="161" VPOS="1485" HPOS="278" CONTENT="articles" ID="r2l58_4" STYLEREFS="FONT0"/>
            <SP HEIGHT="39" WIDTH="13" VPOS="1485" HPOS="439"/>
            <String HEIGHT="39" WIDTH="174" VPOS="1485" HPOS="399" CONTENT="qu’Agasse" ID="r2l58_5" STYLEREFS="FONT0"/>
            <SP HEIGHT="39" WIDTH="13" VPOS="1485" HPOS="573"/>
            <String HEIGHT="39" WIDTH="134" VPOS="1485" HPOS="533" CONTENT="trouve" ID="r2l58_6" STYLEREFS="FONT0"/>
            <SP HEIGHT="39" WIDTH="13" VPOS="1485" HPOS="667"/>
            <String HEIGHT="39" WIDTH="107" VPOS="1485" HPOS="627" CONTENT="trop" ID="r2l58_7" STYLEREFS="FONT0"/>
            <SP HEIGHT="39" WIDTH="13" VPOS="1485" HPOS="734"/>
            <String HEIGHT="39" WIDTH="121" VPOS="1485" HPOS="694" CONTENT="forts" ID="r2l58_8" STYLEREFS="FONT0"/>
            <SP HEIGHT="39" WIDTH="13" VPOS="1485" HPOS="815"/>
            <String HEIGHT="39" WIDTH="80" VPOS="1485" HPOS="774" CONTENT="et" ID="r2l58_9" STYLEREFS="FONT0"/>
            <SP HEIGHT="39" WIDTH="13" VPOS="1485" HPOS="855"/>
            <String HEIGHT="39" WIDTH="107" VPOS="1485" HPOS="815" CONTENT="veut" ID="r2l58_10" STYLEREFS="FONT0"/>
            <SP HEIGHT="39" WIDTH="13" VPOS="1485" HPOS="922"/>
            <String HEIGHT="39" WIDTH="94" VPOS="1485" HPOS="882" CONTENT="lui" ID="r2l58_11" STYLEREFS="FONT0"/>
            <SP HEIGHT="39" WIDTH="13" VPOS="1485" HPOS="975"/>
            <String HEIGHT="39" WIDTH="121" VPOS="1485" HPOS="935" CONTENT="faire" ID="r2l58_12" STYLEREFS="FONT0"/>
            <SP HEIGHT="39" WIDTH="13" VPOS="1485" HPOS="1056"/>
            <String HEIGHT="39" WIDTH="94" VPOS="1485" HPOS="1002" CONTENT="rema" SUBS_TYPE="HypPart1" SUBS_CONTENT="remanier." ID="r2l58_13" STYLEREFS="FONT0"/>
            <HYP CONTENT="-"/>
          </TextLine>
          <TextLine ID="r2l59" BASELINE="1566" HEIGHT="44" WIDTH="970" VPOS="1522" HPOS="132">
            <String HEIGHT="44" WIDTH="127" VPOS="1522" HPOS="118" CONTENT="nier." SUBS_TYPE="HypPart2" SUBS_CONTENT="remanier." ID="r2l59_1" STYLEREFS="FONT0"/>
            <SP HEIGHT="44" WIDTH="14" VPOS="1522" HPOS="244"/>
            <String HEIGHT="44" WIDTH="155" VPOS="1522" HPOS="202" CONTENT="Laharpe" ID="r2l59_2" STYLEREFS="FONT0"/>
            <SP HEIGHT="44" WIDTH="14" VPOS="1522" HPOS="357"/>
            <String HEIGHT="44" WIDTH="169" VPOS="1522" HPOS="315" CONTENT="proteste" ID="r2l59_3" STYLEREFS="FONT0"/>
            <SP HEIGHT="44" WIDTH="14" VPOS="1522" HPOS="483"/>
            <String HEIGHT="44" WIDTH="141" VPOS="1522" HPOS="441" CONTENT="contre" ID="r2l59_4" STYLEREFS="FONT0"/>
            <SP HEIGHT="44" WIDTH="14" VPOS="1522" HPOS="582"/>
            <String HEIGHT="44" WIDTH="127" VPOS="1522" HPOS="540" CONTENT="cette" ID="r2l59_5" STYLEREFS="FONT0"/>
            <SP HEIGHT="44" WIDTH="14" VPOS="1522" HPOS="666"/>
            <String HEIGHT="44" WIDTH="155" VPOS="1522" HPOS="624" CONTENT="mesure." ID="r2l59_6" STYLEREFS="FONT0"/>
            <SP HEIGHT="44" WIDTH="14" VPOS="1522" HPOS="779"/>
            <String HEIGHT="44" WIDTH="127" VPOS="1522" HPOS="736" CONTENT="«S’il" ID="r2l59_7" STYLEREFS="FONT0"/>
            <SP HEIGHT="44" WIDTH="14" VPOS="1522" HPOS="863"/>
            <String HEIGHT="44" WIDTH="127" VPOS="1522" HPOS="821" CONTENT="n’est" ID="r2l59_8" STYLEREFS="FONT0"/>
            <SP HEIGHT="44" WIDTH="14" VPOS="1522" HPOS="947"/>
            <String HEIGHT="44" WIDTH="98" VPOS="1522" HPOS="905" CONTENT="pas" ID="r2l59_9" STYLEREFS="FONT0"/>
            <SP HEIGHT="44" WIDTH="14" VPOS="1522" HPOS="1004"/>
            <String HEIGHT="44" WIDTH="141" VPOS="1522" HPOS="961" CONTENT="permis" ID="r2l59_10" STYLEREFS="FONT0"/>
            <SP HEIGHT="44" WIDTH="14" VPOS="1522" HPOS="1102"/>
            <String HEIGHT="44" WIDTH="56" VPOS="1522" HPOS="1046" CONTENT="de" ID="r2l59_11" STYLEREFS="FONT0"/>
          </TextLine>
          <TextLine ID="r2l60" BASELINE="1597" HEIGHT="40" WIDTH="963" VPOS="1557" HPOS="142">
            <String HEIGHT="40" WIDTH="109" VPOS="1557" HPOS="128" CONTENT="lire" ID="r2l60_1" STYLEREFS="FONT0"/>
            <SP HEIGHT="40" WIDTH="14" VPOS="1557" HPOS="237"/>
            <String HEIGHT="40" WIDTH="81" VPOS="1557" HPOS="196" CONTENT="ce" ID="r2l60_2" STYLEREFS="FONT0"/>
            <SP HEIGHT="40" WIDTH="14" VPOS="1557" HPOS="278"/>
            <String HEIGHT="40" WIDTH="163" VPOS="1557" HPOS="237" CONTENT="qu’était" ID="r2l60_3" STYLEREFS="FONT0"/>
            <SP HEIGHT="40" WIDTH="14" VPOS="1557" HPOS="400"/>
            <String HEIGHT="40" WIDTH="163" VPOS="1557" HPOS="359" CONTENT="l’esprit" ID="r2l60_4" STYLEREFS="FONT0"/>
            <SP HEIGHT="40" WIDTH="14" VPOS="1557" HPOS="522"/>
            <String HEIGHT="40" WIDTH="136" VPOS="1557" HPOS="481" CONTENT="public" ID="r2l60_5" STYLEREFS="FONT0"/>
            <SP HEIGHT="40" WIDTH="14" VPOS="1557" HPOS="617"/>
            <String HEIGHT="40" WIDTH="109" VPOS="1557" HPOS="576" CONTENT="dans" ID="r2l60_6" STYLEREFS="FONT0"/>
            <SP HEIGHT="40" WIDTH="14" VPOS="1557" HPOS="685"/>
            <String HEIGHT="40" WIDTH="81" VPOS="1557" HPOS="644" CONTENT="le" ID="r2l60_7" STYLEREFS="FONT0"/>
            <SP HEIGHT="40" WIDTH="14" VPOS="1557" HPOS="725"/>
            <String HEIGHT="40" WIDTH="136" VPOS="1557" HPOS="685" CONTENT="siècle" ID="r2l60_8" STYLEREFS="FONT0"/>
            <SP HEIGHT="40" WIDTH="14" VPOS="1557" HPOS="820"/>
            <String HEIGHT="40" WIDTH="136" VPOS="1557" HPOS="779" CONTENT="passé," ID="r2l60_9" STYLEREFS="FONT0"/>
            <SP HEIGHT="40" WIDTH="14" VPOS="1557" HPOS="915"/>
            <String HEIGHT="40" WIDTH="95" VPOS="1557" HPOS="874" CONTENT="par" ID="r2l60_10" STYLEREFS="FONT0"/>
            <SP HEIGHT="40" WIDTH="14" VPOS="1557" HPOS="969"/>
            <String HEIGHT="40" WIDTH="149" VPOS="1557" HPOS="929" CONTENT="rapport" ID="r2l60_11" STYLEREFS="FONT0"/>
            <SP HEIGHT="40" WIDTH="14" VPOS="1557" HPOS="1078"/>
            <String HEIGHT="40" WIDTH="68" VPOS="1557" HPOS="1037" CONTENT="à" ID="r2l60_12" STYLEREFS="FONT0"/>
            <SP HEIGHT="40" WIDTH="14" VPOS="1557" HPOS="1105"/>
            <String HEIGHT="40" WIDTH="54" VPOS="1557" HPOS="1051" CONTENT="là" ID="r2l60_13" STYLEREFS="FONT0"/>
          </TextLine>
          <TextLine ID="r2l61" BASELINE="1632" HEIGHT="35" WIDTH="966" VPOS="1597" HPOS="132">
            <String HEIGHT="35" WIDTH="179" VPOS="1597" HPOS="118" CONTENT="religion," ID="r2l61_1" STYLEREFS="FONT0"/>
            <SP HEIGHT="35" WIDTH="14" VPOS="1597" HPOS="298"/>
            <String HEIGHT="35" WIDTH="110" VPOS="1597" HPOS="256" CONTENT="vous" ID="r2l61_2" STYLEREFS="FONT0"/>
            <SP HEIGHT="35" WIDTH="14" VPOS="1597" HPOS="367"/>
            <String HEIGHT="35" WIDTH="110" VPOS="1597" HPOS="325" CONTENT="êtes" ID="r2l61_3" STYLEREFS="FONT0"/>
            <SP HEIGHT="35" WIDTH="14" VPOS="1597" HPOS="436"/>
            <String HEIGHT="35" WIDTH="110" VPOS="1597" HPOS="394" CONTENT="sous" ID="r2l61_4" STYLEREFS="FONT0"/>
            <SP HEIGHT="35" WIDTH="14" VPOS="1597" HPOS="505"/>
            <String HEIGHT="35" WIDTH="221" VPOS="1597" HPOS="463" CONTENT="l’oppression" ID="r2l61_5" STYLEREFS="FONT0"/>
            <SP HEIGHT="35" WIDTH="14" VPOS="1597" HPOS="684"/>
            <String HEIGHT="35" WIDTH="83" VPOS="1597" HPOS="643" CONTENT="la" ID="r2l61_6" STYLEREFS="FONT0"/>
            <SP HEIGHT="35" WIDTH="14" VPOS="1597" HPOS="725"/>
            <String HEIGHT="35" WIDTH="110" VPOS="1597" HPOS="684" CONTENT="plus" ID="r2l61_7" STYLEREFS="FONT0"/>
            <SP HEIGHT="35" WIDTH="14" VPOS="1597" HPOS="794"/>
            <String HEIGHT="35" WIDTH="166" VPOS="1597" HPOS="753" CONTENT="honteuse" ID="r2l61_8" STYLEREFS="FONT0"/>
            <SP HEIGHT="35" WIDTH="14" VPOS="1597" HPOS="919"/>
            <String HEIGHT="35" WIDTH="110" VPOS="1597" HPOS="877" CONTENT="dont" ID="r2l61_9" STYLEREFS="FONT0"/>
            <SP HEIGHT="35" WIDTH="14" VPOS="1597" HPOS="988"/>
            <String HEIGHT="35" WIDTH="83" VPOS="1597" HPOS="946" CONTENT="on" ID="r2l61_10" STYLEREFS="FONT0"/>
            <SP HEIGHT="35" WIDTH="14" VPOS="1597" HPOS="1029"/>
            <String HEIGHT="35" WIDTH="97" VPOS="1597" HPOS="988" CONTENT="ait" ID="r2l61_11" STYLEREFS="FONT0"/>
            <SP HEIGHT="35" WIDTH="14" VPOS="1597" HPOS="1084"/>
            <String HEIGHT="35" WIDTH="69" VPOS="1597" HPOS="1029" CONTENT="ja" SUBS_TYPE="HypPart1" SUBS_CONTENT="jamais" ID="r2l61_12" STYLEREFS="FONT0"/>
            <HYP CONTENT="-"/>
          </TextLine>
          <TextLine ID="r2l62" BASELINE="1663" HEIGHT="44" WIDTH="966" VPOS="1619" HPOS="139">
            <String HEIGHT="44" WIDTH="114" VPOS="1619" HPOS="125" CONTENT="mais" SUBS_TYPE="HypPart2" SUBS_CONTENT="jamais" ID="r2l62_1" STYLEREFS="FONT0"/>
            <SP HEIGHT="44" WIDTH="14" VPOS="1619" HPOS="238"/>
            <String HEIGHT="44" WIDTH="99" VPOS="1619" HPOS="196" CONTENT="ouï" ID="r2l62_2" STYLEREFS="FONT0"/>
            <SP HEIGHT="44" WIDTH="14" VPOS="1619" HPOS="295"/>
            <String HEIGHT="44" WIDTH="156" VPOS="1619" HPOS="253" CONTENT="parler," ID="r2l62_3" STYLEREFS="FONT0"/>
            <SP HEIGHT="44" WIDTH="14" VPOS="1619" HPOS="409"/>
            <String HEIGHT="44" WIDTH="85" VPOS="1619" HPOS="366" CONTENT="et" ID="r2l62_4" STYLEREFS="FONT0"/>
            <SP HEIGHT="44" WIDTH="14" VPOS="1619" HPOS="452"/>
            <String HEIGHT="44" WIDTH="128" VPOS="1619" HPOS="409" CONTENT="alors" ID="r2l62_5" STYLEREFS="FONT0"/>
            <SP HEIGHT="44" WIDTH="14" VPOS="1619" HPOS="537"/>
            <String HEIGHT="44" WIDTH="85" VPOS="1619" HPOS="494" CONTENT="il" ID="r2l62_6" STYLEREFS="FONT0"/>
            <SP HEIGHT="44" WIDTH="14" VPOS="1619" HPOS="579"/>
            <String HEIGHT="44" WIDTH="85" VPOS="1619" HPOS="537" CONTENT="ne" ID="r2l62_7" STYLEREFS="FONT0"/>
            <SP HEIGHT="44" WIDTH="14" VPOS="1619" HPOS="622"/>
            <String HEIGHT="44" WIDTH="114" VPOS="1619" HPOS="579" CONTENT="faut" ID="r2l62_8" STYLEREFS="FONT0"/>
            <SP HEIGHT="44" WIDTH="14" VPOS="1619" HPOS="693"/>
            <String HEIGHT="44" WIDTH="114" VPOS="1619" HPOS="650" CONTENT="rien" ID="r2l62_9" STYLEREFS="FONT0"/>
            <SP HEIGHT="44" WIDTH="14" VPOS="1619" HPOS="764"/>
            <String HEIGHT="44" WIDTH="170" VPOS="1619" HPOS="721" CONTENT="imprimer" ID="r2l62_10" STYLEREFS="FONT0"/>
            <SP HEIGHT="44" WIDTH="14" VPOS="1619" HPOS="892"/>
            <String HEIGHT="44" WIDTH="85" VPOS="1619" HPOS="849" CONTENT="du" ID="r2l62_11" STYLEREFS="FONT0"/>
            <SP HEIGHT="44" WIDTH="14" VPOS="1619" HPOS="935"/>
            <String HEIGHT="44" WIDTH="128" VPOS="1619" HPOS="892" CONTENT="tout;" ID="r2l62_12" STYLEREFS="FONT0"/>
            <SP HEIGHT="44" WIDTH="14" VPOS="1619" HPOS="1020"/>
            <String HEIGHT="44" WIDTH="114" VPOS="1619" HPOS="977" CONTENT="mais" ID="r2l62_13" STYLEREFS="FONT0"/>
            <SP HEIGHT="44" WIDTH="14" VPOS="1619" HPOS="1091"/>
            <String HEIGHT="44" WIDTH="71" VPOS="1619" HPOS="1034" CONTENT="vos" ID="r2l62_14" STYLEREFS="FONT0"/>
          </TextLine>
          <TextLine ID="r2l63" BASELINE="1696" HEIGHT="35" WIDTH="962" VPOS="1661" HPOS="134">
            <String HEIGHT="35" WIDTH="167" VPOS="1661" HPOS="120" CONTENT="craintes" ID="r2l63_1" STYLEREFS="FONT0"/>
            <SP HEIGHT="35" WIDTH="14" VPOS="1661" HPOS="287"/>
            <String HEIGHT="35" WIDTH="112" VPOS="1661" HPOS="246" CONTENT="vont" ID="r2l63_2" STYLEREFS="FONT0"/>
            <SP HEIGHT="35" WIDTH="14" VPOS="1661" HPOS="357"/>
            <String HEIGHT="35" WIDTH="112" VPOS="1661" HPOS="315" CONTENT="trop" ID="r2l63_3" STYLEREFS="FONT0"/>
            <SP HEIGHT="35" WIDTH="14" VPOS="1661" HPOS="427"/>
            <String HEIGHT="35" WIDTH="153" VPOS="1661" HPOS="385" CONTENT="loin..." ID="r2l63_4" STYLEREFS="FONT0"/>
            <SP HEIGHT="35" WIDTH="14" VPOS="1661" HPOS="538"/>
            <String HEIGHT="35" WIDTH="139" VPOS="1661" HPOS="496" CONTENT="Prenez" ID="r2l63_5" STYLEREFS="FONT0"/>
            <SP HEIGHT="35" WIDTH="14" VPOS="1661" HPOS="636"/>
            <String HEIGHT="35" WIDTH="125" VPOS="1661" HPOS="594" CONTENT="garde" ID="r2l63_6" STYLEREFS="FONT0"/>
            <SP HEIGHT="35" WIDTH="14" VPOS="1661" HPOS="720"/>
            <String HEIGHT="35" WIDTH="84" VPOS="1661" HPOS="678" CONTENT="de" ID="r2l63_7" STYLEREFS="FONT0"/>
            <SP HEIGHT="35" WIDTH="14" VPOS="1661" HPOS="761"/>
            <String HEIGHT="35" WIDTH="181" VPOS="1661" HPOS="720" CONTENT="sacrifier" ID="r2l63_8" STYLEREFS="FONT0"/>
            <SP HEIGHT="35" WIDTH="14" VPOS="1661" HPOS="901"/>
            <String HEIGHT="35" WIDTH="70" VPOS="1661" HPOS="859" CONTENT="à" ID="r2l63_9" STYLEREFS="FONT0"/>
            <SP HEIGHT="35" WIDTH="14" VPOS="1661" HPOS="929"/>
            <String HEIGHT="35" WIDTH="98" VPOS="1661" HPOS="887" CONTENT="des" ID="r2l63_10" STYLEREFS="FONT0"/>
            <SP HEIGHT="35" WIDTH="14" VPOS="1661" HPOS="984"/>
            <String HEIGHT="35" WIDTH="167" VPOS="1661" HPOS="929" CONTENT="considéra" SUBS_TYPE="HypPart1" SUBS_CONTENT="considérations" ID="r2l63_11" STYLEREFS="FONT0"/>
            <HYP CONTENT="-"/>
          </TextLine>
          <TextLine ID="r2l64" BASELINE="1727" HEIGHT="42" WIDTH="969" VPOS="1685" HPOS="138">
            <String HEIGHT="42" WIDTH="128" VPOS="1685" HPOS="124" CONTENT="tions" SUBS_TYPE="HypPart2" SUBS_CONTENT="considérations" ID="r2l64_1" STYLEREFS="FONT0"/>
            <SP HEIGHT="42" WIDTH="14" VPOS="1685" HPOS="252"/>
            <String HEIGHT="42" WIDTH="114" VPOS="1685" HPOS="209" CONTENT="d’un" ID="r2l64_2" STYLEREFS="FONT0"/>
            <SP HEIGHT="42" WIDTH="14" VPOS="1685" HPOS="323"/>
            <String HEIGHT="42" WIDTH="143" VPOS="1685" HPOS="281" CONTENT="moment" ID="r2l64_3" STYLEREFS="FONT0"/>
            <SP HEIGHT="42" WIDTH="14" VPOS="1685" HPOS="423"/>
            <String HEIGHT="42" WIDTH="86" VPOS="1685" HPOS="380" CONTENT="ce" ID="r2l64_4" STYLEREFS="FONT0"/>
            <SP HEIGHT="42" WIDTH="14" VPOS="1685" HPOS="466"/>
            <String HEIGHT="42" WIDTH="128" VPOS="1685" HPOS="423" CONTENT="qu’il" ID="r2l64_5" STYLEREFS="FONT0"/>
            <SP HEIGHT="42" WIDTH="14" VPOS="1685" HPOS="551"/>
            <String HEIGHT="42" WIDTH="71" VPOS="1685" HPOS="509" CONTENT="y" ID="r2l64_6" STYLEREFS="FONT0"/>
            <SP HEIGHT="42" WIDTH="14" VPOS="1685" HPOS="580"/>
            <String HEIGHT="42" WIDTH="71" VPOS="1685" HPOS="537" CONTENT="a" ID="r2l64_7" STYLEREFS="FONT0"/>
            <SP HEIGHT="42" WIDTH="14" VPOS="1685" HPOS="608"/>
            <String HEIGHT="42" WIDTH="86" VPOS="1685" HPOS="566" CONTENT="de" ID="r2l64_8" STYLEREFS="FONT0"/>
            <SP HEIGHT="42" WIDTH="14" VPOS="1685" HPOS="651"/>
            <String HEIGHT="42" WIDTH="114" VPOS="1685" HPOS="608" CONTENT="plus" ID="r2l64_9" STYLEREFS="FONT0"/>
            <SP HEIGHT="42" WIDTH="14" VPOS="1685" HPOS="722"/>
            <String HEIGHT="42" WIDTH="185" VPOS="1685" HPOS="680" CONTENT="important" ID="r2l64_10" STYLEREFS="FONT0"/>
            <SP HEIGHT="42" WIDTH="14" VPOS="1685" HPOS="865"/>
            <String HEIGHT="42" WIDTH="114" VPOS="1685" HPOS="822" CONTENT="dans" ID="r2l64_11" STYLEREFS="FONT0"/>
            <SP HEIGHT="42" WIDTH="14" VPOS="1685" HPOS="936"/>
            <String HEIGHT="42" WIDTH="100" VPOS="1685" HPOS="893" CONTENT="cet" ID="r2l64_12" STYLEREFS="FONT0"/>
            <SP HEIGHT="42" WIDTH="14" VPOS="1685" HPOS="993"/>
            <String HEIGHT="42" WIDTH="157" VPOS="1685" HPOS="950" CONTENT="ouvrage" ID="r2l64_13" STYLEREFS="FONT0"/>
            <SP HEIGHT="42" WIDTH="14" VPOS="1685" HPOS="1107"/>
            <String HEIGHT="42" WIDTH="57" VPOS="1685" HPOS="1050" CONTENT="et" ID="r2l64_14" STYLEREFS="FONT0"/>
          </TextLine>
          <TextLine ID="r2l65" BASELINE="1771" HEIGHT="51" WIDTH="968" VPOS="1720" HPOS="140">
            <String HEIGHT="51" WIDTH="82" VPOS="1720" HPOS="126" CONTENT="ce" ID="r2l65_1" STYLEREFS="FONT0"/>
            <SP HEIGHT="51" WIDTH="14" VPOS="1720" HPOS="208"/>
            <String HEIGHT="51" WIDTH="95" VPOS="1720" HPOS="167" CONTENT="qui" ID="r2l65_2" STYLEREFS="FONT0"/>
            <SP HEIGHT="51" WIDTH="14" VPOS="1720" HPOS="263"/>
            <String HEIGHT="51" WIDTH="82" VPOS="1720" HPOS="222" CONTENT="en" ID="r2l65_3" STYLEREFS="FONT0"/>
            <SP HEIGHT="51" WIDTH="14" VPOS="1720" HPOS="304"/>
            <String HEIGHT="51" WIDTH="109" VPOS="1720" HPOS="263" CONTENT="fera" ID="r2l65_4" STYLEREFS="FONT0"/>
            <SP HEIGHT="51" WIDTH="14" VPOS="1720" HPOS="372"/>
            <String HEIGHT="51" WIDTH="82" VPOS="1720" HPOS="331" CONTENT="le" ID="r2l65_5" STYLEREFS="FONT0"/>
            <SP HEIGHT="51" WIDTH="14" VPOS="1720" HPOS="413"/>
            <String HEIGHT="51" WIDTH="136" VPOS="1720" HPOS="372" CONTENT="succès" ID="r2l65_6" STYLEREFS="FONT0"/>
            <SP HEIGHT="51" WIDTH="14" VPOS="1720" HPOS="508"/>
            <String HEIGHT="51" WIDTH="164" VPOS="1720" HPOS="467" CONTENT="durable," ID="r2l65_7" STYLEREFS="FONT0"/>
            <SP HEIGHT="51" WIDTH="14" VPOS="1720" HPOS="631"/>
            <String HEIGHT="51" WIDTH="82" VPOS="1720" HPOS="590" CONTENT="et" ID="r2l65_8" STYLEREFS="FONT0"/>
            <SP HEIGHT="51" WIDTH="14" VPOS="1720" HPOS="672"/>
            <String HEIGHT="51" WIDTH="136" VPOS="1720" HPOS="631" CONTENT="songés" ID="r2l65_9" STYLEREFS="FONT0"/>
            <SP HEIGHT="51" WIDTH="14" VPOS="1720" HPOS="767"/>
            <String HEIGHT="51" WIDTH="95" VPOS="1720" HPOS="726" CONTENT="que" ID="r2l65_10" STYLEREFS="FONT0"/>
            <SP HEIGHT="51" WIDTH="14" VPOS="1720" HPOS="822"/>
            <String HEIGHT="51" WIDTH="123" VPOS="1720" HPOS="781" CONTENT="c’est" ID="r2l65_11" STYLEREFS="FONT0"/>
            <SP HEIGHT="51" WIDTH="14" VPOS="1720" HPOS="903"/>
            <String HEIGHT="51" WIDTH="82" VPOS="1720" HPOS="863" CONTENT="un" ID="r2l65_12" STYLEREFS="FONT0"/>
            <SP HEIGHT="51" WIDTH="14" VPOS="1720" HPOS="944"/>
            <String HEIGHT="51" WIDTH="123" VPOS="1720" HPOS="903" CONTENT="livre" ID="r2l65_13" STYLEREFS="FONT0"/>
            <SP HEIGHT="51" WIDTH="14" VPOS="1720" HPOS="1026"/>
            <String HEIGHT="51" WIDTH="82" VPOS="1720" HPOS="985" CONTENT="de" ID="r2l65_14" STYLEREFS="FONT0"/>
            <SP HEIGHT="51" WIDTH="14" VPOS="1720" HPOS="1067"/>
            <String HEIGHT="51" WIDTH="95" VPOS="1720" HPOS="1013" CONTENT="fonds" ID="r2l65_15" STYLEREFS="FONT0"/>
          </TextLine>
          <TextLine ID="r2l66" BASELINE="1802" HEIGHT="46" WIDTH="623" VPOS="1756" HPOS="136">
            <String HEIGHT="46" WIDTH="99" VPOS="1756" HPOS="122" CONTENT="qui" ID="r2l66_1" STYLEREFS="FONT0"/>
            <SP HEIGHT="46" WIDTH="14" VPOS="1756" HPOS="221"/>
            <String HEIGHT="46" WIDTH="142" VPOS="1756" HPOS="178" CONTENT="durera" ID="r2l66_2" STYLEREFS="FONT0"/>
            <SP HEIGHT="46" WIDTH="14" VPOS="1756" HPOS="320"/>
            <String HEIGHT="46" WIDTH="85" VPOS="1756" HPOS="278" CONTENT="un" ID="r2l66_3" STYLEREFS="FONT0"/>
            <SP HEIGHT="46" WIDTH="14" VPOS="1756" HPOS="363"/>
            <String HEIGHT="46" WIDTH="99" VPOS="1756" HPOS="320" CONTENT="peu" ID="r2l66_4" STYLEREFS="FONT0"/>
            <SP HEIGHT="46" WIDTH="14" VPOS="1756" HPOS="419"/>
            <String HEIGHT="46" WIDTH="113" VPOS="1756" HPOS="377" CONTENT="plus" ID="r2l66_5" STYLEREFS="FONT0"/>
            <SP HEIGHT="46" WIDTH="14" VPOS="1756" HPOS="490"/>
            <String HEIGHT="46" WIDTH="99" VPOS="1756" HPOS="448" CONTENT="que" ID="r2l66_6" STYLEREFS="FONT0"/>
            <SP HEIGHT="46" WIDTH="14" VPOS="1756" HPOS="547"/>
            <String HEIGHT="46" WIDTH="85" VPOS="1756" HPOS="504" CONTENT="la" ID="r2l66_7" STYLEREFS="FONT0"/>
            <SP HEIGHT="46" WIDTH="14" VPOS="1756" HPOS="589"/>
            <String HEIGHT="46" WIDTH="227" VPOS="1756" HPOS="532" CONTENT="révolution...»" ID="r2l66_8" STYLEREFS="FONT0"/>
          </TextLine>
          <TextLine ID="r2l67" BASELINE="1849" HEIGHT="57" WIDTH="1058" VPOS="1792" HPOS="40">
            <String HEIGHT="57" WIDTH="130" VPOS="1792" HPOS="26" CONTENT="19418" ID="r2l67_1" STYLEREFS="FONT0"/>
            <SP HEIGHT="57" WIDTH="14" VPOS="1792" HPOS="156"/>
            <String HEIGHT="57" WIDTH="188" VPOS="1792" HPOS="112" CONTENT="LAMARTINE" ID="r2l67_2" STYLEREFS="FONT0"/>
            <SP HEIGHT="57" WIDTH="14" VPOS="1792" HPOS="301"/>
            <String HEIGHT="57" WIDTH="188" VPOS="1792" HPOS="257" CONTENT="(Alphonse" ID="r2l67_3" STYLEREFS="FONT0"/>
            <SP HEIGHT="57" WIDTH="14" VPOS="1792" HPOS="446"/>
            <String HEIGHT="57" WIDTH="116" VPOS="1792" HPOS="402" CONTENT="de)," ID="r2l67_4" STYLEREFS="FONT0"/>
            <SP HEIGHT="57" WIDTH="14" VPOS="1792" HPOS="518"/>
            <String HEIGHT="57" WIDTH="203" VPOS="1792" HPOS="475" CONTENT="l’illustre" ID="r2l67_5" STYLEREFS="FONT0"/>
            <SP HEIGHT="57" WIDTH="14" VPOS="1792" HPOS="678"/>
            <String HEIGHT="57" WIDTH="145" VPOS="1792" HPOS="634" CONTENT="poëte." ID="r2l67_6" STYLEREFS="FONT0"/>
            <SP HEIGHT="57" WIDTH="14" VPOS="1792" HPOS="779"/>
            <String HEIGHT="57" WIDTH="174" VPOS="1792" HPOS="736" CONTENT="Discours" ID="r2l67_7" STYLEREFS="FONT0"/>
            <SP HEIGHT="57" WIDTH="14" VPOS="1792" HPOS="910"/>
            <String HEIGHT="57" WIDTH="174" VPOS="1792" HPOS="866" CONTENT="autogr.," ID="r2l67_8" STYLEREFS="FONT0"/>
            <SP HEIGHT="57" WIDTH="14" VPOS="1792" HPOS="1040"/>
            <String HEIGHT="57" WIDTH="116" VPOS="1792" HPOS="997" CONTENT="sig." ID="r2l67_9" STYLEREFS="FONT0"/>
            <SP HEIGHT="57" WIDTH="14" VPOS="1792" HPOS="1112"/>
            <String HEIGHT="57" WIDTH="43" VPOS="1792" HPOS="1055" CONTENT="4" ID="r2l67_10" STYLEREFS="FONT0"/>
          </TextLine>
          <TextLine ID="r2l68" BASELINE="1883" HEIGHT="48" WIDTH="958" VPOS="1835" HPOS="137">
            <String HEIGHT="48" WIDTH="139" VPOS="1835" HPOS="122" CONTENT="fois," ID="r2l68_1" STYLEREFS="FONT0"/>
            <SP HEIGHT="48" WIDTH="15" VPOS="1835" HPOS="261"/>
            <String HEIGHT="48" WIDTH="108" VPOS="1835" HPOS="214" CONTENT="aux" ID="r2l68_2" STYLEREFS="FONT0"/>
            <SP HEIGHT="48" WIDTH="15" VPOS="1835" HPOS="322"/>
            <String HEIGHT="48" WIDTH="170" VPOS="1835" HPOS="276" CONTENT="membres" ID="r2l68_3" STYLEREFS="FONT0"/>
            <SP HEIGHT="48" WIDTH="15" VPOS="1835" HPOS="446"/>
            <String HEIGHT="48" WIDTH="93" VPOS="1835" HPOS="400" CONTENT="de" ID="r2l68_4" STYLEREFS="FONT0"/>
            <SP HEIGHT="48" WIDTH="15" VPOS="1835" HPOS="492"/>
            <String HEIGHT="48" WIDTH="93" VPOS="1835" HPOS="446" CONTENT="la" ID="r2l68_5" STYLEREFS="FONT0"/>
            <SP HEIGHT="48" WIDTH="15" VPOS="1835" HPOS="539"/>
            <String HEIGHT="48" WIDTH="216" VPOS="1835" HPOS="492" CONTENT="commission" ID="r2l68_6" STYLEREFS="FONT0"/>
            <SP HEIGHT="48" WIDTH="15" VPOS="1835" HPOS="709"/>
            <String HEIGHT="48" WIDTH="278" VPOS="1835" HPOS="662" CONTENT="administrative" ID="r2l68_7" STYLEREFS="FONT0"/>
            <SP HEIGHT="48" WIDTH="15" VPOS="1835" HPOS="940"/>
            <String HEIGHT="48" WIDTH="108" VPOS="1835" HPOS="894" CONTENT="des" ID="r2l68_8" STYLEREFS="FONT0"/>
            <SP HEIGHT="48" WIDTH="15" VPOS="1835" HPOS="1002"/>
            <String HEIGHT="48" WIDTH="155" VPOS="1835" HPOS="940" CONTENT="hospices" ID="r2l68_9" STYLEREFS="FONT0"/>
          </TextLine>
          <TextLine ID="r2l70" BASELINE="1905" HEIGHT="55" WIDTH="983" VPOS="1850" HPOS="138">
            <String HEIGHT="55" WIDTH="259" VPOS="1850" HPOS="86" CONTENT="4" ID="r2l70_1" STYLEREFS="FONT0"/>
            <SP HEIGHT="55" WIDTH="52" VPOS="1850" HPOS="345"/>
            <String HEIGHT="55" WIDTH="310" VPOS="1850" HPOS="190" CONTENT="p." ID="r2l70_2" STYLEREFS="FONT0"/>
            <SP HEIGHT="55" WIDTH="52" VPOS="1850" HPOS="500"/>
            <String HEIGHT="55" WIDTH="362" VPOS="1850" HPOS="345" CONTENT="1/2" ID="r2l70_3" STYLEREFS="FONT0"/>
            <SP HEIGHT="55" WIDTH="52" VPOS="1850" HPOS="707"/>
            <String HEIGHT="55" WIDTH="466" VPOS="1850" HPOS="552" CONTENT="in-4." ID="r2l70_4" STYLEREFS="FONT0"/>
            <SP HEIGHT="55" WIDTH="52" VPOS="1850" HPOS="1018"/>
            <String HEIGHT="55" WIDTH="259" VPOS="1850" HPOS="862" CONTENT="3" ID="r2l70_5" STYLEREFS="FONT0"/>
            <SP HEIGHT="55" WIDTH="52" VPOS="1850" HPOS="1121"/>
            <String HEIGHT="55" WIDTH="207" VPOS="1850" HPOS="914" CONTENT="50" ID="r2l70_6" STYLEREFS="FONT0"/>
          </TextLine>
          <TextLine ID="r2l71" BASELINE="1959" HEIGHT="56" WIDTH="1054" VPOS="1903" HPOS="42">
            <String HEIGHT="56" WIDTH="128" VPOS="1903" HPOS="28" CONTENT="19419" ID="r2l71_1" STYLEREFS="FONT0"/>
            <SP HEIGHT="56" WIDTH="14" VPOS="1903" HPOS="156"/>
            <String HEIGHT="56" WIDTH="85" VPOS="1903" HPOS="113" CONTENT="LA" ID="r2l71_2" STYLEREFS="FONT0"/>
            <SP HEIGHT="56" WIDTH="14" VPOS="1903" HPOS="199"/>
            <String HEIGHT="56" WIDTH="157" VPOS="1903" HPOS="156" CONTENT="MENNAIS" ID="r2l71_3" STYLEREFS="FONT0"/>
            <SP HEIGHT="56" WIDTH="14" VPOS="1903" HPOS="313"/>
            <String HEIGHT="56" WIDTH="100" VPOS="1903" HPOS="270" CONTENT="(F." ID="r2l71_4" STYLEREFS="FONT0"/>
            <SP HEIGHT="56" WIDTH="14" VPOS="1903" HPOS="370"/>
            <String HEIGHT="56" WIDTH="114" VPOS="1903" HPOS="327" CONTENT="de)," ID="r2l71_5" STYLEREFS="FONT0"/>
            <SP HEIGHT="56" WIDTH="14" VPOS="1903" HPOS="441"/>
            <String HEIGHT="56" WIDTH="85" VPOS="1903" HPOS="398" CONTENT="le" ID="r2l71_6" STYLEREFS="FONT0"/>
            <SP HEIGHT="56" WIDTH="14" VPOS="1903" HPOS="484"/>
            <String HEIGHT="56" WIDTH="114" VPOS="1903" HPOS="441" CONTENT="plus" ID="r2l71_7" STYLEREFS="FONT0"/>
            <SP HEIGHT="56" WIDTH="14" VPOS="1903" HPOS="555"/>
            <String HEIGHT="56" WIDTH="171" VPOS="1903" HPOS="512" CONTENT="éloquent" ID="r2l71_8" STYLEREFS="FONT0"/>
            <SP HEIGHT="56" WIDTH="14" VPOS="1903" HPOS="683"/>
            <String HEIGHT="56" WIDTH="171" VPOS="1903" HPOS="640" CONTENT="écrivain" ID="r2l71_9" STYLEREFS="FONT0"/>
            <SP HEIGHT="56" WIDTH="14" VPOS="1903" HPOS="811"/>
            <String HEIGHT="56" WIDTH="171" VPOS="1903" HPOS="768" CONTENT="français" ID="r2l71_10" STYLEREFS="FONT0"/>
            <SP HEIGHT="56" WIDTH="14" VPOS="1903" HPOS="939"/>
            <String HEIGHT="56" WIDTH="85" VPOS="1903" HPOS="897" CONTENT="de" ID="r2l71_11" STYLEREFS="FONT0"/>
            <SP HEIGHT="56" WIDTH="14" VPOS="1903" HPOS="982"/>
            <String HEIGHT="56" WIDTH="85" VPOS="1903" HPOS="939" CONTENT="ce" ID="r2l71_12" STYLEREFS="FONT0"/>
            <SP HEIGHT="56" WIDTH="14" VPOS="1903" HPOS="1025"/>
            <String HEIGHT="56" WIDTH="128" VPOS="1903" HPOS="968" CONTENT="siècle." ID="r2l71_13" STYLEREFS="FONT0"/>
          </TextLine>
          <TextLine ID="r2l72" BASELINE="1996" HEIGHT="55" WIDTH="969" VPOS="1941" HPOS="138">
            <String HEIGHT="55" WIDTH="116" VPOS="1941" HPOS="125" CONTENT="L." ID="r2l72_1" STYLEREFS="FONT2"/>
            <SP HEIGHT="55" WIDTH="13" VPOS="1941" HPOS="241"/>
            <String HEIGHT="55" WIDTH="78" VPOS="1941" HPOS="203" CONTENT="a." ID="r2l72_2" STYLEREFS="FONT2"/>
            <SP HEIGHT="55" WIDTH="13" VPOS="1941" HPOS="280"/>
            <String HEIGHT="55" WIDTH="129" VPOS="1941" HPOS="241" CONTENT="s." ID="r2l72_3" STYLEREFS="FONT2"/>
            <SP HEIGHT="55" WIDTH="13" VPOS="1941" HPOS="371"/>
            <String HEIGHT="55" WIDTH="65" VPOS="1941" HPOS="332" CONTENT="a" ID="r2l72_4" STYLEREFS="FONT0"/>
            <SP HEIGHT="55" WIDTH="13" VPOS="1941" HPOS="396"/>
            <String HEIGHT="55" WIDTH="78" VPOS="1941" HPOS="358" CONTENT="M." ID="r2l72_5" STYLEREFS="FONT0"/>
            <SP HEIGHT="55" WIDTH="13" VPOS="1941" HPOS="435"/>
            <String HEIGHT="55" WIDTH="155" VPOS="1941" HPOS="396" CONTENT="Dagatte;" ID="r2l72_6" STYLEREFS="FONT0"/>
            <SP HEIGHT="55" WIDTH="13" VPOS="1941" HPOS="551"/>
            <String HEIGHT="55" WIDTH="78" VPOS="1941" HPOS="513" CONTENT="La" ID="r2l72_7" STYLEREFS="FONT0"/>
            <SP HEIGHT="55" WIDTH="13" VPOS="1941" HPOS="590"/>
            <String HEIGHT="55" WIDTH="155" VPOS="1941" HPOS="551" CONTENT="Chenaie," ID="r2l72_8" STYLEREFS="FONT0"/>
            <SP HEIGHT="55" WIDTH="13" VPOS="1941" HPOS="706"/>
            <String HEIGHT="55" WIDTH="78" VPOS="1941" HPOS="668" CONTENT="23" ID="r2l72_9" STYLEREFS="FONT0"/>
            <SP HEIGHT="55" WIDTH="13" VPOS="1941" HPOS="745"/>
            <String HEIGHT="55" WIDTH="103" VPOS="1941" HPOS="706" CONTENT="déc." ID="r2l72_10" STYLEREFS="FONT0"/>
            <SP HEIGHT="55" WIDTH="13" VPOS="1941" HPOS="810"/>
            <String HEIGHT="55" WIDTH="116" VPOS="1941" HPOS="771" CONTENT="1834," ID="r2l72_11" STYLEREFS="FONT0"/>
            <SP HEIGHT="55" WIDTH="13" VPOS="1941" HPOS="887"/>
            <String HEIGHT="55" WIDTH="65" VPOS="1941" HPOS="849" CONTENT="1" ID="r2l72_12" STYLEREFS="FONT0"/>
            <SP HEIGHT="55" WIDTH="13" VPOS="1941" HPOS="913"/>
            <String HEIGHT="55" WIDTH="78" VPOS="1941" HPOS="874" CONTENT="p." ID="r2l72_13" STYLEREFS="FONT0"/>
            <SP HEIGHT="55" WIDTH="13" VPOS="1941" HPOS="952"/>
            <String HEIGHT="55" WIDTH="90" VPOS="1941" HPOS="913" CONTENT="pl." ID="r2l72_14" STYLEREFS="FONT0"/>
            <SP HEIGHT="55" WIDTH="13" VPOS="1941" HPOS="1004"/>
            <String HEIGHT="55" WIDTH="116" VPOS="1941" HPOS="965" CONTENT="in-8." ID="r2l72_15" STYLEREFS="FONT0"/>
            <SP HEIGHT="55" WIDTH="13" VPOS="1941" HPOS="1081"/>
            <String HEIGHT="55" WIDTH="65" VPOS="1941" HPOS="1042" CONTENT="3" ID="r2l72_16" STYLEREFS="FONT0"/>
            <SP HEIGHT="55" WIDTH="13" VPOS="1941" HPOS="1107"/>
            <String HEIGHT="55" WIDTH="52" VPOS="1941" HPOS="1055" CONTENT="50" ID="r2l72_17" STYLEREFS="FONT0"/>
          </TextLine>
          <TextLine ID="r2l73" BASELINE="2022" HEIGHT="45" WIDTH="937" VPOS="1977" HPOS="169">
            <String HEIGHT="45" WIDTH="81" VPOS="1977" HPOS="155" CONTENT="Il" ID="r2l73_1" STYLEREFS="FONT0"/>
            <SP HEIGHT="45" WIDTH="14" VPOS="1977" HPOS="237"/>
            <String HEIGHT="45" WIDTH="95" VPOS="1977" HPOS="196" CONTENT="est" ID="r2l73_2" STYLEREFS="FONT0"/>
            <SP HEIGHT="45" WIDTH="14" VPOS="1977" HPOS="291"/>
            <String HEIGHT="45" WIDTH="190" VPOS="1977" HPOS="250" CONTENT="souffrant," ID="r2l73_3" STYLEREFS="FONT0"/>
            <SP HEIGHT="45" WIDTH="14" VPOS="1977" HPOS="441"/>
            <String HEIGHT="45" WIDTH="81" VPOS="1977" HPOS="400" CONTENT="et" ID="r2l73_4" STYLEREFS="FONT0"/>
            <SP HEIGHT="45" WIDTH="14" VPOS="1977" HPOS="481"/>
            <String HEIGHT="45" WIDTH="81" VPOS="1977" HPOS="441" CONTENT="la" ID="r2l73_5" STYLEREFS="FONT0"/>
            <SP HEIGHT="45" WIDTH="14" VPOS="1977" HPOS="522"/>
            <String HEIGHT="45" WIDTH="109" VPOS="1977" HPOS="481" CONTENT="plus" ID="r2l73_6" STYLEREFS="FONT0"/>
            <SP HEIGHT="45" WIDTH="14" VPOS="1977" HPOS="590"/>
            <String HEIGHT="45" WIDTH="136" VPOS="1977" HPOS="549" CONTENT="légère" ID="r2l73_7" STYLEREFS="FONT0"/>
            <SP HEIGHT="45" WIDTH="14" VPOS="1977" HPOS="685"/>
            <String HEIGHT="45" WIDTH="204" VPOS="1977" HPOS="644" CONTENT="application" ID="r2l73_8" STYLEREFS="FONT0"/>
            <SP HEIGHT="45" WIDTH="14" VPOS="1977" HPOS="848"/>
            <String HEIGHT="45" WIDTH="95" VPOS="1977" HPOS="807" CONTENT="lui" ID="r2l73_9" STYLEREFS="FONT0"/>
            <SP HEIGHT="45" WIDTH="14" VPOS="1977" HPOS="902"/>
            <String HEIGHT="45" WIDTH="95" VPOS="1977" HPOS="862" CONTENT="est" ID="r2l73_10" STYLEREFS="FONT0"/>
            <SP HEIGHT="45" WIDTH="14" VPOS="1977" HPOS="957"/>
            <String HEIGHT="45" WIDTH="190" VPOS="1977" HPOS="916" CONTENT="impossible" ID="r2l73_11" STYLEREFS="FONT0"/>
            <SP HEIGHT="45" WIDTH="14" VPOS="1977" HPOS="1106"/>
            <String HEIGHT="45" WIDTH="54" VPOS="1977" HPOS="1052" CONTENT="en" ID="r2l73_12" STYLEREFS="FONT0"/>
          </TextLine>
          <TextLine ID="r2l74" BASELINE="2068" HEIGHT="56" WIDTH="972" VPOS="2012" HPOS="137">
            <String HEIGHT="56" WIDTH="88" VPOS="2012" HPOS="122" CONTENT="ce" ID="r2l74_1" STYLEREFS="FONT0"/>
            <SP HEIGHT="56" WIDTH="15" VPOS="2012" HPOS="211"/>
            <String HEIGHT="56" WIDTH="162" VPOS="2012" HPOS="166" CONTENT="moment." ID="r2l74_2" STYLEREFS="FONT0"/>
            <SP HEIGHT="56" WIDTH="15" VPOS="2012" HPOS="328"/>
            <String HEIGHT="56" WIDTH="88" VPOS="2012" HPOS="284" CONTENT="Il" ID="r2l74_3" STYLEREFS="FONT0"/>
            <SP HEIGHT="56" WIDTH="15" VPOS="2012" HPOS="373"/>
            <String HEIGHT="56" WIDTH="88" VPOS="2012" HPOS="328" CONTENT="ne" ID="r2l74_4" STYLEREFS="FONT0"/>
            <SP HEIGHT="56" WIDTH="15" VPOS="2012" HPOS="417"/>
            <String HEIGHT="56" WIDTH="162" VPOS="2012" HPOS="373" CONTENT="saurait" ID="r2l74_5" STYLEREFS="FONT0"/>
            <SP HEIGHT="56" WIDTH="15" VPOS="2012" HPOS="535"/>
            <String HEIGHT="56" WIDTH="118" VPOS="2012" HPOS="490" CONTENT="même" ID="r2l74_6" STYLEREFS="FONT0"/>
            <SP HEIGHT="56" WIDTH="15" VPOS="2012" HPOS="608"/>
            <String HEIGHT="56" WIDTH="147" VPOS="2012" HPOS="564" CONTENT="écrire" ID="r2l74_7" STYLEREFS="FONT0"/>
            <SP HEIGHT="56" WIDTH="15" VPOS="2012" HPOS="711"/>
            <String HEIGHT="56" WIDTH="177" VPOS="2012" HPOS="667" CONTENT="quelques" ID="r2l74_8" STYLEREFS="FONT0"/>
            <SP HEIGHT="56" WIDTH="15" VPOS="2012" HPOS="844"/>
            <String HEIGHT="56" WIDTH="162" VPOS="2012" HPOS="800" CONTENT="lignes," ID="r2l74_9" STYLEREFS="FONT0"/>
            <SP HEIGHT="56" WIDTH="15" VPOS="2012" HPOS="962"/>
            <String HEIGHT="56" WIDTH="118" VPOS="2012" HPOS="918" CONTENT="sans" ID="r2l74_10" STYLEREFS="FONT0"/>
            <SP HEIGHT="56" WIDTH="15" VPOS="2012" HPOS="1035"/>
            <String HEIGHT="56" WIDTH="88" VPOS="2012" HPOS="991" CONTENT="en" ID="r2l74_11" STYLEREFS="FONT0"/>
            <SP HEIGHT="56" WIDTH="15" VPOS="2012" HPOS="1080"/>
            <String HEIGHT="56" WIDTH="88" VPOS="2012" HPOS="1021" CONTENT="res" SUBS_TYPE="HypPart1" SUBS_CONTENT="ressentir" ID="r2l74_12" STYLEREFS="FONT0"/>
            <HYP CONTENT="-"/>
          </TextLine>
          <TextLine ID="r2l75" BASELINE="2098" HEIGHT="54" WIDTH="370" VPOS="2044" HPOS="137">
            <String HEIGHT="54" WIDTH="132" VPOS="2044" HPOS="124" CONTENT="sentir" SUBS_TYPE="HypPart2" SUBS_CONTENT="ressentir" ID="r2l75_1" STYLEREFS="FONT0"/>
            <SP HEIGHT="54" WIDTH="13" VPOS="2044" HPOS="256"/>
            <String HEIGHT="54" WIDTH="93" VPOS="2044" HPOS="216" CONTENT="des" ID="r2l75_2" STYLEREFS="FONT0"/>
            <SP HEIGHT="54" WIDTH="13" VPOS="2044" HPOS="309"/>
            <String HEIGHT="54" WIDTH="132" VPOS="2044" HPOS="269" CONTENT="suites" ID="r2l75_3" STYLEREFS="FONT0"/>
            <SP HEIGHT="54" WIDTH="13" VPOS="2044" HPOS="401"/>
            <String HEIGHT="54" WIDTH="159" VPOS="2044" HPOS="348" CONTENT="fâcheuses." ID="r2l75_4" STYLEREFS="FONT0"/>
          </TextLine>
          <TextLine ID="r2l76" BASELINE="2139" HEIGHT="72" WIDTH="1072" VPOS="2067" HPOS="34">
            <String HEIGHT="72" WIDTH="122" VPOS="2067" HPOS="20" CONTENT="19420" ID="r2l76_1" STYLEREFS="FONT0"/>
            <SP HEIGHT="72" WIDTH="14" VPOS="2067" HPOS="143"/>
            <String HEIGHT="72" WIDTH="149" VPOS="2067" HPOS="102" CONTENT="LEGOUVÉ" ID="r2l76_2" STYLEREFS="FONT0"/>
            <SP HEIGHT="72" WIDTH="14" VPOS="2067" HPOS="251"/>
            <String HEIGHT="72" WIDTH="176" VPOS="2067" HPOS="210" CONTENT="(Ernest)," ID="r2l76_3" STYLEREFS="FONT0"/>
            <SP HEIGHT="72" WIDTH="14" VPOS="2067" HPOS="387"/>
            <String HEIGHT="72" WIDTH="136" VPOS="2067" HPOS="346" CONTENT="auteur" ID="r2l76_4" STYLEREFS="FONT0"/>
            <SP HEIGHT="72" WIDTH="14" VPOS="2067" HPOS="482"/>
            <String HEIGHT="72" WIDTH="204" VPOS="2067" HPOS="441" CONTENT="dramatique," ID="r2l76_5" STYLEREFS="FONT0"/>
            <SP HEIGHT="72" WIDTH="14" VPOS="2067" HPOS="645"/>
            <String HEIGHT="72" WIDTH="81" VPOS="2067" HPOS="604" CONTENT="de" ID="r2l76_6" STYLEREFS="FONT0"/>
            <SP HEIGHT="72" WIDTH="14" VPOS="2067" HPOS="685"/>
            <String HEIGHT="72" WIDTH="149" VPOS="2067" HPOS="645" CONTENT="l’Acad." ID="r2l76_7" STYLEREFS="FONT0"/>
            <SP HEIGHT="72" WIDTH="14" VPOS="2067" HPOS="794"/>
            <String HEIGHT="72" WIDTH="95" VPOS="2067" HPOS="753" CONTENT="fr." ID="r2l76_8" STYLEREFS="FONT0"/>
            <SP HEIGHT="72" WIDTH="14" VPOS="2067" HPOS="848"/>
            <String HEIGHT="72" WIDTH="122" VPOS="2067" HPOS="807" CONTENT="L." ID="r2l76_9" STYLEREFS="FONT2"/>
            <SP HEIGHT="72" WIDTH="14" VPOS="2067" HPOS="930"/>
            <String HEIGHT="72" WIDTH="81" VPOS="2067" HPOS="889" CONTENT="a." ID="r2l76_10" STYLEREFS="FONT2"/>
            <SP HEIGHT="72" WIDTH="14" VPOS="2067" HPOS="970"/>
            <String HEIGHT="72" WIDTH="136" VPOS="2067" HPOS="930" CONTENT="s." ID="r2l76_11" STYLEREFS="FONT2"/>
            <SP HEIGHT="72" WIDTH="14" VPOS="2067" HPOS="1065"/>
            <String HEIGHT="72" WIDTH="68" VPOS="2067" HPOS="1025" CONTENT="à" ID="r2l76_12" STYLEREFS="FONT0"/>
            <SP HEIGHT="72" WIDTH="14" VPOS="2067" HPOS="1092"/>
            <String HEIGHT="72" WIDTH="68" VPOS="2067" HPOS="1038" CONTENT="Re" SUBS_TYPE="HypPart1" SUBS_CONTENT="Regnier," ID="r2l76_13" STYLEREFS="FONT0"/>
            <HYP CONTENT="-"/>
          </TextLine>
          <TextLine ID="r2l78" BASELINE="2173" HEIGHT="43" WIDTH="970" VPOS="2130" HPOS="146">
            <String HEIGHT="43" WIDTH="226" VPOS="2130" HPOS="123" CONTENT="gnier," SUBS_TYPE="HypPart2" SUBS_CONTENT="Regnier," ID="r2l78_1" STYLEREFS="FONT0"/>
            <SP HEIGHT="43" WIDTH="23" VPOS="2130" HPOS="349"/>
            <String HEIGHT="43" WIDTH="135" VPOS="2130" HPOS="281" CONTENT="du" ID="r2l78_2" STYLEREFS="FONT0"/>
            <SP HEIGHT="43" WIDTH="23" VPOS="2130" HPOS="417"/>
            <String HEIGHT="43" WIDTH="474" VPOS="2130" HPOS="349" CONTENT="Théâtre-Français;" ID="r2l78_3" STYLEREFS="FONT0"/>
            <SP HEIGHT="43" WIDTH="23" VPOS="2130" HPOS="823"/>
            <String HEIGHT="43" WIDTH="113" VPOS="2130" HPOS="755" CONTENT="1" ID="r2l78_4" STYLEREFS="FONT0"/>
            <SP HEIGHT="43" WIDTH="23" VPOS="2130" HPOS="868"/>
            <String HEIGHT="43" WIDTH="135" VPOS="2130" HPOS="800" CONTENT="p." ID="r2l78_5" STYLEREFS="FONT0"/>
            <SP HEIGHT="43" WIDTH="23" VPOS="2130" HPOS="936"/>
            <String HEIGHT="43" WIDTH="203" VPOS="2130" HPOS="868" CONTENT="in-8." ID="r2l78_6" STYLEREFS="FONT0"/>
            <SP HEIGHT="43" WIDTH="23" VPOS="2130" HPOS="1071"/>
            <String HEIGHT="43" WIDTH="113" VPOS="2130" HPOS="1003" CONTENT="2" ID="r2l78_7" STYLEREFS="FONT0"/>
            <SP HEIGHT="43" WIDTH="23" VPOS="2130" HPOS="1116"/>
            <String HEIGHT="43" WIDTH="90" VPOS="2130" HPOS="1026" CONTENT="25" ID="r2l78_8" STYLEREFS="FONT0"/>
          </TextLine>
          <TextLine ID="r2l81" BASELINE="2212" HEIGHT="57" WIDTH="935" VPOS="2155" HPOS="173">
            <String HEIGHT="57" WIDTH="150" VPOS="2155" HPOS="161" CONTENT="Relative" ID="r2l81_1" STYLEREFS="FONT0"/>
            <SP HEIGHT="57" WIDTH="12" VPOS="2155" HPOS="310"/>
            <String HEIGHT="57" WIDTH="62" VPOS="2155" HPOS="273" CONTENT="à" ID="r2l81_2" STYLEREFS="FONT0"/>
            <SP HEIGHT="57" WIDTH="12" VPOS="2155" HPOS="335"/>
            <String HEIGHT="57" WIDTH="75" VPOS="2155" HPOS="298" CONTENT="la" ID="r2l81_3" STYLEREFS="FONT0"/>
            <SP HEIGHT="57" WIDTH="12" VPOS="2155" HPOS="372"/>
            <String HEIGHT="57" WIDTH="87" VPOS="2155" HPOS="335" CONTENT="1re" ID="r2l81_4" STYLEREFS="FONT0"/>
            <SP HEIGHT="57" WIDTH="12" VPOS="2155" HPOS="422"/>
            <String HEIGHT="57" WIDTH="224" VPOS="2155" HPOS="385" CONTENT="représentation" ID="r2l81_5" STYLEREFS="FONT0"/>
            <SP HEIGHT="57" WIDTH="12" VPOS="2155" HPOS="609"/>
            <String HEIGHT="57" WIDTH="75" VPOS="2155" HPOS="572" CONTENT="de" ID="r2l81_6" STYLEREFS="FONT0"/>
            <SP HEIGHT="57" WIDTH="12" VPOS="2155" HPOS="647"/>
            <String HEIGHT="57" WIDTH="262" VPOS="2155" HPOS="609" CONTENT="Gabrielle" ID="r2l81_7" STYLEREFS="FONT2"/>
            <SP HEIGHT="57" WIDTH="12" VPOS="2155" HPOS="871"/>
            <String HEIGHT="57" WIDTH="137" VPOS="2155" HPOS="834" CONTENT="comédie" ID="r2l81_8" STYLEREFS="FONT0"/>
            <SP HEIGHT="57" WIDTH="12" VPOS="2155" HPOS="971"/>
            <String HEIGHT="57" WIDTH="112" VPOS="2155" HPOS="933" CONTENT="d’Em." ID="r2l81_9" STYLEREFS="FONT0"/>
            <SP HEIGHT="57" WIDTH="12" VPOS="2155" HPOS="1046"/>
            <String HEIGHT="57" WIDTH="112" VPOS="2155" HPOS="996" CONTENT="Augier." ID="r2l81_10" STYLEREFS="FONT0"/>
          </TextLine>
        </TextBlock>
      </PrintSpace>
    </Page>
  </Layout>
</alto>
