1550 2876
78 167 154 61 586.
174 167 367 61 Ameilhon
483 167 386 61 (Hubert-Pascal),
812 167 193 61 savant
947 167 309 61 littérateur.
1198 167 116 61 L.
1256 167 154 61 aut.
1352 167 174 61 sig.,
1449 167 77 61 au

123 216 268 60 procureur
330 216 227 60 cénéral
494 216 247 60 Rœderer.
680 216 206 60 Paris,
824 216 124 60 13
886 216 227 60 juillet
1051 216 186 60 1792.
1175 216 103 60 3
1216 216 144 60 gr.
1298 216 124 60 p.
1360 216 144 60 pl.
1422 216 103 60 in-

117 245 143 75 4.
189 245 262 75 (tachée
379 245 286 75 d'encre,
594 245 143 75 et
665 245 310 75 déchirure
903 245 191 75 dans
1023 245 143 75 le
1094 245 143 75 2e
1166 245 334 75 feuillet).
1428 245 119 75 5
1452 245 71 75 »

169 306 194 64 Lettre
304 306 310 64 intéressante
556 306 116 64 au
614 306 174 64 sujet
731 306 116 64 du
789 306 252 64 manuscrit
982 306 116 64 de
1041 306 213 64 Fréret,
1196 306 174 64 De
1292 306 233 64 l’ori

120 349 211 70 gine
273 349 134 70 des
350 349 230 70 Français
523 349 115 70 et
580 349 115 70 de
638 349 153 70 leur
734 349 326 70 établissement
1002 349 153 70 dans
1098 349 134 70 les
1175 349 288 70 Gaules
1386 349 134 70 qu’il

126 398 148 72 l’a
211 398 212 72 chargé
359 398 127 72 de
401 398 276 72 rechercher.

68 443 166 72 587.
172 443 353 72 Amoros
462 443 145 72 (le
545 443 270 72 colonel),
753 443 270 72 fondateur
960 443 124 72 de
1022 443 228 72 l’école
1188 443 311 72 gymnastique
1416 443 104 72 qui

117 498 188 62 porte
243 498 147 62 son
326 498 168 62 nom.
431 498 126 62 1°
494 498 126 62 L.
557 498 188 62 sig.,
682 498 105 62 à
724 498 209 62 MM....
871 498 209 62 Paris,
1017 498 126 62 22
1080 498 188 62 avril
1206 498 188 62 1820.
1332 498 105 62 1
1373 498 126 62 p.
1415 498 105 62 in-

117 546 111 66 4.
172 546 92 66 —
209 546 111 66 2°
264 546 111 66 L.
320 546 129 66 aut
394 546 148 66 sig.
486 546 296 66 Plusieurs
726 546 222 66 réfugiés
893 546 240 66 espagnols
1077 546 370 66 coustitutionnels
1373 546 148 66 de

115 594 152 49 1808
210 594 171 49 et
324 594 379 49 constitutionnels
646 594 190 49 de
779 594 171 49 1820,
892 594 95 49 à
930 594 114 49 M.
987 594 114 49 le
1044 594 246 49 rédacteur
1234 594 152 49 (des
1309 594 209 49 Annales).

104 643 289 64 Paris,
306 643 173 64 23
393 643 202 64 mai
508 643 260 64 1820,
682 643 144 64 3
739 643 173 64 p.
826 643 202 64 pl.
942 643 173 64 et
1028 643 260 64 demie
1201 643 260 64 in-4.
1375 643 144 64 3
1404 643 116 64 50

66 685 162 56 388.
167 685 404 56 Angélique
510 685 141 56 (la
591 685 202 56 mère),
732 685 121 56 de
793 685 121 56 la
853 685 242 56 Passion,
1035 685 283 56 supérieure
1257 685 141 56 des
1318 685 202 56 Carméli

112 740 163 48 tes.
214 740 122 48 L.
275 740 163 48 aut.
377 740 183 48 sig.,
499 740 163 48 à
601 740 122 48 ma
662 740 265 48 Révérende
866 740 510 48 Mère-Marie-Angélique,
1294 740 224 48 supé

109 785 277 53 rieure
322 785 128 53 au
386 785 320 53 Port-Royal,
642 785 107 53 à
684 785 299 53 Paris
919 785 128 53 Du
983 785 192 53 grand
1111 785 235 53 couvent
1281 785 149 53 des
1345 785 171 53 Carmé-

109 830 198 58 lites,
248 830 119 58 21
307 830 238 58 juin....
486 830 99 58 2
526 830 119 58 p.
585 830 139 58 pl.
664 830 178 58 petit
783 830 178 58 in-4.
902 830 218 58 Cachet.
1061 830 278 58 Très-jolie
1279 830 218 58 lettre.
1418 830 99 58 In-

44 877 1298 55 téressante.
1082 877 519 55 10
1255 877 260 55 »

60 912 185 81 589.
175 912 439 81 Anniversaire
545 912 162 81 des
637 912 115 81 5
684 912 139 81 et
753 912 115 81 6
799 912 254 81 octobre
984 912 277 81 1789
1192 912 139 81 L.
1261 912 185 81 aut.
1353 912 162 81 sig.,

109 975 120 59 de
169 975 120 59 M.
229 975 181 59 J.
350 975 120 59 P.
410 975 181 59 L.,
530 975 261 59 chevalier
731 975 120 59 de
791 975 321 59 Saint-Louis,
1052 975 321 59 pensionnaire
1313 975 120 59 de
1373 975 141 59 feu
1434 975 80 59 la

110 1025 189 48 reine
236 1025 440 48 Marie-Antoinette,
613 1025 126 48 se
676 1025 210 48 disant
823 1025 189 48 garde
948 1025 126 48 du
1011 1025 210 48 corps,
1158 1025 147 48 des
1242 1025 105 48 5
1284 1025 126 48 et
1346 1025 105 48 6
1367 1025 147 48 octo-

104 1074 181 64 bre,
218 1074 136 64 au
286 1074 295 64 rédacteur
512 1074 136 64 de
580 1074 136 64 la
648 1074 363 64 Quotidienne.
943 1074 113 64 3
989 1074 159 64 gr.
1079 1074 136 64 p.
1147 1074 159 64 pl.
1238 1074 249 64 in-fol.
1419 1074 113 64 6
1442 1074 68 64 »

150 1114 159 68 Sur
241 1114 136 68 la
309 1114 295 68 nécessité
536 1114 136 68 de
604 1114 317 68 solenniser
853 1114 159 68 par
944 1114 159 68 une
1035 1114 295 68 cérémonie
1262 1114 249 68 funèbre
1420 1114 91 68 ce

107 1157 208 65 triste
253 1157 353 65 anniversaire.
544 1157 208 65 Motifs
689 1157 291 65 longuement
897 1157 208 65 déduits.

56 1212 164 80 590.
158 1212 328 80 Anson
424 1212 409 80 (Pierre-Hubert),
772 1212 205 80 membre
915 1212 123 80 de
977 1212 307 80 l’Assemblée
1202 1212 307 80 constituante,

104 1257 326 64 littérateur,
368 1257 285 64 traducteur
592 1257 142 64 des
674 1257 163 64 Odes
775 1257 305 64 d’Anacréon,
1020 1257 163 64 etc.
1121 1257 122 64 L.
1182 1257 163 64 aut.
1284 1257 183 64 sig.,
1406 1257 102 64 à
1427 1257 81 64 M.

69 1312 664 56 Rœderer.
567 1312 277 56 1
678 1312 332 56 p.
844 1312 554 56 in-12.
1231 1312 277 56 1
1287 1312 221 56 50

54 1352 149 73 591.
147 1352 335 73 Antibes
427 1352 130 73 (le
501 1352 242 73 chevalier
688 1352 149 73 d’),
781 1352 149 73 mort
874 1352 112 73 en
930 1352 168 73 1828.
1041 1352 279 73 Napoléon
1265 1352 149 73 dans
1339 1352 168 73 les

79 1411 224 59 murs
242 1411 367 59 d’Orléans
548 1411 245 59 Cantate.
731 1411 102 59 3
772 1411 143 59 gr.
853 1411 122 59 p.
915 1411 143 59 pl.
996 1411 122 59 et
1057 1411 184 59 quart
1180 1411 163 59 aut.
1282 1411 184 59 in-8.
1404 1411 102 59 3
1424 1411 82 59 50

50 1452 171 67 592.
157 1452 407 67 Antignac
499 1452 278 67 (Antoine)
713 1452 214 67 poëte,
863 1452 342 67 chansonnier,
1141 1452 214 67 membre
1291 1452 128 67 du
1334 1452 171 67 Caveau

98 1510 251 69 moderne.
286 1510 167 69 A
391 1510 167 69 beau
496 1510 209 69 mentir
642 1510 146 69 qui
726 1510 188 69 vient
851 1510 126 69 de
914 1510 272 69 loin
1123 1510 230 69 Chanson
1291 1510 167 69 aut.
1374 1510 126 69 sig.

52 1548 594 71 1807.
448 1548 330 71 2
580 1548 396 71 p.
778 1548 594 71 in-4.
1174 1548 330 71 3
1240 1548 264 71 50

50 1579 159 78 593.
150 1579 378 78 Argental
468 1579 418 78 (Charles-Augustin
827 1579 120 78 de
887 1579 219 78 Ferriol
1046 1579 179 78 comte
1165 1579 159 78 d’),
1265 1579 139 78 ami
1345 1579 120 78 de
1385 1579 120 78 Vol

98 1645 194 62 taire
228 1645 216 62 Quitt.
379 1645 173 62 sig.
487 1645 173 62 (sur
595 1645 259 62 parch.),
789 1645 130 62 de
854 1645 130 62 la
919 1645 194 62 somme
1049 1645 130 62 de
1113 1645 151 62 750
1200 1645 238 62 livres,
1351 1645 151 62 reçue

94 1693 126 69 de
157 1693 126 69 M.
220 1693 126 69 le
283 1693 147 69 duc
367 1693 294 69 d’Orléans,
599 1693 168 69 pour
704 1693 147 69 six
788 1693 168 69 mois
893 1693 126 69 de
956 1693 126 69 sa
1019 1693 252 69 pension.
1209 1693 210 69 Paris,
1356 1693 105 69 2
1377 1693 126 69 jan-

16 1742 790 55 vier
510 1742 888 55 1783.
1102 1742 494 55 2
1201 1742 296 55 »

47 1782 143 81 594.
137 1782 376 81 Arlincourt
459 1782 125 81 (le
531 1782 197 81 vicomte
674 1782 143 81 d’),
764 1782 287 81 littérateur,
997 1782 179 81 auteur
1123 1782 108 81 du
1158 1782 341 81 Solitaire

86 1843 226 52 etc.
227 1843 170 52 L.
312 1843 226 52 aut.
453 1843 226 52 sig.
595 1843 170 52 30
679 1843 311 52 janvier
905 1843 254 52 1817.
1075 1843 198 52 1p.
1188 1843 254 52 in-4.
1358 1843 141 52 1
1386 1843 113 52 50

43 1863 182 95 595.
157 1863 296 95 Armand
385 1863 364 95 Séville,
681 1863 228 95 poëte,
840 1863 364 95 chansonnier,
1136 1863 228 95 auteur
1272 1863 228 95 dramati-

96 1930 160 60 que.
196 1930 120 60 L.
256 1930 160 60 aut.
356 1930 180 60 sig.,
476 1930 100 60 à
516 1930 120 60 M.
576 1930 180 60 Aude.
696 1930 200 60 Paris,
837 1930 100 60 6
877 1930 160 60 juin
977 1930 180 60 1817.
1097 1930 100 60 1
1137 1930 120 60 p.
1197 1930 140 60 pl.
1277 1930 180 60 in-4.
1397 1930 100 60 2
1417 1930 80 60 25

45 1971 161 73 596.
146 1971 424 73 Armonville
509 1971 242 73 (J.-B.),
690 1971 222 73 cardeur
852 1971 121 73 de
912 1971 182 73 laine
1033 1971 101 73 à
1073 1971 222 73 Rheims,
1235 1971 202 73 député
1376 1971 121 73 de
1416 1971 81 73 la

93 2023 320 60 Marne
353 2023 100 60 à
393 2023 120 60 la
453 2023 300 60 Convention.
694 2023 180 60 Pièce
814 2023 160 60 sig.
914 2023 220 60 (signée
1074 2023 180 60 aussi
1195 2023 140 60 par
1275 2023 220 60 Robin),
1415 2023 80 60 au

92 2078 263 59 ministre
289 2078 131 59 de
355 2078 131 59 la
420 2078 241 59 guerre.
596 2078 219 59 Paris,
749 2078 197 59 1793.
880 2078 109 59 1
924 2078 131 59 p.
990 2078 241 59 in-fol.
1165 2078 175 59 Tête
1252 2078 241 59 imprimée.

21 2119 1385 66 Rare
1147 2119 433 66 5
1233 2119 260 66 »

138 2161 170 67 Pour
244 2161 191 67 qu’il
371 2161 170 67 soit
477 2161 233 67 délivré
646 2161 106 67 à
689 2161 212 67 chaque
837 2161 212 67 soldat
985 2161 127 67 de
1049 2161 127 67 la
1113 2161 275 67 compagnie
1324 2161 148 67 des
1388 2161 106 67 vé-

92 2203 219 76 térans
245 2203 285 76 invalides
464 2203 131 76 de
530 2203 263 76 service,
727 2203 131 76 au
793 2203 219 76 Palais
946 2203 285 76 National,
1165 2203 131 76 au
1230 2203 197 76 moins
1340 2203 153 76 vingt

61 2263 290 65 cartouches.

43 2283 143 91 597.
132 2283 267 91 Aude
346 2283 160 91 (J.),
453 2283 178 91 poëte,
578 2283 178 91 auteur
702 2283 267 91 dramatique,
916 2283 178 91 auteur
1041 2283 107 91 de
1076 2283 410 91 Cadet

91 2371 182 59 etc.,
212 2371 263 59 chevalier
415 2371 122 59 de
476 2371 223 59 l’ordre
638 2371 122 59 de
699 2371 203 59 Malte.
841 2371 122 59 Il
901 2371 182 59 avait
1023 2371 122 59 eu
1084 2371 162 59 pour
1185 2371 203 59 maître
1327 2371 122 59 le
1367 2371 122 59 car-

88 2403 203 67 dinal
224 2403 136 67 de
292 2403 316 67 Boisjelin,
541 2403 203 67 alors
676 2403 316 67 archevêque
925 2403 226 67 d’Aix.
1083 2403 181 67 Mort
1196 2403 136 67 en
1264 2403 181 67 1840
1377 2403 113 67 à
1400 2403 90 67 86

87 2454 178 82 ans.
198 2454 133 82 L.
264 2454 178 82 aut.
376 2454 200 82 sig.,
509 2454 133 82 au
575 2454 155 82 duc
664 2454 355 82 d’Angoulême.
953 2454 133 82 La
1020 2454 289 82 Chapelle,
1242 2454 133 82 20
1286 2454 200 82 octobre

53 2502 561 66 1824.
427 2502 312 66 2
552 2502 374 66 p.
739 2502 686 66 in-fol.
1238 2502 312 66 5
1300 2502 187 66 »

133 2552 296 82 Vieillard,
365 2552 169 82 dans
471 2552 127 82 la
535 2552 169 82 plus
640 2552 254 82 profonde
831 2552 296 82 infortune,
1063 2552 127 82 il
1127 2552 233 82 implore
1296 2552 127 82 S.
1359 2552 127 82 A.
1401 2552 85 82 R.

87 2589 164 73 pour
189 2589 123 73 en
250 2589 225 73 obtenir
414 2589 143 73 les
475 2589 246 73 bienfaits.

43 2638 140 68 598.
131 2638 298 68 Auguis
377 2638 193 68 (Pierre
517 2638 193 68 J.-B.),
657 2638 175 68 député
780 2638 123 68 des
850 2638 386 68 Deux-Sèvres
1184 2638 88 68 à
1219 2638 105 68 la
1254 2638 228 68 Convention.

91 2689 115 89 Né
148 2689 95 89 à
186 2689 305 89 Melle
434 2689 344 89 (Deux-Sèvres).
721 2689 115 89 L.
778 2689 153 89 aut.
873 2689 172 89 sig.,
988 2689 95 89 à
1026 2689 172 89 M....
1141 2689 191 89 Melle,
1274 2689 115 89 14
1312 2689 172 89 février

61 2738 412 76 1809.
336 2738 229 76 1
428 2738 275 76 p.
565 2738 275 76 et
702 2738 412 76 quart
977 2738 412 76 in-4.
1252 2738 229 76 2
1298 2738 183 76 50
