1654 2848
642 74 193 86 —
719 74 231 86 53
796 74 116 86 —

95 140 255 100 prompt.
280 140 208 100 «Nous
419 140 278 100 manquons
627 140 301 100 d’hommes,
859 140 255 100 d’armes
1044 140 139 100 de
1090 140 417 100 munitions.....Il

100 217 221 56 «existe
261 217 141 56 sur
341 217 141 56 nos
422 217 221 56 confins
582 217 141 56 une
663 217 181 56 forêt
783 217 201 56 nommée
924 217 402 56 d'Andenne
1266 217 141 56 qui
1346 217 161 56 sert
1427 217 80 56 de

94 264 269 75 «repaire
296 264 135 75 au
363 264 292 75 brigands.
587 264 202 75 Quand
722 264 135 75 on
790 264 157 75 les
879 264 314 75 pourchasse
1126 264 180 75 dans
1239 264 135 75 la
1283 264 225 75 Mayenne,

97 310 178 66 «ils
208 310 134 66 ne
275 310 268 66 manquent
476 310 156 66 pas
565 310 134 66 de
632 310 156 66 s’y
699 310 312 66 réfugier...»

54 350 142 66 632.
143 350 283 66 Blaux
373 350 248 66 (Léonard),
568 350 177 66 député
692 350 106 66 de
745 350 106 66 la
798 350 319 66 Moselle
1064 350 89 66 à
1100 350 106 66 la
1153 350 266 66 Convention.
1365 350 106 66 L.
1401 350 106 66 aut.

98 411 185 63 sig.,
221 411 144 63 aux
303 411 246 63 citoyens
487 411 144 63 ses
569 411 287 63 collègues.
795 411 123 63 En
856 411 123 63 la
918 411 205 63 maison
1061 411 226 63 d’arrêt
1225 411 144 63 des
1287 411 226 63 ci

95 455 365 53 Bénédictins
387 455 292 53 Anglais,
606 455 146 53 le
679 455 122 53 9
728 455 317 53 thermidor
971 455 146 53 au
1044 455 170 53 II.
1142 455 122 53 2
1190 455 146 53 p.
1263 455 219 53 in-4.
1410 455 122 53 6
1434 455 73 53 »

47 493 183 73 633.
161 493 434 73 Blondeau
527 493 160 73 (de
618 493 320 73 Commercy),
869 493 388 73 correspondant
1189 493 137 73 du
1258 493 228 73 Caveau
1395 493 114 73 mo

98 548 191 66 derne.
231 548 191 66 Les
365 548 229 66 précieux
536 548 248 66 avantages
727 548 114 66 du
784 548 229 66 vin
955 548 305 66 chansonnette
1203 548 171 66 faite
1317 548 171 66 après
1413 548 95 66 di-

100 595 143 61 ner
181 595 122 61 et
242 595 224 61 offerte
406 595 102 61 à
446 595 122 61 la
508 595 286 61 méditation
732 595 122 61 de
793 595 163 61 tous
895 595 143 61 les
977 595 224 61 buveurs
1140 595 204 61 d’eau.
1283 595 163 61 Aut.
1364 595 143 61 sig.,

46 651 366 59 2
192 651 439 59 p.
411 651 512 59 pl.
704 651 658 59 in-4.
1142 651 366 59 3
1216 651 292 59 50

52 695 159 59 634.
152 695 358 59 Blondin
450 695 418 59 (Dom.JJean-Noël),
808 695 318 59 grammairien.
1067 695 119 59 1°
1127 695 119 59 L.
1187 695 159 59 aut.
1286 695 179 59 sig.,
1405 695 100 59 à
1425 695 80 59 M.

96 740 125 53 le
159 740 229 53 duc...,
325 740 208 53 Paris,
471 740 125 53 23
534 740 250 53 novembre
721 740 188 53 1814.
846 740 104 53 1
888 740 125 53 p.
950 740 292 53 in-fol.—Il
1180 740 125 53 le
1242 740 167 53 prie
1346 740 125 53 de
1388 740 125 53 vou-

94 788 171 63 loir
201 788 171 63 bien
308 788 236 63 dérober
479 788 257 63 quelques
672 788 236 63 minutes
843 788 107 63 à
886 788 150 63 ses
972 788 321 63 importantes
1207 788 300 63 occupations,

98 839 177 64 pour
208 839 199 64 jeter
341 839 132 64 un
407 839 177 64 coup
517 839 199 64 d’œil
650 839 154 64 sur
738 839 265 64 l’exposé
936 839 154 64 des
1025 839 331 64 principales
1267 839 243 64 questions

100 886 190 60 qu’il
226 886 126 60 se
289 886 232 60 propose
458 886 126 60 de
521 886 253 60 discuter
711 886 168 60 dans
816 886 147 60 son
900 886 190 60 cours
1027 886 295 60 comparatif
1258 886 126 60 et
1300 886 211 60 raisonné

99 933 126 61 de
162 933 253 61 langues;
352 933 295 61 Française,
583 933 232 61 Latine,
751 933 295 61 Italienne,
983 933 295 61 Espagnole,
1214 933 295 61 Portugaise
1425 933 84 61 et

98 977 327 62 Anglaise...
360 977 109 62 —
403 977 131 62 2°
469 977 218 62 Exposé
621 977 152 62 des
708 977 327 62 principales
969 977 283 62 questions
1187 977 152 62 que
1274 977 131 62 se
1318 977 196 62 propose

99 1025 126 62 de
162 1025 252 62 discuter
351 1025 126 62 M.
414 1025 252 62 Blondin,
603 1025 294 62 secrétaire
834 1025 294 62 interprète
1065 1025 105 62 à
1107 1025 126 62 la
1170 1025 336 62 Bibliothèque
1422 1025 84 62 du

103 1075 166 59 roi,
207 1075 166 59 dans
311 1075 145 59 son
394 1075 187 59 cours
519 1075 229 59 public,
685 1075 291 59 comparatif
913 1075 125 59 et
976 1075 249 59 raisonné
1163 1075 125 59 de
1225 1075 229 59 langues
1371 1075 145 59 Fran-

93 1112 309 65 çaise,
309 1112 340 65 Latine,
556 1112 247 65 etc.
710 1112 154 65 5
772 1112 216 65 gr.
896 1112 185 65 p.
988 1112 216 65 pl.
1112 1112 340 65 in-fol.
1359 1112 154 65 7
1390 1112 123 65 50

55 1158 148 91 635.
147 1158 240 91 Bo
332 1158 314 91 (Jean-Bapt.),
590 1158 185 91 député
720 1158 111 91 de
775 1158 369 91 l'Aveyron
1089 1158 92 91 à
1126 1158 111 91 la
1181 1158 277 91 Convention.
1385 1158 129 91 Ordre

100 1230 169 56 aut.
205 1230 190 56 sig.,
332 1230 190 56 comme
458 1230 337 56 représentant
733 1230 127 56 du
796 1230 211 56 peuple
944 1230 105 56 à
986 1230 232 56 Nantes.
1154 1230 232 56 Nantes,
1323 1230 127 56 15
1365 1230 148 56 ther-

100 1267 202 56 midor
234 1267 134 56 an
301 1267 157 56 II.
391 1267 112 56 1
436 1267 134 56 p.
503 1267 202 56 in-4.
637 1267 179 56 Tête
749 1267 134 56 de
817 1267 224 56 lettre
973 1267 291 56 imprimée.
1197 1267 291 56 Vignette.
1421 1267 112 56 3
1444 1267 67 56 »

52 1301 180 80 636.
164 1301 314 80 Bochart
411 1301 135 80 de
478 1301 382 80 Champigny
793 1301 314 80 (Antoine),
1039 1301 202 80 doyen
1174 1301 135 80 de
1242 1301 269 80 l’Eglise
1421 1301 90 80 de

98 1366 311 53 Chartres.
338 1366 239 53 Quitt.
505 1366 216 53 sig.,
649 1366 239 53 Paris,
817 1366 120 53 4
864 1366 216 53 mars,
1008 1366 216 53 1698.
1152 1366 120 53 1
1200 1366 144 53 p.
1272 1366 216 53 in-4.
1415 1366 120 53 2
1439 1366 72 53 »

56 1397 146 74 637.
147 1397 292 74 Bodin
384 1397 219 74 (Félix),
548 1397 274 74 publiciste,
767 1397 182 74 auteur
895 1397 109 74 du
950 1397 237 74 Résumé
1132 1397 109 74 de
1187 1397 255 74 l’histoire
1369 1397 146 74 de

104 1463 317 56 France
369 1463 106 56 Né
421 1463 88 56 à
457 1463 299 56 Saumur
703 1463 370 56 (Maine-et-Loire).
1020 1463 106 56 L.
1073 1463 141 56 aut.
1161 1463 141 56 sig.
1249 1463 176 56 Paris,
1372 1463 106 56 26
1407 1463 106 56 noy.

57 1495 596 63 1829.
454 1495 331 63 1
587 1495 397 63 p.
785 1495 596 63 in-8.
1183 1495 331 63 1
1249 1495 265 63 75

56 1539 151 79 638.
151 1539 397 79 Boisiorlin
491 1539 170 79 (V.),
604 1539 189 79 auteur
736 1539 113 79 du
793 1539 189 79 poëme.
925 1539 170 79 La
1039 1539 170 79 forêt
1152 1539 113 79 de
1209 1539 302 79 Navarre
1435 1539 76 79 L.

105 1589 184 60 sig.,
227 1589 123 60 au
288 1589 143 60 Mis
370 1589 123 60 de
431 1589 306 60 Bosseville.
677 1589 266 60 Louviers,
881 1589 123 60 17
942 1589 184 60 avril
1065 1589 184 60 1817.
1187 1589 102 60 2
1228 1589 123 60 p.
1289 1589 184 60 in-4.
1412 1589 102 60 2
1432 1589 82 60 50

56 1635 172 86 639.
163 1635 451 86 Boissonade
550 1635 430 86 (Jean-François),
915 1635 322 86 helléniste,
1173 1635 215 86 membre
1324 1635 129 86 de
1367 1635 150 86 l’In

103 1700 228 66 stitut.
269 1700 124 66 L.
331 1700 166 66 aut.
435 1700 186 66 sig.,
559 1700 124 66 au
621 1700 228 66 citoyen
786 1700 248 66 Salomon.
973 1700 124 66 21
1035 1700 311 66 vendémiaire
1283 1700 124 66 an
1345 1700 124 66 X.
1407 1700 104 66 1
1428 1700 83 66 p.

26 1734 695 70 pl.
423 1734 893 70 in-4.
1117 1734 496 70 2
1216 1734 298 70 »

59 1759 129 104 640
132 1759 240 104 Boissy
317 1759 295 104 d’Anglas
556 1759 129 104 (le
630 1759 203 104 comte),
778 1759 295 104 constituant,
1017 1759 184 104 député
1146 1759 111 104 de
1183 1759 332 104 l'Ardèche

105 1829 94 67 à
143 1829 113 67 la
199 1829 281 67 Convention,
424 1829 244 67 sénateur,
612 1829 150 67 pair
705 1829 113 67 de
762 1829 206 67 France.
912 1829 113 67 Né
968 1829 94 67 à
987 1829 525 67 Saint

103 1876 294 66 (Ardèche).
334 1876 126 66 L.
397 1876 168 66 aut.
502 1876 189 66 sig.,
628 1876 126 66 au
691 1876 336 66 Maréchal....
965 1876 210 66 Paris,
1112 1876 105 66 6
1154 1876 168 66 août
1259 1876 189 66 1818.
1385 1876 105 66 3
1406 1876 105 66 gr.

48 1940 462 70 p.
279 1940 539 70 pl.
587 1940 848 70 in-fol.
1204 1940 385 70 6
1281 1940 231 70 »

153 1989 128 53 En
217 1989 213 53 faveur
365 1989 170 53 d’un
472 1989 234 53 soldat,
642 1989 149 53 son
727 1989 340 53 compatriote,
1003 1989 170 53 dans
1109 1989 128 53 le
1173 1989 149 53 sac
1258 1989 213 53 duquel
1407 1989 128 53 on
1449 1989 64 53 a

108 2022 212 61 trouvé
256 2022 149 61 une
341 2022 234 61 cocarde
511 2022 297 61 tricolore,
745 2022 127 61 ce
809 2022 149 61 qui
894 2022 149 61 lui
979 2022 170 61 valu
1085 2022 149 61 dix
1170 2022 170 61 mois
1276 2022 127 61 de
1319 2022 191 61 prison.

57 2064 174 98 641.
166 2064 282 98 Boissy
383 2064 348 98 d’Anglas
666 2064 196 98 fils,
796 2064 174 98 pair
905 2064 130 98 de
970 2064 239 98 France.
1144 2064 130 98 L.
1209 2064 174 98 aut.
1317 2064 196 98 sig.,
1426 2064 87 98 au

106 2128 281 60 président
322 2128 130 60 de
387 2128 130 60 la
452 2128 238 60 chambre
625 2128 151 60 des
711 2128 216 60 Pairs.
863 2128 216 60 Paris,
1014 2128 130 60 10
1079 2128 259 60 novembre
1273 2128 194 60 1834.
1403 2128 108 60 1
1425 2128 86 60 p.

53 2163 462 59 et
284 2163 693 59 demie
746 2163 693 59 in-4.
1207 2163 385 59 2
1284 2163 231 59 »

61 2208 157 72 642.
160 2208 236 72 Bonet
337 2208 118 72 de
396 2208 334 72 Treyches,
671 2208 177 72 fils,
789 2208 197 72 député
927 2208 118 72 de
986 2208 118 72 la
1045 2208 433 72 Haute-Loire
1419 2208 98 72 à
1438 2208 79 72 la

110 2271 306 54 Convention.
354 2271 122 54 L.
415 2271 163 54 aut.
517 2271 183 54 sig.,
639 2271 204 54 Paris,
782 2271 122 54 20
843 2271 306 54 vendémiaire
1087 2271 122 54 an
1148 2271 122 54 v.
1209 2271 102 54 1
1250 2271 122 54 p.
1311 2271 183 54 in-4.
1434 2271 102 54 3
1454 2271 61 54 »

64 2306 168 57 643.
169 2306 421 57 Bonnelier
527 2306 337 57 (Hippolyte),
801 2306 232 57 artiste
969 2306 316 57 dramatique,
1222 2306 211 57 poëte,
1349 2306 168 57 roman-

107 2351 187 69 cier.
232 2351 124 69 L.
294 2351 166 69 aut.
398 2351 187 69 sig.,
522 2351 104 69 à
563 2351 124 69 M.
626 2351 124 69 de
688 2351 352 69 Châteaugiron.
978 2351 104 69 2
1019 2351 124 69 p.
1082 2351 187 69 in-8.
1206 2351 270 69 Curieuse.
1413 2351 104 69 2
1434 2351 83 69 50

65 2405 153 61 644.
161 2405 325 61 Bordas
428 2405 268 61 (Pardoux),
639 2405 191 61 député
773 2405 115 61 de
830 2405 115 61 la
888 2405 440 61 Haute-Vienne
1270 2405 96 61 à
1309 2405 115 61 la
1347 2405 172 61 Conven-

112 2447 186 65 tion.
237 2447 124 65 1°
299 2447 124 65 L.
361 2447 166 65 aut.
464 2447 166 65 sig.
568 2447 104 65 1
609 2447 124 65 p.
671 2447 207 65 in-12.
816 2447 104 65 —
858 2447 124 65 2°
920 2447 207 65 Billet
1065 2447 166 65 aut.
1168 2447 104 65 1
1209 2447 124 65 p.
1272 2447 207 65 in-12.
1416 2447 104 65 2
1437 2447 83 65 25

62 2503 166 68 645.
166 2503 354 68 Bordeu
457 2503 291 68 (Théophile
686 2503 166 68 de),
790 2503 229 68 médecin
956 2503 125 68 de
1019 2503 270 68 l’hôpital
1227 2503 125 68 de
1289 2503 125 68 la
1331 2503 187 68 Charité

111 2551 113 63 de
168 2551 188 63 Paris.
299 2551 113 63 Né
356 2551 94 63 à
393 2551 338 63 Iseste
675 2551 188 63 Quitt.
807 2551 169 63 sig.,
919 2551 113 63 de
976 2551 113 63 la
1032 2551 169 63 somme
1145 2551 113 63 de
1201 2551 132 63 800
1277 2551 188 63 livres
1389 2551 132 63 reçue

113 2599 128 61 de
177 2599 128 61 M.
241 2599 128 61 le
305 2599 213 61 prince
454 2599 128 61 de
518 2599 256 61 Turenne,
710 2599 171 61 pour
816 2599 149 61 ses
902 2599 299 61 honoraires
1136 2599 128 61 en
1200 2599 235 61 qualité
1371 2599 128 61 de
1413 2599 107 61 son

103 2641 387 67 médecin.
393 2641 290 67 Paris
586 2641 193 67 18
683 2641 258 67 nov.
844 2641 290 67 1760.
1038 2641 161 67 1
1102 2641 193 67 p.
1199 2641 290 67 in-4.
1392 2641 161 67 2
1424 2641 97 67 »

68 2689 153 64 646.
164 2689 306 64 Borel
412 2689 478 64 (Hyacinthe-Marcelin),
833 2689 191 64 député
967 2689 134 64 des
1044 2689 440 64 Hautes-Alpes
1426 2689 96 64 à
1445 2689 77 64 la

111 2745 330 77 Convention.
375 2745 132 77 L.
441 2745 176 77 aut.
551 2745 198 77 sig.,
683 2745 110 77 à
727 2745 154 77 ses
815 2745 308 77 collègues,
1058 2745 242 77 membres
1234 2745 132 77 du
1300 2745 220 77 Comité
1432 2745 88 77 de
