1548 2862
608 35 191 96 —
646 35 153 96 54

70 115 201 83 sureté
211 115 261 83 générale.
412 115 201 83 Paris,
552 115 101 83 4
593 115 261 83 thermidor
794 115 121 83 an
854 115 161 83 III.
954 115 101 83 2
995 115 141 83 gr.
1075 115 121 83 p.
1135 115 141 83 pl.
1216 115 221 83 in-fol.
1356 115 121 83 Tête

32 186 748 61 imprimée.
608 186 748 61 Vignette.
1183 186 288 61 5
1241 186 230 61 50

110 231 231 74 Compte
271 231 207 74 rendu
410 231 138 74 de
479 231 138 74 sa
548 231 254 74 mission
732 231 184 74 dans
848 231 161 74 les
940 231 369 74 départements
1239 231 138 74 de
1286 231 184 74 Saône-

68 287 265 63 et-Loire,
251 287 122 63 etc.

20 313 155 74 647.
117 313 466 74 Borie-Cambort
524 313 213 74 (Jean),
679 313 194 74 député
815 313 116 74 de
873 313 116 74 la
932 313 349 74 Corrèze
1223 313 97 74 à
1262 313 116 74 la
1300 313 175 74 Conven

62 380 208 67 tion.
201 380 232 67 Arrêté
363 380 185 67 aut.
479 380 208 67 sig.,
617 380 208 67 comme
756 380 370 67 représentant
1057 380 139 67 du
1127 380 232 67 peuple
1266 380 208 67 délégué

65 431 176 68 dans
175 431 154 68 les
263 431 352 68 départements
549 431 132 68 du
615 431 198 68 Gard,
747 431 132 68 de
814 431 132 68 la
880 431 242 68 Lozère,
1056 431 132 68 de
1122 431 132 68 la
1166 431 308 68 Haute

69 478 128 55 et
133 478 149 55 par
218 478 298 55 commission
452 478 107 55 à
495 478 362 55 Saint-Géniés.
793 478 362 55 Saint-Géniés,
1091 478 107 55 5
1134 478 256 55 messidor
1326 478 128 55 an
1368 478 107 55 II.

49 528 178 54 2
121 528 214 54 p.
227 528 321 54 in-4.
441 528 356 54 Cachet
690 528 178 54 à
762 528 214 54 la
869 528 285 54 cire
1047 528 356 54 rouge.
1296 528 178 54 7
1332 528 142 54 50

112 572 206 61 Contre
257 572 392 61 l’incorporation
587 572 124 61 de
649 572 309 61 vingt-trois
896 572 268 61 étrangers
1103 572 165 61 dans
1206 572 124 61 le
1247 572 227 61 bataillon

64 623 136 59 de
132 623 273 59 Vaucluse
337 623 136 59 en
405 623 273 59 carnison
610 623 114 59 à
655 623 455 59 Aigues-Mortes...
1042 623 182 59 «Ces
1156 623 227 59 hommes
1292 623 182 59 appar-

66 665 260 68 «tenants
262 665 109 68 à
305 665 152 68 des
392 665 239 68 Nations
565 665 174 68 avec
674 665 326 68 lesqu’elles
934 665 174 68 nous
1043 665 217 68 sommes
1195 665 130 68 en
1260 665 217 68 guerre
1390 665 87 68 ne

66 708 148 65 «se
150 708 169 65 sont
256 708 295 65 introduits
487 708 169 65 dans
593 708 126 65 un
656 708 295 65 bataillon,
888 708 148 65 qui
972 708 105 65 a
1014 708 232 65 presque
1183 708 105 65 a
1225 708 148 65 lui
1309 708 169 65 seul
1394 708 84 65 la

68 764 217 61 «garde
220 764 195 61 d’une
350 764 130 61 de
415 764 152 61 nos
501 764 217 61 places
653 764 325 61 frontières,
913 764 152 61 sur
1000 764 152 61 les
1086 764 195 61 bords
1216 764 130 61 de
1281 764 130 61 la
1324 764 152 61 Médi-

66 812 108 61 «
110 812 282 61 terranée,
326 812 152 61 que
413 812 173 61 pour
521 812 130 61 la
586 812 217 61 livrer
738 812 152 61 aux
825 812 217 61 tyrans
977 812 152 61 qui
1063 812 347 61 asservissent
1323 812 152 61 leurs

41 860 365 60 «nations....»

21 899 166 71 648.
125 899 374 71 Bossuet
437 899 458 71 (Jacques-Bénigne),
832 899 208 71 évêque
978 899 125 71 de
1040 899 208 71 Meaux.
1186 899 125 71 L.
1248 899 166 71 aut.
1331 899 146 71 sig.,

68 955 110 59 à
112 955 132 59 M.
178 955 265 59 Tronson.
377 955 220 59 Paris,
531 955 265 59 vendredi
729 955 154 59 ...
818 955 198 59 1694.
950 955 110 59 1
994 955 132 59 p.
1060 955 198 59 in-4.
1192 955 220 59 Cachet
1325 955 154 59 épis-

38 995 463 71 copal
346 995 257 71 à
449 995 309 71 la
603 995 412 71 cire
861 995 514 71 rouge.
1221 995 309 71 22
1324 995 154 71 »

19 1043 162 63 649.
120 1043 283 63 Boucher
342 1043 364 63 Deperthes,
645 1043 202 63 poëte.
787 1043 182 63 En
908 1043 364 63 attendant
1211 1043 222 63 chanson
1353 1043 121 63 aut.

65 1100 199 55 sig.
189 1100 323 55 Boulogne,
437 1100 149 55 11
512 1100 273 55 octobre
711 1100 223 55 1811.
859 1100 124 55 2
909 1100 149 55 p.
984 1100 149 55 et
1058 1100 223 55 quart
1207 1100 223 55 in-4.
1356 1100 124 55 2
1381 1100 99 55 50

21 1138 150 70 650.
115 1138 337 70 Boudard
395 1138 262 70 (Antoine),
601 1138 281 70 littérateur
825 1138 187 70 auteur
956 1138 112 70 de
1012 1138 318 70 l'histoire
1274 1138 112 70 du
1312 1138 168 70 duc

69 1197 389 69 d’Enghien
403 1197 111 69 L.
459 1197 148 69 aut.
551 1197 167 69 sig.,
663 1197 111 69 au
718 1197 167 69 baron
829 1197 111 69 de
885 1197 297 69 Margueritte.
1126 1197 93 69 6
1163 1197 148 69 nov.
1256 1197 167 69 1823.
1367 1197 93 69 1
1385 1197 93 69 gr.

10 1249 465 76 p.
243 1249 543 76 pl.
553 1249 698 76 in-4.
1019 1249 388 76 6
1174 1249 388 76 5
1251 1249 233 76 »

125 1282 215 80 ....Il
275 1282 280 80 regardait
490 1282 194 80 comme
619 1282 258 80 certains
813 1282 151 80 les
899 1282 237 80 mauvais
1071 1282 323 80 traitements
1329 1282 151 80 que
1393 1282 86 80 le

73 1337 303 60 commandant
311 1337 130 60 de
376 1337 130 60 la
441 1337 281 60 citadelle
657 1337 130 60 de
722 1337 281 60 Vincennes
938 1337 194 60 avait
1067 1337 173 60 fait
1175 1337 238 60 essuyer
1348 1337 108 60 à
1370 1337 108 60 son

70 1392 308 69 malheureux
312 1392 220 69 héros;
466 1392 286 69 cependant
686 1392 132 69 sa
752 1392 220 69 lettre
907 1392 220 69 dément
1061 1392 132 69 ce
1127 1392 198 69 fait,
1259 1392 176 69 etc.
1347 1392 132 69 etc.

25 1430 149 71 651.
118 1430 316 71 Boudin
379 1430 223 71 (J.-A.),
546 1430 186 71 député
677 1430 112 71 de
733 1430 335 71 l'Indre
1012 1430 93 71 à
1049 1430 112 71 la
1105 1430 279 71 Convention.
1328 1430 112 71 L.
1365 1430 112 71 aut.

69 1491 205 51 sig.,
206 1491 137 51 11
274 1491 296 51 thermidor
502 1491 137 51 an
570 1491 182 51 III.
684 1491 296 51 Demi-page
912 1491 205 51 in-4.
1048 1491 182 51 Tête
1162 1491 296 51 imprimée.
1367 1491 114 51 Vi-

-25 1539 1276 57 gnette.
903 1539 580 57 2
1019 1539 464 57 50

22 1564 150 77 652.
116 1564 337 77 Bourdon
397 1564 225 77 (F.-L.),
565 1564 187 77 député
696 1564 112 77 de
752 1564 318 77 l'Oise
1014 1564 94 77 à
1052 1564 112 77 la
1108 1564 281 77 Convention,
1314 1564 168 77 déporté

70 1640 126 53 et
133 1640 168 53 mort
238 1640 105 53 à
281 1640 274 53 Synamary.
491 1640 126 53 L.
554 1640 168 53 aut.
660 1640 168 53 sig.
765 1640 105 53 7
807 1640 253 53 pluviôse
997 1640 126 53 an
1060 1640 147 53 II.
1144 1640 105 53 1
1186 1640 126 53 p.
1249 1640 190 53 in-4.
1376 1640 105 53 4
1397 1640 84 53 50

23 1676 146 78 653
106 1676 374 78 Bourgon
418 1676 291 78 historien,
647 1676 125 78 L.
710 1676 166 78 aut.
813 1676 187 78 sig.,
938 1676 104 78 à
980 1676 125 78 M.
1042 1676 291 78 Berthevin.
1250 1676 229 78 Besançon,

55 1735 178 48 5
127 1735 393 48 janvier
412 1735 321 48 1832.
626 1735 178 48 2
698 1735 250 48 gr.
841 1735 214 48 p.
948 1735 250 48 pl.
1090 1735 321 48 in-4.
1305 1735 178 48 2
1340 1735 143 48 25

27 1770 142 73 654.
116 1770 319 73 Bouret,
382 1770 177 73 député
506 1770 124 73 des
576 1770 407 73 Basses-Alpes
931 1770 89 73 à
966 1770 106 73 la
1019 1770 266 73 Convention.
1232 1770 106 73 L.
1285 1770 142 73 aut.
1356 1770 124 73 sig.,

70 1831 201 63 comme
204 1831 358 63 représentant
495 1831 134 63 du
562 1831 224 63 peuple
718 1831 179 63 dans
830 1831 134 63 le
897 1831 336 63 département
1166 1831 134 63 de
1233 1831 134 63 la
1278 1831 201 63 Manche,

71 1888 124 48 au
133 1888 207 48 Comité
278 1888 124 48 de
340 1888 207 48 sûreté
485 1888 269 48 générale.
691 1888 269 48 Carentan,
898 1888 103 48 4
940 1888 248 48 prairial
1126 1888 124 48 an
1188 1888 165 48 III.
1291 1888 103 48 2
1332 1888 124 48 p.
1374 1888 103 48 pl.

61 1931 194 67 et
158 1931 290 67 tiers
351 1931 290 67 in-4.
545 1931 258 67 Tête
706 1931 419 67 imprimée.
1028 1931 419 67 Vignette.
1351 1931 161 67 5
1383 1931 97 67 »

119 1978 204 63 Lettre
261 1978 327 63 intéressante
527 1978 122 63 au
588 1978 184 63 sujet
711 1978 122 63 du
772 1978 225 63 pillage
935 1978 143 63 des
996 1978 184 63 grains.

29 2027 162 81 655.
130 2027 404 81 Bouygnes,
473 2027 202 81 député
615 2027 121 81 du
676 2027 141 81 Lot
756 2027 101 81 à
797 2027 121 81 la
857 2027 283 81 Convention
1080 2027 121 81 L.
1140 2027 162 81 aut.
1241 2027 162 81 sig.
1322 2027 162 81 Paris,

48 2076 217 54 9
134 2076 521 54 germinal
525 2076 261 54 an
656 2076 261 54 V.
786 2076 217 54 1
873 2076 261 54 p.
1003 2076 391 54 in-8.
1264 2076 217 54 1
1307 2076 174 54 75

26 2112 148 77 656.
118 2112 295 77 Boyer
358 2112 369 77 (J.-B.-Nicolas),
672 2112 222 77 médecin.
838 2112 111 77 Né
893 2112 92 77 à
930 2112 369 77 Marseille
1244 2112 111 77 en
1299 2112 166 77 1693,
1392 2112 92 77 fut

71 2179 166 58 d’un
175 2179 186 58 grand
299 2179 228 58 secours
465 2179 166 58 dans
568 2179 124 58 sa
630 2179 186 58 ville
754 2179 207 58 natale
899 2179 228 58 lorsque
1065 2179 124 58 la
1127 2179 186 58 peste
1251 2179 104 58 y
1272 2179 207 58 régnait.

67 2223 177 58 Mort
178 2223 111 58 à
222 2223 221 58 Paris,
377 2223 243 58 médecin
554 2223 288 58 ordinaire
775 2223 133 58 du
841 2223 177 58 roi,
952 2223 133 58 en
1018 2223 199 58 1768.
1151 2223 243 58 Mémoire
1328 2223 133 58 au
1372 2223 111 58 su-

66 2271 150 70 jet
151 2271 129 70 du
216 2271 386 70 rétablissement
537 2271 129 70 de
602 2271 129 70 la
666 2271 257 70 fontaine
859 2271 279 70 d’Antony,
1074 2271 257 70 destinée
1267 2271 107 70 à
1288 2271 193 70 l’usage

71 2323 147 55 des
155 2323 295 55 habitants.
387 2323 211 55 Paris,
534 2323 126 55 14
597 2323 168 55 août
703 2323 190 55 1756.
829 2323 168 55 Aut.
934 2323 168 55 sig.
1040 2323 105 55 2
1082 2323 126 55 p.
1145 2323 147 55 pl.
1229 2323 190 55 in-4.
1335 2323 147 55 Pièce

11 2368 1389 52 intéressante.
1155 2368 409 52 6
1237 2368 245 52 »

20 2419 177 65 657.
130 2419 310 65 Brancas
374 2419 398 65 Lauraguais
706 2419 155 65 (le
794 2419 155 65 duc
883 2419 177 65 de),
993 2419 221 65 membre
1148 2419 133 65 de
1192 2419 288 65 l’Institut.

70 2467 123 64 L.
131 2467 164 64 aut.
233 2467 184 64 sig.,
356 2467 102 64 à
397 2467 123 64 M.
458 2467 245 64 Cordier.
642 2467 205 64 Paris,
786 2467 123 64 13
847 2467 164 64 août
949 2467 184 64 1806.
1072 2467 266 64 Demi-page
1276 2467 184 64 in-4.
1399 2467 102 64 3
1420 2467 61 64 »

19 2520 154 61 558.
115 2520 347 61 Bresson
404 2520 558 61 (J.-Bap.-Marie-François),
904 2520 193 61 député
1039 2520 135 61 des
1116 2520 327 61 Vosges
1386 2520 96 61 à
1405 2520 77 61 la

68 2572 325 55 Convention.
329 2572 130 55 L.
394 2572 174 55 aut.
502 2572 195 55 sig.,
632 2572 108 55 à
676 2572 130 55 M.
741 2572 347 55 ...Ferrette,
1023 2572 130 55 11
1088 2572 282 55 thermidor
1305 2572 130 55 an
1348 2572 130 55 XII.

-3 2618 437 54 4
171 2618 524 54 p.
434 2618 786 54 in-4.
1045 2618 437 54 4
1133 2618 350 54 50

27 2656 151 62 659.
121 2656 320 62 Brièz,
385 2656 188 62 député
517 2656 113 62 du
574 2656 283 62 Nord
800 2656 94 62 à
837 2656 113 62 la
894 2656 283 62 Convention.
1120 2656 113 62 L.
1177 2656 151 62 aut.
1271 2656 151 62 sig.
1346 2656 132 62 comme

91 2715 347 64 rprésentant
368 2715 139 64 du
438 2715 231 64 peuple
599 2715 185 64 près
715 2715 162 64 les
808 2715 231 64 armées
969 2715 139 64 du
1039 2715 185 64 Nord
1154 2715 139 64 et
1201 2715 277 64 Sambre
