1521 2878
591 27 193 91 —
669 27 232 91 55
746 27 116 91 —

60 109 211 82 Meuse,
208 109 106 82 à
250 109 148 82 son
334 109 253 82 collègue
525 109 232 82 Gillet.
694 109 296 82 Bruxelles,
926 109 127 82 24
989 109 253 82 frimaire
1179 109 127 82 an
1243 109 169 82 III.
1348 109 106 82 2
1370 109 84 82 p.

41 176 356 68 in-4.
279 176 316 68 Tête
476 176 514 68 imprimée.
872 176 514 68 Vignette.
1267 176 198 68 3
1307 176 158 68 50

15 218 161 76 660.
116 218 363 76 Brifaut
418 218 282 76 (Charles),
640 218 202 76 poëte,
781 218 202 76 auteur
922 218 302 76 dramatique,
1164 218 202 76 membre
1305 218 121 76 de
1345 218 121 76 l’A

63 285 216 55 cadémie
220 285 275 55 française.
436 285 118 55 Né
495 285 98 55 à
534 285 333 55 Dijon
809 285 118 55 1°
868 285 118 55 L.
926 285 157 55 aut.
1024 285 177 55 sig.,
1142 285 98 55 à
1181 285 118 55 M.
1221 285 235 55 Mennechet.

60 333 223 53 Samedi
216 333 223 53 matin,
372 333 134 53 19
439 333 223 53 avril.
595 333 112 53 1
640 333 134 53 p.
707 333 201 53 petit
841 333 223 53 in-12.
997 333 112 53 —
1042 333 290 53 Manuscrit
1265 333 179 53 aut.
1354 333 112 53 sur

61 383 269 65 l’ouvrage
268 383 145 65 qui
351 383 186 65 vient
474 383 207 65 d’être
619 383 227 65 publié:
784 383 227 65 «Etudes
950 383 145 65 sur
1032 383 186 65 l’art
1156 383 269 65 théâtral,
1342 383 124 65 sui-

62 420 194 62 «vies
192 420 324 62 d’anecdotes
451 420 259 62 inédites
645 420 151 62 sur
731 420 216 62 Talma,
882 420 129 62 et
947 420 129 62 de
1012 420 129 62 la
1077 420 388 62 correspondance
1379 420 86 62 de

63 481 194 51 «Dien
193 481 173 51 avec
301 481 151 51 cet
387 481 259 51 artiste,
581 481 216 51 depuis
732 481 173 51 1792
840 481 259 51 jusqu’en
1034 481 194 51 1815;
1163 481 151 51 par
1249 481 151 51 Mme
1314 481 151 51 Veuve

61 531 252 52 «Talma,
244 531 160 52 née
336 531 275 52 Vanhove,
542 531 321 52 maintenant
794 531 275 52 Comtesse
1001 531 138 52 de
1069 531 298 52 Chalot.»6
1299 531 160 52 gr.
1367 531 92 52 p.

23 581 421 51 pl.
264 581 361 51 et
444 581 542 51 demie
805 581 542 51 in-4.
1166 581 361 51 12
1286 581 181 51 »

19 616 144 54 661.
109 616 307 54 Brival
362 616 199 54 (Jean),
506 616 181 54 député
633 616 108 54 de
687 616 108 54 la
741 616 325 54 Corrèze
1012 616 90 54 à
1048 616 108 54 la
1102 616 271 54 Convention.
1319 616 108 54 L.
1355 616 108 54 aut.

60 654 201 65 sig.,
194 654 201 65 comme
328 654 358 65 représentant
619 654 134 65 du
686 654 224 65 peuple
842 654 179 65 dans
954 654 156 65 les
1043 654 358 65 départements
1334 654 134 65 de
1379 654 89 65 la

62 716 219 50 Vienne
215 716 131 50 et
281 716 131 50 de
346 716 131 50 la
412 716 372 50 Haute-Vienne.
718 716 284 50 Poitiers,
936 716 153 50 1er
1024 716 240 50 ventôse
1199 716 131 50 an
1264 716 153 50 II.
1352 716 109 50 1
1374 716 87 50 p.

-70 756 1384 63 in-4.
853 756 769 63 4
1007 756 461 63 »

14 792 188 75 662.
132 792 400 75 Brunetière
461 792 141 75 de
532 792 141 75 la
602 792 400 75 Bergerie,
931 792 259 75 médecin
1119 792 141 75 du
1190 792 212 75 comte
1307 792 165 75 d’Ar-

68 845 183 64 tois.
190 845 122 64 L.
251 845 163 64 aut.
352 845 183 64 sig.,
474 845 102 64 à
515 845 122 64 M.
576 845 285 64 Brunetière
800 845 122 64 de
861 845 122 64 la
922 845 264 64 Bergerie,
1125 845 203 64 maison
1268 845 122 64 de
1329 845 122 64 M.
1369 845 102 64 Jo-

65 899 210 56 belin,
212 899 272 56 procureur
421 899 126 56 en
484 899 293 56 parlement,
715 899 147 56 rue
798 899 126 56 de
861 899 126 56 la
924 899 210 56 Harpe,
1071 899 105 56 à
1113 899 210 56 Paris.
1239 899 231 56 Fontenay,

58 953 184 57 18
150 953 246 57 août
304 953 276 57 1789.
488 953 154 57 3
550 953 215 57 gr.
673 953 184 57 p.
765 953 215 57 pl.
887 953 276 57 in-4.
1072 953 338 57 Cachet.
1317 953 154 57 3
1348 953 123 57 50

19 980 151 73 663.
114 980 321 73 Brunow
378 980 132 73 (le
453 980 170 73 baron
567 980 189 73 Ernest
699 980 151 73 de),
793 980 189 73 poëte,
925 980 189 73 auteur
1058 980 113 73 de
1114 980 113 73 la
1152 980 321 73 Nouvelle

69 1045 359 59 Psychée,
375 1045 144 59 etc.
464 1045 108 59 L.
518 1045 108 59 a.
572 1045 108 59 s.
626 1045 126 59 (en
698 1045 252 59 Allemand).
896 1045 108 59 18
950 1045 162 59 janv.
1058 1045 162 59 1812.
1165 1045 90 59 1
1201 1045 108 59 p.
1255 1045 162 59 in-8.
1363 1045 108 59 3.
1399 1045 72 59 50

17 1084 166 63 664.
121 1084 353 63 Buchon
412 1084 436 63 (Jean-Alexandre),
786 1084 208 63 savant
931 1084 353 63 bibliographe,
1222 1084 228 63 éditeur
1367 1084 104 63 des

64 1137 277 65 Chroniques
282 1137 119 65 du
341 1137 178 65 Moyen
460 1137 158 65 Age.
559 1137 119 65 Né
619 1137 99 65 à
658 1137 376 65 Mennetou
975 1137 218 65 (Cher).
1133 1137 119 65 L.
1193 1137 158 65 aut.
1292 1137 178 65 sig.,
1391 1137 79 65 au

68 1191 218 50 Vicomte
226 1191 218 50 Siméon.
385 1191 277 50 Marseille,
602 1191 119 50 10
662 1191 218 50 Janvier
820 1191 178 50 1829.
939 1191 99 50 3
978 1191 139 50 gr.
1058 1191 119 50 p.
1117 1191 158 50 in-4
1216 1191 218 50 Cachet.
1374 1191 99 50 2
1394 1191 79 50 50

20 1227 149 59 665.
113 1227 391 59 Buonarotti
449 1227 242 59 (Michel),
635 1227 298 59 littérateur.
877 1227 112 59 Né
933 1227 93 59 à
970 1227 372 59 Florence
1287 1227 112 59 de
1343 1227 112 59 la
1380 1227 93 59 fa-

67 1291 192 46 mille
195 1291 128 46 du
259 1291 235 46 célèbre
429 1291 341 46 Michel-Ange,
707 1291 341 46 littérateur,
984 1291 277 46 compromis
1198 1291 171 46 dans
1304 1291 128 46 le
1347 1291 128 46 pro-

66 1320 156 63 cès
155 1320 134 63 de
222 1320 246 63 Babeuf,
401 1320 134 63 et
468 1320 268 63 déporté.
669 1320 134 63 L.
736 1320 201 63 sig.,
870 1320 201 63 comme
1005 1320 335 63 commissaire
1250 1320 224 63 national

66 1372 220 59 chargé
220 1372 154 59 par
308 1372 154 59 les
396 1372 375 59 représentants
705 1372 132 59 du
771 1372 220 59 peuple
925 1372 132 59 de
991 1372 242 59 presser
1168 1372 132 59 et
1212 1372 264 59 surveiller

64 1415 154 60 les
152 1415 287 60 armements
373 1415 132 60 de
439 1415 132 60 la
505 1415 243 60 marine,
681 1415 132 60 au
747 1415 243 60 citoyen
924 1415 220 60 Pomme.
1078 1415 265 60 Marsulie
1255 1415 220 60 (Corse),

59 1464 177 57 19
148 1464 443 57 ventôse....
502 1464 148 57 1
562 1464 177 57 p.
650 1464 207 57 pl.
768 1464 266 57 in-4.
945 1464 473 57 Rare
1329 1464 148 57 7
1359 1464 118 57 50

110 1504 137 81 Le
179 1504 228 81 convoi
338 1504 159 81 qui
429 1504 114 81 a
475 1504 159 81 été
566 1504 251 81 préparé
748 1504 182 81 pour
862 1504 137 81 le
930 1504 182 81 port
1044 1504 137 81 de
1113 1504 137 81 la
1181 1504 273 81 montagne
1363 1504 114 81 est

68 1555 192 67 d'une
196 1555 192 67 telle
323 1555 320 67 importance,
579 1555 149 67 que
664 1555 234 67 d’après
835 1555 149 67 les
920 1555 170 67 avis
1027 1555 149 67 sur
1112 1555 128 67 la
1176 1555 277 67 croisière
1367 1555 107 67 des

67 1602 264 73 ennemis,
265 1602 132 73 il
331 1602 132 73 ne
397 1602 176 73 peut
506 1602 154 73 pas
594 1602 132 73 se
660 1602 308 73 déterminer
902 1602 110 73 à
946 1602 132 73 la
1012 1602 198 73 faire
1143 1602 220 73 partir
1297 1602 176 73 sans
1385 1602 88 73 un

67 1669 210 47 ordre,
214 1669 126 47 et
277 1669 147 47 des
361 1669 336 47 instructions
634 1669 252 47 précises
824 1669 126 47 du
887 1669 357 47 contre-amiral
1160 1669 189 47 Martin.

19 1695 182 87 666.
133 1695 273 87 Buret
338 1695 137 87 de
406 1695 387 87 Lonchamp,
725 1695 228 87 poëte.
885 1695 137 87 L.
953 1695 182 87 aut.
1067 1695 182 87 sig.
1158 1695 319 87 Saint

58 1746 524 64 sous-Brienne.
489 1746 185 64 28
582 1746 339 64 janvier
828 1746 277 64 1822.
1013 1746 154 64 2
1075 1746 185 64 p.
1167 1746 277 64 in-4.
1352 1746 154 64 2
1383 1746 92 64 »

23 1805 149 57 667.
116 1805 298 57 Calès
359 1805 223 57 (J.-M.),
526 1805 186 57 député
657 1805 112 57 de
712 1805 112 57 la
768 1805 447 57 Haute-Garonne
1159 1805 93 57 à
1197 1805 112 57 la
1234 1805 242 57 Convention.

68 1856 136 57 L.
136 1856 182 57 aut.
250 1856 204 57 sig.,
386 1856 136 57 au
454 1856 295 57 ministre.
681 1856 227 57 Paris,
840 1856 136 57 22
908 1856 272 57 brumaire
1112 1856 136 57 au
1180 1856 136 57 v.
1225 1856 250 57 Demi

-48 1883 1247 73 in-4.
784 1883 693 73 2
923 1883 554 73 50

25 1929 149 70 668.
118 1929 372 70 Cassanyes
435 1929 167 70 (J.),
546 1929 186 70 député
676 1929 130 70 des
751 1929 353 70 Pyrénées
1048 1929 93 70 à
1085 1929 112 70 la
1141 1929 279 70 Convention.
1346 1929 130 70 Pièce

70 1986 171 76 aut.
176 1986 192 76 sig.,
304 1986 192 76 comme
432 1986 341 76 représentant
709 1986 128 76 du
773 1986 235 76 peuple,
944 1986 171 76 près
1051 1986 149 76 les
1136 1986 213 76 armées
1264 1986 213 76 d’Italie

69 2036 124 61 et
131 2036 145 61 des
214 2036 186 61 Alpes
338 2036 124 61 en
400 2036 207 61 faveur
545 2036 124 61 du
607 2036 186 61 sieur
731 2036 227 61 Vignon.
896 2036 124 61 Né
958 2036 103 61 à
1000 2036 372 61 Bagnols
1289 2036 186 61 (Gard).

69 2085 273 63 Grenoble,
279 2085 126 63 14
342 2085 231 63 ventôse
511 2085 126 63 an
574 2085 168 63 III.
679 2085 105 63 1
721 2085 126 63 p.
784 2085 231 63 in-fol.
952 2085 168 63 Tête
1057 2085 273 63 imprimée,
1247 2085 231 63 vignetté,

41 2131 496 62 cachet
388 2131 248 62 à
488 2131 297 62 la
636 2131 397 62 cire
884 2131 496 62 rouge.
1231 2131 248 62 3
1281 2131 198 62 50

26 2175 155 72 669.
123 2175 330 72 Castel
394 2175 175 72 (C.).
510 2175 116 72 L.
569 2175 155 72 aut.
666 2175 175 72 sig.,
782 2175 116 72 au
840 2175 213 72 citoyen
995 2175 252 72 Courtois,
1189 2175 194 72 membre
1325 2175 116 72 du
1364 2175 116 72 con-

68 2234 185 57 seil
183 2234 162 57 des
276 2234 277 57 Anciens.
484 2234 231 57 Paris,
646 2234 139 57 10
715 2234 301 57 thermidor
946 2234 139 57 an
1016 2234 185 57 VII.
1131 2234 116 57 1
1177 2234 139 57 p.
1247 2234 208 57 in-4.
1386 2234 116 57 6
1409 2234 69 57 »

116 2286 198 54 Selon
248 2286 176 54 lui,
358 2286 132 54 on
423 2286 132 54 ne
489 2286 176 54 peut
599 2286 285 54 davantage
818 2286 220 54 avilir
972 2286 132 54 le
1038 2286 241 54 conseil
1214 2286 154 54 des
1279 2286 198 54 Anciens

71 2321 147 64 que
155 2321 147 64 l’a
239 2321 168 64 fait
344 2321 126 64 le
407 2321 189 64 nommé
534 2321 210 64 Lebois
681 2321 147 64 (Ce
765 2321 210 64 Lebois
912 2321 147 64 fut
996 2321 231 64 fusillé
1165 2321 168 64 dans
1270 2321 126 64 la
1312 2321 168 64 plaine

72 2382 119 52 de
132 2382 278 52 Grenelle),
350 2382 159 52 dans
449 2382 119 52 le
509 2382 139 52 4me
588 2382 198 52 numéro
727 2382 119 52 du
786 2382 218 52 Père
945 2382 317 52 Duchesne
1203 2382 179 52 qu’il
1322 2382 139 52 lui
1382 2382 99 52 en-

72 2410 198 67 voie.
204 2410 308 67 «Lisez-le,
446 2410 132 67 je
512 2410 176 67 vous
622 2410 198 67 prie,
754 2410 132 67 et
820 2410 286 67 remarquez
1040 2410 154 67 les
1128 2410 220 67 lignes
1282 2410 154 67 que
1348 2410 132 67 j’ai

71 2475 336 54 «souslignés,
344 2475 126 54 et
407 2475 273 54 faites-en
618 2475 168 54 voir
723 2475 189 54 toute
849 2475 126 54 la
912 2475 336 54 scélératesse
1186 2475 126 54 au
1249 2475 231 54 Conseil
1396 2475 84 54 ou

75 2511 143 65 «au
156 2511 306 65 directoire,
401 2511 122 65 il
462 2511 143 65 est
543 2511 163 65 plus
645 2511 143 65 que
727 2511 183 65 temps
849 2511 122 65 de
910 2511 183 65 faire
1033 2511 183 65 taire
1155 2511 183 65 cette
1257 2511 224 65 exécrable

72 2575 234 55 «homme
235 2575 164 55 qui
329 2575 164 55 est
423 2575 140 55 un
493 2575 187 55 vrai
586 2575 328 55 anarchiste.»

28 2609 144 71 670.
118 2609 341 71 Charlier
405 2609 251 71 (Charles),
603 2609 180 71 député
729 2609 108 71 de
782 2609 108 71 la
836 2609 287 71 Marne
1070 2609 90 71 à
1106 2609 108 71 la
1160 2609 269 71 Convention.
1357 2609 126 71 Pièce

75 2672 161 57 aut.
175 2672 161 57 sig.
276 2672 201 57 Paris,
417 2672 121 57 17
477 2672 241 57 prairial
658 2672 121 57 an
718 2672 161 57 III.
819 2672 261 57 Demi-pace
1020 2672 221 57 in-fol.
1180 2672 161 57 Tête
1261 2672 221 57 imprimée,

14 2698 1060 103 vignette.
830 2698 489 103 15
1074 2698 408 103 7
1156 2698 326 103 50
