1549 2864
617 25 190 88 —
693 25 228 88 56
769 25 114 88 —

134 120 127 73 Il
197 120 191 73 s’est
325 120 255 73 présenté
516 120 127 73 au
580 120 212 73 Comité
728 120 127 73 de
792 120 212 73 sûreté
941 120 276 73 générale,
1153 120 127 73 où
1217 120 127 73 il
1281 120 106 73 a
1302 120 191 73 conduit

84 180 136 49 le
152 180 250 49 citoyen
334 180 182 49 Cand
448 180 136 49 de
516 180 205 49 Lyon,
653 180 227 49 contre
812 180 227 49 lequel
971 180 136 49 il
1039 180 114 49 a
1085 180 250 49 décerné
1267 180 136 49 un
1312 180 182 49 mandat

85 224 273 64 d’arrêt,
290 224 182 64 avec
404 224 159 64 son
495 224 273 64 collegue
700 224 273 64 Pocholle
905 224 228 64 «comme
1064 224 250 64 prévenu
1247 224 137 64 de
1292 224 205 64 compli-

87 282 197 60 «cité
219 282 175 60 avec
328 282 351 60 Robespierre,
613 282 132 60 et
679 282 241 60 d’avoir
854 282 153 60 été
942 282 263 60 partisan
1139 282 132 60 de
1205 282 153 60 ces
1271 282 219 60 monstres

88 323 170 55 «qui
194 323 319 55 calculaient
449 323 170 55 leur
556 323 234 55 fortune
726 323 149 55 sur
811 323 128 55 le
875 323 213 55 nombre
1024 323 383 55 d’arrestations
1322 323 170 55 qu’ils

87 365 293 66 «faisaient
317 365 209 66 faire,
464 365 125 66 et
526 365 125 66 la
589 365 167 66 mort
694 365 188 66 qu’il
798 365 272 66 donnaient.»

42 410 145 65 671.
132 410 308 65 Chazal
386 410 145 65 fils
477 410 217 65 (J.-P.),
640 410 181 65 député
766 410 109 65 du
821 410 272 65 Gard
1038 410 91 65 à
1074 410 109 65 la
1129 410 272 65 Convention.
1346 410 109 65 L.
1382 410 109 65 aut.

79 472 241 55 sig.
229 472 301 55 Paris,
440 472 210 55 1er
560 472 361 55 prairial
831 472 180 55 an
921 472 210 55 IV.
1041 472 150 55 1
1101 472 180 55 p.
1191 472 271 55 in-4.
1372 472 150 55 3
1402 472 90 55 »

42 495 145 89 672.
133 495 327 89 Chénier
405 495 345 89 (Marie-Joseph),
696 495 182 89 député
823 495 109 89 de
877 495 218 89 Seine
1041 495 272 89 et-Oise
1259 495 91 89 à
1295 495 109 89 la
1332 495 163 89 Conven

92 565 166 75 tion,
202 565 185 75 poëte,
331 565 185 75 auteur
461 565 111 75 de
516 565 111 75 la
571 565 221 75 tragédie
737 565 111 75 de
793 565 332 75 Charles
1070 565 129 75 IX,
1143 565 148 75 etc.
1236 565 166 75 Pièce
1346 565 111 75 de
1383 565 111 75 vers

66 622 445 47 autog.
378 622 356 47 (76)
601 622 223 47 2
690 622 267 47 p.
824 622 312 47 pl.
1002 622 401 47 in-8.
1269 622 267 47 15
1358 622 134 47 »

136 651 230 68 «Epitre
303 651 314 68 dédicatoire
554 651 125 68 au
617 651 272 68 rédacteur
826 651 125 68 de
889 651 188 68 l’Ane
1014 651 293 68 littéraire
1244 651 125 68 et
1307 651 125 68 du
1349 651 146 68 Jour-

84 703 190 79 «nal
203 703 166 79 des
274 703 213 79 Dégats.

273 754 247 67 «Critique
463 754 152 67 sûr,
558 754 171 67 léger
652 754 209 67 Geoffroy,

272 806 155 61 «Toi
368 806 155 61 qui,
465 806 213 61 bravant
620 806 116 61 le
659 806 193 61 ridicule

214 822 135 92 «Et
291 822 231 92 frappant
464 822 116 92 en
522 822 154 92 tous
618 822 154 92 sens
715 822 116 92 de
772 822 116 92 ta
830 822 193 92 lourde
946 822 173 92 férule,

214 891 127 60 «Et
286 891 109 60 de
341 891 109 60 la
395 891 181 60 vérité
522 891 109 60 le
577 891 163 60 Zoïle
685 891 109 60 et
722 891 199 60 l’effroi:

218 909 286 73 «D’Aliboron
447 909 191 73 défunt
581 909 172 73 saint
695 909 115 73 et
753 909 229 73 vaillant
905 909 153 73 émule,

215 950 171 74 «Sois
329 950 248 74 toujours,
520 950 152 74 sans
615 950 228 74 broncher
786 950 114 74 et
843 950 190 74 fidèle
977 950 114 74 au
1034 950 133 74 bon
1091 950 114 74 ton,

213 1010 137 61 «Le
292 1010 196 61 décent
429 1010 255 61 rédacteur
625 1010 118 61 du
684 1010 196 61 décent
802 1010 255 61 feuilleton;

215 1051 237 48 «Affronte
397 1051 127 48 les
470 1051 219 48 sifflets
634 1051 109 48 et
688 1051 109 48 le
743 1051 146 48 tour
834 1051 109 48 du
870 1051 146 48 bâton!

213 1092 146 65 «Que
304 1092 128 65 par
377 1092 128 65 toi
450 1092 110 65 la
505 1092 183 65 raison
633 1092 146 65 soit
725 1092 256 65 contrainte
926 1092 91 65 à
962 1092 110 65 se
999 1092 146 65 taire!

211 1140 178 50 «Avec
330 1140 316 50 discernement
587 1140 119 50 on
646 1140 119 50 te
705 1140 158 50 voit
784 1140 198 50 préférer

213 1179 130 61 «La
288 1179 204 61 sottise
436 1179 93 61 à
473 1179 223 61 l’esprit
640 1179 111 61 et
696 1179 204 61 Nonotte
844 1179 93 61 à
863 1179 204 61 Voltaire.

214 1201 202 96 «Quand
355 1201 121 96 tu
416 1201 202 96 prends
557 1201 121 96 ce
617 1201 182 96 parti
738 1201 141 96 qui
819 1201 161 96 peut
920 1201 121 96 en
960 1201 222 96 murmurer!

43 1288 149 100 673.
136 1288 372 100 Cherrier,
452 1288 186 100 député
582 1288 130 100 des
657 1288 316 100 Vosges
917 1288 93 100 à
954 1288 112 100 la
1010 1288 279 100 Convention.
1233 1288 112 100 L.
1289 1288 149 100 aut.
1363 1288 130 100 sig.,

89 1373 204 48 comme
225 1373 363 48 représentant
520 1373 136 48 du
588 1373 227 48 peuple
747 1373 136 48 en
815 1373 249 48 mission
996 1373 181 48 dans
1110 1373 159 48 les
1178 1373 317 48 départements

92 1407 128 54 du
156 1407 170 54 Cher
262 1407 128 54 et
326 1407 128 54 de
390 1407 255 54 l’Indre,
581 1407 128 54 au
645 1407 213 54 Comité
794 1407 128 54 de
858 1407 340 54 surveillance
1134 1407 128 54 de
1198 1407 255 54 Bourges.
1390 1407 106 54 1
1411 1407 85 54 p.

86 1460 235 56 in-4.
243 1460 209 56 Tête
373 1460 157 56 de
452 1460 261 56 lettre
635 1460 340 56 imprimée.
896 1460 340 56 Vignette.
1157 1460 287 56 Cachet.
1366 1460 131 56 3
1392 1460 105 56 50

45 1514 149 61 674.
138 1514 390 61 Collombel
473 1514 186 61 député
603 1514 112 61 de
659 1514 112 61 la
714 1514 335 61 Meurthe
993 1514 93 61 à
1030 1514 112 61 la
1086 1514 279 61 Convention.
1309 1514 186 61 Arrêté
1421 1514 74 61 du

90 1557 223 65 Comité
246 1557 134 65 de
312 1557 223 65 sûreté
468 1557 290 65 générale,
691 1557 178 65 aut.
803 1557 178 65 sig.
914 1557 134 65 de
981 1557 312 65 Collombel,
1226 1557 200 65 signé
1337 1557 156 65 aussi

88 1599 159 64 par
179 1599 295 64 Pémartin,
406 1599 295 64 Bailleul,
633 1599 136 64 P.
701 1599 272 64 Guyomar,
906 1599 136 64 P.
974 1599 250 64 Barras,
1155 1599 295 64 Monmayou,
1360 1599 136 64 Ker-

88 1662 248 62 vélégan,
274 1662 186 62 Calès
398 1662 124 62 et
460 1662 227 62 Bailly,
626 1662 124 62 en
688 1662 165 62 date
791 1662 124 62 du
853 1662 124 62 27
915 1662 310 62 vendémiaire
1163 1662 124 62 an
1225 1662 145 62 IV.
1308 1662 103 62 1
1349 1662 145 62 gr.
1411 1662 83 62 p.

75 1698 347 58 in-fol.
328 1698 252 58 Tête
485 1698 410 58 imprimée,
801 1698 410 58 vignette,
1116 1698 347 58 cachet.
1368 1698 158 58 5
1399 1698 95 58 »

137 1738 185 92 Ordre
261 1738 123 92 de
322 1738 267 92 restituer
528 1738 123 92 au
590 1738 226 92 citoyen
754 1738 247 92 Santerre
939 1738 144 92 ses
1021 1738 247 92 papiers,
1206 1738 185 92 ainsi
1330 1738 144 92 que
1391 1738 103 92 ses

68 1793 240 70 pistolets.

43 1826 153 82 675.
138 1826 248 82 Collot
329 1826 344 82 d’Herbois,
616 1826 191 82 député
750 1826 115 82 de
807 1826 306 82 Paris
1056 1826 96 82 à
1094 1826 115 82 la
1151 1826 287 82 Convention.
1361 1826 134 82 Pièce

92 1887 163 69 aut.
193 1887 163 69 sig.
295 1887 203 69 Paris,
437 1887 122 69 le
498 1887 264 69 quintidi,
702 1887 122 69 2e
763 1887 203 69 décade
905 1887 122 69 de
966 1887 224 69 nivôse,
1129 1887 122 69 an
1190 1887 163 69 III.
1292 1887 102 69 1
1332 1887 122 69 p.
1373 1887 122 69 in

18 1939 554 67 en
295 1939 1109 67 travers.
1126 1939 462 67 6
1219 1939 277 67 »

136 1972 167 69 Reçu
240 1972 125 69 de
303 1972 125 69 la
366 1972 313 69 déclaration
616 1972 146 69 des
699 1972 229 69 droits,
866 1972 125 69 de
929 1972 209 69 l’acte
1075 1972 396 69 constitutionnel
1388 1972 104 69 en-

90 2029 189 65 cadré
216 2029 126 65 de
279 2029 272 65 gravures,
488 2029 126 65 et
551 2029 126 65 du
614 2029 168 65 plan
719 2029 126 65 de
782 2029 126 65 la
844 2029 251 65 Bastille
1033 2029 147 65 que
1117 2029 126 65 le
1180 2029 231 65 citoyen
1326 2029 168 65 Palloy

88 2090 111 50 a
132 2090 178 50 bien
243 2090 200 50 voulu
376 2090 155 50 lui
443 2090 222 50 envoyer.

44 2135 152 68 676.
139 2135 381 68 Colombel,
463 2135 191 68 député
596 2135 114 68 de
654 2135 324 68 l'Orne
920 2135 95 68 à
959 2135 114 68 la
1016 2135 286 68 Convention.
1244 2135 114 68 L.
1301 2135 152 68 aut.
1378 2135 114 68 sig.

92 2187 291 60 Colombel,
328 2187 182 60 député
456 2187 109 60 de
510 2187 200 60 l’Orne,
656 2187 346 60 Montagnard
947 2187 200 60 Floréal
1093 2187 164 60 anII.
1202 2187 91 60 1
1238 2187 109 60 p.
1293 2187 164 60 in-4.
1402 2187 91 60 3
1420 2187 73 60 50

34 2240 198 60 677.
158 2240 322 60 Comité
406 2240 470 60 révolutionnaire
802 2240 149 60 du
876 2240 446 60 Pont-Neuf
1223 2240 272 60 Délibéra

87 2287 165 55 tion
191 2287 206 55 signée
335 2287 144 55 par
418 2287 186 55 douze
541 2287 227 55 membres
707 2287 124 55 de
769 2287 124 55 ce
830 2287 227 55 comité.
996 2287 206 55 Paris,
1140 2287 124 55 29
1202 2287 206 55 nivôse
1347 2287 124 55 an
1388 2287 103 55 II.

76 2331 158 62 1
139 2331 189 62 p.
233 2331 221 62 pl,
359 2331 284 62 in-4.
548 2331 252 62 Tête
706 2331 410 62 imprimée,
1021 2331 410 62 vignette,
1336 2331 158 62 2
1367 2331 126 62 25

40 2373 150 75 678.
134 2373 338 75 Corbel,
416 2373 188 75 député
548 2373 113 75 du
604 2373 357 75 Morbihan
905 2373 94 75 à
942 2373 113 75 la
998 2373 282 75 Convention.
1224 2373 113 75 L.
1280 2373 150 75 aut.
1355 2373 132 75 sig.,

85 2433 108 60 à
129 2433 152 60 ses
215 2433 282 60 collègues
432 2433 260 60 Guermeur
628 2433 130 60 et
693 2433 239 60 Guezno.
866 2433 260 60 Pontivy,
1061 2433 130 60 12
1126 2433 260 60 prairial
1322 2433 130 60 an
1365 2433 130 60 III,

72 2490 177 52 4
142 2490 213 52 p.
249 2490 319 52 in-4.
462 2490 284 52 Tête
639 2490 461 52 imprimée,
994 2490 461 52 vignette.
1348 2490 177 52 6
1384 2490 106 52 »

131 2529 213 59 Lettre
280 2529 341 59 intéressante
557 2529 149 59 sur
642 2529 128 59 la
706 2529 277 59 situation
919 2529 277 59 militaire
1132 2529 128 59 de
1196 2529 234 59 Pontivy
1345 2529 149 59 mena-

82 2579 152 87 cée
169 2579 130 87 de
234 2579 174 87 tous
343 2579 195 87 côtés
473 2579 152 87 par
559 2579 152 87 les
646 2579 282 87 insurgés;
863 2579 260 87 horrible
1058 2579 260 87 trahison
1232 2579 260 87 découverte

85 2628 208 58 contre
231 2628 125 58 la
294 2628 313 58 république,
523 2628 125 58 etc.

39 2662 159 67 679.
139 2662 398 67 Courtois,
477 2662 199 67 député
616 2662 119 67 de
676 2662 338 67 l'Aube
954 2662 99 67 à
994 2662 119 67 la
1053 2662 298 67 Convention.
1292 2662 199 67 Arrêté
1411 2662 80 67 du

83 2726 210 80 Comité
230 2726 126 80 de
293 2726 210 80 surcté
440 2726 273 80 générale,
650 2726 168 80 aut.
755 2726 168 80 sig.
860 2726 147 80 par
944 2726 273 80 Courtois,
1154 2726 189 80 signé
1280 2726 189 80 aussi
1385 2726 105 80 par
