1537 2838
695 31 230 89 57
771 31 115 89 —

73 143 334 62 Kervélégan,
340 143 289 62 Sevestre,
562 143 245 62 Lomont,
740 143 222 62 Bailly
896 143 133 62 et
962 143 133 62 P.
1029 143 133 62 M.
1096 143 289 62 Delaunay.
1296 143 178 62 Paris,

75 189 126 63 15
138 189 273 63 thermidor
348 189 126 63 an
411 189 168 63 III.
516 189 105 63 1
558 189 147 63 gr.
642 189 126 63 p.
705 189 231 63 in-fol.
874 189 168 63 Tête
979 189 273 63 imprimée,
1189 189 273 63 vignette.
1378 189 105 63 Ca-

-57 239 1382 85 chet.
865 239 768 85 6
1018 239 461 85 »

122 280 129 70 Au
187 280 194 70 sujet
317 280 129 70 de
381 280 323 70 l’ouverture
640 280 151 70 des
726 280 237 70 papiers
899 280 216 70 saisis
1050 280 173 70 chez
1158 280 129 70 le
1222 280 237 70 citoyen
1373 280 108 70 Ar-

76 337 212 58 thaud,
224 337 276 58 directeur
437 337 149 58 des
522 337 234 58 postes,
691 337 106 58 à
734 337 276 58 Toulouse,
946 337 170 58 lors
1052 337 127 58 de
1116 337 149 58 son
1180 337 297 58 arrestation.

30 385 141 65 680.
119 385 371 65 Couturier,
437 385 177 65 député
561 385 106 65 de
614 385 106 65 la
667 385 318 65 Moselle
932 385 88 65 à
967 385 106 65 la
1020 385 265 65 Convention.
1232 385 106 65 L.
1286 385 141 65 aut.
1356 385 124 65 sig.,

66 443 481 60 à-Bentabole.
457 443 300 60 Paris,
667 443 150 60 7
727 443 210 60 ...
847 443 180 60 an
937 443 180 60 v.
1027 443 150 60 1
1087 443 180 60 p.
1178 443 270 60 in-8.
1358 443 150 60 3
1388 443 90 60 »

32 482 147 73 681.
123 482 330 73 Dabray,
398 482 183 73 député
526 482 128 73 des
600 482 476 73 Alpes-Maritimes
1021 482 92 73 à
1058 482 110 73 la
1113 482 275 73 Convention.
1332 482 110 73 L.
1369 482 110 73 aut.

76 533 192 58 sig.,
203 533 149 58 aux
289 533 256 58 citoyens
480 533 277 58 composant
693 533 426 58 l’administration
1055 533 256 58 centrale
1247 533 149 58 des
1311 533 170 58 Alpes-

71 581 352 62 Maritimes.
348 581 226 62 Nice,
499 581 126 62 5
549 581 302 62 frimaire
775 581 151 62 an
851 581 201 62 VII.
977 581 151 62 16
1052 581 151 62 p.
1128 581 176 62 pl.
1228 581 226 62 in-4.
1379 581 126 62 6
1405 581 75 62 »

121 630 124 62 Au
183 630 186 62 sujet
307 630 124 62 de
369 630 124 62 la
431 630 268 62 situation
637 630 289 62 déplorable
864 630 144 62 des
947 630 165 62 lles
1050 630 124 62 du
1112 630 165 62 Var,
1194 630 124 62 etc.

29 674 146 78 682.
120 674 402 78 Dartigoyte,
467 674 183 78 député
595 674 128 78 des
669 674 311 78 Landes
925 674 91 78 à
961 674 110 78 la
1016 674 274 78 Convention.
1235 674 110 78 L.
1290 674 146 78 aut.
1363 674 110 78 sig.

72 728 205 57 comme
209 728 364 57 représentant
505 728 137 57 du
573 728 228 57 peuple
732 728 182 57 dans
846 728 159 57 les
937 728 364 57 départements
1233 728 137 57 du
1301 728 182 57 Gers
1392 728 91 57 et

73 774 409 69 Haute-Garonne,
414 774 159 69 aux
505 774 250 69 membres
687 774 136 69 de
755 774 136 69 la
823 774 318 69 commission
1073 774 136 69 de
1118 774 364 69 l’organisation

74 840 131 57 et
140 840 131 57 du
206 840 285 57 mouvement
425 840 153 57 des
512 840 219 57 armées
666 840 131 57 de
731 840 219 57 terre.
885 840 153 57 1er
972 840 285 57 thermidor
1191 840 131 57 an
1257 840 153 57 II.
1345 840 110 57 1
1366 840 110 57 gr.

49 870 286 66 p.
192 870 525 66 in-fol.
574 870 382 66 Tête
813 870 620 66 imprimée.
1290 870 239 66 5
1338 870 143 66 »

28 920 179 63 683.
140 920 425 63 Débarquement
498 920 157 63 des
587 920 246 63 Anglais
766 920 112 63 à
811 920 380 63 Ouiberon
1102 920 380 63 Arresta

79 973 203 59 tion
226 973 129 59 des
300 973 203 59 parents
448 973 129 59 des
522 973 296 59 émigrés
762 973 148 59 etc.
855 973 259 59 Ampliation
1058 973 166 59 d’une
1169 973 296 59 proclamation
1391 973 92 59 des

75 1026 404 53 représentants
408 1026 143 53 du
480 1026 238 53 peuple
646 1026 214 53 Brue,
789 1026 286 53 Topsent,
1003 1026 238 53 Guezno
1170 1026 143 53 et
1217 1026 262 53 Guermeur,

80 1074 171 57 datée
194 1074 114 57 de
251 1074 227 57 Lorient,
421 1074 114 57 le
478 1074 95 57 9
516 1074 227 57 messidor
686 1074 114 57 an
743 1074 152 57 III,
838 1074 114 57 et
895 1074 189 57 signée
1027 1074 133 57 par
1103 1074 341 57 Courné
1368 1074 114 57 pré-

73 1114 238 64 sident
240 1114 143 64 du
311 1114 357 64 département
597 1114 548 64 d’Ille-et-Villaine.
1074 1114 119 64 2
1122 1114 143 64 p.
1193 1114 262 64 in-fol.
1384 1114 119 64 4
1408 1114 71 64 »

28 1168 162 61 684.
129 1168 425 61 Delatouche
493 1168 223 61 (Méhé),
655 1168 283 61 secrétaire
878 1168 121 61 de
939 1168 243 61 Tallien,
1121 1168 223 61 pendant
1283 1168 142 61 les
1343 1168 142 61 jour

80 1221 156 59 nées
177 1221 136 59 des
255 1221 97 59 2
294 1221 117 59 et
352 1221 97 59 3
391 1221 253 59 septembre
586 1221 175 59 1792,
703 1221 195 59 accusé
840 1221 214 59 d’avoir
996 1221 175 59 signé
1113 1221 136 59 les
1191 1221 214 59 bons
1327 1221 156 59 du

78 1263 337 60 travail
359 1263 131 60 aux
434 1263 299 60 massacreurs.
677 1263 112 60 L.
733 1263 150 60 aut.
826 1263 168 60 sig.,
939 1263 94 60 à
976 1263 112 60 M.
1032 1263 187 60 Emery,
1163 1263 243 60 libraire.
1331 1263 150 60 Paris,

54 1324 237 50 28
173 1324 435 50 janvier
489 1324 356 50 1824.
727 1324 198 50 1
806 1324 237 50 p.
924 1324 277 50 pl.
1083 1324 356 50 in-4.
1320 1324 198 50 5
1359 1324 119 50 »

122 1357 118 63 Au
181 1357 177 63 sujet
299 1357 177 63 d’une
417 1357 216 63 attaque
574 1357 157 63 dont
672 1357 138 63 ila
751 1357 138 63 été
830 1357 216 63 l’objet
987 1357 157 63 dans
1085 1357 118 63 le
1144 1357 216 63 journal
1301 1357 118 63 du
1340 1357 138 63 nord.

35 1406 146 61 685.
126 1406 366 61 Delecloy,
437 1406 183 61 député
566 1406 110 61 de
621 1406 110 61 la
675 1406 293 61 Somme
913 1406 92 61 à
950 1406 110 61 la
1005 1406 275 61 Convention.
1225 1406 110 61 L.
1280 1406 146 61 aut.
1353 1406 128 61 sig.,

75 1453 147 58 aux
159 1453 232 58 membres
328 1453 274 58 composant
538 1453 126 58 le
601 1453 210 58 Comité
748 1453 126 58 de
812 1453 189 58 salut
938 1453 232 58 public.
1106 1453 210 58 Paris,
1254 1453 126 58 18
1296 1453 189 58 juillet

73 1506 195 76 1793.
203 1506 130 76 En
268 1506 195 76 marge
398 1506 130 76 se
463 1506 216 76 trouve
614 1506 151 76 une
701 1506 173 76 note
809 1506 130 76 de
874 1506 216 76 quatre
1026 1506 238 76 lignes,
1199 1506 173 76 aut.
1307 1506 173 76 sig.
1393 1506 87 76 de

76 1546 356 69 Lavicomterie,
370 1546 210 69 signée
516 1546 189 69 aussi
642 1546 147 69 par
726 1546 210 69 Lanot,
873 1546 231 69 Guffroy
1041 1546 126 69 et
1104 1546 189 69 Pinet
1229 1546 189 69 aîné.
1355 1546 105 69 2
1376 1546 105 69 gr.

17 1593 462 77 p.
248 1593 539 77 pl.
556 1593 847 77 in-fol.
1172 1593 385 77 6
1249 1593 231 77 »

121 1643 131 63 Il
187 1643 110 63 a
231 1643 219 63 besoin
384 1643 175 63 d’un
493 1643 197 63 congé
625 1643 131 63 de
691 1643 219 63 quinze
844 1643 197 63 jours
975 1643 197 63 pour,
1107 1643 131 63 en
1172 1643 131 63 sa
1238 1643 241 63 qualité
1391 1643 88 63 de

74 1696 256 56 notaire,
265 1696 192 56 aller
393 1696 192 56 faire
521 1696 128 56 la
585 1696 277 56 recherche
798 1696 170 56 dans
905 1696 149 56 ses
990 1696 256 56 minutes,
1182 1696 149 56 des
1267 1696 213 56 titres
1395 1696 85 56 de

72 1741 291 66 féodalité
295 1741 358 66 conformément
586 1741 112 66 à
631 1741 134 66 la
698 1741 179 66 loi,
810 1741 134 66 et
877 1741 268 66 remettre
1078 1741 112 66 à
1123 1741 134 66 sa
1168 1741 313 66 municipalité

73 1800 170 70 pour
179 1800 170 70 être
286 1800 213 70 brûlès
435 1800 128 70 le
499 1800 128 70 10
563 1800 192 70 août;
691 1800 149 70 sur
776 1800 170 70 quoi
882 1800 128 70 il
946 1800 213 70 serait
1095 1800 213 70 exposé
1245 1800 107 70 à
1287 1800 128 70 la
1330 1800 149 70 peine

71 1842 138 68 de
140 1842 184 68 deux
255 1842 230 68 années
416 1842 138 68 de
462 1842 207 68 fer....

29 1858 159 100 686.
128 1858 377 100 Deleuze,
446 1858 218 100 célèbre
605 1858 318 100 magnétiseur.
863 1858 119 100 L.
923 1858 159 100 aut.
1022 1858 179 100 sig.,
1141 1858 99 100 à
1181 1858 119 100 M.
1221 1858 258 100 Bricheteau,

63 1933 340 68 médecin.
318 1933 283 68 Paris,
516 1933 142 68 8
573 1933 369 68 septembre
856 1933 255 68 1822.
1026 1933 142 68 1
1083 1933 170 68 p.
1168 1933 255 68 in-4.
1338 1933 142 68 2
1367 1933 113 68 50

27 1986 148 71 687.
120 1986 389 71 Delleville
453 1986 278 71 (Philippe),
675 1986 185 71 député
805 1986 111 71 du
860 1986 352 71 Calvados
1156 1986 93 71 à
1193 1986 111 71 la
1230 1986 241 71 Convention.

73 2034 136 62 L.
141 2034 181 62 aut.
255 2034 181 62 sig.
368 2034 227 62 Paris,
526 2034 136 62 17
594 2034 340 62 vendémiaire
866 2034 136 62 an
934 2034 159 62 VI.
1025 2034 136 62 1.
1093 2034 136 62 p.
1161 2034 159 62 pl.
1251 2034 204 62 in-4.
1387 2034 113 62 3
1410 2034 68 62 «

31 2078 147 68 688.
122 2078 330 68 Desacy,
398 2078 184 68 député
526 2078 110 68 de
581 2078 110 68 la
636 2078 441 68 Haute-Garonne
1022 2078 92 68 à
1059 2078 110 68 la
1114 2078 275 68 Convention.
1334 2078 110 68 Il
1371 2078 110 68 mou

72 2145 173 61 rut,
181 2145 238 61 dit-on,
354 2145 130 61 de
418 2145 238 61 chagrin
591 2145 130 61 de
656 2145 151 61 son
743 2145 195 61 vote.
873 2145 130 61 L.
937 2145 173 61 aut.
1046 2145 173 61 sig.
1154 2145 216 61 Arras,
1305 2145 130 61 22
1348 2145 130 61 juin

31 2182 379 60 an
220 2182 442 60 II.
473 2182 315 60 1
599 2182 379 60 p.
788 2182 568 60 in-4.
1167 2182 315 60 3
1230 2182 252 60 50

30 2243 145 59 689.
121 2243 381 59 Desmoulins
448 2243 254 59 (Camille),
647 2243 182 59 député
775 2243 109 59 de
829 2243 291 59 Paris
1065 2243 91 59 à
1102 2243 109 59 la
1156 2243 272 59 Convention.
1356 2243 127 59 Frag-

64 2285 231 54 ment
208 2285 231 54 aut.
352 2285 144 54 1
410 2285 173 54 p.
496 2285 259 54 petit
669 2285 288 54 in-18.
871 2285 231 54 Deux
1015 2285 432 54 fac-simile.
1361 2285 144 54 5
1390 2285 86 54 »

30 2338 143 77 690.
120 2338 340 77 Deydier,
406 2338 179 77 député
531 2338 107 77 de
584 2338 286 77 l'Ain
817 2338 89 77 à
852 2338 107 77 la
906 2338 268 77 Convention.
1121 2338 107 77 L.
1174 2338 143 77 aut.
1264 2338 143 77 sig.
1335 2338 143 77 Paris,

54 2379 238 68 20
173 2379 436 68 floréal
491 2379 238 68 an
610 2379 278 68 VI.
768 2379 198 68 1
847 2379 238 68 p.
966 2379 436 68 in-fol.
1284 2379 198 68 2
1323 2379 159 68 50

27 2428 171 64 691.
133 2428 320 64 Diamants
389 2428 235 64 retirés
560 2428 128 64 de
624 2428 128 64 la
688 2428 299 64 Seine.
923 2428 299 64 Affaire
1137 2428 341 64 Maubreuil

72 2480 201 59 Pièce
206 2480 179 59 sig.
318 2480 134 59 du
385 2480 201 59 comte
519 2480 268 59 Beugnot,
720 2480 201 59 comme
854 2480 291 59 directeur
1078 2480 246 59 général
1256 2480 134 59 de
1324 2480 134 59 la
1368 2480 112 59 po-

72 2527 188 60 lice
189 2527 141 60 du
259 2527 281 60 royaume,
470 2527 188 60 pour
587 2527 141 60 le
658 2527 281 60 payement
869 2527 141 60 de
939 2527 141 60 la
1009 2527 211 60 somme
1150 2527 141 60 de
1220 2527 188 60 huit
1314 2527 164 60 cents

70 2578 228 55 francs,
236 2578 145 55 que
319 2578 124 55 le
381 2578 249 55 caissier
567 2578 124 55 de
630 2578 124 55 la
692 2578 207 55 police
837 2578 124 55 de
899 2578 186 55 Paris
1023 2578 207 55 paiera
1168 2578 145 55 aux
1251 2578 166 55 huit
1334 2578 145 55 plon-

70 2620 201 69 geurs
204 2620 157 69 qui
293 2620 157 69 ont
383 2620 224 69 retiré
539 2620 157 69 des
629 2620 268 69 diamants
830 2620 134 69 de
897 2620 134 69 la
964 2620 201 69 Seine
1099 2620 112 69 à
1143 2620 224 69 raison
1300 2620 134 69 de
1345 2620 134 69 cent

71 2680 234 57 trancs
234 2680 164 57 par
328 2680 257 57 chacun.
515 2680 234 57 Paris,
679 2680 117 57 3
726 2680 187 57 août
842 2680 211 57 1814.
983 2680 117 57 1
1030 2680 140 57 p.
1100 2680 164 57 pl.
1193 2680 257 57 in-fol.
1380 2680 117 57 6
1404 2680 70 57 »

22 2721 185 78 692.
137 2721 323 78 Doulcet
391 2721 138 78 De
460 2721 461 78 Pontécoulant
852 2721 161 78 (le
945 2721 254 78 marquis
1129 2721 185 78 de),
1244 2721 231 78 député
1383 2721 92 78 du
