1524 2912
53 173 367 72 Calvados
362 173 97 72 à
401 173 116 72 la
458 173 290 72 Convention.
690 173 116 72 L.
748 173 155 72 aut.
845 173 155 72 sig.
942 173 193 72 Paris,
1077 173 116 72 21
1135 173 232 72 frimaire
1309 173 116 72 an
1367 173 97 72 V
1386 173 58 72 1

-13 231 517 61 p.
245 231 776 61 in-4.
849 231 431 61 »
1021 231 431 61 2
1107 231 345 61 25

6 282 144 70 693.
96 282 361 70 Dubignon,
403 282 181 70 depute
529 282 289 70 d'Ille-et
764 282 289 70 -Vilaine
999 282 90 70 à
1035 282 108 70 la
1089 282 271 70 Convention.
1306 282 108 70 L.
1342 282 108 70 aut.

40 334 251 47 sig.
196 334 313 47 Paris,
416 334 188 47 28
509 334 282 47 août,
697 334 251 47 l’an
854 334 219 47 II.
979 334 157 47 3
1042 334 188 47 p.
1136 334 282 47 in-4.
1324 334 157 47 3
1355 334 94 47 »

5 374 143 65 694.
95 374 304 65 Dubois
345 374 233 65 (Julien),
524 374 179 65 député
649 374 107 65 de
703 374 304 65 l'Orne
953 374 89 65 à
989 374 107 65 la
1043 374 268 65 Convention.
1257 374 179 65 Paris,
1365 374 89 65 1er

31 430 561 55 vendémiaire
479 430 374 55 an....
741 430 187 55 1
816 430 224 55 p.
928 430 262 55 pl.
1077 430 336 55 in-4.
1301 430 187 55 3
1339 430 112 55 »

5 452 152 81 695.
100 452 247 81 Dubois
290 452 114 81 Du
347 452 228 81 Bais
519 452 400 81 (Louis-Thibault),
861 452 190 81 dénuté
994 452 114 81 du
1051 452 362 81 Calvados
1356 452 95 81 à
1375 452 76 81 la

47 519 323 66 Convention
301 519 323 66 nationale.
554 519 138 66 L.
623 519 184 66 aut.
738 519 207 66 sig.,
877 519 161 66 aux
969 519 254 66 membres
1153 519 138 66 du
1223 519 231 66 Comité
1361 519 92 66 de

49 564 197 66 sûreté
187 564 256 66 générale.
385 564 197 66 Paris,
523 564 118 66 15
582 564 217 66 ventôse
740 564 118 66 an
799 564 138 66 II.
878 564 99 66 3
917 564 118 66 g.
977 564 118 66 p.
1036 564 138 66 pl.
1115 564 138 66 gr.
1194 564 217 66 in-fol.
1351 564 118 66 10
1391 564 59 66 »

93 619 209 57 Lettre
239 619 334 57 intéressante
510 619 209 57 contre
656 619 146 57 les
740 619 229 57 parties
907 619 125 57 du
969 619 229 57 rapport
1136 619 125 57 de
1199 619 229 57 Jullien
1345 619 104 57 (de

46 667 290 64 Toulouse)
268 667 223 64 contre
424 667 290 64 plusieurs
647 667 379 64 fédéralistes;
959 667 223 64 exposé
1115 667 134 64 de
1182 667 134 64 sa
1226 667 223 64 conduite

46 718 236 55 pendant
217 718 129 55 sa
282 718 236 55 mission
454 718 107 55 à
497 718 236 55 l’armée
668 718 129 55 du
733 718 193 55 Nord,
862 718 193 55 etc.,
969 718 129 55 etc.

4 752 136 71 696.
89 752 271 71 Duhem
309 752 203 71 (P.-J.),
461 752 169 71 député
580 752 102 71 du
631 752 254 71 Nord
834 752 85 71 à
868 752 102 71 la
919 752 254 71 Convention.
1122 752 102 71 Né
1173 752 85 71 à
1190 752 254 71 Lille

48 818 127 56 L.
111 818 170 56 aut.
218 818 191 56 sig.,
345 818 149 56 aux
430 818 255 56 citoyens
621 818 276 56 composant
834 818 127 56 le
898 818 212 56 Comité
1046 818 127 56 de
1110 818 340 56 surveillance
1365 818 85 56 de

47 862 122 75 la
108 862 224 75 section
270 862 122 75 de
331 862 264 75 Guillaume
535 862 183 75 Tell.
657 862 203 75 Paris,
799 862 102 75 5
840 862 244 75 frimaire
1023 862 122 75 an
1084 862 142 75 II.
1165 862 102 75 1
1206 862 122 75 p.
1267 862 122 75 et
1308 862 142 75 quart

42 914 302 61 in-fol.,
268 914 201 61 avec
394 914 126 61 4
444 914 251 61 lignes
620 914 201 61 aut.
745 914 201 61 sig.
871 914 151 61 de
946 914 251 61 Lesage
1122 914 302 61 Sénault.
1348 914 126 61 6
1374 914 75 61 »

13 962 136 59 697
90 962 330 59 Dumont
362 962 233 59 (André),
536 962 194 59 député
672 962 116 59 de
730 962 116 59 la
788 962 310 59 Somme
1041 962 97 59 à
1079 962 116 59 la
1138 962 291 59 Convention.
1351 962 97 59 Ar

48 1010 165 66 rêté
152 1010 165 66 aut.
255 1010 186 66 sig.,
378 1010 124 66 au
440 1010 186 66 sujet
564 1010 124 66 de
626 1010 351 66 l’arrestation
915 1010 124 66 de
977 1010 206 66 Pidou,
1121 1010 268 66 concierge
1327 1010 124 66 de
1368 1010 83 66 la

47 1064 304 61 manufacture
290 1064 223 61 d’armes
452 1064 122 61 de
513 1064 304 61 Versailles.
756 1064 304 61 Versailles,
999 1064 122 61 16
1060 1064 243 61 prairial
1242 1064 122 61 an
1303 1064 162 61 III.
1384 1064 61 61 1

27 1108 231 59 p.
142 1108 231 59 et
257 1108 346 59 demie
488 1108 346 59 in-4.
719 1108 308 59 Tête
911 1108 500 59 imprimée.
1296 1108 192 59 5
1335 1108 115 59 »

-1 1153 151 71 698.
93 1153 207 71 Eloi
244 1153 339 71 Johanneau,
526 1153 188 71 savant
658 1153 169 71 érud.
771 1153 113 71 Né
828 1153 94 71 à
865 1153 339 71 Contres
1129 1153 320 71 (Loir

45 1203 128 60 L.
109 1203 170 60 aut.
215 1203 191 60 sig.,
343 1203 106 60 à
385 1203 128 60 M.
449 1203 298 60 Villenave.
683 1203 213 60 Paris,
832 1203 106 60 5
875 1203 191 60 avril
1002 1203 191 60 1817.
1130 1203 106 60 3
1172 1203 128 60 p.
1236 1203 191 60 in-4.
1364 1203 106 60 3
1385 1203 64 60 »

0 1253 157 71 699.
98 1253 353 71 Estrées
392 1253 196 71 (César
529 1253 157 71 d’),
627 1253 255 71 cardinal,
823 1253 196 71 membre
960 1253 118 71 de
1019 1253 274 71 l’Académie
1215 1253 235 71 française.

44 1309 126 48 L.
107 1309 168 48 aut.
212 1309 189 48 sig.,
338 1309 105 48 à
380 1309 189 48 M....
506 1309 189 48 Rome,
632 1309 126 48 16
695 1309 231 48 octobre
863 1309 189 48 1681.
989 1309 126 48 11
1052 1309 126 48 p.
1115 1309 147 48 pl.
1199 1309 189 48 in-4.
1304 1309 147 48 Très-

21 1354 390 56 belle
280 1354 476 56 lettre.
627 1354 736 56 Intéressante.
1233 1354 260 56 12
1319 1354 130 56 »

-2 1392 157 82 700.
97 1392 334 82 Favart
372 1392 393 82 (Charles-Simon),
706 1392 196 82 auteur
843 1392 295 82 dramatique.
1059 1392 393 82 Aujourd'hu

45 1458 248 72 c’est
231 1458 165 72 jour
335 1458 124 72 de
397 1458 186 72 fête,
521 1458 186 72 c’est
645 1458 124 72 la
707 1458 165 72 fête
811 1458 393 72 d’lamiquié.....
1142 1458 228 72 Chanson
1307 1458 165 72 aut.
1390 1458 62 72 4

41 1511 164 56 gr.
134 1511 141 56 p.
205 1511 211 56 in-4,
346 1511 188 56 avec
463 1511 141 56 un
533 1511 329 56 certificat
792 1511 188 56 aut.
909 1511 188 56 sig.
1026 1511 141 56 de
1097 1511 164 56 son
1191 1511 211 56 fils.
1332 1511 141 56 12
1379 1511 70 56 »

-2 1542 149 75 701.
92 1542 355 75 Fénelon,
390 1542 261 75 archevêque
596 1542 112 75 de
652 1542 355 75 Cambra.
950 1542 112 75 L.
1006 1542 168 75 aut.,
1118 1542 93 75 à
1155 1542 149 75 M...
1249 1542 112 75 20
1286 1542 168 75 janvier

36 1604 254 56 1714.
205 1604 170 56 5.
290 1604 170 56 p.
375 1604 198 56 pl.
488 1604 170 56 et
573 1604 254 56 demie
742 1604 254 56 in-4.
912 1604 254 56 Belle
1082 1604 311 56 lettre.
1308 1604 170 56 65
1364 1604 85 56 »

90 1657 149 55 Sur
175 1657 149 55 les
260 1657 276 55 querelles
472 1657 318 55 religieuses
726 1657 127 55 du
790 1657 255 55 temps...
981 1657 255 55 «Veut-on
1172 1657 212 55 piquer
1299 1657 149 55 Rome,

43 1699 148 68 «la
127 1699 232 68 rebuter
296 1699 127 68 de
359 1699 169 68 nous
465 1699 232 68 envoyer
633 1699 148 68 des
718 1699 274 68 décisions
929 1699 211 68 contre
1076 1699 127 68 le
1140 1699 316 68 Jansénisme,
1372 1699 84 68 et

42 1752 272 52 «boucher
246 1752 136 52 le
314 1752 227 52 chemin
473 1752 113 52 à
518 1752 159 52 ses
609 1752 317 52 jugements?
859 1752 181 52 Nous
972 1752 249 52 n’avons
1153 1752 227 52 jamais
1312 1752 136 52 eu
1357 1752 91 52 un

41 1796 150 68 «si
126 1796 257 68 pressant
319 1796 214 68 besoin
469 1796 128 68 de
533 1796 278 68 favoriser
747 1796 150 68 les
833 1796 278 68 décisions
1047 1796 128 68 du
1111 1796 343 68 Saint-Siège,
1368 1796 86 68 de

42 1845 166 60 «les
146 1845 290 60 faciliter,
374 1845 124 60 et
436 1845 166 60 d’en
540 1845 249 60 soutenir
726 1845 290 60 l’autorité
954 1845 290 60 contredite
1182 1845 145 60 par
1265 1845 124 60 un
1307 1845 145 60 parti

42 1889 336 53 «redoutable.
315 1889 168 53 Qu’y
421 1889 210 53 a-t-il
568 1889 126 53 de
631 1889 168 53 plus
736 1889 210 53 odieux
883 1889 147 53 que
967 1889 126 53 de
1030 1889 252 53 chicaner
1220 1889 126 53 et
1262 1889 189 53 d’inno-

40 1939 173 72 «ver
149 1939 173 72 dans
257 1939 152 72 ces
344 1939 433 72 circonstances...
712 1939 173 72 Ceux
821 1939 152 72 qui
907 1939 238 72 veulent
1081 1939 195 72 cette
1189 1939 260 72 innovation

41 1994 309 55 «cherchent
283 1994 110 55 à
328 1994 265 55 troubler
526 1994 132 55 la
592 1994 220 55 France
746 1994 176 55 avec
857 1994 198 55 Rome,
989 1994 132 55 ou
1055 1994 110 55 à
1099 1994 265 55 dégrader
1276 1994 176 55 insen-

42 2035 313 61 «siblement
288 2035 179 61 Rome
400 2035 179 61 pour
512 2035 313 61 assujettir
758 2035 157 61 ses
848 2035 291 61 jugements
1071 2035 112 61 à
1116 2035 269 61 l’examen
1318 2035 134 61 de
1362 2035 90 61 la

40 2080 356 63 «France...,
302 2080 143 63 etc.

-1 2125 137 51 702.
84 2125 308 51 Fouché,
341 2125 103 51 de
392 2125 308 51 Nantes
649 2125 171 51 député
768 2125 103 51 de
819 2125 103 51 la
871 2125 462 51 Loire-Inférieure
1281 2125 85 51 à
1315 2125 103 51 la
1349 2125 103 51 Con

41 2178 256 58 vention,
233 2178 256 58 Ministre
425 2178 128 58 de
489 2178 128 58 la
553 2178 214 58 police
703 2178 278 58 générale.
916 2178 192 58 Pièce
1044 2178 171 58 aut.
1151 2178 171 58 sic.
1258 2178 214 58 Paris,
1386 2178 64 58 4

10 2212 463 80 mars,
318 2212 668 80 demi-page
832 2212 463 80 in-4.
1141 2212 257 80 5
1243 2212 257 80 4
1295 2212 154 80 »

-2 2272 147 76 703.
89 2272 404 76 Francastel
439 2272 184 76 député
567 2272 110 76 de
622 2272 312 76 l'Eure
879 2272 92 76 à
916 2272 110 76 la
971 2272 276 76 Convention.
1192 2272 110 76 L.
1247 2272 147 76 aut.
1320 2272 129 76 sig.,

40 2317 149 60 aux
125 2317 235 60 membres
296 2317 128 60 du
360 2317 213 60 Comité
509 2317 128 60 de
573 2317 213 60 sûreté
722 2317 277 60 générale.
936 2317 149 60 1er
1021 2317 320 60 vendémiaire
1277 2317 128 60 an
1320 2317 128 60 III.

6 2376 289 64 1
122 2376 347 64 p.
295 2376 347 64 et
468 2376 520 64 quart
815 2376 520 64 in-4.
1161 2376 289 64 3
1219 2376 231 64 50

-3 2415 140 57 704.
85 2415 316 57 Gallais
349 2415 316 57 (Jean-Pierre),
612 2415 263 57 bénédictin,
823 2415 246 57 historien:
1016 2415 105 57 Né
1069 2415 88 57 à
1104 2415 263 57 Doué
1297 2415 158 57 (Seine

41 2468 295 63 et-Marne).
273 2468 126 63 L.
336 2468 168 63 aut.
441 2468 190 63 sig.,
567 2468 105 63 à
610 2468 126 63 M.
673 2468 295 63 Villenave.
904 2468 253 63 Mercredi
1094 2468 211 63 matin,
1241 2468 126 63 14
1284 2468 168 63 décem-

15 2521 346 64 bre
212 2521 445 64 1814.
509 2521 247 64 1
608 2521 297 64 p.
757 2521 346 64 pl.
954 2521 445 64 in-8.
1251 2521 247 64 2
1301 2521 148 64 »

-3 2561 153 67 705.
93 2561 345 67 Georgel
380 2561 211 67 (l’abbé
533 2561 364 67 Jean-François),
839 2561 191 67 auteur
973 2561 115 67 de
1031 2561 383 67 Mémoires
1356 2561 115 67 Né
1395 2561 57 67 à

43 2621 371 53 Bruyères
356 2621 254 53 (Vosges).
551 2621 117 53 L.
610 2621 156 53 aut.
707 2621 176 53 sig.,
824 2621 117 53 au
883 2621 293 53 préfet.....
1117 2621 254 53 Bruyères,
1312 2621 117 53 22
1351 2621 98 53 oc-

20 2671 402 62 tobre
288 2671 402 62 1809.
556 2671 223 62 1
646 2671 268 62 p.
780 2671 313 62 pl.
959 2671 402 62 in-4.
1227 2671 223 62 2
1271 2671 179 62 50

-2 2716 151 73 706.
92 2716 339 73 Gerbais
375 2716 207 73 (Jean),
526 2716 207 73 docteur
677 2716 113 73 de
734 2716 245 73 Sorbonne,
922 2716 189 73 auteur
1054 2716 132 73 de:
1129 2716 245 73 Traité
1299 2716 151 73 du

39 2767 278 72 pouvoir
258 2767 139 72 des
337 2767 159 72 rois
437 2767 139 72 sur
516 2767 119 72 le
576 2767 318 72 mariage
835 2767 159 72 etc.
934 2767 259 72 Quittance
1133 2767 159 72 aut.
1232 2767 159 72 sig.
1332 2767 119 72 de
1371 2767 80 72 la
