1553 2845
588 47 192 94 —
664 47 230 94 59
741 47 115 94 —

53 132 194 84 somme
183 132 129 84 de
248 132 173 84 cent
356 132 281 84 cinquante
571 132 237 84 livres.
744 132 216 84 Paris,
895 132 129 84 16
960 132 237 84 octobre
1132 132 194 84 1690,
1262 132 108 84 1
1305 132 129 84 p.
1348 132 108 84 in-

-1 197 383 58 8
153 197 460 58 en
383 197 920 58 travers.
1073 197 383 58 2
1149 197 307 58 50

9 244 171 62 707.
115 244 299 62 Hérault
350 244 128 62 De
414 244 363 62 Séchelles
713 244 363 62 (Marie-Jean),
1011 244 384 62 conventionnel.
1331 244 149 62 Mis
1395 244 64 62 à

58 305 167 52 mort
163 305 126 52 en
225 305 188 52 1794.
351 305 293 52 Appostille
581 305 126 52 de
644 305 167 52 neuf
749 305 230 52 petites
916 305 209 52 lignes
1062 305 167 52 aut.
1167 305 188 52 sig.,
1293 305 126 52 en
1334 305 126 52 mar-

57 353 134 57 ge
124 353 178 57 d’un
235 353 245 57 mémoire
413 353 178 57 aut.
524 353 134 57 de
591 353 379 57 Pierre-Romain
903 353 245 57 Clouët,
1081 353 245 57 citoyen
1260 353 200 57 actif
1371 353 89 57 de

57 395 134 56 la
124 395 245 56 section
302 395 134 56 de
369 395 334 56 Notre-Dame,
636 395 267 56 paroisse
837 395 134 56 et
904 395 245 56 cloître
1082 395 312 56 Notre-Dame
1327 395 134 56 n°
1372 395 89 56 1,

57 444 226 58 prêtre
216 444 136 58 du
284 444 249 58 diocèse
465 444 136 58 de
533 444 317 58 Coutances,
782 444 317 58 professeur
1031 444 136 58 de
1099 444 317 58 rhétorique
1325 444 136 58 dans

59 489 125 50 le
122 489 230 50 collège
289 489 125 50 de
352 489 188 50 cette
477 489 209 50 ville,
623 489 125 50 sa
686 489 230 50 patrie.
853 489 104 50 2
895 489 146 50 gr.
978 489 125 50 p.
1041 489 146 50 pl.
1125 489 146 50 gr.
1208 489 230 50 in-fol.
1375 489 104 50 6
1396 489 63 50 »

14 530 161 67 708.
115 530 382 67 Herschel
437 530 282 67 (William),
658 530 221 67 célèbre
819 530 282 67 astronome.
1040 530 121 67 L.
1101 530 161 67 aut.
1201 530 161 67 sig.
1302 530 141 67 (en
1362 530 101 67 an-

59 582 212 58 glais)
207 582 127 58 23
271 582 170 58 mars
377 582 191 58 1812.
505 582 106 58 1
547 582 149 58 gr.
632 582 127 58 p.
696 582 149 58 pl.
781 582 127 58 et
844 582 191 58 demie
972 582 191 58 in-4.
1099 582 318 58 (Rémontée).
1354 582 127 58 40
1396 582 64 58 »

13 622 157 67 709.
111 622 352 67 Laharpe
405 622 392 67 (Jean-François),
738 622 313 67 littérateur,
992 622 117 67 L.
1051 622 157 67 aut.
1149 622 98 67 à
1188 622 157 67 M...
1266 622 196 67 Corbeil,

39 683 251 51 28
165 683 377 51 juin.
416 683 209 51 1
499 683 251 51 p.
625 683 293 51 pl.
792 683 377 51 petit
1044 683 377 51 in-8.
1295 683 209 51 5
1336 683 126 51 »

11 717 161 68 710.
112 717 363 68 Lakanal
414 717 181 68 (J.),
535 717 202 68 prêtre
676 717 322 68 doctrinaire,
938 717 383 68 vicaire-général
1240 717 222 68 constitu

65 770 188 54 tionnel
202 770 102 54 du
253 770 256 54 département
458 770 102 54 de
509 770 341 54 l'Ariège
799 770 171 54 député
919 770 102 54 de
970 770 324 54 l'Ariège
1243 770 85 54 à
1277 770 102 54 la
1311 770 154 54 Conven-

63 820 178 57 tion.
182 820 197 57 Membre
320 820 118 57 de
379 820 296 57 l’Institut.
616 820 118 57 L.
675 820 158 57 aut.
774 820 178 57 sig.,
892 820 99 57 à
912 820 552 57 Bernardin

52 862 288 66 Paris,
254 862 144 66 9
311 862 346 66 germinal
570 862 173 66 an
657 862 202 66 IV.
772 862 144 66 5
830 862 202 66 gr.
945 862 173 66 p.
1031 862 202 66 pl.
1146 862 259 66 in-4.
1319 862 144 66 7
1348 862 115 66 50

107 904 344 63 Compte-rendu
387 904 129 63 de
452 904 151 63 ses
538 904 280 63 démarches
753 904 172 63 pour
861 904 151 63 lui
947 904 194 63 faire
1076 904 215 63 rendre
1226 904 129 63 la
1269 904 194 63 justice

61 958 149 73 qui
146 958 149 73 lui
231 958 149 73 est
316 958 149 73 due
401 958 212 73 contre
549 958 149 73 les
634 958 382 73 contrefacteurs
953 958 127 73 de
1017 958 149 73 ses
1102 958 319 73 ouvrages...
1336 958 127 73 «Oh?

60 1012 187 67 «que
177 1012 140 67 je
247 1012 234 67 désire
410 1012 327 67 m’arracher
668 1012 117 67 à
715 1012 164 67 mes
808 1012 374 67 occupations,
1112 1012 164 67 aux
1206 1012 234 67 peines
1346 1012 117 67 que

62 1074 294 50 «j’endure,
293 1074 105 50 à
335 1074 126 50 la
398 1074 147 50 vue
481 1074 147 50 des
565 1074 168 50 maux
670 1074 147 50 qui
754 1074 252 50 désolent
943 1074 126 50 ma
1006 1074 231 50 patrie,
1173 1074 126 50 et
1236 1074 189 50 aller
1341 1074 126 50 pas-

58 1110 181 56 «ser
171 1110 181 56 près
284 1110 136 56 de
352 1110 181 56 vous
465 1110 181 56 deux
578 1110 203 56 jours
714 1110 136 56 de
782 1110 181 56 paix
895 1110 136 56 et
962 1110 136 56 de
1008 1110 316 56 bonheur....»

15 1145 167 80 711.
120 1145 188 80 La
245 1145 313 80 Mennais
496 1145 230 80 (l’abbé
663 1145 167 80 de),
767 1145 230 80 célèbre
935 1145 313 80 publiciste.
1185 1145 125 80 L.
1248 1145 167 80 aut.
1332 1145 125 80 sig.

58 1203 237 61 (écrite
231 1203 129 61 de
295 1203 129 61 sa
360 1203 258 61 prison),
553 1203 108 61 à
596 1203 129 61 sa
661 1203 194 61 bonne
790 1203 280 61 Claire...
1005 1203 108 61 1
1048 1203 129 61 p.
1113 1203 129 61 et
1177 1203 194 61 demie
1285 1203 172 61 in

-10 1249 1383 54 (Remontée.)
1096 1249 461 54 3
1188 1249 277 54 »

15 1287 161 60 712.
116 1287 363 60 Lesueur
418 1287 403 60 (Jean-François),
761 1287 323 60 compositeur.
1023 1287 121 60 Né
1084 1287 121 60 au
1124 1287 343 60 Plessiel

59 1349 264 60 (Somme).
257 1349 264 60 Fragment
455 1349 176 60 aut.
565 1349 132 60 de
631 1349 264 60 musique.
829 1349 264 60 Certifié
1027 1349 154 60 par
1115 1349 132 60 sa
1181 1349 220 60 femme,
1335 1349 110 60 à
1357 1349 110 60 Pa-

54 1389 241 56 ris,
204 1389 180 56 le
294 1389 180 56 29
385 1389 331 56 janvier
625 1389 271 56 1838.
806 1389 150 56 2
866 1389 180 56 p.
956 1389 210 56 pl.
1076 1389 331 56 in-fol.
1317 1389 150 56 4
1347 1389 120 56 50

15 1432 161 63 713.
116 1432 423 63 Leveillard
478 1432 262 63 chimiste.
679 1432 121 63 L.
739 1432 161 63 aut.
840 1432 181 63 sig.,
961 1432 101 63 à
1001 1432 121 63 M.
1061 1432 121 63 de
1122 1432 322 63 Malesherbes.
1363 1432 101 63 (Il

61 1484 105 64 y
103 1484 105 64 a
145 1484 126 64 en
208 1484 168 64 tête
313 1484 168 64 deux
417 1484 210 64 lignes
564 1484 126 64 et
627 1484 189 64 demie
753 1484 126 64 de
815 1484 126 64 sa
878 1484 210 64 main.)
1025 1484 210 64 Passy,
1172 1484 126 64 15
1235 1484 168 64 août
1318 1484 147 64 1775.

21 1536 301 55 4
141 1536 422 55 gr.
382 1536 362 55 p.
563 1536 422 55 pl.
804 1536 542 55 in-4.
1166 1536 301 55 3
1226 1536 241 55 50

107 1571 305 59 Nécessité
341 1571 141 59 de
412 1571 141 59 la
482 1571 258 59 réforme
670 1571 141 59 de
740 1571 329 59 l’Académie
999 1571 141 59 de
1069 1571 305 59 médecine.
1304 1571 117 59 —
1327 1571 141 59 Eaux

60 1627 322 62 d’Enghien.
313 1627 115 62 —
359 1627 299 62 Eternelle
590 1627 299 62 palinodie
820 1627 161 62 des
912 1627 276 62 médecins
1120 1627 138 62 et
1189 1627 161 62 des
1258 1627 207 62 chirur-

58 1680 207 63 giens,
183 1680 124 63 etc.

15 1716 159 70 714.
115 1716 338 70 Lindet
393 1716 398 70 (Robert-Thomas),
732 1716 159 70 curé
831 1716 119 70 de
891 1716 537 70 Sainte-Croix-de-Bernay,
1349 1716 119 70 évé

65 1774 136 63 que
142 1774 370 63 constitutionnel
454 1774 117 63 du
513 1774 292 63 département
746 1774 117 63 de
805 1774 214 63 l’Eure,
961 1774 195 63 député
1097 1774 117 63 de
1155 1774 331 63 l'Eure
1409 1774 58 63 à

63 1816 126 55 la
126 1816 314 55 Convention,
377 1816 126 55 se
440 1816 189 55 maria
566 1816 126 55 en
629 1816 251 55 novembre
817 1816 189 55 1792.
943 1816 126 55 L.
1006 1816 168 55 aut.
1111 1816 189 55 sig.,
1237 1816 126 55 au
1278 1816 189 55 citoyen

59 1871 153 54 No
136 1871 230 54 ndie.
289 1871 255 54 Paris,
468 1871 153 54 12
545 1871 332 54 rressidor
800 1871 153 54 an
877 1871 153 54 v.
953 1871 332 54 Demi-page
1209 1871 230 54 in-4.
1362 1871 128 54 3
1387 1871 77 54 »

15 1912 145 73 715.
106 1912 309 73 Lindet
360 1912 490 73 (Jean-Baptiste-Robert),
796 1912 182 73 député
923 1912 109 73 de
978 1912 309 73 l'Eure
1232 1912 91 73 à
1268 1912 109 73 la
1305 1912 163 73 Conven

62 1967 172 63 tion,
177 1967 230 63 surnommé
349 1967 115 63 la
407 1967 306 63 Hyène
656 1967 134 63 par
732 1967 230 63 Brissot.
905 1967 115 63 L.
962 1967 153 63 aut.
1058 1967 172 63 sig.,
1173 1967 115 63 au
1211 1967 249 63 ministre...

54 2009 277 59 Paris,
248 2009 166 59 23
331 2009 332 59 pluviôse
581 2009 166 59 an
664 2009 194 59 IV.
775 2009 139 59 1
830 2009 166 59 p.
913 2009 166 59 et
996 2009 249 59 demie
1162 2009 249 59 in-4.
1329 2009 139 59 3
1356 2009 111 59 50

17 2050 142 65 716.
106 2050 336 65 Linguet,
389 2050 195 65 avocat,
530 2050 265 65 littérateur
743 2050 106 65 et
796 2050 248 65 publiciste
990 2050 212 65 célèbre.
1150 2050 106 65 Né
1203 2050 88 65 à
1220 2050 248 65 Reims

60 2105 256 64 (Marne).
252 2105 149 64 Mis
337 2105 107 64 à
380 2105 171 64 mort
487 2105 128 64 en
551 2105 192 64 1794.
679 2105 128 64 L.
743 2105 171 64 aut.
850 2105 171 64 Sig,
957 2105 149 64 L.,
1042 2105 107 64 à
1085 2105 128 64 M.
1149 2105 256 64 Ravmond,
1341 2105 107 64 à
1362 2105 107 64 Be-

61 2152 218 52 sançon.
220 2152 277 52 Bruxelles,
438 2152 119 52 23
497 2152 238 52 février.
675 2152 99 52 1
715 2152 139 52 gr.
794 2152 119 52 p.
854 2152 139 52 pl.
933 2152 238 52 et-demie
1111 2152 178 52 in-4.
1230 2152 218 52 Cachet.
1389 2152 99 52 5
1409 2152 59 52 »

17 2201 157 59 717.
115 2201 313 59 Lisz,
370 2201 215 59 célèbre
526 2201 254 59 pianiste.
722 2201 117 59 L.
781 2201 157 59 aut.
879 2201 176 59 sig.,
996 2201 98 59 2
1035 2201 117 59 p.
1094 2201 117 59 et
1153 2201 176 59 demie
1270 2201 176 59 in-4.
1388 2201 98 59 3
1407 2201 59 59 »

17 2247 155 56 718.
114 2247 369 56 Llorente
424 2247 155 56 (don
521 2247 349 56 Juan-Antonio),
812 2247 349 56 ecclésiastique
1103 2247 116 56 et
1162 2247 291 56 littérateur
1375 2247 97 56 es-

65 2299 221 61 pagnol,
225 2299 201 61 auteur
366 2299 120 61 de
426 2299 341 61 l'Histoire
707 2299 120 61 de
767 2299 441 61 l'Inquisition
1148 2299 120 61 L.
1208 2299 160 61 aut.
1309 2299 181 61 sig.,
1409 2299 60 61 à

60 2339 139 56 M.
129 2339 300 56 Grégoire,
360 2339 231 56 ancien
522 2339 231 56 évêque
684 2339 139 56 de
753 2339 231 56 Blois.
915 2339 231 56 Paris,
1076 2339 116 56 7
1123 2339 277 56 décembre
1307 2339 139 56 1815

11 2385 364 64 1
157 2385 437 64 p.
375 2385 510 64 pl.
667 2385 656 64 in-4.
1104 2385 364 64 2
1177 2385 291 64 50

17 2436 149 65 719.
110 2436 353 65 Lorraine
407 2436 186 65 (Louis
537 2436 149 65 de),
630 2436 241 65 cardinal,
816 2436 260 65 archevêque
1020 2436 111 65 et
1076 2436 130 65 duc
1150 2436 111 65 de
1187 2436 279 65 Reims

62 2497 242 58 premier
238 2497 176 58 pair
348 2497 132 58 de
414 2497 220 58 France
567 2497 220 58 Quitt.
721 2497 176 58 sig.
831 2497 176 58 (sur
941 2497 330 58 parchemin),
1204 2497 132 58 de
1270 2497 132 58 la
1314 2497 154 58 somme

53 2550 189 50 de
147 2550 220 50 six
273 2550 283 50 mille
461 2550 346 50 livres.
713 2550 157 50 .
776 2550 189 50 28
870 2550 377 50 décembre
1153 2550 283 50 1613.
1341 2550 157 50 3
1373 2550 94 50 »

18 2582 157 47 720.
116 2582 235 47 Louis
292 2582 254 47 XHII
488 2582 137 47 roi
567 2582 117 47 de
625 2582 215 47 France.
782 2582 215 47 Lettres
938 2582 235 47 patentes
1115 2582 235 47 signées,
1271 2582 196 47 contres.

64 2629 352 64 Sublet
358 2629 254 64 adressées
553 2629 98 64 à
592 2629 137 64 MM.
670 2629 137 64 les
749 2629 254 64 échevins,
944 2629 215 64 consuls
1101 2629 117 64 et
1159 2629 254 64 habitants
1355 2629 117 64 de
1394 2629 78 64 la

63 2678 200 80 ville
196 2678 133 80 de
263 2678 400 80 Saint-Maixent.
596 2678 133 80 Du
662 2678 178 80 camp
774 2678 133 80 de
840 2678 200 80 Roye,
973 2678 133 80 le
1040 2678 133 80 29
1107 2678 289 80 septembre
1307 2678 155 80 1636.

29 2717 288 80 1
145 2717 403 80 gr.
375 2717 346 80 p.
548 2717 403 80 pl.
779 2717 634 80 in-fol.
1240 2717 288 80 6
1297 2717 173 80 »
