1517 2909
715 58 231 94 60
792 58 116 94 —

139 152 129 89 Il
203 152 150 89 les
289 152 258 89 remercie
482 152 129 89 de
547 152 129 89 la
611 152 193 89 bonne
740 152 279 89 affection
955 152 215 89 qu’ils
1105 152 150 89 lui
1191 152 150 89 ont
1256 152 236 89 témoignée

93 225 120 58 et
153 225 140 58 des
233 225 220 58 secours
393 225 200 58 qu’ils
533 225 140 58 lui
613 225 140 58 ont
693 225 240 58 envoyés,
873 225 120 58 et
933 225 140 58 les
1013 225 220 58 exhorte
1173 225 100 58 à
1213 225 140 58 lui
1273 225 220 58 continuer

92 278 144 60 ces
175 278 247 60 secours,
339 278 124 60 etc.

45 289 163 106 721.
147 289 245 106 Louis
330 289 224 106 XIV
493 289 143 106 roi
575 289 122 106 de
636 289 224 106 France.
799 289 183 106 Notes
921 289 163 106 aut.
1023 289 143 106 sur
1105 289 122 106 le
1166 289 245 106 parcours
1349 289 102 106 à
1370 289 122 106 sui-

90 370 144 57 vre
173 370 165 57 dans
276 370 124 57 le
338 370 165 57 parc
441 370 124 57 de
503 370 186 57 Marly
626 370 289 57 pendant
853 370 124 57 le
915 370 289 57 chaud
1142 370 103 57 2
1183 370 144 57 gr.
1265 370 124 57 p.
1327 370 144 57 pl.
1389 370 103 57 in-

56 419 442 61 fol,
332 419 662 61 Curieuse
829 419 552 61 pièce.
1215 419 331 61 20
1325 419 166 61 »

42 444 171 93 722.
148 444 256 93 Louis
340 444 213 93 XV
490 444 149 93 roi
575 444 128 93 de
639 444 235 93 France.
810 444 128 93 L.
874 444 192 93 aut.,
1002 444 128 93 au
1066 444 192 93 comte
1194 444 128 93 de
1237 444 256 93 Saint-

87 515 257 55 rentin.
274 515 351 55 Versailles,
554 515 140 55 17
625 515 257 55 février
812 515 187 55 1768
929 515 117 55 1
975 515 140 55 p.
1046 515 211 55 in-4.
1186 515 257 55 Cachet.
1373 515 140 55 12
1420 515 70 55 »

137 559 130 59 Au
202 559 194 59 sujet
332 559 130 59 de
397 559 281 59 l’affaire
613 559 130 59 du
678 559 194 59 comte
807 559 173 59 d’Eu
915 559 173 59 avec
1023 559 130 59 M.
1088 559 130 59 de
1131 559 238 59 Beauveau.

41 588 159 80 723.
140 588 238 80 Louis
319 588 238 80 XVI
498 588 139 80 roi
577 588 119 80 de
637 588 218 80 France.
796 588 119 80 L.
855 588 159 80 aut.
955 588 179 80 sig.,
1074 588 99 80 à
1114 588 119 80 M.
1173 588 119 80 Du
1233 588 218 80 Mourier
1372 588 119 80 (mi

88 658 198 75 nistre
227 658 119 75 de
286 658 119 75 la
345 658 237 75 guerre).
523 658 138 75 Aux
602 658 277 75 Tuileries,
820 658 119 75 19
879 658 178 75 avril
998 658 178 75 1792.
1116 658 99 75 1
1156 658 119 75 p.
1215 658 138 75 pl.
1294 658 178 75 in-4.
1393 658 99 75 Ca-

72 702 327 66 chet.
290 702 327 66 Belle
508 702 218 66 et
617 702 473 66 précieuse
981 702 400 66 lettre.
1272 702 255 66 150
1381 702 109 66 »

135 749 122 72 Il
196 749 162 72 voit
297 749 162 72 avec
398 749 223 72 douleur
560 749 182 72 qu’il
682 749 122 72 ne
743 749 162 72 soit
844 749 162 72 plus
946 749 243 72 possible
1128 749 122 72 de
1189 749 223 72 compter
1351 749 142 72 sur
1412 749 81 72 la

86 800 189 60 paix.
212 800 336 60 «L’ultimatum
484 800 126 60 de
547 800 294 60 l’Autriche
778 800 126 60 et
841 800 126 60 la
904 800 315 60 déclaration
1155 800 126 60 du
1218 800 189 60 baron
1344 800 126 60 de
1386 800 105 60 Co-

88 847 231 64 «benzel
256 847 231 64 rendent
424 847 189 64 toute
550 847 315 64 négociation
802 847 294 64 ultérieure
1032 847 315 64 impossible.
1284 847 126 64 Il
1326 847 168 64 serait

86 895 268 66 «indigne
286 895 134 66 de
353 895 156 66 mon
443 895 201 66 sang,
576 895 290 66 contraire
800 895 112 66 à
844 895 156 66 mon
933 895 223 66 devoir
1089 895 134 66 et
1156 895 112 66 à
1201 895 134 66 la
1268 895 223 66 gloire
1402 895 89 66 de

88 938 144 64 «la
171 938 206 64 France
315 938 124 64 de
377 938 227 64 laisser
542 938 227 64 menacer
706 938 309 64 l’intégrité
953 938 124 64 du
1015 938 288 64 territoire
1242 938 124 64 du
1283 938 206 64 royaume.

87 992 173 67 «Que
195 992 130 67 le
260 992 173 67 sang
368 992 151 67 qui
455 992 130 67 va
519 992 216 67 couler
670 992 238 67 retombe
843 992 151 67 sur
930 992 173 67 ceux
1038 992 151 67 qui
1124 992 238 67 rendent
1297 992 130 67 le
1340 992 151 67 main-

89 1034 186 80 «tien
213 1034 124 80 de
275 1034 124 80 la
337 1034 165 80 paix
440 1034 309 80 impossible,
688 1034 165 80 etc.
791 1034 165 80 etc.
873 1034 62 80 »

40 1066 159 80 724.
139 1066 238 80 Louis
318 1066 278 80 XVIII
537 1066 139 80 roi
616 1066 119 80 de
676 1066 218 80 France.
835 1066 199 80 Billet
974 1066 119 80 de
1033 1066 199 80 quatre
1172 1066 199 80 lignes
1311 1066 179 80 aut.,
1411 1066 79 80 au

82 1132 183 51 duc
186 1132 339 51 d’Aumont.
447 1132 130 51 4
499 1132 235 51 mars.
656 1132 235 51 Quart
812 1132 156 51 de
890 1132 209 51 page
1021 1132 235 51 in-8.
1177 1132 287 51 Cachet.
1386 1132 130 51 7
1412 1132 78 51 »

41 1168 161 73 725.
142 1168 424 73 Louis-Philippe
505 1168 242 73 Ier,
687 1168 141 73 roi
767 1168 141 73 des
848 1168 262 73 Français.
1050 1168 202 73 Lettre
1191 1168 182 73 close
1312 1168 182 73 sig.,
1413 1168 81 73 et

87 1229 255 53 contres.
278 1229 425 53 Duchâtel
639 1229 212 53 Paris,
788 1229 127 53 19
852 1229 255 53 novembre
1043 1229 191 53 1841.
1170 1229 106 53 1
1213 1229 127 53 p.
1277 1229 191 53 in-4.
1404 1229 106 53 4
1425 1229 64 53 »

41 1277 153 64 726.
136 1277 401 64 Louis-Philippe
480 1277 229 64 Ier,
652 1277 134 64 roi
729 1277 134 64 des
805 1277 248 64 Français.
996 1277 172 64 Pièce
1111 1277 172 64 sig.:
1206 1277 287 64 Louis

84 1326 313 61 Philippe,
339 1326 195 61 prince
475 1326 332 61 français
749 1326 215 61 Réponse
906 1326 117 61 du
964 1326 215 61 colonel
1121 1326 117 61 du
1179 1326 137 61 14e
1257 1326 235 61 régiment
1414 1326 78 61 de

85 1385 256 49 dragons,
276 1385 149 49 aux
362 1385 383 49 procès-verbaux
681 1385 128 49 du
745 1385 298 49 directoire
979 1385 128 49 du
1043 1385 256 49 district
1234 1385 128 49 de
1277 1385 213 49 Cambrai.

88 1420 350 58 Valenciennes,
377 1420 309 58 15septembre
624 1420 186 58 1791.
748 1420 103 58 2
789 1420 144 58 gr.
872 1420 124 58 p.
933 1420 227 58 in-fol.
1098 1420 186 58 Plus,
1222 1420 186 58 trois
1325 1420 165 58 pièces

85 1468 325 51 manuscrites
345 1468 281 51 relatives
561 1468 108 51 à
605 1468 195 51 cette
735 1468 260 51 affaire.
929 1468 108 51 7
973 1468 130 51 p.
1038 1468 238 51 in-fol.
1211 1468 238 51 Curieux
1362 1468 130 51 dos-

-35 1509 1247 62 sier.
797 1509 832 62 35
1074 1509 416 62 »

33 1545 188 85 727.
150 1545 329 85 Machece
408 1545 141 85 de
479 1545 376 85 Prémeaux
784 1545 423 85 (Jean-Chrétien
1137 1545 188 85 de),
1254 1545 235 85 évêque
1395 1545 94 85 de

88 1610 355 78 Périgueux
393 1610 101 78 Né
443 1610 85 78 à
477 1610 288 78 Diion
714 1610 101 78 L.
765 1610 135 78 aut.
849 1610 152 78 sig.,
951 1610 85 78 à
985 1610 169 78 Mgr...
1103 1610 237 78 Périgueux,
1289 1610 101 78 30
1323 1610 169 78 janvier.

41 1664 569 57 1754.
420 1664 316 57 3
546 1664 379 57 p.
736 1664 569 57 in-4.
1178 1664 316 57 3
1241 1664 253 57 50

130 1679 126 86 Au
193 1679 190 86 sujet
320 1679 126 86 de
383 1679 126 86 la
446 1679 295 86 succession
678 1679 126 86 de
741 1679 147 86 son
825 1679 211 86 frère,
973 1679 253 86 l’évêque
1162 1679 126 86 de
1204 1679 253 86 Couserans.

39 1748 145 58 728.
129 1748 308 58 Mailly
383 1748 235 58 (François
564 1748 145 58 de),
655 1748 235 58 cardinal,
836 1748 254 58 archevêque
1035 1748 109 58 de
1089 1748 308 58 Reims
1343 1748 145 58 Mort
1416 1748 72 58 en

75 1801 255 57 1721.
244 1801 170 57 L.
329 1801 226 57 aut.
471 1801 255 57 sig.,
640 1801 141 57 à
697 1801 255 57 M....
867 1801 255 57 1714,
1036 1801 141 57 1
1093 1801 170 57 p.
1178 1801 255 57 in-4.
1348 1801 141 57 2
1376 1801 113 57 50

39 1847 141 55 729.
128 1847 300 55 Malide
375 1847 353 55 (Joseph-François
675 1847 141 55 de),
764 1847 177 55 évêque
887 1847 106 55 de
940 1847 406 55 Montpellier
1294 1847 159 55 avant
1382 1847 106 55 évé

89 1903 120 56 que
157 1903 393 56 d'Avranches
499 1903 103 56 L.
551 1903 137 56 aut.
636 1903 154 56 sig.,
739 1903 154 56 comme
841 1903 171 56 évêque
961 1903 393 56 d'Avranches
1303 1903 85 56 à
1337 1903 103 56 M.
1371 1903 120 56 l’ar-

81 1946 272 69 chevêque
286 1946 136 69 de
354 1946 272 69 Cambrai.
558 1946 318 69 Avranches,
808 1946 136 69 24
876 1946 182 69 juin
989 1946 204 69 1769.
1126 1946 114 69 1
1171 1946 136 69 p.
1239 1946 204 69 in-4.
1375 1946 114 69 2
1398 1946 91 69 50

37 1990 145 57 730.
128 1990 308 57 Mandar
382 1990 254 57 (Philippe,
581 1990 127 57 dit
654 1990 399 57 Théophile),
998 1990 181 57 auteur
1125 1990 109 57 de
1180 1990 236 57 plusieurs
1343 1990 145 57 ouvra-

83 2047 167 56 ges;
188 2047 126 56 se
250 2047 272 56 distingua
460 2047 167 56 dans
564 2047 126 56 la
627 2047 293 56 révolution
857 2047 146 56 par
941 2047 146 56 son
1025 2047 230 56 énergie
1171 2047 314 56 républicaine.

83 2089 377 51 Vice-président
397 2089 126 51 de
460 2089 126 51 la
523 2089 231 51 section
691 2089 126 51 du
754 2089 231 51 Temple,
921 2089 126 51 en
984 2089 189 51 1792,
1110 2089 126 51 il
1173 2089 272 51 s’efforça
1361 2089 126 51 vai-

84 2133 197 65 nement
222 2133 118 65 de
282 2133 237 65 prévenir
459 2133 138 65 les
538 2133 276 65 massacres.
755 2133 118 65 Né
814 2133 99 65 à
854 2133 355 65 Marines
1130 2133 355 65 (Seine

82 2185 122 55 L.
143 2185 163 55 aut.
245 2185 183 55 sig.,
367 2185 102 55 à
408 2185 122 55 M.
469 2185 122 55 le
530 2185 183 55 comte
652 2185 265 55 Littardi,
856 2185 265 55 trésorier
1059 2185 224 55 général
1222 2185 122 55 du
1263 2185 224 55 ministère

79 2232 130 60 de
144 2232 130 60 la
209 2232 217 60 police
361 2232 282 60 générale.
577 2232 217 60 Paris,
729 2232 130 60 11
794 2232 260 60 décembre
989 2232 195 60 1817.
1119 2232 108 60 2
1162 2232 130 60 p.
1227 2232 238 60 in-fol.
1400 2232 108 60 6
1422 2232 65 60 »

36 2255 145 81 731.
127 2255 345 81 Maréchal
417 2255 381 81 (Pierre-Sylvain),
744 2255 182 81 poëte,
871 2255 290 81 littérateur,
1107 2255 182 81 auteur
1234 2255 109 81 du
1270 2255 218 81 Dic

84 2329 320 75 tionnaire
344 2329 140 75 des
424 2329 220 75 athées.
584 2329 200 75 Voyage
724 2329 120 75 de
784 2329 180 75 Paris
904 2329 100 75 à
944 2329 260 75 Marly
1144 2329 140 75 (en
1224 2329 200 75 vers).
1364 2329 120 75 16
1404 2329 80 75 p.

-37 2377 1246 60 in-4.
793 2377 830 60 12
1070 2377 415 60 »

36 2423 155 51 732.
132 2423 232 51 Marie
307 2423 116 51 de
365 2423 329 51 MMédieis,
636 2423 174 51 reine
752 2423 116 51 de
810 2423 213 51 France.
965 2423 116 51 L.
1023 2423 155 51 aut.
1120 2423 174 51 sig.,
1236 2423 155 51 à
1314 2423 174 51 mon

84 2471 237 81 neveu,
266 2471 109 81 le
321 2471 182 81 prince
448 2471 109 81 de
503 2471 255 81 Condé
703 2471 182 81 Paris,
831 2471 109 81 15
886 2471 200 81 février
1031 2471 164 81 1692.
1141 2471 91 81 1
1177 2471 109 81 p.
1232 2471 128 81 pl.
1305 2471 164 81 petit
1396 2471 91 81 in-

27 2519 613 51 fol.
410 2519 919 51 Cachets.
1100 2519 460 51 25
1253 2519 230 51 »

35 2559 159 75 733.
134 2559 318 75 Marin
392 2559 556 75 (François-Claude-Louis),
889 2559 198 75 avocat
1028 2559 119 75 au
1087 2559 258 75 parlement
1286 2559 119 75 de
1325 2559 159 75 Paris,

81 2616 206 53 censeur
231 2616 187 53 royal.
362 2616 112 53 Né
418 2616 93 53 à
455 2616 168 53 La
567 2616 262 53 Ciotat
773 2616 430 53 (Bouches-du-Rhône).
1147 2616 187 53 Billet
1277 2616 150 53 aut.
1352 2616 131 53 sig.,

66 2667 169 62 à
134 2667 270 62 M...
303 2667 169 62 8
370 2667 406 62 février,
675 2667 338 62 petite
911 2667 270 62 page
1080 2667 338 62 in-18.
1317 2667 169 62 1
1351 2667 135 62 75

36 2711 156 88 734.
134 2711 293 88 Mars
369 2711 215 88 (Mlle),
525 2711 215 88 célèbre
682 2711 293 88 comédienne.
916 2711 117 88 L.
975 2711 156 88 aut.
1072 2711 176 88 sig.,
1190 2711 117 88 au
1248 2711 215 88 docteur
1385 2711 98 88 Pi

52 2760 395 77 ron.
299 2760 544 77 Samedi.
694 2760 247 77 1
793 2760 297 77 p.
941 2760 494 77 in-12.
1287 2760 247 77 4
1337 2760 148 77 »
