1587 2920
676 53 124 86 61

27 128 155 88 735.
123 128 387 88 Martignac
452 128 135 88 (le
529 128 213 88 vicomte
684 128 155 88 de),
781 128 232 88 ministre
955 128 116 88 de
1013 128 213 88 Charles
1168 128 116 88 X,
1206 128 271 88 littérateur.

73 199 116 65 Né
131 199 96 65 à
169 199 385 65 Bordeaux
496 199 116 65 L.
554 199 154 65 aut.
650 199 173 65 sig.,
766 199 96 65 à
804 199 116 65 M.
862 199 116 65 le
920 199 212 65 général
1074 199 212 65 Lafont.
1228 199 250 65 Miramont,
1401 199 77 65 13

67 252 263 52 octobre
258 252 215 52 1829.
402 252 119 52 3
449 252 167 52 gr.
545 252 143 52 p.
617 252 167 52 pl.
712 252 215 52 in-4.
856 252 263 52 Cachet.
1047 252 406 52 Intéressante.
1381 252 119 52 7
1405 252 72 52 »

21 281 166 69 736.
125 281 395 69 Martine,
458 281 208 69 auteur
604 281 166 69 d’un
708 281 229 69 ouvrage
874 281 146 69 sur
957 281 125 69 la
1019 281 229 69 musique
1186 281 291 69 dramatique
1394 281 83 69 en

70 344 231 61 France.
238 344 126 61 L.
301 344 168 61 aut.
406 344 189 61 sig.,
532 344 105 61 à
574 344 126 61 M.
637 344 294 61 Roquefort.
868 344 210 61 Paris,
1015 344 126 61 34
1078 344 231 61 juillet
1246 344 189 61 1813.
1372 344 105 61 1
1393 344 84 61 p.

-18 385 747 85 pl.
409 385 960 85 in-4.
1049 385 533 85 3
1156 385 320 85 »

118 445 116 59 Au
176 445 175 59 sujet
292 445 116 59 de
350 445 252 59 l’annonce
544 445 116 59 de
602 445 136 59 son
680 445 213 59 ouvrage
835 445 155 59 dans
932 445 116 59 le
990 445 271 59 Journal
1204 445 136 59 des
1262 445 213 59 arts

22 478 167 69 737.
126 478 312 69 Mauclère
376 478 125 69 de
439 478 125 69 la
501 478 375 69 Muzanchère
814 478 271 69 (Pierre),
1022 478 208 69 évêque
1168 478 125 69 de
1209 478 271 69 Nan

70 542 297 55 tes
308 542 119 55 L.
367 542 139 55 aut
446 542 178 55 sig.,
565 542 99 55 à
605 542 119 55 M.
664 542 139 55 ...
743 542 218 55 Nantes,
902 542 119 55 18
961 542 158 55 mars
1060 542 178 55 1769.
1179 542 99 55 1
1219 542 119 55 p.
1278 542 178 55 in-4.
1397 542 99 55 3
1417 542 59 55 »

25 558 145 74 738.
116 558 272 74 Méon
333 558 417 74 (Dominique-Martin),
696 558 91 74 a
733 558 182 74 publié
860 558 127 74 les
932 558 272 74 Fabliaux
1150 558 109 74 et
1205 558 182 74 Contes
1314 558 163 74 des

67 629 245 59 poètes
255 629 320 59 français
519 629 150 59 etc.
613 629 169 59 Copie
726 629 150 59 aut.
820 629 113 59 de
876 629 188 59 divers
1008 629 263 59 manuscrits
1215 629 113 59 de
1271 629 113 59 la
1309 629 169 59 Biblio-

67 679 198 61 thèque
206 679 119 61 du
265 679 159 61 roi:
365 679 317 61 Monologue
622 679 119 61 de
682 679 218 61 mémoire
840 679 198 61 tenant
979 679 119 61 en
1039 679 119 61 sa
1098 679 159 61 main
1197 679 139 61 ung
1257 679 218 61 monde

69 732 176 55 sur
192 732 176 55 lequel
315 732 123 55 est
386 732 193 55 escript
526 732 141 55 Foy,
614 732 246 55 Espoirance
807 732 105 55 et
860 732 211 55 Charité,
1018 732 105 55 et
1071 732 158 55 fault
1176 732 158 55 estre
1264 732 211 55 abillé

59 778 156 58 en
162 778 259 58 déesse
370 778 86 58 5
405 778 173 58 pages.
526 778 86 58 —
560 778 277 58 Monologue
785 778 138 58 seul
872 778 104 58 du
924 778 190 58 pelerin
1062 778 190 58 pasant,
1200 778 190 58 composé
1321 778 156 58 par

66 820 250 61 maistre
263 820 179 61 Pierre
388 820 286 61 Taserye
620 820 107 61 14
674 820 179 61 pages.
799 820 89 61 —
835 820 268 61 Monologue
1049 820 197 61 nouveau
1192 820 107 61 de
1246 820 107 61 la
1281 820 197 61 fille

66 867 409 56 Bastelierre
422 867 107 56 14
475 867 178 56 pages.
600 867 89 56 —
636 867 267 56 Dialogue
849 867 107 56 de
903 867 196 56 Placeb,
1045 867 142 56 pour
1134 867 107 56 un
1187 867 160 56 homme
1276 867 196 56 seul

47 915 188 58 6
123 915 375 58 pages.
385 915 450 58 Ensemble
723 915 225 58 39
835 915 338 58 pages
1060 915 338 58 in-8.
1285 915 188 58 7
1323 915 150 58 50

20 952 149 81 739.
114 952 354 81 Mérault,
412 952 317 81 ex-oratorien,
673 952 317 81 grand-vicaire
934 952 391 81 d'Orléans
1269 952 205 81 docteur
1399 952 75 81 en

64 1013 294 62 théologie.
295 1013 126 62 1°
358 1013 126 62 L.
421 1013 168 62 aut.
526 1013 189 62 sig.,
652 1013 105 62 à
694 1013 126 62 M.
757 1013 210 62 Roman,
905 1013 252 62 chanoine
1094 1013 126 62 de
1157 1013 126 62 la
1199 1013 273 62 cathédrale,

65 1057 102 54 à
105 1057 204 54 Paris.
248 1057 245 54 Orléans,
432 1057 122 54 18
493 1057 184 54 avril
616 1057 184 54 1808.
738 1057 102 54 3
779 1057 122 54 p.
840 1057 184 54 in-4.
963 1057 102 54 —
1004 1057 122 54 2°
1065 1057 163 54 Note
1167 1057 163 54 aut.
1269 1057 184 54 (pour
1371 1057 102 54 in-

65 1109 176 55 sérer
183 1109 156 55 dans
280 1109 117 55 un
339 1109 215 55 journal
495 1109 117 55 de
554 1109 215 55 Paris),
710 1109 137 55 sur
788 1109 117 55 le
846 1109 176 55 Te
963 1109 234 55 Deum
1139 1109 137 55 qui
1217 1109 98 55 a
1256 1109 137 55 été
1315 1109 156 55 chanté

64 1153 128 56 en
128 1153 256 56 musique,
320 1153 128 56 le
384 1153 171 56 jour
490 1153 128 56 de
554 1153 192 56 Noël,
682 1153 171 56 dans
789 1153 128 56 la
853 1153 299 56 cathédrale
1087 1153 299 56 d’Orléans,
1322 1153 128 56 et
1364 1153 107 56 qui

66 1205 192 52 avait
194 1205 149 52 été
279 1205 234 52 demandé
449 1205 149 52 aux
534 1205 234 52 évêques
705 1205 149 52 par
790 1205 298 52 l’empereur
1025 1205 128 52 et
1088 1205 170 52 roi,
1195 1205 128 52 en
1259 1205 213 52 action
1387 1205 85 52 de

64 1248 186 64 grâce
189 1248 145 64 des
271 1248 269 64 victoires
479 1248 290 64 remportées
706 1248 124 64 en
769 1248 228 64 Espagne
934 1248 124 64 et
997 1248 124 64 de
1059 1248 249 64 l’entrée
1245 1248 145 64 des
1307 1248 166 64 aigles

46 1301 511 54 françaises
448 1301 292 54 dans
631 1301 402 54 Madrid.
923 1301 183 54 1
996 1301 219 54 p.
1105 1301 329 54 in-4.
1324 1301 183 54 6
1361 1301 110 54 »

17 1332 137 65 740.
102 1332 291 65 Merlin
342 1332 154 65 de
445 1332 308 65 Thionville
702 1332 240 65 (Antoine),
890 1332 308 65 conventionnel.
1147 1332 103 65 Né
1198 1332 86 65 à
1215 1332 257 65 Thion

64 1393 305 56 ville
312 1393 267 56 (Moselle).
521 1393 114 56 L.
578 1393 152 56 aut.
674 1393 171 56 sig.,
788 1393 95 56 à
826 1393 114 56 M.
883 1393 362 56 Reignaud-Regny.
1188 1393 191 56 Paris,
1322 1393 114 56 11
1360 1393 114 56 août

28 1437 481 63 1825.
348 1437 267 63 1
455 1437 321 63 p.
616 1437 374 63 pl.
829 1437 535 63 in-12.
1204 1437 267 63 2
1257 1437 214 63 50

15 1488 144 72 741.
105 1488 306 72 Merlin
357 1488 144 72 (Mme
447 1488 108 72 la
501 1488 252 72 comtesse),
699 1488 180 72 auteur
826 1488 108 72 de
880 1488 360 72 Mémoires
1186 1488 108 72 L.
1240 1488 144 72 aut.
1330 1488 162 72 sig.,
1420 1488 54 72 à

44 1537 214 52 M.
151 1537 214 52 le
258 1537 321 52 baron
473 1537 214 52 de
580 1537 428 52 Trémont.
901 1537 178 52 1
972 1537 214 52 p.
1079 1537 321 52 in-8.
1294 1537 178 52 1
1329 1537 143 52 50

13 1577 162 63 742.
114 1577 405 63 Meyerbeer
458 1577 283 63 (Giacomo),
680 1577 324 63 compositeur.
943 1577 121 63 L.
1004 1577 162 63 aut.
1105 1577 182 63 sig.,
1226 1577 101 63 à
1267 1577 121 63 M.
1307 1577 162 63 Auber.

17 1627 667 57 Samedi.
503 1627 303 57 1
624 1627 364 57 p.
806 1627 546 57 in-8.
1170 1627 303 57 1
1230 1627 243 57 50

14 1677 160 64 743.
114 1677 339 64 Millot
393 1677 219 64 (l’abbé
553 1677 558 64 Claude-François-Xavier),
1051 1677 279 64 historien,
1271 1677 199 64 membre
1390 1677 80 64 de

60 1719 270 63 l'Académie
272 1719 270 63 française.
485 1719 116 63 Né
543 1719 97 63 à
581 1719 309 63 Besançon.
832 1719 155 63 Mots
929 1719 386 63 remarquables
1257 1719 174 63 (avec
1354 1719 116 63 leur

58 1771 334 75 explication).
333 1771 98 75 1
373 1771 137 75 gr.
451 1771 118 75 p.
510 1771 137 75 pl.
588 1771 216 75 in-fol.
746 1771 177 75 aut.,
863 1771 98 75 à
903 1771 177 75 trois
1020 1771 255 75 colonnes.
1217 1771 236 75 Certifié
1374 1771 98 75 par

47 1817 182 58 M.
138 1817 424 58 Guillaume,
470 1817 242 58 juge
622 1817 151 58 à
682 1817 393 58 Besançon,
985 1817 212 58 son
1106 1817 303 58 neveu.
1318 1817 151 58 4
1348 1817 121 58 50

13 1859 147 69 744.
105 1859 350 69 Mirabeau
399 1859 203 69 (Victor
546 1859 368 69 Riquett,
859 1859 203 69 marquis
1007 1859 147 69 de),
1099 1859 203 69 célèbre
1228 1859 239 69 économiste.

-2 1918 99 60 «
38 1918 119 60 Né
97 1918 99 60 à
137 1918 417 60 Marseille
494 1918 119 60 L.
554 1918 159 60 aut.
653 1918 179 60 sig.,
772 1918 99 60 à
812 1918 159 60 M...
911 1918 198 60 Paris,
1050 1918 99 60 3
1090 1918 139 60 mai
1169 1918 179 60 1776.
1288 1918 99 60 4
1328 1918 119 60 p.
1368 1918 99 60 pl.

20 1961 521 59 in-4.
368 1961 521 59 Belle
715 1961 637 59 lettre.
1178 1961 290 59 7
1236 1961 232 59 50

10 2003 160 62 745.
110 2003 299 62 Molé
349 2003 299 62 (François),
588 2003 219 62 célèbre
748 2003 199 62 acteur
888 2003 120 62 du
947 2003 419 62 Théâtre-Français.
1306 2003 120 62 L.
1346 2003 120 62 aut.

35 2062 368 56 sig.,
280 2062 204 56 à
362 2062 286 56 son
526 2062 409 56 ami...
812 2062 204 56 2
894 2062 245 56 p.
1016 2062 368 56 in-4.
1262 2062 204 56 7
1302 2062 164 56 50

9 2100 160 70 746.
109 2100 559 70 Montmorency-Laval
608 2100 339 70 (Louis-Joseph
887 2100 160 70 de),
987 2100 200 70 évêque
1107 2100 359 70 d'Orléans

57 2156 125 56 (en
128 2156 178 56 1753),
253 2156 196 56 ensuite
396 2156 178 56 évêque
520 2156 107 56 de
574 2156 303 56 Condom
823 2156 196 56 (1757),
965 2156 142 56 puis
1054 2156 178 56 évêque
1179 2156 107 56 de
1215 2156 249 56 Metz

52 2199 139 64 L.
121 2199 186 64 aut.
237 2199 209 64 sig.,
377 2199 116 64 à
423 2199 139 64 M.
493 2199 278 64 Colchen.
701 2199 116 64 9
748 2199 186 64 août
864 2199 209 64 1769.
1003 2199 302 64 Demi-page
1235 2199 209 64 in-8.
1351 2199 116 64 Ca

-102 2252 1305 66 —Chet.
812 2252 653 66 2
943 2252 522 66 50

8 2300 157 70 141.
107 2300 334 70 Moreau
382 2300 138 70 (de
461 2300 118 70 la
520 2300 236 70 Sarthe),
697 2300 236 70 médecin.
874 2300 118 70 L.
933 2300 157 70 aut.
1031 2300 177 70 sig.,
1149 2300 98 70 à
1189 2300 138 70 son
1267 2300 197 70 ami...
1385 2300 79 70 18

-12 2347 200 66 «
68 2347 320 66 juin
268 2347 360 66 1816.
507 2347 200 66 4
587 2347 280 66 gr.
747 2347 240 66 p.
867 2347 280 66 pl.
1027 2347 360 66 in-4.
1266 2347 200 66 2
1306 2347 160 66 75

9 2385 145 67 448.
100 2385 327 67 Naigeon
372 2385 200 67 (Jean),
517 2385 200 67 peintre
663 2385 272 67 d’histoire.
881 2385 109 67 Né
935 2385 91 67 à
972 2385 309 67 Beaune
1208 2385 254 67 (Côte

54 2445 119 57 L.
114 2445 159 57 aut.
213 2445 179 57 sig.,
333 2445 119 57 au
392 2445 239 57 ministre
571 2445 119 57 de
631 2445 318 57 l’intérieur.
889 2445 199 57 Paris,
1029 2445 119 57 21
1088 2445 219 57 floréal
1247 2445 119 57 an
1307 2445 179 57 VIII.
1406 2445 60 57 2

-15 2492 522 58 p.
246 2492 609 58 pl.
594 2492 783 58 in-4.
1116 2492 435 58 3
1203 2492 261 58 »

8 2523 164 62 749.
111 2523 349 62 Nassau
398 2523 287 62 (Élisabeth
624 2523 164 62 de),
726 2523 246 62 duchesse
911 2523 123 62 de
973 2523 267 62 Bouillon,
1178 2523 164 62 mère
1280 2523 123 62 du
1321 2523 144 62 maré-

53 2585 166 55 chal
157 2585 124 55 de
219 2585 249 55 Turenne.
406 2585 124 55 L.
468 2585 166 55 aut.
572 2585 187 55 sig.,
696 2585 104 55 à
738 2585 166 55 M...
842 2585 373 55 Saint-Germain,
1153 2585 124 55 20
1194 2585 270 55 octobre....

53 2633 107 64 2
95 2633 128 64 p.
160 2633 193 64 in-4.
288 2633 214 64 —Plus,
438 2633 193 64 copie
567 2633 236 64 ficurée
738 2633 150 64 (du
824 2633 236 64 temps),
995 2633 193 64 d’une
1123 2633 214 64 lettre
1273 2633 214 64 écrite
1402 2633 64 64 à

-13 2672 288 79 -yM.
167 2672 216 79 de
275 2672 396 79 Vivant.
563 2672 180 79 1
635 2672 216 79 p.
742 2672 396 79 in-fol.
1030 2672 252 79 su.
1174 2672 216 79 —.
1282 2672 216 79 10
1354 2672 108 79 »

7 2722 142 91 150.
96 2722 320 91 Orléans
362 2722 479 91 (Louis-Philippe-Joseph,
788 2722 124 91 duc
859 2722 142 91 d’),
948 2722 124 91 dit
1019 2722 337 91 Egalité
1303 2722 107 91 L.
1339 2722 124 91 sig.,
