1527 2829
677 60 228 79 62
753 60 114 79 —

55 134 125 90 au
118 134 251 90 ministre
306 134 146 90 des
389 134 355 90 contributions
682 134 293 90 publiques.
912 134 209 90 Paris,
1058 134 125 90 25
1121 134 230 90 juillet
1288 134 188 90 1792.
1392 134 63 90 4

-38 203 691 68 p.
307 203 1036 68 in-4.
998 203 575 68 5
1113 203 345 68 »

10 241 157 81 751.
109 241 353 81 Orléans
403 241 471 81 (Ferdinand-Philippe,
815 241 137 81 duc
894 241 157 81 d’),
992 241 157 81 fils
1090 241 157 81 aîné
1188 241 118 81 du
1247 241 137 81 roi
1306 241 157 81 Louis-

57 300 276 64 Philippe.
269 300 170 64 Mort
375 300 127 64 en
439 300 191 64 1842.
566 300 212 64 Billet
714 300 170 64 aut.
821 300 191 64 sig.,
948 300 127 64 au
1011 300 233 64 marquis
1181 300 127 64 de
1224 300 233 64 Dolomieu,

57 363 149 61 qui
142 363 149 61 lui
227 363 191 61 avait
354 363 234 61 demandé
524 363 149 61 son
609 363 297 61 autographe
842 363 170 61 pour
948 363 127 61 sa
1012 363 318 61 collection.
1246 363 212 61 Neuilly,

46 407 177 54 19
134 407 235 54 juin
281 407 265 54 1827.
458 407 383 54 Demi-page
752 407 265 54 in-8.
928 407 265 54 Jolie
1105 407 294 54 pièce.
1311 407 177 54 16
1370 407 88 54 »

11 453 145 56 752.
101 453 326 56 Paillon
373 453 272 56 (Gabr.-L.),
591 453 181 56 évêque
717 453 109 56 de
772 453 163 56 La
880 453 308 56 Rochelle
1134 453 163 56 Sacré
1243 453 127 56 par
1315 453 109 56 le
1351 453 109 56 pape

57 493 149 54 Pie
142 493 170 54 VII,
248 493 127 54 le
312 493 106 54 2
354 493 234 54 février
524 493 191 54 1805.
652 493 127 54 L.
715 493 170 54 aut.
822 493 191 54 sig.,
949 493 106 54 à
992 493 191 54 M....
1119 493 127 54 La
1183 493 276 54 Houlière,
1374 493 85 54 le

35 536 260 56 12
165 536 476 56 octobre
511 536 390 56 1816.
771 536 216 56 1
857 536 260 56 p.
987 536 390 56 in-4.
1247 536 216 56 2
1290 536 173 56 50

10 582 164 82 753.
112 582 349 82 Panard
399 582 472 82 (Charles-François),
809 582 226 82 célèbre
973 582 328 82 chansonnier.
1240 582 123 82 Né
1301 582 164 82 près
1383 582 82 82 de

61 642 320 60 Chartres.
321 642 240 60 Étrennes
501 642 100 60 à
541 642 120 60 M.
601 642 120 60 de
661 642 280 60 Lamoignon,
882 642 160 60 pour
982 642 300 60 l’aunée
1222 642 180 60 1756.
1322 642 140 60 Pièce

48 678 193 74 de
144 678 257 74 vers
305 678 257 74 aut.
466 678 257 74 sig.
626 678 161 74 4
691 678 225 74 gr.
819 678 193 74 p.
916 678 225 74 pl.
1044 678 354 74 in-fol.
1301 678 161 74 7
1333 678 129 74 50

17 719 152 65 754.
112 719 341 65 Parny,
396 719 209 65 célèbre
548 719 190 65 poëte,
681 719 190 65 membre
814 719 114 65 de
851 719 247 65 l’Institut.

107 763 174 68 Au
223 763 136 68 duc
300 763 271 68 d’Abrantès
514 763 155 68 pour
610 763 155 68 Mlle
707 763 252 68 Irène
901 763 136 68 Ci.
979 763 174 68 Pièce
1095 763 116 68 de
1153 763 155 68 vers
1250 763 155 68 aut.
1327 763 136 68 Demi-

53 835 212 54 page
186 835 239 54 in-8.
345 835 239 54 (Avec
505 835 186 54 une
611 835 212 54 note
743 835 398 54 explicative
1062 835 159 54 du
1142 835 292 54 sujet.)
1354 835 133 54 5
1380 835 80 54 »

15 870 141 66 755.
104 870 283 66 Piron
334 870 230 66 (Alexis),
510 870 159 66 poëte
616 870 106 66 et
669 870 177 66 auteur
793 870 265 66 dramatique.
1005 870 106 66 Né
1058 870 88 66 à
1094 870 301 66 Dijon
1341 870 106 66 L.
1377 870 88 66 aut

61 923 108 72 à
105 923 151 72 son
191 923 215 72 frère,
341 923 345 72 apothicaire,
621 923 108 72 à
664 923 215 72 Dijon.
815 923 215 72 Paris,
966 923 129 72 25
1030 923 172 72 mars
1138 923 194 72 1761.
1267 923 108 72 4
1310 923 151 72 gr.
1375 923 86 72 p.

48 977 236 53 pl.
183 977 303 53 in-4.
385 977 438 53 Remontée,
722 977 202 53 un
823 977 236 53 peu
958 977 438 53 fatiguée.
1295 977 202 53 35
1362 977 101 53 »

15 1020 164 61 756.
117 1020 388 61 Préville
444 1020 348 61 (Pierre-Louis
730 1020 184 61 Dubus
853 1020 164 61 de),
955 1020 225 61 célèbre
1118 1020 204 61 acteur
1262 1020 123 61 de
1323 1020 123 61 la
1364 1020 102 61 Co-

61 1067 445 57 médie-Française.
439 1067 134 57 L.
506 1067 178 57 aut.
618 1067 200 57 sig.,
751 1067 111 57 à
796 1067 134 57 M.
863 1067 134 57 De
929 1067 134 57 La
996 1067 223 57 Ferté,
1152 1067 290 57 intendant
1353 1067 111 57 des

61 1111 388 59 Menus-Plaisirs
385 1111 129 59 du
449 1111 172 59 roi.
557 1111 108 59 5
600 1111 172 59 juin
708 1111 194 59 1769.
837 1111 108 59 1
880 1111 129 59 p.
945 1111 151 59 pl.
1031 1111 194 59 in-4.
1160 1111 151 59 Sur
1247 1111 129 59 le
1290 1111 172 59 second

64 1161 258 63 feuillet
258 1161 129 63 se
323 1161 215 63 trouve
474 1161 151 63 une
560 1161 194 63 liste
689 1161 129 63 de
753 1161 172 63 neuf
861 1161 215 63 pièces
1012 1161 129 63 en
1076 1161 194 63 trois
1206 1161 215 63 actes.
1356 1161 129 63 18
1399 1161 65 63 »

17 1189 148 98 757.
110 1189 315 98 Racine
370 1189 223 98 (Louis),
537 1189 185 98 poëte,
667 1189 185 98 auteur
796 1189 111 98 de
852 1189 167 98 La
963 1189 315 98 Religion
1223 1189 148 98 etc.
1316 1189 111 98 L.
1353 1189 111 98 aut.

63 1258 200 69 sig.,
196 1258 111 69 à
241 1258 200 69 Titon
375 1258 134 69 du
441 1258 245 69 Tillet.
620 1258 134 69 Ce
686 1258 312 69 samedi....
931 1258 111 69 .
976 1258 111 69 1
1021 1258 156 69 pl.
1110 1258 200 69 in-4.
1243 1258 223 69 Cachet
1377 1258 89 69 de

33 1303 551 52 deuil.
419 1303 496 52 Jolie
749 1303 606 52 lettre.
1190 1303 331 52 45
1301 1303 165 52 »

111 1351 120 61 La
171 1351 160 61 mort
271 1351 120 61 de
331 1351 140 61 son
410 1351 180 61 frère
530 1351 140 61 lui
610 1351 180 61 cause
730 1351 160 61 tant
829 1351 299 61 d’affaires,
1069 1351 180 61 qu’il
1189 1351 140 61 n’a
1268 1351 180 61 point
1368 1351 100 61 en-

64 1404 165 60 core
168 1404 124 60 eu
229 1404 124 60 le
291 1404 186 60 temps
415 1404 124 60 de
477 1404 165 60 lire
580 1404 124 60 un
642 1404 227 60 recueil
807 1404 124 60 de
869 1404 227 60 lettres
1035 1404 124 60 de
1096 1404 144 60 son
1179 1404 186 60 père,
1303 1404 144 60 qui
1365 1404 103 60 est

63 1448 227 60 l’effet
228 1448 124 60 le
290 1448 165 60 plus
393 1448 268 60 précieux,
600 1448 165 60 pour
703 1448 165 60 lui,
806 1448 186 60 qu’il
930 1448 144 60 ait
1012 1448 124 60 pu
1074 1448 227 60 trouver
1239 1448 165 60 dans
1322 1448 144 60 cette

40 1494 288 63 succession.

18 1516 158 86 758.
117 1516 356 86 Raffet,
413 1516 237 86 peintre,
591 1516 316 86 dessinateur.
848 1516 119 86 L.
907 1516 158 86 aut.
1006 1516 178 86 sig.,
1124 1516 99 86 à
1164 1516 119 86 M.
1223 1516 119 86 de
1263 1516 198 86 Musigny.

32 1586 266 65 8
138 1586 426 65 mai.
405 1586 266 65 1
511 1586 320 65 p.
671 1586 373 65 pl.
884 1586 479 65 in-8.
1204 1586 266 65 2
1257 1586 213 65 25

19 1611 151 89 759.
113 1611 321 89 Raguse
377 1611 132 89 (le
453 1611 226 89 maréchal
623 1611 226 89 Marmont,
792 1611 132 89 duc
868 1611 151 89 de),
962 1611 113 89 Né
1018 1611 94 89 à
1037 1611 434 89 Châtillon

67 1681 295 75 Seine
307 1681 295 75 (Côte-d’Or).
547 1681 111 75 L.
602 1681 148 75 aut.
694 1681 166 75 sig.,
805 1681 92 75 à
842 1681 111 75 M.
898 1681 111 75 le
953 1681 259 75 professeur
1156 1681 240 75 Schroter,
1322 1681 148 75 samedi

50 1734 224 68 12
162 1734 449 68 juillet.
498 1734 187 68 1
573 1734 224 68 p.
685 1734 262 68 pl.
835 1734 336 68 petit
1059 1734 374 68 in-12.
1320 1734 187 68 3
1358 1734 112 68 »

21 1775 168 65 760.
126 1775 377 65 Raucour
440 1775 231 65 (Mlle),
608 1775 231 65 célèbre
775 1775 335 65 tragédienne.
1048 1775 126 65 L.
1111 1775 168 65 aut.
1216 1775 189 65 sig.,
1341 1775 105 65 à
1362 1775 105 65 son

59 1827 230 60 ami.
203 1827 288 60 Paris,
404 1827 201 60 1er
520 1827 201 60 mai
635 1827 259 60 1805.
807 1827 144 60 1
865 1827 201 60 gr.
980 1827 173 60 p.
1066 1827 201 60 pl.
1181 1827 259 60 in-4.
1354 1827 144 60 9
1383 1827 86 60 »

113 1872 284 54 Touchante
332 1872 219 54 lettre
485 1872 131 54 de
551 1872 328 54 consolation
813 1872 131 54 au
879 1872 197 54 sujet
1010 1872 175 54 d'un
1119 1872 197 54 jeune
1250 1872 197 54 homme
1360 1872 109 54 tué

69 1915 102 62 à
109 1915 246 62 l’armée,
294 1915 184 62 après
417 1915 205 62 s’être
560 1915 225 62 couvert
724 1915 123 62 de
765 1915 184 62 gloire.

21 1963 176 72 761.
131 1963 395 72 Réaumur
460 1963 395 72 (Henri-Antoine
789 1963 176 72 de),
899 1963 285 72 physicien
1119 1963 132 72 et
1163 1963 307 72 naturaliste,

71 2013 205 65 membre
214 2013 123 65 de
275 2013 287 65 l’Académie
501 2013 143 65 des
582 2013 266 65 Sciences.
787 2013 123 65 Né
849 2013 102 65 à
890 2013 184 65 La
1012 2013 348 65 Rochelle
1299 2013 123 65 L.
1340 2013 123 65 aut.

67 2068 191 56 sig.,
194 2068 128 56 au
258 2068 255 56 révérend
450 2068 191 56 Père.
577 2068 213 56 Paris,
726 2068 128 56 27
790 2068 191 56 avril
918 2068 191 56 1755.
1045 2068 106 56 2
1088 2068 128 56 p.
1152 2068 149 56 pl.
1237 2068 191 56 in-4.
1365 2068 128 56 12
1407 2068 64 56 »

20 2081 168 89 762.
125 2081 379 89 Regnard
441 2081 421 89 (Jean-François),
798 2081 231 89 célèbre
966 2081 210 89 auteur
1113 2081 315 89 dramatique.
1366 2081 189 89 Frag¬
1471 2081 63 89 *

68 2168 161 66 ment
168 2168 161 66 aut.
269 2168 161 66 d’un
369 2168 221 66 recueil
530 2168 121 66 de
591 2168 221 66 pensées
751 2168 141 66 sur
832 2168 281 66 différents
1053 2168 221 66 sujets.
1214 2168 241 66 Certifié
1374 2168 101 66 par

43 2212 277 55 M.
181 2212 599 55 Campenon.
642 2212 231 55 2
734 2212 277 55 p.
873 2212 507 55 in-fol.
1242 2212 277 55 12
1334 2212 138 55 «

23 2260 166 63 763.
127 2260 414 63 Riballier
479 2260 311 63 (Ambroise),
727 2260 228 63 célèbre
893 2260 311 63 théologien,
1142 2260 331 63 grand-maître
1390 2260 83 63 du

70 2307 231 66 collège
238 2307 251 66 Mazarin,
426 2307 231 66 docteur
594 2307 126 66 de
657 2307 272 66 Sorbonne.
866 2307 210 66 Quitt.
1013 2307 168 66 aut.
1118 2307 168 66 sig.
1223 2307 126 66 de
1285 2307 126 66 la
1327 2307 147 66 somme

71 2358 124 53 de
133 2358 165 53 cent
236 2358 288 53 vingt-cinq
463 2358 227 53 livres.
628 2358 206 53 Paris,
772 2358 124 53 18
833 2358 227 53 juillet
998 2358 185 53 1770.
1122 2358 103 53 1
1163 2358 124 53 p.
1225 2358 227 53 in-fol.
1390 2358 103 53 2
1410 2358 62 53 »

23 2380 164 79 764.
125 2380 409 79 Richelieu
472 2380 266 79 (François
677 2380 123 79 Du
738 2380 245 79 Plessis,
922 2380 184 79 sieur
1045 2380 164 79 de),
1147 2380 184 79 grand
1270 2380 204 79 prévôt
1392 2380 82 79 de

74 2442 200 60 France.
219 2442 182 60 Quitt.
346 2442 145 60 sig.
437 2442 145 60 (sur
528 2442 218 60 parch.),
692 2442 109 60 de
746 2442 109 60 la
801 2442 164 60 somme
910 2442 109 60 de
964 2442 182 60 six
1091 2442 164 60 vingt
1200 2442 164 60 escus
1291 2442 182 60 sol

65 2487 198 76 pour
189 2487 198 76 être
313 2487 297 76 employée
535 2487 148 76 en
609 2487 272 76 affaire
807 2487 470 76 extraordinaire.
1203 2487 223 76 1588.
1351 2487 124 76 3
1376 2487 99 76 50

25 2518 152 99 765.
120 2518 341 99 Robert,
404 2518 284 99 archidiacre
632 2518 114 99 de
689 2518 379 99 Chartres
1011 2518 114 99 L.
1068 2518 152 99 aut.
1163 2518 171 99 sig.,
1276 2518 95 99 à
1295 2518 171 99 Mgr....

62 2593 375 68 Chartres,
350 2593 173 68 18
437 2593 346 68 décembre
696 2593 259 68 1672.
869 2593 144 68 2
927 2593 173 68 p.
1013 2593 259 68 petit
1186 2593 259 68 in-4.
1359 2593 144 68 2
1388 2593 86 68 »

25 2627 175 87 766.
135 2627 482 87 Robespierre
551 2627 548 87 (Maximilien-Isidore),
1034 2627 395 87 conventionnel.
1362 2627 132 87 Né
1406 2627 66 87 à

73 2684 312 64 Arras
327 2684 390 64 (Pas-de-Calais).
659 2684 273 64 Ampliation
873 2684 156 64 d’un
971 2684 195 64 arrêté
1107 2684 117 64 du
1166 2684 195 64 Comité
1302 2684 117 64 de
1341 2684 137 64 Salut

72 2730 234 81 public,
242 2730 149 81 qui
327 2730 213 81 charge
476 2730 128 81 le
539 2730 234 81 citoyen
710 2730 213 81 Brant,
858 2730 361 81 conjointement
1156 2730 170 81 avec
1262 2730 128 81 le
1305 2730 170 81 comité
