1578 2874
114 137 191 88 Copie
241 137 149 88 (de
326 137 127 88 sa
390 137 191 88 main)
517 137 191 88 d’une
645 137 212 88 lettre
793 137 127 88 de
857 137 234 88 Bossuet
1027 137 106 88 à
1069 137 170 88 elle
1175 137 276 88 adressée.
1388 137 106 88 4
1409 137 106 88 gr.

53 201 490 81 p.
298 201 572 81 pl.
625 201 735 81 in-4.
1115 201 490 81 30
1278 201 245 81 »

166 249 112 74 On
222 249 130 74 lit
297 249 112 74 en
353 249 149 74 tête
446 249 112 74 de
501 249 112 74 la
557 249 149 74 main
650 249 112 74 de
706 249 149 74 Mlle
799 249 112 74 de
855 249 205 74 Scudéri
1004 249 93 74 :
1041 249 223 74 Copie
1209 249 168 74 d’une
1302 249 223 74 lettre

122 304 147 65 de
220 304 98 65 M.
269 304 98 65 de
318 304 147 65 Meaux
416 304 180 65 escrite
546 304 82 65 à
579 304 131 65 Mlle
661 304 98 65 de
710 304 180 65 Scudéri
840 304 163 65 le
955 304 98 65 16
987 304 278 65 février

68 349 166 75 775.
172 349 333 75 Talma
443 349 458 75 (François-Joseph),
838 349 229 75 célèbre
1004 349 208 75 acteur
1150 349 270 75 tragique.
1358 349 125 75 L.
1399 349 125 75 aut.

121 398 194 68 sig.,
251 398 130 68 au
316 398 194 68 baron
445 398 238 68 d’Hénin
618 398 130 68 de
683 398 302 68 Cuvilliers
920 398 151 68 (29
1007 398 173 68 août
1115 398 216 68 1825),
1266 398 108 68 1
1309 398 151 68 pl.
1374 398 151 68 in

120 457 170 66 avec
226 457 128 66 la
290 457 213 66 minute
439 457 170 66 aut.
545 457 128 66 de
609 457 128 66 la
673 457 234 66 réponse
843 457 128 66 du
907 457 191 66 baron
1035 457 234 66 d’Hénin
1205 457 128 66 de
1247 457 277 66 Cuvilliers.

114 496 277 67 Paris,
308 496 166 67 30
391 496 221 67 août
529 496 249 67 1825.
695 496 138 67 1
751 496 166 67 p.
834 496 221 67 in-4
972 496 221 67 Tête
1110 496 360 67 imprimée.
1387 496 166 67 42
1442 496 83 67 »

166 545 128 69 Il
230 545 149 69 lui
315 545 234 69 exprime
485 545 149 69 ses
570 545 234 69 regrets
740 545 128 69 de
804 545 234 69 n’avoir
975 545 128 69 pu
1038 545 213 69 encore
1187 545 128 69 le
1251 545 277 69 remercier
1443 545 85 69 de

129 592 192 59 ’envoi
263 592 115 59 de
321 592 134 59 son
397 592 211 59 ouvrage
551 592 134 59 sur
627 592 192 59 les
761 592 249 59 comédiens
953 592 115 59 et
1011 592 115 59 le
1068 592 345 59 clergé...
1356 592 134 59 «Je
1413 592 115 59 vous

121 642 195 64 «prie
251 642 130 64 de
316 642 216 64 croire
467 642 151 64 que
554 642 130 64 je
619 642 130 64 ne
684 642 173 64 vous
792 642 173 64 suis
900 642 151 64 pas
986 642 195 64 moins
1095 642 433 64 très

122 696 252 61 «d’avoir
311 696 252 61 consacré
500 696 147 61 vos
584 696 231 61 loisirs
752 696 126 61 et
815 696 189 61 votre
942 696 189 61 plume
1068 696 105 61 à
1110 696 126 61 la
1173 696 231 61 défense
1341 696 147 61 des
1404 696 126 61 mal-

122 748 276 55 «heureux
329 748 299 55 comédiens
560 748 230 55 contre
721 748 161 55 les
813 748 276 55 rigueurs
1020 748 138 55 du
1067 748 299 55 clergé....»

77 774 161 75 776.
178 774 323 75 Talon
440 774 222 75 (Omer),
601 774 222 75 célèbre
763 774 363 75 avocat-général
1065 774 121 75 au
1126 774 262 75 Parlement
1327 774 121 75 de
1368 774 161 75 Paris.

125 835 127 61 L.
188 835 170 61 aut.
295 835 191 61 sig.,
422 835 106 61 à
464 835 127 61 M.
528 835 234 61 Stella,
698 835 106 61 à
740 835 212 61 Paris.
889 835 106 61 7
932 835 255 61 novembre
1123 835 191 61 1836.
1250 835 106 61 1
1292 835 149 61 gr.
1377 835 127 61 p.
1420 835 106 61 pl.

125 883 215 56 in-fol.
282 883 234 56 Ecriture
457 883 156 56 fine
555 883 117 56 et
614 883 215 56 serrée.
770 883 137 56 Sur
848 883 137 56 les
926 883 234 56 affaires
1102 883 293 56 religieuses
1336 883 117 56 du
1375 883 156 56 temps.

39 928 1388 63 Curieuse.
1107 928 534 63 9
1214 928 320 63 »

80 975 156 71 777.
178 975 235 71 Titon
354 975 117 71 du
413 975 274 71 Tillet
628 975 254 71 (Evrard),
824 975 196 71 auteur
961 975 117 71 du
1019 975 293 71 Parnasse
1235 975 293 71 français

126 1026 140 61 L.
196 1026 187 61 aut.
313 1026 211 61 sig.,
453 1026 140 61 au
523 1026 281 61 révérend
734 1026 187 61 Père
851 1026 164 61 Dom
944 1026 257 61 Calmet,
1131 1026 187 61 abbé
1248 1026 140 61 de
1295 1026 234 61 Sénones.

121 1077 267 64 Paris,
308 1077 134 64 6
362 1077 240 64 sept.
522 1077 240 64 1749.
682 1077 134 64 3
736 1077 187 64 gr.
843 1077 160 64 p.
923 1077 187 64 pl.
1029 1077 240 64 in-4.
1190 1077 294 64 Cachet.
1403 1077 134 64 8
1430 1077 107 64 50

174 1114 380 73 Remerciements
486 1114 179 73 pour
598 1114 134 73 le
665 1114 290 73 troisième
888 1114 223 73 volume
1045 1114 134 73 de
1112 1114 134 73 sa
1179 1114 223 73 grande
1335 1114 134 73 et
1380 1114 156 73 belle

131 1177 244 54 histoire
314 1177 122 54 de
375 1177 244 54 Lorraine
558 1177 183 54 qu'il
681 1177 143 54 lui
762 1177 102 54 a
803 1177 265 54 envoyé...
1006 1177 122 54 Il
1068 1177 143 54 lui
1149 1177 183 54 offre
1271 1177 163 54 cinq
1353 1177 183 54 médail-

129 1212 171 68 lons
235 1212 128 68 de
299 1212 149 68 nos
385 1212 214 68 poëtes
534 1212 192 68 qu’il
662 1212 149 68 n’a
748 1212 171 68 pas,
855 1212 149 68 qui
940 1212 171 68 sont
1047 1212 171 68 ceux
1154 1212 128 68 de
1218 1212 256 68 Molière,
1410 1212 128 68 de
1453 1212 85 68 La

133 1266 286 70 Fontaine,
353 1266 132 70 de
419 1266 308 70 Corneille,
661 1266 132 70 de
727 1266 220 70 Racine
880 1266 132 70 et
946 1266 132 70 de
1012 1266 308 70 Crébillon,
1254 1266 132 70 en
1298 1266 242 70 attendant

131 1325 166 53 ceux
235 1325 124 53 de
297 1325 270 53 Despréaux
504 1325 270 53 (Boileau)
712 1325 124 53 et
774 1325 124 53 de
836 1325 207 53 Lully,
981 1325 124 53 le
1044 1325 270 53 musicien,
1251 1325 187 53 etc.,
1355 1325 124 53 etc.

87 1355 153 86 778.
182 1355 344 86 Tressan
469 1355 191 86 (Louis
603 1355 153 86 de),
698 1355 191 86 évêque
832 1355 115 86 de
889 1355 344 86 Nantes
1176 1355 153 86 puis
1272 1355 267 86 archevêque
1463 1355 76 86 de

131 1409 214 61 Rouen.
280 1409 128 61 L.
344 1409 171 61 aut.
451 1409 192 61 sig.,
579 1409 107 61 à
622 1409 171 61 M...
729 1409 128 61 12
793 1409 256 61 novembre
985 1409 192 61 1722,
1114 1409 107 61 1
1156 1409 128 61 p.
1220 1409 150 61 pl.
1306 1409 192 61 in-4.
1434 1409 107 61 4
1456 1409 85 61 50

89 1456 145 79 779.
180 1456 363 79 Valincour
488 1456 344 79 (Jean-Baptiste,
778 1456 163 79 Henri
886 1456 163 79 du
995 1456 290 79 Trousset
1231 1456 145 79 de),
1321 1456 181 79 poëte,
1430 1456 109 79 lit

134 1524 285 52 térateur,
353 1524 219 52 membre
506 1524 131 52 de
572 1524 306 52 l’Académie
813 1524 306 52 française.
1053 1524 131 52 L.
1119 1524 175 52 aut.
1229 1524 197 52 sig.,
1360 1524 109 52 à
1382 1524 153 52 M....

120 1551 391 56 Toulon,
405 1551 213 56 20
511 1551 426 56 août....
831 1551 178 56 4
902 1551 213 56 p.
1009 1551 249 56 pl.
1151 1551 320 56 in-4.
1364 1551 213 56 10
1435 1551 107 56 »

87 1594 176 85 780.
197 1594 397 85 Vendôme
528 1594 419 85 (Louis-Joseph),
881 1594 154 85 duc
969 1594 132 85 de
1035 1594 265 85 Vendôme,
1211 1594 331 85 généralissime

134 1649 162 61 des
226 1649 232 61 armées
389 1649 139 61 de
458 1649 232 61 France
620 1649 139 61 et
689 1649 324 61 d’Espagne.
944 1649 139 61 L.
1014 1649 185 61 aut.
1129 1649 208 61 sig.,
1268 1649 116 61 à
1315 1649 139 61 M.
1384 1649 139 61 le
1430 1649 116 61 duc

136 1699 284 72 d’Albret.
355 1699 131 72 Au
420 1699 175 72 camp
530 1699 328 72 d’Aigulade,
792 1699 131 72 25
858 1699 284 72 septembre
1077 1699 197 72 1697.
1208 1699 109 72 1
1252 1699 131 72 p.
1317 1699 153 72 pl.
1383 1699 153 72 in

40 1742 1272 69 Cachet.
966 1742 694 69 12
1197 1742 347 69 »

92 1780 151 92 781.
186 1780 358 92 Voltaire
487 1780 113 92 L.
544 1780 151 92 aut.
638 1780 151 92 sig.
732 1780 263 92 V.
939 1780 94 92 à
977 1780 113 92 M.
1033 1780 282 92 d’Argental.
1259 1780 113 92 Ce
1315 1780 169 92 16...
1428 1780 94 92 3
1447 1780 94 92 gr.

123 1839 316 73 p.
281 1839 369 73 pl.
492 1839 316 73 et
650 1839 474 73 demie
966 1839 474 73 in-4.
1283 1839 316 73 30
1388 1839 158 73 »

187 1887 182 83 Lettre
314 1887 291 83 intéressante
551 1887 109 83 au
605 1887 164 83 sujet
714 1887 109 83 de
769 1887 109 83 sa
823 1887 164 83 pièce
933 1887 109 83 de
969 1887 291 83 Zulime

392 2092 190 75 SOUS
530 2092 190 75 PRESSE,
668 2092 138 75 POUR
754 2092 207 75 PARAITRE
892 2092 362 75 PROCHAINEMENT:

95 2173 431 97 Correspondance
464 2173 123 97 de
525 2173 226 97 Boileau
689 2173 123 97 et
751 2173 369 97 Brossette,
1058 2173 164 97 avec
1161 2173 144 97 les
1243 2173 205 97 œuvres
1366 2173 185 97 supplé-

137 2227 268 69 mentaires.
347 2227 134 69 1re
424 2227 210 69 édition
576 2227 248 69 complète,
768 2227 115 69 en
825 2227 191 69 partie
959 2227 229 69 inédite,
1131 2227 210 69 publiée
1283 2227 134 69 sur
1360 2227 134 69 les
1417 2227 134 69 manu-

139 2273 191 86 scrits
273 2273 268 86 originaux,
483 2273 134 86 par
559 2273 115 86 A.
617 2273 248 86 LAVERDET.
808 2273 96 86 —
846 2273 115 86 Un
903 2273 191 86 volume
1037 2273 172 86 in-8,
1152 2273 210 86 enrichi
1305 2273 115 86 de
1343 2273 210 86 plusieurs

121 2324 240 76 fac

143 2481 167 80 N.
255 2481 167 80 B
366 2481 111 80 M.
422 2481 223 80 LAVERDET
589 2481 130 80 est
663 2481 148 80 chez
756 2481 130 80 lui
830 2481 111 80 de
886 2481 93 80 1
923 2481 167 80 heure
1034 2481 93 80 à
1071 2481 111 80 4,
1127 2481 130 80 les
1201 2481 241 80 dimanches
1387 2481 111 80 et
1424 2481 130 80 fêtes

102 2551 241 64 exceptés,
288 2551 111 64 et
344 2551 111 64 du
400 2551 111 64 15
455 2551 167 64 avril
567 2551 111 64 au
622 2551 111 64 15
678 2551 223 64 octobre,
845 2551 130 64 les
920 2551 241 64 mercredis
1105 2551 111 64 et
1161 2551 204 64 samedis
1291 2551 223 64 seulement.

249 2737 206 104 Paris.
393 2737 103 104 —
435 2737 308 104 Typograpiie
681 2737 123 104 de
743 2737 206 104 Gaitet
887 2737 123 104 et
949 2737 165 104 Cie,
1051 2737 144 104 rue
1134 2737 288 104 Gite-Cœur,
1339 2737 62 104 7
