1213 2107
590 40 34 44 —
604 40 34 44 8
611 40 20 44 —

138 91 115 65 3e
195 91 248 65 personne,
386 91 96 65 à
425 91 115 65 M.
482 91 115 65 de
539 91 172 65 Gocy;
654 91 96 65 7
692 91 153 65 oct.
788 91 172 65 1877,
902 91 96 65 1
941 91 115 65 p.
998 91 134 65 pl.
1055 91 134 65 in

147 149 175 56 enveloppe.
285 149 75 56 12
310 149 38 56 »

169 182 111 73 Jolie
243 182 123 73 lettre
329 182 74 73 où
366 182 74 73 il
403 182 86 73 lui
452 182 111 73 parle
526 182 74 73 du
563 182 136 73 mauvais
662 182 111 73 état,
736 182 74 73 de
773 182 86 73 ses
822 182 99 73 yeux
884 182 86 73 qui
933 182 185 73 l’empêchera
1068 182 136 73 désormais

144 225 143 66 d’écrire
252 225 84 66 des
287 225 120 66 lettres.

133 268 176 65 28619.
257 268 176 65 THOMAS
380 268 264 65 (Ambroise),
592 268 264 65 compositeur
803 268 106 65 de
856 268 212 65 musique,
1015 268 176 65 membre
1120 268 71 65 de

131 324 274 52 l’Institut.
350 324 91 52 —
386 324 201 52 Morceau
532 324 109 52 de
587 324 201 52 musique
733 324 146 52 aut.
824 324 164 52 sig.;
934 324 109 52 10
988 324 146 52 nov.
1061 324 128 52 1845,

141 359 77 50 1
171 359 92 50 p.
217 359 123 50 in-4
294 359 169 50 oblong.
417 359 169 50 Superbe
539 359 153 50 pièce.
646 359 92 50 10
677 359 46 50 »

137 404 168 62 28620.
255 404 219 62 TREMINTIN
423 404 185 62 (Yves),
558 404 202 62 enseigne
710 404 101 62 de
760 404 219 62 vaisseau,
929 404 168 62 second
1046 404 101 62 de
1080 404 118 62 l’hé-

140 451 165 52 roïque
256 451 165 52 Bisson
372 451 116 52 sur
438 451 149 52 le
537 451 281 52 Payanot,
768 451 132 52 lors
851 451 99 52 du
901 451 165 52 combat
1016 451 165 52 contre
1115 451 83 52 les

536 492 118 55 pirates
622 492 96 55 grecs
686 492 64 55 en
718 492 96 55 1827.
783 492 54 55 —
804 492 64 55 1°
836 492 64 55 L.
869 492 64 55 a.
901 492 75 55 s.;
944 492 96 55 1840,
1008 492 54 55 1
1029 492 64 55 p.
1061 492 96 55 in-4.
1126 492 64 55 2°
1147 492 43 55 L.

129 542 112 53 s.;
193 542 161 53 Brest,
306 542 80 53 2
338 542 177 53 juillet
466 542 145 53 1836,
563 542 80 53 2
595 542 96 53 p.
643 542 177 53 in-fol.
771 542 96 53 3°
820 542 193 53 Portrait
948 542 241 53 lithographié.

1063 583 163 45 6
1096 583 98 45 »

160 602 202 65 Intéressant
321 602 162 65 dossier.
442 602 81 65 La
483 602 135 65 lettre
577 602 81 65 de
618 602 108 65 1836
685 602 94 65 est
739 602 94 65 une
793 602 121 65 copie
874 602 135 65 signée
968 602 94 65 par
1022 602 175 65 Tremintin
1143 602 54 65 de

126 649 81 45 son
173 649 128 45 rapport
266 649 220 45 suril’expiosion
451 649 70 45 du
474 649 209 45 Payanot.

132 687 159 52 28621.
244 687 175 52 TURENNE
371 687 112 52 (le
435 687 175 52 vicomte
562 687 127 52 de),
642 687 191 52 illustre
785 687 191 52 maréchal
929 687 96 52 de
977 687 175 52 France.
1088 687 48 52 —

127 731 101 57 L.
178 731 101 57 a.
228 731 101 57 s.
279 731 101 57 au
330 731 101 57 Ce
380 731 101 57 de
431 731 219 57 Bouillon;
600 731 101 57 ce
650 731 202 57 mercredi
802 731 186 57 (1661),
937 731 84 57 1
971 731 101 57 p.
1021 731 118 57 pl.
1072 731 118 57 in

139 769 137 55 cachets.
241 769 68 55 30
264 769 34 55 »

152 796 78 74 Le
191 796 92 74 roi
243 796 92 74 lui
296 796 65 74 a
322 796 92 74 dit
374 796 92 74 que
427 796 78 74 si
466 796 157 74 l’abbaye
583 796 78 74 de
623 796 196 74 Saint-Amand
780 796 118 74 étaif
858 796 144 74 vacante
963 796 78 74 il
1002 796 78 74 la
1041 796 92 74 lui
1080 796 105 74 donne-

126 855 101 42 rait
190 855 76 42 de
228 855 89 42 bon
279 855 114 42 cœur,
355 855 76 42 et
393 855 114 42 qu’il
469 855 127 42 serait
558 855 101 42 fort
621 855 101 42 aise
684 855 114 42 qu’il
761 855 127 42 puisse
849 855 101 42 s'en
900 855 165 42 accommoder.

137 891 159 58 28622.
249 891 159 58 TURGOT
360 891 414 58 (Anne-Robert-Jacques),
727 891 223 58 l’illustre
902 891 239 58 économiste.
1077 891 48 58 —

125 930 110 55 L.
180 930 110 55 a.
234 930 110 55 s.
289 930 110 55 (à
344 930 274 55 Letourneur,
564 930 256 55 traducteur
765 930 110 55 de
820 930 311 55 Shakespeare);
1058 930 128 55 lundi

129 971 127 61 matin,
218 971 63 61 1
243 971 76 61 p.
281 971 89 61 1/2
332 971 114 61 in-4.
408 971 203 61 Rare
573 971 76 61 25
598 971 38 61 »

146 1016 115 56 Belle
223 1016 128 56 lettre
313 1016 90 56 sur
364 1016 90 56 son
415 1016 115 56 essai
492 1016 77 56 de
531 1016 179 56 traduction
671 1016 102 56 d’un
735 1016 90 56 ode
787 1016 77 56 de
812 1016 90 56 Gray.

139 1058 146 62 28623.
241 1058 175 62 VEUILLOT
372 1058 175 62 (Louis),
503 1058 87 62 le
547 1058 160 62 célèbre
663 1058 204 62 publiciste
824 1058 218 62 catholique.
998 1058 73 62 —
1013 1058 58 62 L.

128 1107 99 51 s.
178 1107 99 51 au
228 1107 215 51 rédacteur
393 1107 99 51 en
443 1107 132 51 chef
525 1107 99 51 de
575 1107 99 51 la
625 1107 232 51 Liberté
807 1107 99 51 de
856 1107 248 51 penser;
1055 1107 99 51 15
1088 1107 99 51 fév.

136 1144 121 60 1849,
216 1144 67 60 2
243 1144 81 60 p.
283 1144 94 60 1/4
337 1144 121 60 in-4.
418 1144 81 60 15
445 1144 40 60 »

155 1178 222 60 Très-curieuse
338 1178 131 60 lettre
429 1178 78 60 où
468 1178 78 60 il
508 1178 157 60 explique
625 1178 170 60 l’origine
756 1178 78 60 et
795 1178 78 60 le
834 1178 118 60 motif
913 1178 78 60 de
952 1178 78 60 la
991 1178 183 60 subvention
1122 1178 65 60 sur

132 1227 77 55 le
171 1227 64 55 s
196 1227 115 55 fonds
273 1227 141 55 gæcrets
375 1227 115 55 qu’il
452 1227 64 55 a
478 1227 128 55 reçue,
567 1227 141 55 pendant
669 1227 102 55 deux
733 1227 102 55 ans,
797 1227 77 55 du
836 1227 166 55 ministère
964 1227 141 55 Guizot,
1066 1227 64 55 à
1079 1227 102 55 partir

133 1256 82 48 du
174 1256 82 48 29
215 1256 150 48 octobre
311 1256 95 48 1840.

568 1282 111 81 VINCENT
648 1282 60 81 DE
679 1282 81 81 PAUL
729 1282 121 81 (saint).
820 1282 50 81 —
840 1282 60 81 P.
870 1282 70 81 s.,
910 1282 70 81 sur
950 1282 101 81 vélin;
1021 1282 101 81 Paris,
1091 1282 60 81 22
1112 1282 70 81 avril

125 1336 138 52 1656,
217 1336 77 52 1
248 1336 92 52 p.
294 1336 123 52 in-8
371 1336 169 52 oblong.
494 1336 215 52 Très-jolie
663 1336 154 52 pièce.
770 1336 92 52 65
801 1336 46 52 »

167 1383 110 48 Reçu
236 1383 83 48 de
278 1383 83 48 16
319 1383 138 48 livres
416 1383 83 48 17
457 1383 110 48 sols
526 1383 69 48 4
553 1383 152 48 deniers
664 1383 166 48 tournois
788 1383 110 48 pour
857 1383 83 48 un
898 1383 166 48 quartier
1022 1383 124 48 d’une
1091 1383 97 48 rente

134 1424 188 57 constituée
281 1424 94 57 par
335 1424 81 57 la
375 1424 121 57 Ville
456 1424 81 57 de
496 1424 121 57 Paris
577 1424 67 57 à
604 1424 81 57 Me
644 1424 161 57 François
765 1424 81 57 de
805 1424 81 57 La
832 1424 94 57 Noue.

136 1456 163 59 28625.
250 1456 195 59 VOISENON
396 1456 228 59 (Claude-H.
575 1456 163 59 FUSÉE,
689 1456 130 59 abbé
770 1456 130 59 de),
852 1456 146 59 poëte
949 1456 98 59 et
998 1456 114 59 bel
1047 1456 130 59 esprit

121 1501 111 49 de
177 1501 204 49 l’Acad.
325 1501 130 49 fr.
399 1501 93 49 —
436 1501 111 49 L.
492 1501 111 49 a.
547 1501 130 49 s.;
621 1501 111 49 29
677 1501 148 49 nov.
770 1501 167 49 1764,
881 1501 93 49 1
918 1501 111 49 p.
973 1501 167 49 in-4.
1084 1501 111 49 12
1121 1501 56 49 »

136 1551 170 48 28626.
255 1551 153 48 WEBRE
357 1551 255 48 (Carl-Maria
561 1551 153 48 von),
664 1551 238 48 l’illustre
851 1551 255 48 compositeur
1055 1551 102 48 de
1089 1551 85 48 mu-

122 1595 186 53 sique.
253 1595 93 53 —
290 1595 112 53 L.
346 1595 112 53 a.
402 1595 131 53 s.;
477 1595 205 53 Dresde,
626 1595 224 53 décembre
794 1595 168 53 1822,
905 1595 93 53 1
943 1595 112 53 p.
999 1595 131 53 pl.
1055 1595 131 53 in

1047 1635 161 62 85
1101 1635 80 62 »

153 1664 178 63 Très-belle
293 1664 140 63 lettre,
395 1664 102 63 avec
459 1664 178 63 traduction
599 1664 178 63 française.
739 1664 89 63 «Il
790 1664 76 63 me
828 1664 127 63 semble
918 1664 166 63 toujours,
1045 1664 127 63 depuis
1121 1664 64 63 que

115 1709 81 49 le
155 1709 121 49 monde
236 1709 121 49 parle
316 1709 108 49 tant
384 1709 81 49 de
424 1709 108 49 moi,
491 1709 94 49 que
545 1709 108 49 j’ai
613 1709 121 49 perdu
693 1709 81 49 le
734 1709 121 49 droit
815 1709 81 49 de
855 1709 135 49 donner
949 1709 215 49 publiquement
1111 1709 67 49 mon

114 1755 111 40 avis
183 1755 97 40 sur
239 1755 152 40 quelque
349 1755 138 40 chose;
446 1755 138 40 aussi,
543 1755 83 40 en
584 1755 180 40 exceptant
723 1755 97 40 les
778 1755 194 40 premières,
930 1755 207 40 productions
1096 1755 83 40 de
1124 1755 55 40 ma

112 1781 120 37 muse,
191 1781 106 37 vous
258 1781 80 37 ne
298 1781 173 37 trouverez
431 1781 106 37 plus
497 1781 106 37 rien
564 1781 80 37 de
603 1781 106 37 moi;
670 1781 80 37 la
710 1781 120 37 voilà
790 1781 120 37 aussi
869 1781 173 37 endormie,
1002 1781 80 37 et
1042 1781 106 37 avec
1095 1781 80 37 elle

112 1817 127 38 toutes
201 1817 89 38 mes
252 1817 166 38 relations
380 1817 102 38 avec
443 1817 89 38 les
494 1817 178 38 libraires;
634 1817 102 38 j’ai
698 1817 115 38 assez
774 1817 76 38 de
813 1817 127 38 peines
902 1817 102 38 avec
966 1817 89 38 mes
1016 1817 127 38 notes,
1106 1817 76 38 et
1131 1817 51 38 si

114 1842 77 54 je
153 1842 102 54 suis
217 1842 102 54 déjà
281 1842 166 54 paresseux
408 1842 102 54 pour
472 1842 90 54 les
524 1842 166 54 défendre,
652 1842 77 54 je
690 1842 77 54 le
728 1842 115 54 serai
805 1842 102 54 bien
869 1842 102 54 plus
933 1842 102 54 pour
997 1842 154 54 attaquer
1099 1842 77 54 tant

109 1878 82 49 de
150 1878 137 49 choses
246 1878 96 49 qui
301 1878 82 49 me
328 1878 232 49 déplaisent....»

165 1909 332 66 L'authenticité
450 1909 111 66 des
513 1909 237 66 autographes
703 1909 111 66 est
750 1909 237 66 garantie

966 2012 66 35 4

173 2014 125 56 747.
252 2014 78 56 —
283 2014 219 56 Abbeville.
455 2014 125 56 Typ.
534 2014 94 56 et
580 2014 141 56 stér.
674 2014 172 56 Gustave
784 2014 141 56 Retaux.
