1270 2075
-12 39 675 85 LETTRES
417 39 798 85 AUTOGRAPHES

248 151 176 81 ET
336 151 381 81 DOGUMENTS
599 151 381 81 HISTORIQUES

142 210 221 87 MAISON
297 210 221 87 FONDÉE
452 210 133 87 EN
518 210 177 87 1830
629 210 155 87 PAR
718 210 133 87 J.
784 210 266 87 CHARAVAY
961 210 133 87 AINÉ

490 297 103 69 et
541 297 189 69 dirigée
661 297 86 69 par

262 359 281 93 ÉTIENNE
467 359 307 93 CHARAVAY
697 359 204 93 FILS
825 359 153 93 ET
876 359 102 93 S°

113 405 311 94 ARCHIVISTE
357 405 355 94 PALÉOGRAPHE,
646 405 222 94 EXPERT
801 405 133 94 EN
845 405 289 94 AUTOGRAPHES

307 480 120 109 A
355 480 240 109 Paris,
523 480 168 109 rue
619 480 144 109 de
691 480 240 109 Seine,
835 480 96 109 51

87 576 420 75 CORRESPONDANT
433 576 272 75 SPÉCIAL
631 576 124 75 A
680 576 297 75 LONDRES:
903 576 148 75 F.
952 576 198 75 NAYLOR

370 654 99 60 4,
419 654 181 60 Milmann
551 654 181 60 street,
682 654 181 60 Bedford
798 654 82 60 Row

23 725 152 62 ACHAT
125 725 102 62 DE
175 725 254 62 COLLECTIONS
379 725 288 62 D’AUTOGRAPHES
616 725 102 62 AU
666 725 220 62 COMPTANT;
836 725 220 62 ÉCHANGES;
988 725 237 62 COMMISSIONS;

69 772 171 58 VENTES
189 772 222 58 PUBLIQUES
360 772 103 58 ET
411 772 85 58 A
445 772 239 58 L’AMIABLE;
633 772 222 58 RÉDACTION
804 772 103 58 DE
855 772 256 58 CATALOGUES;
1043 772 137 58 COPIES

130 805 242 73 CERTIFIÉES
320 805 104 73 DE
371 805 207 73 CHARTES,
527 805 224 73 DOCUMENTS
699 805 104 73 ET
751 805 276 73 AUTOGRAPHES;
958 805 155 73 VÉRIFI-

222 845 166 72 CATION
338 845 99 72 DE
388 845 166 72 PIÈCES
504 845 99 72 ET
554 845 249 72 CERTIFICATS
736 845 282 72 D’AUTHENTICITÉ;

278 898 270 46 PUBLICATION
494 898 108 46 DE
548 898 234 46 L’AMATEUR
709 898 270 46 D’AUTOGRAPHES

397 934 104 53 ET
449 934 104 53 DU
500 934 242 53 SUPPLÉMENT
690 934 86 53 A
708 934 138 53 L’ISO-

453 971 199 57 GRAPHIE
597 971 126 57 DES
652 971 144 57 HOMMES

892 990 289 78 Octobre
1076 990 158 78 1878

515 1013 190 55 CÉLÈBRES

12 998 283 95 Numéro
182 998 142 95 195

205 1129 266 93 BULLETIN
404 1129 376 93 D’AUTOGRAPHES
714 1129 111 93 A
758 1129 177 93 PRIX
847 1129 199 93 MARQUÉS

161 1307 150 62 28551.
266 1307 120 62 ADAM
341 1307 209 62 (Adolphe),
505 1307 179 62 l’auteur
640 1307 90 62 du
685 1307 269 62 Chalet
909 1307 75 62 —
939 1307 90 62 L.
984 1307 90 62 a.
1029 1307 90 62 s.
1073 1307 75 62 à
1103 1307 90 62 un
1133 1307 90 62 col-

170 1363 218 59 laborateur,
344 1363 73 59 2
373 1363 87 59 p.
416 1363 145 59 in-12.
518 1363 73 59 3
532 1363 58 59 50

203 1383 119 72 Jolie
282 1383 132 72 lettre
374 1383 79 72 de
414 1383 237 72 recommandation
611 1383 79 72 en
651 1383 132 72 faveur
743 1383 79 72 de
783 1383 79 72 sa
822 1383 119 72 bonne
901 1383 79 72 et
941 1383 145 72 vieille
1046 1383 105 72 amie
1099 1383 132 72 Déjazet.

158 1441 157 68 28552.
268 1441 126 68 ADAM
347 1441 220 68 (Adolphe).
520 1441 126 68 Deux
598 1441 157 68 lignes
708 1441 94 68 de
756 1441 189 68 musique,
897 1441 126 68 aut.
976 1441 141 68 sig.,
1070 1441 110 68 114
1133 1441 94 68 de
1164 1441 63 68 p.

160 1503 130 47 in-4
241 1503 178 47 oblong.
371 1503 146 47 Belle
468 1503 146 47 pièce
565 1503 195 47 d’album.
711 1503 81 47 5
727 1503 49 47 »

162 1541 159 65 28553.
273 1541 191 65 ALEMBERT
416 1541 143 65 (Jean
511 1541 95 65 LE
559 1541 127 65 Rond
638 1541 127 65 d’),
718 1541 222 65 l’illustre
893 1541 175 65 savant.
1020 1541 79 65 —
1051 1541 95 65 L.
1099 1541 95 65 a.
1147 1541 95 65 s.
1178 1541 48 65 à

168 1590 244 56 d’Argenson;
363 1590 163 56 Paris,
477 1590 98 56 18
525 1590 114 56 mai
590 1590 146 56 1758,
688 1590 81 56 3
720 1590 98 56 p.
769 1590 146 56 in-4.
867 1590 98 56 22
899 1590 49 56 »

200 1623 81 65 Le
240 1623 175 65 président
375 1623 148 65 Hénault
483 1623 81 65 se
523 1623 135 65 charge
618 1623 81 65 de
658 1623 94 65 lui
712 1623 121 65 faire
793 1623 162 65 parvenir
915 1623 81 65 la
955 1623 162 65 nouvelle
1077 1623 148 65 édition
1171 1623 54 65 du

170 1668 167 50 Traité
299 1668 77 50 de
337 1668 231 50 dynamique
530 1668 116 50 qu’il
607 1668 90 50 lui
659 1668 64 50 a
684 1668 141 50 dédiée,
787 1668 116 50 comme
864 1668 180 50 témoignage
1006 1668 77 50 de
1044 1668 77 50 sa
1070 1668 154 50 reconnais-

175 1698 116 51 sance
252 1698 103 51 pour
317 1698 90 51 les
368 1698 154 51 services
484 1698 116 51 qu’il
561 1698 90 51 lui
612 1698 64 51 a
638 1698 141 51 rendus.
741 1698 90 51 «Je
792 1698 77 51 me
831 1698 193 51 souviendrai
985 1698 167 51 toujours,
1100 1698 116 51 dit

178 1729 89 55 que
229 1729 102 55 vous
293 1729 102 55 seul
356 1729 102 55 avez
419 1729 127 55 daigné
508 1729 178 55 m’honorer,
648 1729 76 55 en
686 1729 140 55 France,
787 1729 76 55 de
826 1729 89 55 vos
876 1729 140 55 bontés;
978 1729 140 55 oublié,
1079 1729 102 55 sans
1130 1729 89 55 vous,

172 1761 99 56 dans
233 1761 74 56 ma
271 1761 136 56 patrie,
370 1761 87 56 les
419 1761 136 56 travaux
518 1761 87 56 que
567 1761 99 56 j’ai
629 1761 161 56 entrepris
753 1761 99 56 pour
815 1761 87 56 lui
864 1761 99 56 être
926 1761 111 56 utile
1000 1761 74 56 et
1037 1761 87 56 les
1075 1761 148 56 sacrifices

170 1804 89 46 que
221 1804 76 46 je
259 1804 89 46 lui
310 1804 76 46 ai
349 1804 115 46 faits
425 1804 140 46 eussent
527 1804 89 46 été
578 1804 76 46 ma
616 1804 115 46 seule
680 1804 178 46 récompense.»

161 1824 166 67 28554.
278 1824 183 67 AUBIGNÉ
410 1824 166 67 (Renée
527 1824 266 67 BURLAMACHI),
743 1824 183 67 seconde
875 1824 149 67 femme
975 1824 100 67 de
1008 1824 216 67 l’historien

590 1869 123 53 Agrippa
679 1869 157 53 d’Aubigné.
802 1869 56 53 —
825 1869 67 53 L.
858 1869 67 53 a.
892 1869 67 53 s.
925 1869 56 53 à
948 1869 67 53 M.
981 1869 67 53 de
1015 1869 145 53 Villette;
1115 1869 101 53 Genève,

165 1908 107 73 25
219 1908 143 73 juin
308 1908 160 73 1641,
415 1908 89 73 2
450 1908 107 73 p.
504 1908 125 73 1/2
575 1908 160 73 in-4,
682 1908 214 73 cachets.
843 1908 285 73 Très-légères
1057 1908 160 73 taches.

1084 1948 165 53 40
1139 1948 83 53 »
