1264 2077
540 30 92 69 —
576 30 92 69 3
595 30 55 69 —

148 89 106 70 L.
201 89 106 70 a.
255 89 106 70 s.
308 89 106 70 au
361 89 159 70 garde
467 89 124 70 des
538 89 195 70 sceaux;
680 89 177 70 Paris,
804 89 106 70 29
857 89 142 70 nov.
945 89 159 70 1791,
1052 89 89 70 1
1087 89 106 70 p.
1122 89 89 70 in-

155 153 105 65 fol.
221 153 119 65 Belle
300 153 132 65 pièce.
392 153 66 65 6
405 153 53 65 50

153 205 159 54 28566.
265 205 191 54 BREWSTER
408 205 127 54 (sir
488 205 175 54 David),
615 205 223 54 physicien,
790 205 207 54 historien
950 205 96 54 de
998 205 175 54 Newton.
1109 205 48 54 —

144 257 95 62 L.
192 257 95 62 a.
239 257 95 62 s.
287 257 95 62 (à
335 257 206 62 Henslow);
493 257 95 62 16
541 257 127 62 déc.
621 257 143 62 1831,
716 257 79 62 2
748 257 95 62 p.
795 257 143 62 in-4.
890 257 79 62 5
906 257 48 62 »

156 301 168 54 28567.
274 301 185 54 CARRIER
409 301 202 54 (J.-B.),
560 301 303 54 conventionnel,
812 301 168 54 fameux
930 301 118 54 par
997 301 101 54 sa
1048 301 185 54 mission
1166 301 50 54 à

692 343 97 51 Nantes,
763 343 106 51 décapité
843 343 53 51 en
869 343 80 51 1794.
922 343 44 51 —
940 343 53 51 L.
967 343 53 51 a.
993 343 53 51 s.
1020 343 44 51 à
1038 343 53 51 la
1064 343 142 51 municipalité
1171 343 35 51 de

158 390 175 62 Nantes;
285 390 175 62 Nantes,
412 390 79 62 8
444 390 190 62 frimaire
587 390 95 62 an
634 390 111 62 II,
698 390 111 62 314
761 390 95 62 de
809 390 95 62 p.
856 390 143 62 in-4.
952 390 95 62 20
983 390 48 62 »

194 440 78 54 Il
233 440 92 54 lui
285 440 144 54 enjoint
390 440 183 54 d’exécuter
534 440 78 54 ce
573 440 92 54 que
625 440 118 54 porte
704 440 157 54 l’arrêté
822 440 118 54 qu’il
900 440 92 54 lui
952 440 144 54 envoie.
1057 440 65 54 —
1083 440 92 54 «Le
1122 440 92 54 salut

169 475 135 55 public
263 475 162 55 commande
384 475 81 55 la
425 475 148 55 prompte
533 475 175 55 exécution
668 475 81 55 de
708 475 94 55 ces
749 475 148 55 mesures.»

156 524 157 50 28568.
266 524 236 50 CHAMPIONNET
455 524 204 50 (J.-Et.),
612 524 189 50 illustre
753 524 173 50 général
879 524 251 50 républicain,
1068 524 141 50 conqué-

149 560 146 54 rant
240 560 110 54 de
295 560 201 54 Naples.
441 560 91 54 —
478 560 110 54 L.
533 560 110 54 a.
587 560 128 54 s.;
661 560 201 54 Arbois,
807 560 110 54 16
862 560 201 54 octobre
1008 560 165 54 1792,
1118 560 91 54 1
1136 560 73 54 p.

166 609 80 60 in-4.
219 609 53 60 12
237 609 27 60 »

183 641 83 61 En
225 641 83 61 sa
266 641 152 61 qualité
377 641 83 61 de
419 641 235 61 commandant
612 641 83 61 du
654 641 83 61 6e
696 641 180 61 bataillon
834 641 97 61 des
889 641 208 61 Volontaires
1056 641 83 61 du
1083 641 125 61 dé

160 684 200 52 partement
322 684 75 52 de
359 684 75 52 la
397 684 175 52 Drôme
534 684 75 52 il
572 684 125 52 envoie
659 684 87 52 895
709 684 125 52 livres
797 684 75 52 en
834 684 162 52 assignats
959 684 75 52 et
997 684 75 52 10
1034 684 125 52 livres
1122 684 75 52 en
1147 684 62 52 nu-

159 718 162 46 méraire,
280 718 189 46 «provenant
428 718 108 46 d’un
496 718 94 46 don
550 718 202 46 patriotique
712 718 94 46 que
766 718 81 46 le
806 718 175 46 bataillon
941 718 67 46 a
968 718 108 46 fait
1036 718 81 46 en
1076 718 135 46 faveur
1157 718 54 46 de

147 753 104 55 ceux
212 753 143 55 d’entre
316 753 91 55 les
368 753 169 55 habitants
499 753 78 55 de
538 753 117 55 Lille
616 753 91 55 que
668 753 78 55 le
707 753 208 55 bombardement
876 753 91 55 des
928 753 195 55 Autrichiens
1085 753 65 55 a
1098 753 117 55 réduits

156 787 66 54 à
182 787 79 54 la
208 787 158 54 pauvreté.»

154 803 124 81 28569.
240 803 149 81 CHARLES,
352 803 149 81 archiduc
463 803 186 81 d’Autriche,
612 803 149 81 illustre
723 803 161 81 guerrier.
847 803 62 81 —
872 803 74 81 L.
909 803 74 81 a.
934 803 62 81 s.,

153 865 122 55 en
214 865 244 55 français
397 865 122 55 (à
458 865 346 55 l’impératrice
743 865 366 55 Marie-Louise);
1028 865 183 55 Vienne,

159 912 84 61 27
201 912 125 61 sept.
284 912 125 61 1812,
368 912 70 61 3
396 912 84 61 p.
438 912 125 61 in-4.
521 912 84 61 28
549 912 42 61 »

201 957 136 69 Superbe
300 957 124 69 lettre
386 957 74 69 où
423 957 74 69 il
460 957 148 69 l’assure
571 957 74 69 de
608 957 87 69 son
658 957 161 69 affection
781 957 74 69 et
819 957 99 69 fait
880 957 87 69 des
930 957 99 69 vœux
992 957 99 69 pour
1053 957 74 69 la
1090 957 87 69 fin
1140 957 74 69 de
1165 957 49 69 fa

160 996 111 50 guerre.

152 1018 169 75 28570.
270 1018 203 75 COURTOIS
422 1018 270 75 (Edme-Bon.),
642 1018 169 75 député
760 1018 101 75 de
811 1018 169 75 l’Aube
929 1018 84 75 à
963 1018 101 75 la
996 1018 220 75 Convention,

159 1084 191 48 célèbre
297 1084 121 48 par
367 1084 121 48 son
436 1084 191 48 rapport
575 1084 121 48 sur
644 1084 121 48 les
714 1084 191 48 papiers
853 1084 104 48 de
905 1084 278 48 Robespierre.
1113 1084 52 48 —

160 1128 170 47 Arrêté
279 1128 136 47 aut.
364 1128 153 47 sig.,
466 1128 136 47 sig.
551 1128 153 47 aussi
653 1128 119 47 par
722 1128 289 47 Bergoeing,
943 1128 272 47 Kervelegan

156 1165 296 55 Guyomar
406 1165 140 55 etc.;
500 1165 94 55 12
546 1165 203 55 thermidor
702 1165 94 55 an
749 1165 125 55 III,
827 1165 78 55 1
858 1165 94 55 p.
905 1165 187 55 in-fol.,
1045 1165 140 55 vig.,
1123 1165 94 55 tête

165 1209 130 60 impr.
251 1209 87 60 et
295 1209 159 60 cachet.
410 1209 72 60 5
425 1209 43 60 »

151 1253 166 58 28571.
268 1253 200 58 DAVIDOFF
418 1253 200 58 (Denis),
567 1253 183 58 général
700 1253 166 58 russe,
817 1253 150 58 poëte
917 1253 216 58 satirique
1083 1253 100 58 et
1116 1253 100 58 élé-

296 1296 174 63 giaque.
423 1296 79 63 —
454 1296 142 63 Pièce
549 1296 174 63 d'album
676 1296 127 63 aut.
755 1296 142 63 sig.,
850 1296 95 63 en
898 1296 206 63 français;
1040 1296 174 63 Saint-

162 1344 229 53 tersbourg,
341 1344 98 53 25
390 1344 131 53 août
472 1344 147 53 1837,
570 1344 114 53 1/4
635 1344 98 53 de
684 1344 98 53 p.
733 1344 131 53 in-8
815 1344 180 53 oblong.
946 1344 82 53 4
962 1344 49 53 »

161 1392 150 67 28572.
266 1392 150 67 DROUET
371 1392 180 67 (J.-B.),
506 1392 135 67 comte
596 1392 180 67 d’Erlon,
731 1392 180 67 maréchal
866 1392 90 67 de
911 1392 165 67 France,
1031 1392 90 67 né
1061 1392 45 67 à

159 1441 169 62 Reims.
277 1441 85 62 —
311 1441 101 62 L.
362 1441 101 62 a.
413 1441 101 62 s.
463 1441 101 62 au
514 1441 271 62 maréchal...;
734 1441 186 62 Nantes,
869 1441 101 62 19
920 1441 135 62 juin
988 1441 118 62 1839,

166 1490 51 55 1
186 1490 61 55 p.
217 1490 92 55 in-4.
278 1490 163 55 Rare
410 1490 61 55 10
430 1490 31 55 »

190 1517 76 64 Il
228 1517 140 64 demande
330 1517 76 64 le
368 1517 114 64 grade
444 1517 76 64 de
482 1517 279 64 lieutenant-colonel
724 1517 102 64 pour
787 1517 89 64 son
825 1517 89 64 fils.

160 1565 133 71 28573.
253 1565 173 71 DUPANLOUP
386 1565 159 71 (Félix),
505 1565 133 71 évêque
598 1565 186 71 d’Orléans,
744 1565 80 71 de
784 1565 146 71 l’Acad.
890 1565 93 71 fr.
943 1565 66 71 —
970 1565 80 71 L.
997 1565 66 71 s.,

162 1629 97 66 3/4
218 1629 83 66 de
259 1629 83 66 p.
301 1629 125 66 in-8.
384 1629 69 66 2
398 1629 42 66 »

157 1670 148 68 28574.
261 1670 148 68 DULONG
364 1670 280 68 (Pierre-Louis),
600 1670 133 68 grand
689 1670 177 68 chimiste
822 1670 89 68 et
866 1670 207 68 physicien.
1028 1670 74 68 —
1043 1670 59 68 L.

160 1720 97 66 a.
208 1720 97 66 s.
257 1720 81 66 à
289 1720 177 66 Ampère;
418 1720 161 66 Paris,
531 1720 97 66 11
579 1720 145 66 janv.
676 1720 145 66 1831,
773 1720 81 66 1
805 1720 97 66 p.
853 1720 113 66 1/2
918 1720 145 66 in-8.
1015 1720 81 66 6
1031 1720 48 66 »

195 1768 78 51 Il
234 1768 91 51 lui
286 1768 130 51 envoie
376 1768 91 51 son
428 1768 143 51 rapport
532 1768 91 51 sur
584 1768 91 51 les
636 1768 156 51 mémoires
752 1768 91 51 qui
804 1768 91 51 ont
856 1768 91 51 été
908 1768 117 51 remis
986 1768 65 51 à
1012 1768 181 51 l’Académie
1141 1768 78 51 pour

167 1810 73 51 le
203 1810 97 51 prix
264 1810 73 51 de
300 1810 73 51 la
336 1810 230 51 compressibilité
530 1810 85 51 des
566 1810 133 51 liquides.

166 1842 95 68 28915.
233 1842 57 68 DU
262 1842 172 68 PLESSIS-MORNAY
405 1842 95 68 (Ph.),
472 1842 57 68 le
500 1842 76 68 pape
548 1842 67 68 des
586 1842 134 68 Huguenots.
681 1842 29 68 —

163 1882 114 62 L.
220 1882 114 62 a.
277 1882 114 62 s.
334 1882 95 62 à
371 1882 133 62 son
447 1882 189 62 gendre
580 1882 114 62 M.
637 1882 114 62 de
694 1882 284 62 Villarnoul;
921 1882 208 62 Saumur,
1072 1882 114 62 30
1110 1882 114 62 juin

170 1939 133 62 1610,
259 1939 74 62 1
288 1939 88 62 p.
332 1939 88 62 in
376 1939 118 62 fol.
450 1939 133 62 Belle
539 1939 162 62 lettre.
656 1939 88 62 20
686 1939 44 62 »

19 1986 197 62 28576.
157 1986 256 62 ELISABETH
354 1986 236 62 FARNÈSE,
531 1986 177 62 reine
649 1986 275 62 d’Espagne,
865 1986 236 62 deuxième
1042 1986 177 62 femme
1140 1986 79 62 de
