1252 2058
549 -7 154 54 —
611 -7 154 54 6
642 -7 92 54 —

147 64 177 58 28598.
271 64 230 58 MAINTENON
448 64 124 58 (la
518 64 212 58 marquise
677 64 141 58 de),
766 64 177 58 épouse
889 64 106 58 de
942 64 159 58 Louis
1048 64 141 58 XIV.
1137 64 88 58 —
1154 64 71 58 L.

168 106 97 72 a.
216 106 81 72 à
249 106 97 72 M.
297 106 97 72 de
345 106 210 72 Villette,
507 106 81 72 à
539 106 161 72 Niort;
652 106 97 72 le
700 106 129 72 jour
781 106 97 72 de
830 106 178 72 Pâques,
959 106 81 72 2
991 106 97 72 p.
1023 106 81 72 1/2

172 146 124 54 in-4,
255 146 138 54 cachet
351 146 138 54 brisé.
447 146 83 54 30
475 146 41 54 »

200 173 105 81 Elle
266 173 79 81 ne
305 173 105 81 peut
371 173 118 81 aller
450 173 158 81 proposer
568 173 66 81 à
595 173 145 81 Colbert
700 173 79 81 M.
739 173 79 81 de
779 173 158 81 Villette
897 173 105 81 pour
963 173 197 81 l’ambassade
1121 173 79 81 de
1147 173 79 81 Mos-

167 237 122 46 covie,
252 237 109 46 «mais
325 237 97 46 s’il
386 237 97 46 vous
446 237 109 46 avoit
519 237 109 46 agréé
592 237 73 46 je
629 237 146 46 pourrois
738 237 134 46 traiter
835 237 85 46 les
884 237 170 46 conditions
1017 237 97 46 avec
1078 237 73 46 et
1115 237 109 46 faire
1175 237 49 46 de

167 262 93 59 mon
220 262 119 59 mieux
299 262 106 59 pour
365 262 93 59 que
418 262 106 59 l’on
484 262 106 59 vous
550 262 79 59 en
590 262 106 59 fist
643 262 238 59 d’avantageuses.»

162 296 168 69 28599.
280 296 236 69 MALTE-BRUN
465 296 202 69 (M.-C.),
616 296 101 69 le
667 296 185 69 célèbre
801 296 236 69 géographe.
986 296 84 69 —
1020 296 101 69 L.
1071 296 101 69 a.
1121 296 101 69 s.
1155 296 67 69 au

164 351 176 65 comte
282 351 137 65 (de
360 351 449 65 Choiseul-Gouffier);
750 351 176 65 mardi
867 351 195 65 matin,
1004 351 98 65 3
1043 351 117 65 p.
1082 351 137 65 in

1112 395 137 51 6
1139 395 82 51 »

202 414 163 75 Curieuse
325 414 136 75 épître
420 414 81 75 où
460 414 81 75 il
501 414 149 75 suppute
610 414 95 75 les
664 414 149 75 chances
773 414 122 75 qu’il
854 414 68 75 a
881 414 109 75 pour
949 414 109 75 être
1017 414 122 75 nommé
1099 414 68 75 à
1112 414 109 75 l’Aca-

155 462 113 52 démie
231 462 88 52 des
269 462 189 52 Inscriptions.

163 504 166 71 28600.
280 504 183 71 MARCHAL
412 504 232 71 (Charles),
595 504 100 71 le
645 504 183 71 peintre
778 504 216 71 alsacien.
944 504 83 71 —
977 504 100 71 L.
1027 504 100 71 a.
1077 504 116 71 s.,
1143 504 83 71 1
1160 504 66 71 p.

174 543 79 58 3/4
219 543 101 58 in-8.
286 543 56 58 6
297 543 34 58 »

196 581 79 74 Il
235 581 144 74 annonce
340 581 118 74 qu’il
419 581 171 74 travaille
550 581 157 74 beaucoup
668 581 79 74 en
708 581 79 74 ce
734 581 118 74 moment.

161 623 283 73 MARIE-ANNE,
388 623 283 73 impératrice
614 623 302 73 d’Allemagne,
860 623 170 73 fille
973 623 113 73 du
1030 623 132 73 roi
1087 623 132 73 d’Es-

166 681 164 64 pagne
275 681 218 64 Philippe
438 681 145 64 III,
529 681 164 64 femme
638 681 109 64 de
693 681 236 64 Ferdinand
875 681 145 64 III.
966 681 91 64 —
1002 681 109 64 L.
1056 681 109 64 a.
1111 681 109 64 s.
1147 681 73 64 au

162 728 214 56 cardinal
323 728 107 56 de
376 728 196 56 Savoie;
519 728 196 56 Vienne,
661 728 89 56 7
697 728 143 56 nov.
786 728 160 56 1637,
893 728 89 56 1
929 728 107 56 p.
982 728 214 56 in-fol.,
1125 728 89 56 ca-

166 757 144 60 chet.
262 757 144 60 Belle
341 757 144 60 lettre.

1075 773 176 50 10
1133 773 88 50 »

155 812 165 75 28602.
271 812 149 75 MARIE
370 812 99 75 DE
420 812 314 75 SAVOIE-NEMOURS,
684 812 149 75 reine
783 812 99 75 de
832 812 215 75 Portugal,
997 812 165 75 épouse
1096 812 116 75 d’Al-

742 871 78 51 phonse
797 871 55 51 VI,
828 871 63 51 puis
867 871 47 51 de
891 871 78 51 Pierre
945 871 55 51 II.
977 871 39 51 —
992 871 47 51 L.
1016 871 55 51 s.,
1047 871 47 51 en
1070 871 102 51 français,
1148 871 47 51 au
1164 871 47 51 car-

167 897 157 54 dinal
271 897 280 54 Rospigliosi;
499 897 227 54 Lisbonne,
673 897 87 54 9
708 897 192 54 février
848 897 157 54 1682,
953 897 87 54 1
988 897 105 54 p.
1040 897 157 54 in-4,
1128 897 87 54 ca-

167 948 129 49 chets
253 948 86 49 et
296 948 144 49 soies.
396 948 129 49 Jolie
482 948 158 49 lettre.
597 948 72 49 6
612 948 57 49 50

155 988 183 86 28603.
283 988 311 86 MARIE-JOSÈPHE
539 988 110 86 DE
593 988 165 86 SAXE,
703 988 219 86 dauphine
868 988 110 86 de
923 988 201 86 France,
1069 988 146 86 mère
1142 988 73 86 de

164 1050 155 72 Louis
267 1050 137 72 XVI.
353 1050 86 72 —
387 1050 103 72 L.
439 1050 103 72 a.
490 1050 103 72 s.
542 1050 86 72 à
576 1050 137 72 Mlle
662 1050 103 72 de
713 1050 240 72 Sylvester;
902 1050 223 72 Varsovie,
1074 1050 103 72 16
1108 1050 103 72 nov.

167 1092 130 59 1746,
253 1092 101 59 3/4
311 1092 86 59 p.
354 1092 130 59 in-4.
440 1092 72 59 8
455 1092 43 59 »

197 1141 172 60 Touchante
329 1141 132 60 épître
421 1141 79 60 où
461 1141 106 60 elle
527 1141 119 60 mande
606 1141 145 60 qu’elle
712 1141 92 60 est
765 1141 106 60 dans
831 1141 92 60 une
884 1141 185 60 inquiétude
1029 1141 159 60 mortelle
1135 1141 79 60 pour

154 1182 82 59 un
195 1182 137 59 pauvre
291 1182 151 59 trabant
401 1182 96 59 qui
456 1182 110 59 sera
524 1182 274 59 archibusé
757 1182 151 59 demain.
867 1182 82 59 Sa
908 1182 110 59 sœur
976 1182 82 59 et
1017 1182 110 59 elle
1086 1182 96 59 ont
1127 1182 82 59 déjà

156 1209 137 53 demandé
255 1209 75 53 sa
292 1209 112 53 grâce
367 1209 75 53 au
404 1209 87 53 roi
454 1209 87 53 qui
504 1209 87 53 est
541 1209 162 53 inflexible.

155 1242 165 59 28604.
271 1242 132 59 MARS
354 1242 314 59 (Mademoiselle),
619 1242 99 59 la
668 1242 165 59 grande
784 1242 198 59 actrice.
933 1242 83 59 —
966 1242 99 59 L.
1016 1242 99 59 a.
1065 1242 99 59 s.
1115 1242 83 59 à
1131 1242 83 59 son

147 1288 123 61 cher
224 1288 216 61 directeur;
393 1288 93 61 ce
440 1288 108 61 25,
501 1288 77 61 1
532 1288 93 61 p.
579 1288 108 61 1/4
640 1288 139 61 in-8.
733 1288 93 61 10
764 1288 46 61 »

190 1336 152 60 Relative
304 1336 63 60 à
329 1336 88 60 des
380 1336 240 60 représentations
582 1336 139 60 qu’elle
683 1336 139 60 donnait
784 1336 76 60 en
809 1336 139 60 province.

153 1376 119 67 28605.
236 1376 95 67 MÉRY
296 1376 131 67 (Jos.),
391 1376 131 67 célèbre
486 1376 107 67 poëte
557 1376 71 67 et
592 1376 166 67 romancier.
723 1376 59 67 —
747 1376 71 67 L.
782 1376 71 67 a.
818 1376 71 67 s.
854 1376 59 67 à
866 1376 47 67 un

159 1420 269 56 journaliste;
378 1420 219 56 Asnières,
546 1420 101 56 15
596 1420 134 56 août
680 1420 151 56 1846,
781 1420 84 56 2
815 1420 101 56 p.
865 1420 118 56 1/2
933 1420 151 56 in-4.
1017 1420 50 56 »

180 1470 79 56 Il
219 1470 145 56 signale
325 1470 79 56 un
365 1470 159 56 accident
484 1470 79 56 de
524 1470 132 56 chemin
616 1470 79 56 de
656 1470 93 56 fer
709 1470 93 56 sur
761 1470 79 56 la
801 1470 119 56 ligne
880 1470 79 56 de
920 1470 119 56 Paris
999 1470 66 56 à
1013 1470 198 56 Saint

140 1506 80 48 et
180 1506 147 48 demande
287 1506 120 48 qu’on
367 1506 134 48 impose
460 1506 94 48 aux
514 1506 187 48 compagnies
661 1506 94 48 une
714 1506 107 48 plus
781 1506 134 48 grande
861 1506 201 48 surveillance.

151 1539 151 62 28606.
257 1539 227 62 MONTMORENCY
438 1539 106 62 (H.
499 1539 106 62 II,
559 1539 106 62 duc
619 1539 121 62 de),
695 1539 181 62 maréchal
831 1539 91 62 de
876 1539 166 62 France,
982 1539 106 62 déca-

166 1589 72 43 pité
211 1589 45 43 à
229 1589 109 43 Toulouse
311 1589 54 43 en
338 1589 81 43 1632.
392 1589 45 43 —
410 1589 54 43 L.
438 1589 54 43 a.
465 1589 54 43 s.
492 1589 54 43 au
519 1589 100 43 marquis
591 1589 54 43 de
610 1589 72 43 Néres-

158 1629 136 58 tang,
248 1629 75 58 1
278 1629 90 58 p.
324 1629 151 58 in-12,
429 1629 75 58 1
459 1629 90 58 p.
504 1629 136 58 in-8,
595 1629 166 58 cachets
715 1629 90 58 et
760 1629 151 58 soies.
866 1629 90 58 20
896 1629 45 58 »

160 1671 106 67 28607.
235 1671 127 67 NAPOLÉON
330 1671 85 67 Ier,
383 1671 127 67 empereur
478 1671 74 67 des
521 1671 138 67 Français.
627 1671 53 67 —
648 1671 64 67 L.
680 1671 64 67 s.
711 1671 64 67 au
733 1671 95 67 général

149 1722 159 61 Dugua;
260 1722 127 61 camp
339 1722 95 61 de
387 1722 254 61 l’Ambulance,
593 1722 79 61 8
625 1722 206 61 thermidor
783 1722 95 61 an
831 1722 127 61 VII,
910 1722 79 61 1
942 1722 95 61 p.
974 1722 79 61 in-

152 1762 115 58 fol.,
229 1762 102 58 tête
293 1762 115 58 impr.
370 1762 77 58 85
396 1762 38 58 »

180 1803 120 63 Pièce
259 1803 186 63 historique
406 1803 133 63 écrite
499 1803 120 63 comme
578 1803 146 63 général
685 1803 80 63 en
725 1803 106 63 chef
791 1803 80 63 de
831 1803 146 63 l’armée
937 1803 173 63 d’Egypte.
1057 1803 146 63 Bonaparte

148 1852 120 48 mande
228 1852 67 48 à
255 1852 120 48 Dugua
335 1852 80 48 la
375 1852 161 48 nouvelle
496 1852 80 48 de
536 1852 80 48 la
576 1852 161 48 victoire
696 1852 187 48 d’Aboukir.
844 1852 120 48 «Hier
924 1852 67 48 à
951 1852 67 48 7
977 1852 134 48 heures
1071 1852 80 48 du
1098 1852 107 48 matin,

155 1882 104 48 nous
220 1882 104 48 nous
285 1882 130 48 sommes
376 1882 143 48 trouvés
480 1882 130 48 devant
571 1882 169 48 l’ennemi,
701 1882 91 48 qui
753 1882 117 48 avait
831 1882 104 48 pris
896 1882 156 48 position
1013 1882 65 48 à
1039 1882 91 48 une
1091 1882 117 48 lieue
1156 1882 52 48 en

145 1917 116 47 avant
222 1917 77 47 du
261 1917 103 47 fort
325 1917 180 47 d’Aboukir.
466 1917 103 47 Nous
531 1917 141 47 l’avons
634 1917 154 47 attaqué,
749 1917 218 47 complettement
929 1917 129 47 battu,
1019 1917 103 47 pris
1083 1917 90 47 les
1122 1917 77 47 deux

148 1951 161 36 villages,
271 1951 99 36 leur
333 1951 148 36 redoute,
444 1951 99 36 tous
506 1951 87 36 les
555 1951 235 36 retranchements,
753 1951 99 36 tous
815 1951 87 36 les
864 1951 124 36 camps,
951 1951 74 36 et
988 1951 99 36 noyé
1050 1951 99 36 dans
1112 1951 74 36 la
1136 1951 62 36 mer

154 1977 93 52 dix
207 1977 80 52 ou
247 1977 119 52 douze
326 1977 119 52 mille
406 1977 186 52 personnes.
552 1977 106 52 Nous
618 1977 119 52 avons
698 1977 106 52 pris
764 1977 80 52 le
804 1977 146 52 général
910 1977 80 52 en
950 1977 106 52 chef
1016 1977 80 52 de
1056 1977 119 52 terre
1135 1977 80 52 et
1162 1977 53 52 de
