1267 2053
572 15 36 65 —
586 15 36 65 5
593 15 22 65 —

138 83 115 53 chose
215 83 102 53 d’un
279 83 90 53 peu
330 83 153 53 frappant
445 83 90 53 sur
496 83 77 53 la
535 83 192 53 dégradation
688 83 179 53 originelle
829 83 77 53 de
867 83 141 53 l’homme
970 83 77 53 et
1008 83 90 53 sur
1046 83 141 53 l’attente

131 129 106 46 d’un
197 129 199 46 réparateur,
356 129 225 46 j’attacherois
542 129 159 46 beaucoup
661 129 80 46 de
701 129 106 46 prix
767 129 66 46 à
793 129 106 46 tout
860 129 80 46 ce
899 129 93 46 qui
952 129 159 46 pourroit
1072 129 133 46 tendre
1151 129 40 46 à

133 162 157 41 fortifier
254 162 84 41 ces
302 162 97 41 deux
362 162 121 41 points
447 162 72 41 de
483 162 72 41 la
519 162 145 41 doctrine
616 162 253 41 traditionnelle...».

137 203 147 53 28588
235 203 98 53 LA
283 203 293 53 ROCHEJAQUELEIN
528 203 163 53 (Henri
642 203 130 53 de),
724 203 228 53 l’illustre
903 203 196 53 général,
1033 203 147 53 vendéen

133 243 128 53 tué
206 243 91 53 à
242 243 164 53 l’âge
352 243 109 53 de
406 243 109 53 22
461 243 146 53 ans.
552 243 91 53 —
588 243 109 53 P.
643 243 128 53 s.;
716 243 401 53 Fontenay-le-Comte,
1062 243 109 53 27
1099 243 91 53 mai

133 290 118 58 1793,
212 290 92 58 1/2
264 290 79 58 p.
303 290 105 58 in-8
369 290 144 58 oblong.
474 290 276 58 Très-rare
710 290 92 58 110
750 290 39 58 »

167 321 173 60 Passeport
299 321 119 60 donné
379 321 66 60 à
406 321 80 60 un
446 321 186 60 prisonnier
592 321 212 60 républicain,
764 321 93 60 qui
817 321 66 60 a
844 321 106 60 juré
910 321 80 60 de
950 321 80 60 ne
990 321 133 60 jamais
1070 321 119 60 prendre

136 369 91 40 les
188 369 117 40 armes
266 369 130 40 contre
357 369 91 40 son
409 369 91 40 roi
461 369 117 40 Louis
539 369 104 40 XVII
604 369 78 40 et
643 369 78 40 la
682 369 156 40 religion
786 369 169 40 catholique.

134 400 155 59 28589.
243 400 140 59 LATIL
336 400 109 59 (le
399 400 186 59 cardinal
538 400 124 59 de),
616 400 218 59 archevêque
787 400 93 59 de
834 400 155 59 Reims.
942 400 78 59 —
973 400 93 59 L.
1020 400 93 59 a.
1067 400 93 59 s.
1113 400 78 59 à
1129 400 62 59 la

138 441 201 67 comtesse
289 441 101 67 de
339 441 201 67 Mesnard;
490 441 168 67 Paris,
608 441 101 67 31
658 441 151 67 mars,
759 441 84 67 1
792 441 101 67 p.
842 441 151 67 in-8.
943 441 84 67 3
960 441 50 67 »

181 493 142 55 Réponse
285 493 91 55 aux
336 493 220 55 félicitations
517 493 78 55 de
556 493 78 55 la
595 493 155 55 comtesse
711 493 91 55 sur
763 493 91 55 son
815 493 168 55 élévation
944 493 78 55 au
970 493 168 55 cardinalat.

-5 550 164 69 28590.
110 550 181 69 LECONTE
241 550 99 69 DE
290 550 148 69 LISLE
389 550 328 69 (Charles-Marie),
668 550 99 69 le
717 550 181 69 célèbre
849 550 164 69 poëte.
964 550 82 69 —
996 550 99 69 P.
1029 550 66 69 a.

144 587 108 70 s.;
205 587 154 70 Paris,
313 587 77 70 6
344 587 170 70 janvier
467 587 139 70 1873,
560 587 77 70 1
591 587 92 70 p.
637 587 108 70 pl.
698 587 139 70 in-8.
791 587 92 70 12
822 587 46 70 »

172 647 103 58 C’est
240 647 160 58 l’original
366 647 69 58 de
401 647 69 58 la
435 647 126 58 préface
527 647 92 58 mise
584 647 69 58 en
618 647 92 58 tête
675 647 80 58 des
710 647 206 58 Erynnies

139 682 161 71 28591.
252 682 177 71 LEFRANC
381 682 97 71 DE
429 682 210 71 POMPIGNAN
590 682 193 71 (J.-J.),
735 682 97 71 le
784 682 177 71 célèbre
913 682 145 71 poëte
1010 682 193 71 lyrique,
1139 682 64 71 de

139 730 188 72 l’Acad.
276 730 120 72 fr.
344 730 86 72 —
379 730 103 72 L.
430 730 103 72 a.
481 730 120 72 s.;
550 730 240 72 Montauban,
738 730 86 72 3
773 730 154 72 avril
876 730 154 72 1748,
978 730 86 72 1
1013 730 103 72 p.
1047 730 154 72 in

1066 768 162 49 15
1120 768 81 49 »

173 817 114 56 Envoi
249 817 76 56 du
287 817 127 56 placet
376 817 114 56 d’une
452 817 190 56 protestante
603 817 164 56 convertie
730 817 76 56 au
755 817 190 56 catholicisme.

151 846 162 76 28592.
264 846 211 76 LETELLIER
426 846 211 76 (Michel),
588 846 227 76 chancelier
767 846 97 76 de
815 846 178 76 France,
945 846 113 76 qui
1010 846 194 76 provoqua
1139 846 65 76 la

153 902 237 63 révocation
339 902 101 63 de
390 902 169 63 l’édit
508 902 101 63 de
559 902 186 63 Nantes.
694 902 85 63 —
728 902 101 63 L.
778 902 135 63 aut.
863 902 152 63 sig.;
964 902 169 63 Paris,
1083 902 101 63 13
1116 902 85 63 dé-

151 950 149 64 cembre
255 950 134 64 1652,
345 950 75 64 1
375 950 89 64 p.
419 950 164 64 in-fol.
539 950 89 64 12
568 950 45 64 »

149 976 176 71 28593.
272 976 176 71 LINDET
395 976 228 71 (Robert),
571 976 299 71 conventionnel
817 976 263 71 montagnard,
1027 976 176 71 membre
1133 976 70 71 du

153 1041 178 50 Comité
278 1041 107 50 de
331 1041 160 50 Salut
438 1041 196 50 public,
580 1041 213 50 ministre
740 1041 124 50 des
811 1041 231 50 finances.
989 1041 89 50 —
1024 1041 107 50 L.
1078 1041 107 50 a.
1113 1041 89 50 s.,

147 1080 161 57 comme
254 1080 214 57 ministre
415 1080 125 57 des
487 1080 232 57 finances,
665 1080 89 57 à
701 1080 322 57 Dubois-Crancé;
969 1080 179 57 Paris,
1077 1080 71 57 25

155 1131 174 42 vendém.
282 1131 95 42 an
330 1131 143 42 VIII,
425 1131 79 42 1
457 1131 95 42 p.
504 1131 111 42 1/2
568 1131 174 42 in-fol.
694 1131 143 42 Belle
790 1131 159 42 pièce.
901 1131 79 42 7
917 1131 63 42 50

186 1161 128 60 Lettre
276 1161 231 60 confidentielle
469 1161 244 60 très-importante
674 1161 90 60 sur
725 1161 77 60 le
764 1161 180 60 déplorable
905 1161 103 60 état
969 1161 90 60 des
1020 1161 154 60 finances
1136 1161 77 60 de
1162 1161 51 60 la

156 1195 192 53 République,
310 1195 77 53 et
348 1195 89 53 les
399 1195 128 53 moyens
489 1195 89 53 d’y
540 1195 166 53 remédier.
667 1195 128 53 (C’est
757 1195 115 53 vingt
834 1195 115 53 jours
910 1195 115 53 avant
987 1195 77 53 le
1025 1195 102 53 coup
1089 1195 128 53 d’Etat
1166 1195 51 53 du

153 1240 83 51 18
181 1240 165 51 brumaire.)

152 1255 172 78 28594.
272 1255 241 78 LONGFELLOW
462 1255 379 78 (Henry-Wadsworth),
789 1255 189 78 célèbre
927 1255 155 78 poëte
1030 1255 103 78 et
1064 1255 138 78 roman-

157 1312 146 59 cier
248 1312 256 59 américain.
449 1312 91 59 —
486 1312 110 59 L.
541 1312 110 59 a.
596 1312 110 59 s.
651 1312 91 59 à
687 1312 220 59 Bædeker;
852 1312 274 59 Marienburg,
1072 1312 110 59 25
1108 1312 110 59 août

155 1366 133 59 1842,
244 1366 74 59 1
274 1366 89 59 p.
318 1366 104 59 1/2
378 1366 133 59 in-8,
467 1366 163 59 cachet.
585 1366 133 59 Jolie
674 1366 163 59 lettre.
793 1366 89 59 25
823 1366 44 59 »

158 1392 161 76 28595.
271 1392 193 76 LORRAINE
415 1392 225 76 (Fr.-Nic.,
592 1392 113 76 duc
657 1392 129 76 de),
737 1392 177 76 d’abord
866 1392 193 76 cardinal
1011 1392 97 76 et
1059 1392 161 76 évêque
1156 1392 64 76 de

159 1450 161 51 Toul,
267 1450 251 51 successeur
464 1450 107 51 de
517 1450 125 51 son
589 1450 143 51 père
679 1450 197 51 Charles
822 1450 125 51 IV.
894 1450 90 51 —
929 1450 107 51 L.
983 1450 107 51 a.
1037 1450 125 51 s.,
1091 1450 125 51 comme

164 1502 250 47 cardinal,
356 1502 96 47 à
394 1502 231 47 Monsieur
567 1502 211 47 (Gaston
721 1502 288 47 d’Orléans);
952 1502 192 47 Nancy,
1086 1502 115 47 31
1125 1502 96 47 oc-

161 1528 158 62 tobre
267 1528 158 62 1632,
372 1528 123 62 1/2
442 1528 105 62 p.
494 1528 228 62 in-folio,
670 1528 193 62 cachets
810 1528 105 62 et
862 1528 175 62 soies.
968 1528 245 62 Très

163 1582 123 51 taches.
252 1582 67 51 20
275 1582 34 51 »

197 1615 117 62 Belle
275 1615 130 62 lettre
366 1615 78 62 en
405 1615 143 62 réponse
509 1615 65 62 à
535 1615 78 62 la
574 1615 130 62 lettre
665 1615 78 62 de
704 1615 208 62 condoléances
872 1615 78 62 de
911 1615 156 62 Monsieur
1028 1615 91 62 sur
1080 1615 78 62 la
1119 1615 104 62 mort
1171 1615 52 62 du

165 1656 91 59 duc
217 1656 78 59 de
256 1656 168 59 Lorraine,
385 1656 155 59 François
488 1656 65 59 II.

161 1671 166 78 28596.
278 1671 149 78 LOUIS
377 1671 116 78 XV,
444 1671 116 78 roi
510 1671 100 78 de
560 1671 183 78 France.
693 1671 83 78 —
726 1671 100 78 L.
776 1671 100 78 a.
826 1671 100 78 s.
875 1671 116 78 (au
942 1671 149 78 comte
1025 1671 199 78 d’Evreux);

172 1747 228 61 Versailles,
354 1747 91 61 23
400 1747 137 61 avril
491 1747 137 61 1745,
583 1747 106 61 3/4
643 1747 91 61 de
689 1747 91 61 p.
735 1747 137 61 in-4.
826 1747 91 61 35
856 1747 46 61 »

200 1776 179 57 Très-belle
341 1776 128 57 lettre
431 1776 77 57 où
469 1776 77 57 il
508 1776 90 57 lui
559 1776 115 57 mande
636 1776 115 57 qu’il
713 1776 167 57 accordéra
841 1776 77 57 au
879 1776 128 57 prince
969 1776 77 57 de
1007 1776 141 57 Turenne
1110 1776 77 57 la
1135 1776 90 57 grâce

150 1826 161 52 demandée.

161 1838 168 77 28597.
279 1838 336 77 LOUISE-ELISABETH
565 1838 101 77 DE
615 1838 185 77 FRANCE,
750 1838 202 77 duchesse
901 1838 101 77 de
952 1838 168 77 Parme,
1070 1838 151 77 fillé
1154 1838 67 77 de

167 1889 166 66 Louis
277 1889 129 66 XV.
351 1889 92 66 —
388 1889 111 66 L.
443 1889 111 66 a.
499 1889 111 66 s.
554 1889 92 66 à
591 1889 111 66 M.
647 1889 203 66 Dufort;
794 1889 111 66 30
850 1889 222 66 janvier,
1016 1889 92 66 1
1053 1889 111 66 p.
1090 1889 129 66 in

1087 1925 140 63 7
1115 1925 112 63 50

197 1955 102 84 Elle
261 1955 140 84 recevra
363 1955 89 84 les
414 1955 204 84 ambassadeurs
580 1955 115 84 après
656 1955 89 84 les
707 1955 115 84 fetes
784 1955 76 84 de
809 1955 102 84 jeudi.
