1253 1926
564 6 114 69 —
610 6 114 69 3
633 6 68 69 —

144 66 256 62 d’Orléans,
345 66 110 62 au
400 66 201 62 marquis
547 66 256 62 (d’Arèse);
748 66 220 62 Neuilly,
913 66 110 62 27
968 66 147 62 juin
1059 66 165 62 1821,
1151 66 55 62 4

153 126 67 55 p.
186 126 78 55 pl.
231 126 101 55 in-8.
298 126 67 55 50
320 126 34 55 »

188 147 138 67 Lettre
285 147 83 67 du
326 147 110 67 plus
395 147 110 67 haut
464 147 152 67 intérêt
574 147 96 67 sur
629 147 83 67 la
671 147 110 67 mort
739 147 83 67 de
781 147 83 67 sa
822 147 110 67 mère
891 147 83 67 et
932 147 96 67 les
988 147 207 67 préparatifs
1139 147 69 67 des

152 205 187 39 obsèques.
295 205 86 39 Il
338 205 86 39 se
381 205 115 39 fera
453 205 86 39 un
496 205 158 39 honneur
611 205 86 39 et
654 205 86 39 un
697 205 144 39 devoir
798 205 86 39 de
841 205 172 39 recevoir
970 205 187 39 Monsieur,
1114 205 86 39 le
1142 205 72 39 duc

155 237 210 33 d’Angoulême
323 237 84 33 et
365 237 84 33 la
407 237 168 33 duchesse
533 237 84 33 de
575 237 140 33 Berri,
673 237 112 33 mais
744 237 84 33 il
786 237 140 33 craint
884 237 98 33 que
940 237 84 33 la
982 237 168 33 rougeole
1108 237 84 33 de
1136 237 70 33 son

152 267 109 36 fils
221 267 109 36 aîné
289 267 82 36 ne
330 267 109 36 soit
398 267 82 36 un
439 267 178 36 obstacle.
576 267 82 36 Il
617 267 123 36 parle
699 267 150 36 ensuite
809 267 82 36 de
850 267 82 36 la
891 267 150 36 douleur
1000 267 82 36 de
1041 267 137 36 Madame
1123 267 82 36 Adé-

156 300 122 35 laïde
238 300 81 35 et
278 300 81 35 du
319 300 176 35 testament
455 300 81 35 de
495 300 81 35 la
536 300 163 35 duchesse
644 300 163 35 d’Orléans.

158 333 137 59 27786.
254 333 260 59 LOUIS-PHILIPPE.
473 333 82 59 L.
514 333 109 59 aut.
583 333 109 59 sig.
651 333 96 59 D.,
706 333 68 59 1
733 333 82 59 p.
774 333 123 59 in-8.
856 333 68 59 5
870 333 41 59 »

149 372 137 60 27787.
245 372 261 60 LOUIS-PHILIPPE,
465 372 82 60 L.
506 372 82 60 s.
547 372 69 60 à
575 372 82 60 M.
616 372 151 60 Thiers;
725 372 96 60 les
780 372 192 60 Tuileries,
931 372 82 60 20
959 372 82 60 mars

157 425 135 52 1839,
247 425 105 52 1/2
307 425 90 52 p.
351 425 135 52 in-4.
441 425 164 52 Légères
561 425 164 52 taches.
680 425 75 52 7
695 425 60 52 50

182 460 158 62 Annonce
297 460 86 62 du
340 460 115 62 jour
411 460 86 62 de
455 460 215 62 l’ouverture
627 460 101 62 des
670 460 158 62 Chambres.

156 489 157 82 27788.
266 489 157 82 LOUISE
375 489 219 82 D’ORLÉANS,
548 489 141 82 reine
642 489 110 82 des
704 489 172 82 Belges,
829 489 141 82 fille
923 489 94 82 de
955 489 250 82 Louis

203 548 73 54 —
233 548 88 54 L.
277 548 88 54 a.
321 548 103 54 s.;
379 548 132 54 1838,
467 548 73 54 1
497 548 88 54 p.
541 548 132 54 in-4.
628 548 88 54 Un
672 548 103 54 peu
731 548 161 54 fripée.
848 548 73 54 5
863 548 44 54 »

150 588 168 53 27789.
268 588 235 53 MARGUERITE
452 588 268 53 D’ANGOULÉME,
670 588 151 53 reine
770 588 101 53 de
821 588 201 53 Navarre,
971 588 134 53 sœur
1055 588 101 53 de
1089 588 117 53 Fran-

150 636 80 50 çois
200 636 80 50 Ier,
250 636 100 50 auteur
319 636 60 50 de
349 636 239 50 l'Heptaméron
559 636 50 50 —
579 636 60 50 L.
609 636 70 50 s.,
648 636 80 50 avec
698 636 60 50 la
718 636 70 50 sous-

149 673 216 65 cription
311 673 162 65 aut.,
419 673 90 65 à
455 673 108 65 M.
509 673 108 65 de
563 673 234 65 Matignon,
743 673 90 65 1
779 673 108 65 p.
833 673 162 65 in-4.
941 673 108 65 Un
995 673 126 65 peu
1049 673 162 65 fripée.

1099 716 65 47 25
1121 716 32 47 »

152 760 159 62 27790.
263 760 270 62 MARIE-AMÉLIE,
486 760 143 62 reine
582 760 111 62 des
645 760 207 62 Français.
804 760 80 62 —
836 760 95 62 L.
884 760 127 62 aut.
963 760 191 62 parafée;
1091 760 111 62 1833.

153 800 69 60 1
181 800 83 60 p.
222 800 125 60 in-8.
306 800 125 60 Jolie
389 800 139 60 pièce.
486 800 69 60 5
499 800 42 60 »

151 836 168 66 27791.
269 836 286 66 MARIE-THÉRÉSE
504 836 252 66 D’AUTRICHE,
706 836 252 66 impératrice
907 836 269 66 d’Allemagne,
1109 836 101 66 dité

148 891 144 45 la
244 891 240 45 Grande
435 891 80 45 —
467 891 96 45 L.
515 891 96 45 a.
563 891 112 45 s.,
627 891 96 45 en
675 891 208 45 français,
835 891 80 45 à
867 891 96 45 sa
915 891 144 45 fille
994 891 208 45 (Charlotte.

153 930 165 49 reine
262 930 110 49 de
317 930 219 49 Naples);
482 930 91 49 4
518 930 165 49 août,
628 930 91 49 1
665 930 110 49 p.
719 930 128 49 1/2
793 930 165 49 in-4,
902 930 183 49 papier
1030 930 110 49 de
1067 930 146 49 deuil.

149 970 152 56 Légère
255 970 167 56 coupure
377 970 122 56 dans
453 970 91 56 un
498 970 122 56 pli.
574 970 91 56 70
604 970 46 56 »

182 1007 180 50 Charmante
321 1007 152 50 épître.
431 1007 111 50 Elle
500 1007 69 50 a
528 1007 111 50 reçu
597 1007 83 50 sa
639 1007 138 50 lettre
736 1007 97 50 qui
791 1007 97 50 les
846 1007 69 50 a
874 1007 111 50 tous
943 1007 125 50 émus.
1026 1007 125 50 «Vous
1095 1007 111 50 n’avez

159 1048 126 42 point
243 1048 70 42 à
271 1048 112 42 vous
342 1048 183 42 plaindre;
482 1048 126 42 votre
567 1048 155 42 patrie,
679 1048 155 42 hommes,
791 1048 155 42 femmes,
904 1048 141 42 vieux,
1002 1048 155 42 jeunes,
1101 1048 112 42 grands

159 1085 77 50 et
198 1085 142 50 petits,
301 1085 103 50 tout
365 1085 116 50 étoit
443 1085 77 50 en
481 1085 142 50 larmes.
584 1085 90 50 Que
636 1085 116 50 notre
713 1085 129 50 nation
804 1085 90 50 est
855 1085 129 50 bonne,
945 1085 142 50 qu’elle
1048 1085 90 50 est
1087 1085 129 50 attachée

150 1114 70 46 à
178 1114 98 46 ses
220 1114 182 46 princes...»

152 1134 168 71 27792.
270 1134 185 71 MÉDICIS
405 1134 152 71 (Côme
506 1134 101 71 II
556 1134 135 71 de),
640 1134 219 71 grand-duc
809 1134 101 71 de
859 1134 202 71 Toscane,
1011 1134 101 71 un
1061 1134 118 71 des
1112 1134 101 71 plus

146 1199 213 48 célèbres
306 1199 248 48 souverains
501 1199 106 48 de
554 1199 106 48 ce
608 1199 160 48 pays.
714 1199 89 48 —
750 1199 106 48 L.
803 1199 124 48 s.,
874 1199 142 48 avec
963 1199 106 48 la
998 1199 213 48 souscript.

149 1237 170 56 aut.,
262 1237 94 56 à
300 1237 170 56 Marie
414 1237 113 56 de
470 1237 208 56 Médicis
621 1237 132 56 (sa
697 1237 246 56 cousine);
886 1237 246 56 Florence,
1075 1237 113 56 26
1113 1237 94 56 mai

152 1271 126 61 1610,
236 1271 98 61 1/2
292 1271 84 61 p.
334 1271 168 61 in-fol.,
459 1271 154 61 cachet.
571 1271 84 61 15
599 1271 42 61 »

182 1295 122 69 Pièce
264 1295 204 69 historique.
427 1295 136 69 Lettre
522 1295 81 69 de
562 1295 217 69 condoléances
739 1295 95 69 sur
793 1295 217 69 l’assassinat
969 1295 81 69 du
1010 1295 95 69 roi
1064 1295 122 69 Henri
1132 1295 68 69 IV.

160 1349 145 66 27793.
261 1349 116 66 RENÉ
333 1349 174 66 D’ANJOU,
463 1349 101 66 roi
521 1349 87 66 de
565 1349 159 66 Naples,
681 1349 130 66 comte
767 1349 87 66 de
811 1349 188 66 Provence,
956 1349 101 66 dit
1013 1349 130 66 le
1086 1349 130 66 bon

158 1413 165 42 roi
273 1413 198 42 Réné
421 1413 181 42 célèbre
553 1413 115 42 par
618 1413 115 42 son
684 1413 148 42 amour
783 1413 132 42 pour
865 1413 115 42 les
931 1413 247 42 beaux-arts.
1129 1413 82 42 —
1145 1413 66 42 L.

142 1436 126 59 s.,
214 1436 108 59 en
268 1436 217 59 italien,
431 1436 90 59 à
467 1436 307 59 Blanche-Marie
720 1436 199 59 Sforce,
865 1436 217 59 duchesse
1027 1436 108 59 de
1063 1436 145 59 Milan;

147 1496 269 44 Alexandrie,
362 1496 90 44 3
398 1496 251 44 septembre,
596 1496 126 44 1/2
668 1496 108 44 p.
721 1496 144 44 in-4
811 1496 197 44 oblong.
937 1496 269 44 Belle

161 1524 203 62 Très-légère
324 1524 135 62 tache.
418 1524 81 62 25
445 1524 41 62 »

162 1564 162 56 27794.
275 1564 323 56 VICTOR-EMMANUEL,
550 1564 178 56 premier
679 1564 113 56 roi
744 1564 210 56 d’Italie.
906 1564 81 56 —
938 1564 97 56 P.
987 1564 113 56 s.;
1051 1564 146 56 1853,
1132 1564 81 56 1/2

152 1620 86 42 p.
195 1620 158 42 in-fol,
309 1620 115 42 tête
381 1620 129 42 impr.
467 1620 86 42 et
510 1620 143 42 sceau.
611 1620 72 42 6
625 1620 43 42 »

159 1637 176 61 27795.
282 1637 211 61 VISCONTI
441 1637 387 61 (Hyppolyte-Marie),
775 1637 158 61 reine
880 1637 105 61 de
933 1637 193 61 Naples,
1073 1637 141 61 sœur
1144 1637 70 61 de

157 1695 249 48 Jean-Marie
353 1695 231 48 Visconti,
531 1695 125 48 duc
602 1695 107 48 de
655 1695 178 48 Milan.
780 1695 89 48 —
816 1695 107 48 L.
869 1695 107 48 a.
922 1695 107 48 s.
976 1695 89 48 à
1011 1695 125 48 son
1065 1695 142 48 frère;

158 1737 163 46 Naples,
277 1737 89 46 27
321 1737 119 46 juin
395 1737 133 46 1407,
484 1737 74 46 1
514 1737 89 46 p.
558 1737 178 46 in-fol.,
691 1737 163 46 cachet.
810 1737 89 46 15
840 1737 44 46 »

186 1781 121 48 Elle
262 1781 166 48 affirme
383 1781 106 48 son
443 1781 212 48 dévouement
610 1781 91 48 de
655 1781 136 48 bonne
746 1781 136 48 sœur.
837 1781 106 48 et,
897 1781 151 48 allant
1003 1781 91 48 en
1049 1781 91 48 un
1079 1781 136 48 château

159 1807 109 49 avec
227 1807 81 49 le
268 1807 109 49 roi,
336 1807 109 49 elle
404 1807 95 49 n’a
458 1807 122 49 cessé
540 1807 81 49 de
580 1807 136 49 parler
675 1807 81 49 de
716 1807 95 49 lui
770 1807 109 49 avec
838 1807 190 49 tendresse.
988 1807 95 49 Son
1028 1807 177 49 ambassadeur

161 1847 133 45 pourrà
254 1847 93 45 lui
307 1847 173 45 confirmer
440 1847 106 45 tout
507 1847 80 45 le
547 1847 186 45 dévouement
693 1847 146 45 qu’elle
800 1847 93 45 lui
840 1847 106 45 porte.
