1119 2252
-12 488 70 37 33

490 -1 96 60 —
528 -1 96 60 8
547 -1 58 60 —

24 57 147 62 6959.
121 57 98 62 LA
170 57 212 62 CHALOTAIS
333 57 212 62 (Caradeuc
496 57 130 62 de),
577 57 212 62 procureur
740 57 228 62 général-au
903 57 179 62 parlement

121 108 78 49 de
160 108 168 49 Bretagne.
289 108 117 49 L.
367 108 91 49 a,
419 108 91 49 s.,
471 108 155 49 Saintes,
587 108 78 49 16
626 108 104 49 nov.
691 108 117 49 1772,
768 108 65 49 2
794 108 78 49 p.
833 108 91 49 1/2
885 108 117 49 in-4.
950 108 129 49 Curieuse

7 115 93 39 5

119 141 138 50 lettre
216 141 166 50 relative
340 141 69 50 à
368 141 97 50 ses
423 141 166 50 malheurs
547 141 83 50 et
589 141 69 50 à
616 141 83 50 sa
658 141 166 50 position
782 141 83 50 de
823 141 166 50 fortune,
934 141 138 50 plaintes

38 148 72 43 ijog

114 173 163 48 amères
228 173 163 48 contre
342 173 114 48 les
407 173 212 48 manœuvres
570 173 212 48 employées
733 173 114 48 par
798 173 114 48 ses
863 173 196 48 ennemis.
1010 173 81 48 6
1026 173 49 48 »

6 190 111 66 6960.

113 206 154 44 LACOMBE
225 206 167 44 (Louis),
350 206 167 44 musicien
476 206 223 44 compositeur,
657 206 126 44 jolie
741 206 126 44 L.
825 206 98 44 ai.
881 206 98 44 s.
936 206 140 44 Marly,
1020 206 56 44 Le

124 237 110 53 Roy,
193 237 83 53 24
234 237 110 53 août
303 237 124 53 1854,
386 237 69 53 1
413 237 83 53 p.
441 237 96 53 in

985 248 96 49 75

4 255 109 68 6961.

117 261 189 54 LACORDAIRE
266 261 122 54 (H.),
347 261 203 54 dominicain,
509 261 149 54 célèbre
618 261 216 54 prédicateur.
793 261 122 54 L.
874 261 95 54 ai.
928 261 122 54 s
996 261 81 54 Tou-

124 305 133 38 louse,
217 305 120 38 1854.
296 305 93 38 1/2
349 305 80 38 p.
376 305 93 38 in

990 317 84 39 2
1007 317 67 39 50

-1 332 113 62 6962.

111 328 78 63 LA
150 328 157 63 FONTAINE
268 328 117 63 (Jean
346 328 104 63 de),
411 328 78 63 le
450 328 117 63 grand
529 328 183 63 fabuliste.
672 328 117 63 On
738 328 104 63 ne

831 329 128 69 s’avise
932 329 101 69 jamais
996 329 73 69 de

120 374 172 50 tout
257 374 103 50 conte
326 374 138 50 autogr.,
429 374 57 50 1
452 374 69 50 p.
486 374 80 50 3/4
521 374 103 50 in

1030 386 49 44 »

943 381 92 40 80

9 393 105 70 6963.

121 397 170 67 LAMENNAIS
252 397 92 67 (F.
304 397 105 67 de).
370 397 144 67 célèbre
475 397 157 67 écrivain
593 397 184 67 publiciste
737 397 79 67 et
776 397 144 67 député.
881 397 118 67 L.
947 397 131 67 ai.s

118 443 78 50 10
157 443 117 50 avril
235 443 117 50 1839,
313 443 65 50 3
339 443 78 50 p.
378 443 91 50 pl.
431 443 117 50 in-8.
509 443 117 50 Belle
574 443 130 50 lettre..

935 452 104 42 15

1015 455 57 34 »

118 488 109 38 —.«
181 488 124 38 Nous
258 488 155 38 sommes
367 488 186 38 toujours
507 488 124 38 dans
584 488 202 38 l’attente
739 488 124 38 d’un
817 488 202 38 ministère
972 488 109 38 que
1019 488 62 38 le

122 518 83 39 le
164 518 97 39 roi
219 518 83 39 ne
261 518 139 39 paraît
358 518 97 39 pas
413 518 139 39 pressé
510 518 83 39 de
552 518 153 39 former,
663 518 125 39 parce
746 518 125 39 qu’il
829 518 83 39 le
871 518 166 39 voudrait
982 518 97 39 d’une

119 545 137 50 façon
210 545 91 50 et
256 545 91 50 la
301 545 167 50 chambre
423 545 91 50 de
469 545 213 50 l’autre...
636 545 91 50 Le
682 545 107 50 roi
743 545 122 50 perd
819 545 152 50 chaque
926 545 122 50 jour
987 545 91 50 dans

117 577 194 46 l’opinion,
270 577 83 46 et
311 577 83 46 il
353 577 83 46 ne
395 577 139 46 semble
492 577 97 46 pas
547 577 111 46 s’en
617 577 153 46 douter,
728 577 111 46 cela
797 577 111 46 peut
867 577 83 46 le
908 577 125 46 mener
978 577 97 46 loin.

118 606 88 50 On
162 606 161 50 parlait
279 606 88 50 de
323 606 234 50 l’entêtement
513 606 88 50 de
557 606 161 50 Charles
674 606 88 50 X,
718 606 88 50 ce
762 606 161 50 n’était
879 606 117 50 rien
952 606 117 50 près
1011 606 59 50 de

113 646 134 41 celui
203 646 89 41 de
247 646 298 41 Louis-Pliilippe.
501 646 104 41 Ses
560 646 224 41 engagements
739 646 119 41 avec
814 646 104 41 les
873 646 209 41 puissances
1022 646 45 41 y

118 675 130 38 sont,
204 675 86 38 je
247 675 144 38 crois,
348 675 115 38 pour
420 675 187 38 beaucoup;
564 675 86 38 êt
608 675 115 38 puis
680 675 245 38 l’humiliation
882 675 86 38 de
925 675 144 38 céder.
1011 675 58 38 Le

121 705 159 41 château
236 705 72 41 a
265 705 130 41 voulu
351 705 188 41 organiser
496 705 101 41 une
553 705 144 41 petite
655 705 144 41 émeute
756 705 101 41 qui
813 705 144 41 serait
914 705 130 41 venue
986 705 87 41 très

114 737 72 40 à
142 737 130 40 point
229 737 115 40 pour
301 737 101 40 ses
358 737 187 40 intérêts,
502 737 86 40 il
545 737 72 40 a
574 737 158 40 echoué.
689 737 86 40 Le
733 737 144 40 peuple
833 737 72 40 a
862 737 86 40 eu
905 737 86 40 le
948 737 101 40 bon
992 737 86 40 sens

113 766 90 43 de
158 766 90 43 ne
203 766 105 43 pas
263 766 90 43 se
308 766 165 43 laisser
429 766 165 43 prendre
549 766 75 43 à
579 766 105 43 cet
639 766 210 43 abominable
804 766 150 43 piège.
910 766 90 43 Et
955 766 90 43 ce
985 766 90 43 sont

113 808 111 40 ces
176 808 253 40 provocateurs
382 808 95 40 de
430 808 221 40 désordres,
604 808 111 40 ces
667 808 253 40 ordonnateurs
872 808 95 40 dé
904 808 174 40 massacres

115 836 100 42 qui
172 836 172 42 accusent
301 836 129 42 leurs
386 836 215 42 adversaires
558 836 86 42 de
601 836 157 42 vouloir
715 836 200 42 l’anarchié
873 836 86 42 et
916 836 86 42 de
959 836 86 42 la
987 836 86 42 pré-

118 865 148 41 parer!
222 865 89 41 Je
266 865 89 41 ne
311 865 133 41 sache
399 865 104 41 pas
459 865 89 41 de
503 865 118 41 race
577 865 118 41 plus
651 865 192 41 perverse;
799 865 118 41 plus
873 865 178 41 odieuse,
991 865 89 41 plus

112 899 167 34 infâme,
233 899 106 34 que
294 899 137 34 cette
385 899 182 34 canaille
522 899 91 34 de
568 899 137 34 cour,
659 899 106 34 que
720 899 106 34 ces
780 899 198 34 mamelucks
932 899 91 34 du
963 899 106 34 juste

54 932 44 36 ii

119 932 147 41 milieu
222 932 88 41 et
266 932 88 41 de
310 932 88 41 la
355 932 147 41 pensée
457 932 191 41 immuable.
605 932 162 41 Bugeaud
722 932 103 41 est
781 932 88 41 un
825 932 103 41 des
884 932 147 41 types.
972 932 103 41 Quand

14 954 102 43 ZHEb
65 954 51 43 Ji

119 961 84 35 la
161 961 141 35 nation
260 961 84 35 de
302 961 99 35 qui
358 961 113 35 l’on
429 961 84 35 se
471 961 113 35 joue
541 961 113 35 avec
612 961 113 35 tant
682 961 225 35 d’imprudence
865 961 84 35 se
893 961 183 35 réveillera-

12 988 89 42 i5
42 988 74 42 zad

115 992 146 46 t-elle
218 992 117 46 donc
290 992 102 46 une
349 992 131 46 bonne
436 992 146 46 fois?;
538 992 88 46 Je
582 992 131 46 dinai
670 992 117 46 hier
743 992 117 46 avec
815 992 117 46 lord
888 992 190 46 Brougham,
1020 992 58 46 il

-11 1021 105 36 2967

118 1029 76 40 a
148 1029 167 40 quelque
270 1029 137 40 chose
361 1029 91 40 de
407 1029 152 40 Dupin,
513 1029 122 40 mais
589 1029 91 40 il
635 1029 122 40 vaut
711 1029 137 40 mieux
802 1029 122 40 pour
878 1029 91 40 le
909 1029 167 40 caractère

55 1050 60 37 É.

-8 1049 95 39 yoi

114 1056 84 41 et
156 1056 99 41 lui
212 1056 99 41 est
269 1056 225 41 certainement
452 1056 113 41 très
522 1056 183 41 supérieur
663 1056 113 41 pour
733 1056 84 41 le
761 1056 155 41 talent...

883 1055 98 41 Z58

3 1084 112 50 6964.

110 1084 223 55 LAMOIGNON
282 1084 103 55 DE
333 1084 206 55 BASVILLE
488 1084 241 55 (Nicolas),
677 1084 223 55 intendant
849 1084 103 55 du
883 1084 189 55 Languedoc

116 1126 114 42 après
192 1126 76 42 la
230 1126 177 42 révocation
369 1126 76 42 de
407 1126 127 42 l’édit
496 1126 76 42 de
534 1126 139 42 Nantes.
635 1126 114 42 L.
711 1126 139 42 a.
812 1126 76 42 s.
850 1126 127 42 Nimes,
939 1126 76 42 ce
977 1126 76 42 28
1002 1126 76 42 sep-

8 1137 87 60 EI
38 1137 87 60 B9YE

527 1154 137 40 fib183

125 1156 140 42 tembre
223 1156 126 42 1707,
307 1156 70 42 1
336 1156 84 42 p.
378 1156 98 42 1/2
420 1156 98 42 in

697 1155 122 38 48253

867 1155 117 40 T23

989 1160 88 40 2
1006 1160 70 40 50

60 1182 29 23 NY

5 1182 108 47 6965.

109 1188 173 41 LEGANEZ
235 1188 110 41 (le
298 1188 173 41 marquis
424 1188 126 41 de),
503 1188 221 41 gouverneur
676 1188 95 41 du
724 1188 205 41 Milanais,
881 1188 173 41 général
991 1188 79 41 cé

9 1221 80 34 3

125 1220 113 40 èbre.
201 1220 113 40 Li
276 1220 113 40 s
351 1220 150 40 Valence,
464 1220 75 40 21
501 1220 138 40 octobre
602 1220 113 40 1637,
677 1220 63 40 1
702 1220 75 40 p.
739 1220 138 40 in-fol.
840 1220 213 40 Rare.
1015 1220 63 40 4
1027 1220 38 40 »

8 1249 106 52 6966.

107 1255 203 56 MAINTENON
264 1255 109 56 (F.
326 1255 219 56 d’Aubigné,
498 1255 187 56 marquise
639 1255 125 56 de),
717 1255 141 56 notes
810 1255 94 56 de
857 1255 78 56 8
889 1255 156 56 lignes
982 1255 94 56 aut.

-18 1286 112 40 221

120 1290 207 35 elatives
275 1290 86 35 à
310 1290 104 35 la
362 1290 173 35 maison
483 1290 104 35 de
535 1290 242 35 Saint-Cyr,
725 1290 121 35 1/2
794 1290 104 35 p.
846 1290 156 35 in-8.

990 1294 89 41 4
1008 1294 71 41 50

9 1315 106 50 6967,

105 1321 136 42 MARIE
196 1321 363 42 (Elisabeth-Françoise
513 1321 91 42 de
559 1321 166 42 Savoie,
680 1321 151 42 épouse
786 1321 212 42 d’Alphonse
952 1321 106 42 VI,
997 1321 76 42 roi

118 1360 79 44 de
157 1360 171 44 Portugal.
289 1360 145 44 L
394 1360 118 44 s
473 1360 79 44 au
512 1360 118 44 comte
591 1360 79 44 de
630 1360 197 44 Gubernatis,
788 1360 184 44 Salvaterra
932 1360 118 44 1679,
1011 1360 66 44 1
1024 1360 53 44 p.

792 1396 93 36 454

947 1401 93 34 5

1035 1403 32 30 »M

114 1394 121 48 in-4.
194 1394 148 48 Cachets
302 1394 81 48 et
342 1394 134 48 soies,
436 1394 188 48 très-jolie
570 1394 121 48 lettre.

2 1419 113 56 6968.

116 1421 120 52 MAURY
196 1421 93 52 (J.
249 1421 173 52 Siffren),
382 1421 173 52 cardinal,
515 1421 133 52 membre
609 1421 80 52 de
649 1421 147 52 l’Acad.
755 1421 147 52 franç.,
862 1421 120 52 L.
942 1421 133 52 s
1022 1421 53 52 au

23 1465 76 31 8.

119 1467 149 40 préfet
224 1467 90 40 de
268 1467 90 40 la
313 1467 149 40 Seine,
418 1467 75 40 2
448 1467 179 40 décembre
582 1467 134 40 1812,
672 1467 105 40 3/4
731 1467 90 40 de
776 1467 90 40 p.
821 1467 134 40 in-4,
896 1467 179 40 invitation

22 1488 82 45 5/

126 1503 103 38 our
185 1503 176 38 assister
317 1503 88 38 au
361 1503 88 38 Te
405 1503 132 38 Deum,
493 1503 103 38 qui
552 1503 117 38 sera
625 1503 147 38 chanté
728 1503 117 38 dans
801 1503 176 38 l’église
918 1503 147 38 métropo-

11 1521 90 46 ziil
56 1521 67 46 4559

119 1532 160 35 litaine
236 1532 116 35 pour
308 1532 87 35 la
352 1532 189 35 solennité
497 1532 87 35 de
541 1532 262 35 l’anniversaire
759 1532 87 35 du
803 1532 233 35 couronnement
992 1532 87 35 de
1021 1532 58 35 Sa

117 1562 172 38 Majesté,
246 1562 129 38 ainsi
331 1562 129 38 qu’au
417 1562 158 38 service
532 1562 186 38 funéraire
675 1562 115 38 pour
747 1562 100 38 les
804 1562 200 38 militaires
961 1562 129 38 morts
1033 1562 43 38 à

106 1594 82 36 la
147 1594 163 36 bataille
256 1594 204 36 d’Austerlitz.

1030 1599 46 39 5

449 1597 55 38 131

959 1597 75 34 5

851 1598 130 41 sunSif.

791 1595 83 38 iiil

-5 1622 118 45 6969.

106 1626 250 45 MONTGAILLARD
310 1626 110 45 (G.
372 1626 282 45 Honoré-Roques,
607 1626 125 45 abbé
685 1626 125 45 de),
763 1626 219 45 historien.
920 1626 78 45 <L.

1002 1634 66 35 q.
1044 1634 24 35 s.

14 1660 62 37 6ή;

121 1660 133 37 Paris,
214 1660 119 37 1823,
293 1660 66 37 1
320 1660 80 37 p.
359 1660 106 37 3/4,
412 1660 93 37 in

982 1663 93 44 2
1000 1663 74 44 50

-8 1682 120 59 6970.

116 1690 143 47 UELEN
211 1690 238 47 (Hyacinthe,
402 1690 143 47 comte
497 1690 127 47 de),
577 1690 222 47 archevêque
751 1690 95 47 de
799 1690 159 47 Paris,
910 1690 159 47 membre
1005 1690 64 47 de

123 1724 118 56 Acad.
202 1724 131 56 franç.
293 1724 118 56 L.
372 1724 131 56 a
464 1724 79 56 s.
503 1724 79 56 au
542 1724 92 56 duc
595 1724 79 56 de
634 1724 118 56 Damas
713 1724 118 56 Crux.
791 1724 131 56 Paris,
883 1724 118 56 1825,
949 1724 39 56 1

976 1731 89 43 p.
1006 1731 74 43 pl.

7 1749 91 39 iti512

93 1759 102 37 in

992 1762 78 38 *»

943 1762 93 41 2

6 1779 101 53 6971.

107 1781 133 50 TARIN
196 1781 133 50 (Paul
285 1781 119 50 de),
359 1781 208 50 précepteur
522 1781 89 50 du
567 1781 104 50 duc
626 1781 89 50 de
671 1781 193 50 Bordeaux.
819 1781 148 50 évêque
923 1781 89 50 de
952 1781 119 50 Stras-

107 1823 115 48 pourg.
188 1823 104 48 L.
257 1823 69 48 a.
292 1823 115 48 s.
373 1823 69 48 29
407 1823 92 48 juin
465 1823 104 48 1830,
534 1823 58 48 1
557 1823 69 48 p.
580 1823 81 48 in

945 1827 87 34 1

993 1827 80 35 75

-1 1845 113 59 6972.

948 1857 93 43 1

115 1849 169 57 WOLOWSKI
242 1849 127 57 (L.),
326 1849 169 57 écrivain
453 1849 211 57 économiste,
622 1849 85 57 et
665 1849 155 57 député.
777 1849 127 57 L.
848 1849 155 57 a.s..,

1008 1858 62 43 p.

947 1894 87 36 1

112 1890 81 42 in

1021 1896 50 33 75

6 1912 105 52 6973.

102 1914 113 56 ZÉA
167 1914 194 56 BERMUDEZ
312 1914 178 56 (Joach.
442 1914 129 56 de),
523 1914 178 56 célèbre
652 1914 194 56 ministre
798 1914 97 56 de
830 1914 178 56 Ferdinand

991 1925 78 44 VII.

123 1955 80 55 >L.
168 1955 80 55 ai.
214 1955 91 55 s..,
270 1955 57 55 2
293 1955 68 55 p.
327 1955 91 55 3/4,
373 1955 80 55 in

993 1961 79 41 2
1009 1961 63 41 25

-4 2010 119 69 6974.

116 2014 237 58 Dictionnaire
308 2014 103 58 des
368 2014 148 58 pièces
471 2014 222 58 autographes
648 2014 148 58 volées
752 2014 103 58 aux
811 2014 251 58 bibliothèques
1003 2014 74 58 pu-

116 2062 162 45 bliques
234 2062 89 45 de
279 2062 89 45 la
323 2062 162 45 France,
441 2062 162 45 précéde
559 2062 266 45 d’observations
780 2062 103 45 sur
839 2062 89 45 le
883 2062 177 45 commerce
1001 2062 74 45 des

-10 2067 83 50 284

108 2096 245 40 autographes,
307 2096 107 40 par
368 2096 122 40 Lud.
444 2096 168 40 Lalanne
567 2096 92 40 et
613 2096 92 40 H.
659 2096 184 40 Bordier.
796 2096 153 40 Paris,
888 2096 184 40 Panckouke,

113 2126 123 48 1853,
195 2126 68 48 1
222 2126 109 48 vol.
291 2126 123 48 in-8,
359 2126 68 48 br.

936 2128 122 51 87

4 2125 87 58 .3
33 2125 44 58 2

148 2144 101 65 (II
205 2144 86 65 ne
248 2144 130 65 reste
335 2144 101 65 que
392 2144 115 65 très
464 2144 101 65 peu
522 2144 245 65 d'exemplaires
723 2144 86 65 de
767 2144 101 65 cet
810 2144 158 65 ouvrage.)
