1592 2857
622 18 184 105 —
696 18 257 105 160
806 18 110 105 —

98 105 174 82 blée
207 105 370 82 constituante.
512 105 131 82 L.
578 105 174 82 aut.
687 105 196 82 sig.,
817 105 109 82 à
861 105 131 82 M.
926 105 218 82 Tarbé.
1057 105 436 82 Villequier

89 174 196 74 30
187 174 261 74 août
350 174 294 74 1788.
546 174 163 74 1
612 174 196 74 p.
710 174 229 74 pl.
840 174 196 74 et
938 174 294 74 demie
1134 174 294 74 in-4.
1330 174 163 74 3
1362 174 131 74 50

149 218 120 68 Au
209 218 200 68 sujet,
349 218 140 68 des
430 218 200 68 impôts
570 218 160 68 pour
670 218 120 68 la
730 218 281 68 réparation
951 218 120 68 et
1011 218 301 68 l’entretien
1251 218 140 68 des
1312 218 180 68 routes.

55 264 162 101 2162.
163 264 342 101 Villers,
450 264 198 101 prêtre,
594 264 180 101 député
720 264 108 101 de
774 264 108 101 la
828 264 485 101 Loire-Inférieure
1259 264 90 101 à
1295 264 108 101 la
1331 264 162 101 Conven-

103 322 190 61 tion.
229 322 127 61 L.
293 322 169 61 aut.
398 322 190 61 sig.,
525 322 105 61 à
567 322 148 61 ses
651 322 211 61 frères
799 322 127 61 et
862 322 169 61 amis
968 322 127 61 de
1031 322 232 61 Nantes.
1200 322 211 61 Paris,
1347 322 105 61 5
1368 322 127 61 ven-

85 364 313 68 tôse
281 364 235 68 an
398 364 274 68 II.
555 364 196 68 1
633 364 235 68 p.
750 364 235 68 et
868 364 352 68 demie
1103 364 352 68 in-4.
1337 364 196 68 4
1377 364 117 68 »

59 401 170 75 2163.
173 401 397 75 Villetard,
513 401 189 75 député
645 401 113 75 de
702 401 340 75 l'Yonne
986 401 95 75 à
1023 401 113 75 la
1080 401 284 75 Convention,
1288 401 208 75 sénateur.

107 464 130 56 L.
172 464 173 56 aut.
281 464 173 56 sig.
389 464 217 56 Paris,
541 464 108 56 4
584 464 260 56 pluviôse
779 464 130 56 an
844 464 195 56 XIII.
974 464 108 56 2
1017 464 130 56 p.
1082 464 130 56 et
1147 464 195 56 demie
1277 464 195 56 in-4.
1407 464 108 56 2
1429 464 65 56 »

59 522 188 52 2164.
184 522 396 52 Villette
518 522 146 52 (le
601 522 229 52 marquis
768 522 229 52 Charles
934 522 167 52 de),
1039 522 208 52 second
1184 522 167 52 mari
1289 522 125 52 de
1330 522 167 52 madame

101 555 200 65 Denis,
241 555 180 65 nièce
360 555 120 65 de
420 555 259 65 Voltaire,
620 555 200 65 député
760 555 120 65 de
819 555 339 65 l'Oise
1099 555 100 65 à
1139 555 120 65 la
1199 555 299 65 Convention.
1418 555 80 65 L.

114 611 156 64 aut.
211 611 156 64 sig.
309 611 117 64 (à
367 611 117 64 la
426 611 117 64 3e
484 611 273 64 personne),
699 611 117 64 au
757 611 234 64 patriote
933 611 215 64 Palloy.
1089 611 195 64 Paris,
1225 611 117 64 23
1284 611 156 64 août
1362 611 137 64 1790.

36 655 457 61 1
218 655 549 61 p.
493 655 823 61 in-8.
1042 655 457 61 4
1133 655 366 61 50

165 689 185 79 ...Il
289 689 103 79 a
330 689 226 79 entendu
495 689 185 79 faire
618 689 226 79 l’éloge
783 689 144 79 des
865 689 226 79 modèles
1030 689 123 79 de
1091 689 247 79 Bastille
1277 689 185 79 qu'il
1380 689 123 79 des-

110 744 179 62 tine
222 744 157 62 aux
311 744 381 62 départements.
625 744 134 62 On
692 744 157 62 lui
782 744 202 62 devra
916 744 247 62 l’image
1096 744 134 62 de
1163 744 134 62 la
1230 744 247 62 Liberté
1387 744 112 62 que

109 802 167 58 J’on
214 802 105 58 a
255 802 251 58 conquise
444 802 125 58 et
506 802 188 58 qu'il
632 802 167 58 faut
715 802 293 58 conserver...

67 836 179 72 2165.
187 836 358 72 Vincent
485 836 418 72 (François-André),
843 836 219 72 peintre
1002 836 279 72 d'histoire
1221 836 119 72 L.
1281 836 159 72 aut.
1361 836 139 72 sig.,

112 894 132 61 au
178 894 243 61 citoyen
355 894 331 61 Guillaumot.
620 894 221 61 Paris,
774 894 110 61 7
819 894 243 61 ventôse
995 894 132 61 an
1061 894 155 61 IX.
1150 894 110 61 1
1194 894 132 61 p.
1260 894 199 61 in-4.
1393 894 110 61 2
1415 894 88 61 50

70 937 161 68 2166.
177 937 304 68 Vinet,
428 937 179 68 député
553 937 107 68 de
606 937 107 68 la
660 937 536 68 Charente-Inférieure
1143 937 89 68 à
1178 937 107 68 la
1232 937 268 68 Convention.
1429 937 71 68 L.

110 991 203 60 aut.
236 991 203 60 sig.
363 991 253 60 Paris,
540 991 152 60 31
616 991 203 60 déc.
743 991 228 60 1792.
895 991 127 60 1
946 991 152 60 p.
1022 991 228 60 in-4.
1174 991 279 60 Cachet.
1376 991 127 60 4
1402 991 101 60 50

69 1027 168 73 2167.
181 1027 317 73 Vitet,
442 1027 186 73 député
573 1027 112 73 de
629 1027 466 73 Rhône-et-Loire
1039 1027 93 73 à
1076 1027 112 73 la
1132 1027 280 73 Convention.
1356 1027 112 73 L.
1393 1027 112 73 aut.

113 1087 212 64 sig.,
255 1087 118 64 à
302 1087 165 64 son
396 1087 283 64 collègue
608 1087 283 64 Boisset.
821 1087 236 64 Paris,
985 1087 118 64 8
1033 1087 259 64 floréal
1221 1087 141 64 an
1292 1087 189 64 III.
1410 1087 118 64 6
1433 1087 71 64 »

166 1140 128 51 La
230 1140 298 51 République
464 1140 149 51 est
549 1140 213 51 perdue
698 1140 128 51 si
762 1140 170 51 l’on
869 1140 256 51 n’oppose
1061 1140 149 51 pas
1146 1140 149 51 aux
1231 1140 234 51 efforts
1380 1140 128 51 vio-

118 1188 179 54 lents
237 1188 139 54 des
317 1188 298 54 royalistes,
555 1188 139 54 des
634 1188 218 54 prêtres
793 1188 337 54 réfractaires,
1071 1188 139 54 des
1150 1188 278 54 fanatiques
1368 1188 119 54 et
1408 1188 99 54 des

120 1227 287 61 méchants:
340 1227 265 61 justice,
539 1227 243 61 fermeté
715 1227 132 61 et
781 1227 265 61 courage.
980 1227 132 61 La
1046 1227 331 61 Convention,
1289 1227 220 61 indignée

125 1279 132 70 de
191 1279 132 70 la
257 1279 264 70 conduite
455 1279 132 70 de
521 1279 154 70 ces
609 1279 242 70 hommes,
785 1279 132 70 va
850 1279 198 70 enfin
982 1279 242 70 prendre
1158 1279 154 70 des
1246 1279 242 70 mesures
1400 1279 110 70 ri-

124 1322 286 69 goureuses
344 1322 132 69 et
410 1322 220 69 dignes
565 1322 132 69 du
631 1322 220 69 peuple
785 1322 242 69 qu’elle
961 1322 330 69 représente.
1226 1322 176 69 Elle
1336 1322 132 69 va
1380 1322 132 69 con-

126 1380 234 58 centrer
296 1380 170 58 dans
403 1380 128 58 le
466 1380 213 58 Comité
616 1380 128 58 de
679 1380 192 58 salut
807 1380 213 58 public
956 1380 170 58 tout
1063 1380 128 58 le
1127 1380 234 58 pouvoir
1276 1380 234 58 exécutif,

123 1422 159 62 afin
222 1422 179 62 qu'il
341 1422 198 62 puisse
480 1422 159 62 agir
579 1422 159 62 avec
679 1422 198 62 autant
818 1422 119 62 de
877 1422 179 62 force
996 1422 119 62 et
1056 1422 119 62 de
1115 1422 238 62 célérité
1294 1422 139 62 que
1373 1422 119 62 de
1413 1422 99 62 sa-

124 1468 224 63 gesse.
280 1468 179 63 Lyon
392 1468 179 63 sera
504 1468 358 63 certainement
795 1468 134 63 la
862 1468 269 63 première
1063 1468 201 63 ville
1198 1468 112 63 à
1242 1468 291 63 applaudir
1444 1468 67 63 à

119 1517 208 67 cette
234 1517 254 67 énergie..

79 1556 159 70 2168.
185 1556 282 70 Vitet
414 1556 159 70 (L.),
520 1556 176 70 député
644 1556 106 70 de
697 1556 106 70 la
750 1556 494 70 Seine-Inférieure
1191 1556 106 70 L.
1243 1556 141 70 aut.
1332 1556 141 70 sig.
1420 1556 88 70 2
1437 1556 71 70 p.

82 1613 436 62 pl.
331 1613 373 62 et
517 1613 560 62 demie
891 1613 560 62 in-8.
1264 1613 311 62 2
1326 1613 187 62 »

79 1652 175 62 2169.
195 1652 349 62 Vivien,
486 1652 213 62 avocat,
641 1652 213 62 député,
796 1652 252 62 ministre,
990 1652 194 62 député
1126 1652 116 62 de
1184 1652 349 62 l'Aisne
1456 1652 58 62 à

122 1705 312 65 l’Assemblée
372 1705 270 65 nationale
580 1705 125 65 de
642 1705 187 65 1848.
767 1705 187 65 Pièce
891 1705 166 65 aut.
995 1705 166 65 sig.
1099 1705 125 65 en
1162 1705 208 65 faveur
1307 1705 166 65 d’un
1390 1705 125 65 ébé-

128 1770 201 46 niste
262 1770 224 46 arrêté
418 1770 134 46 le
485 1770 134 46 27
552 1770 179 46 juin
664 1770 179 46 dans
776 1770 134 46 le
843 1770 268 46 faubourg
1044 1770 380 46 Saint-Antoine
1357 1770 134 46 et
1402 1770 112 46 dé-

121 1803 182 55 tenu
235 1803 227 55 depuis
394 1803 114 55 à
439 1803 136 55 la
507 1803 386 55 Conciergerie.
825 1803 227 55 Paris,
984 1803 136 55 30
1052 1803 182 55 juin
1166 1803 204 55 1848.
1302 1803 114 55 1
1347 1803 159 55 gr.
1415 1803 91 55 p.

10 1850 1233 58 in-4.
832 1850 685 58 3
969 1850 548 58 50

81 1898 168 61 2470.
193 1898 317 61 Volnys
454 1898 242 61 (Léontine
640 1898 279 61 Fay
863 1898 186 61 dame),
994 1898 205 61 actrice
1143 1898 112 61 du
1198 1898 223 61 Gymnase,
1366 1898 149 61 etc.
1441 1898 74 61 L.

121 1948 228 66 aut.
263 1948 228 66 sig.
405 1948 285 66 Paris,
605 1948 142 66 5
662 1948 342 66 décembre
918 1948 256 66 1835.
1089 1948 142 66 1
1146 1948 171 66 p.
1231 1948 256 66 in-8.
1402 1948 142 66 2
1431 1948 85 66 »

250 2048 199 83 SOUS
395 2048 199 83 PRESSE,
540 2048 145 83 POUR
631 2048 218 83 PARAITRE
794 2048 109 83 AU
848 2048 145 83 HOIS
939 2048 236 83 D’OCTOBRE
1102 2048 272 83 PROCHAIN:

85 2105 418 71 Correspondance
444 2105 119 71 de
503 2105 239 71 BBoileau
683 2105 119 71 et
742 2105 358 71 Brossette,
1041 2105 159 71 avec
1141 2105 139 71 les
1220 2105 199 71 œuvres
1340 2105 179 71 supplé-

125 2160 264 57 mentaires.
332 2160 132 57 1re
408 2160 207 57 édinion
559 2160 245 57 complète,
747 2160 113 57 en
804 2160 188 57 partie
936 2160 226 57 inédite,
1105 2160 207 57 publiée
1256 2160 132 57 sur
1332 2160 132 57 les
1388 2160 132 57 manu-

124 2206 186 65 scrits
255 2206 261 65 originaux,
459 2206 130 65 par
534 2206 205 65 AUGUSTE
683 2206 242 65 LAVERDET,
869 2206 149 65 avec
962 2206 130 65 une
1036 2206 298 65 Introduction
1278 2206 130 65 par
1353 2206 112 65 M.
1390 2206 130 65 JULES

126 2245 192 56 JANIN.
260 2245 96 56 —
298 2245 115 56 Un
356 2245 192 56 volume
490 2245 172 56 in-8,
605 2245 211 56 enrichi
758 2245 115 56 de
816 2245 249 56 plusieurs
988 2245 249 56 fac

86 2333 338 52 Catalogue
361 2333 190 52 d’une
487 2333 190 52 belle
614 2333 296 52 Collection
847 2333 127 52 de
910 2333 254 52 HLetires
1100 2333 317 52 autographes
1333 2333 190 52 sur

130 2377 226 53 l'Art,
304 2377 104 53 la
356 2377 261 53 Littérature
565 2377 104 53 et
617 2377 104 53 la
669 2377 191 53 Musique
808 2377 331 53 dramatique
1087 2377 139 53 dont
1174 2377 104 53 la
1226 2377 157 53 vente
1331 2377 139 53 aura
1400 2377 122 53 lieu,

131 2428 165 56 après
241 2428 183 56 dépari
369 2428 110 56 de
424 2428 183 56 Paris,
552 2428 110 56 le
607 2428 165 56 jeudi
717 2428 92 56 3
754 2428 220 56 décembre
918 2428 165 56 1857,
1028 2428 110 56 et
1083 2428 128 56 les
1157 2428 128 56 six
1230 2428 165 56 jours
1321 2428 202 56 suivants,

129 2458 132 78 28,
204 2458 132 78 rue
280 2458 132 78 des
355 2458 319 78 Bons-Enfants,
618 2458 169 78 salle
712 2458 225 78 Silvestre.

131 2543 260 74 N.B
336 2543 111 74 M.
391 2543 223 74 LAVERDET
558 2543 130 74 est
633 2543 149 74 chez
726 2543 130 74 lui
800 2543 111 74 de
856 2543 93 74 1
893 2543 167 74 heure
1004 2543 93 74 à
1041 2543 111 74 4,
1097 2543 130 74 les
1171 2543 241 74 dimanches
1357 2543 111 74 et
1394 2543 130 74 fêtes

91 2606 239 71 exceptés,
274 2606 110 71 et
330 2606 110 71 du
385 2606 110 71 15
440 2606 165 71 avril
550 2606 110 71 au
605 2606 110 71 15
661 2606 221 71 octobre,
826 2606 129 71 les
900 2606 239 71 mercredis
1083 2606 110 71 et
1139 2606 202 71 samedis
1267 2606 221 71 seulement.

240 2682 193 109 Paris.
375 2682 96 109 —
413 2682 289 109 Typographie
644 2682 116 109 de
702 2682 212 109 Gaittet
856 2682 116 109 et
914 2682 154 109 Cie,
1010 2682 135 109 rue
1087 2682 308 109 Cit-le-Cœur,
1318 2682 77 109 7.
