1124 2165
455 11 135 59 —
509 11 135 59 3
536 11 81 59 —

6 60 129 59 19803.
96 60 129 59 BUFFON
187 60 90 59 (le
238 60 90 59 ête
290 60 103 59 de);
354 60 180 59 l’illustre
496 60 206 59 naturaliste.
664 60 90 59 L.
715 60 129 59 s.
805 60 103 59 avec
870 60 77 59 la
909 60 180 59 souscript.
1037 60 52 59 de

110 111 71 41 2
138 111 142 41 lignes
238 111 128 41 aut.;
323 111 185 41 Montbard;
465 111 71 41 8
494 111 156 41 juillet
608 111 128 41 1785,
693 111 71 41 3
721 111 85 41 p.
764 111 171 41 pl.in-4.
892 111 171 41 Relâtive
1020 111 71 41 à
1034 111 57 41 sa

113 149 186 48 propriété.
259 149 66 48 7
272 149 53 48 50

120 189 123 40 19804
202 189 151 40 CABANIS
312 189 96 40 (P.
367 189 82 40 J.
408 189 164 40 George),
531 189 151 40 médecin
641 189 82 40 et
682 189 206 40 philosophe,
846 189 137 40 membre
942 189 82 40 de
970 189 123 40 l’Acad.

111 217 94 49 fr.
164 217 121 49 L.
245 217 80 49 a.
285 217 134 49 s.
378 217 67 49 à
405 217 121 49 M...;
486 217 80 49 15
526 217 174 49 novembre,
660 217 67 49 3
686 217 80 49 p.
727 217 94 49 pl.
780 217 121 49 in-4.
860 217 67 49 5
874 217 40 49 »

141 256 79 40 Il
180 256 79 40 le
220 256 105 40 prie
286 256 79 40 de
325 256 184 40 solliciter
470 256 105 40 pour
536 256 92 40 lui
589 256 79 40 la
628 256 184 40 protection
773 256 92 40 ide
826 256 79 40 M.
865 256 79 40 de
905 256 158 40 Breteuil
1010 256 79 40 pour

113 285 101 45 son
170 285 187 45 admission
314 285 86 45 de
357 285 144 45 membre
458 285 158 45 associé
573 285 86 45 de
617 285 202 45 l’Académie
775 285 86 45 de
818 285 202 45 chirurgie.
977 285 115 45 Puis
1034 285 58 45 il

112 327 148 38 énumère
219 327 94 38 ses
273 327 135 38 titres
368 327 67 38 à
395 327 121 38 cette
462 327 189 38 distinction.

116 362 115 48 19805
193 362 127 48 CALLET
282 362 115 48 (Ant.
358 362 127 48 Fois),
448 362 140 48 célèbre
550 362 140 48 peintre
652 362 178 48 d’histoire
792 362 76 48 du
830 362 191 48 dixhuitième
970 362 115 48 siècle.

117 395 102 43 L.
185 395 68 43 a.
219 395 125 43 s.
310 395 68 43 21
344 395 102 43 sept.
412 395 102 43 1785,
480 395 57 43 2
502 395 68 43 p.
537 395 102 43 in-4.
605 395 57 43 4
616 395 34 43 »

144 411 170 65 Relâtive
271 411 71 65 à
300 411 99 65 une
356 411 127 65 copie
441 411 85 65 en
483 411 127 65 petit
568 411 85 65 de
611 411 99 65 son
667 411 170 65 portrait
795 411 85 65 du
837 411 113 65 roi,
908 411 127 65 qu’il
979 411 113 65 désire

115 465 181 48 présenter
255 465 84 48 au
283 465 154 48 ministre.

117 503 113 44 19806
193 503 139 44 CHARLES
294 503 101 44 Ier,
357 503 88 44 duc
407 503 76 44 de
445 503 126 44 Savoie
533 503 88 44 dit
584 503 76 44 le
621 503 239 44 Guerrièr
823 503 101 44 mort
886 503 76 44 en
924 503 113 44 1489,
999 503 63 44 à
1012 503 88 44 vingt

114 539 81 48 et
154 539 81 48 un
194 539 107 48 ans.
261 539 121 48 L.
342 539 174 48 s.,
476 539 81 48 en
516 539 134 48 latin,
610 539 81 48 au
650 539 94 48 duc
704 539 81 48 de
744 539 134 48 Milan;
838 539 174 48 Carignan,
972 539 81 48 24
999 539 94 48 août,

117 571 60 44 1
141 571 72 44 p.
177 571 108 44 in-4,
249 571 132 44 cachet.
346 571 108 44 Belle
418 571 120 44 pièce.
502 571 60 44 7
514 571 48 44 50

126 594 125 55 19807
209 594 236 55 CHARLES-QUINT
404 594 167 55 empereur
529 594 222 55 d’Allemagne.
709 594 125 55 L.
793 594 139 55 s.
890 594 83 55 au
931 594 153 55 marquis
1029 594 69 55 del

118 642 150 43 Vasto,
223 642 210 43 gouverneur
388 642 90 43 de
433 642 150 43 Milan;
538 642 165 43 Madrid,
658 642 75 43 4
688 642 120 43 oct.
763 642 135 43 1539,
853 642 105 43 1/2
913 642 90 43 p.
943 642 150 43 in

97 678 261 40 trace
271 678 174 40 de
358 678 318 40 cachet.
589 678 145 40 7
618 678 87 40 »

122 695 121 55 19808
202 695 147 55 CHÉNIER
309 695 161 55 (Louis),
430 695 134 55 consul
524 695 147 55 général
631 695 80 55 de
671 695 134 55 France
765 695 67 55 à
792 695 255 55 Constantinople,
993 695 107 55 auteur

112 740 208 47 d’ouvrages
275 740 104 47 sur
335 740 104 47 les
394 740 148 47 Maures
498 740 89 47 et
542 740 178 47 l’empire
676 740 178 47 ottoman,
809 740 119 47 père
883 740 104 47 des
943 740 119 47 deux
1002 740 89 47 Ché-

124 772 101 61 nier.
191 772 101 61 L.
258 772 67 61 a.
292 772 112 61 s.
371 772 56 61 à
393 772 67 61 M.
427 772 90 61 ...;
483 772 112 61 Paris,
561 772 67 61 11
595 772 101 61 avril
662 772 101 61 1786,
730 772 56 61 1
752 772 67 61 p.
786 772 101 61 in-4.
853 772 56 61 3
864 772 34 61 »

141 811 86 48 Il
184 811 86 48 le
227 811 115 48 prie
298 811 86 48 de
342 811 158 48 vouloir
456 811 115 48 bien
528 811 187 48 s’occuper
672 811 115 48 dans
743 811 100 48 ses
801 811 158 48 moments
915 811 86 48 de
959 811 143 48 loisir
1045 811 57 48 de

116 848 151 48 l’examen
229 848 75 48 de
267 848 88 48 son
317 848 138 48 ouvrage
418 848 125 48 sur
505 848 88 48 les
543 848 163 48 Maures

124 872 127 52 19809
208 872 183 52 CHEVREUSE
349 872 141 52 (Marie
448 872 85 52 de
490 872 141 52 ROHAN,
589 872 169 52 duchesse
716 872 113 52 de),
786 872 85 52 la
828 872 155 52 célèbre
927 872 169 52 frondeuse.

120 922 124 43 Quitt.
206 922 99 43 sig.
268 922 87 43 sur
318 922 124 43 vélin;
404 922 111 43 1672,
478 922 99 43 in-4
540 922 136 43 oblong.
639 922 62 43 4
652 922 49 43 50

129 936 124 72 19810
212 936 138 72 OBENZL
309 936 152 72 (Louis,
420 936 124 72 comte
502 936 111 72 de),
572 936 152 72 célèbre
682 936 166 72 ministre
807 936 207 72 autrichien,
959 936 138 72 négocia-

122 999 102 37 teur
186 999 77 37 du
224 999 128 37 traité
314 999 77 37 de
352 999 217 37 Campo-Formio.
530 999 115 37 L.
607 999 140 37 s.
709 999 102 37 avec
773 999 77 37 la
811 999 179 37 souscript.
951 999 77 37 de
989 999 64 37 2
1002 999 102 37 lignes

125 1021 93 52 aut.,
187 1021 62 52 au
218 1021 93 52 comte
280 1021 62 52 de
311 1021 124 52 Kaunitz;
404 1021 227 52 Saint-Pétersbourg,
600 1021 62 52 21
631 1021 93 52 sept.
693 1021 93 52 1781,
755 1021 52 52 3
766 1021 41 52 p.

125 1064 65 45 1/4
162 1064 84 45 in-4.
227 1064 46 45 6
236 1064 28 45 »

166 1086 122 52 Très-curieux
265 1086 84 52 détails
326 1086 53 52 sur
356 1086 129 52 l’inoculation
463 1086 53 52 des
493 1086 114 52 grands-ducs
584 1086 99 52 Alexandre
653 1086 30 52 et

126 1130 134 44 Constantin,
233 1130 53 44 et
260 1130 62 44 sur
295 1130 53 44 le
322 1130 89 44 voyage
385 1130 53 44 de
411 1130 71 44 leur
456 1130 71 44 père
500 1130 80 44 (Paul
554 1130 71 44 Ier)
598 1130 53 44 et
625 1130 71 44 mère
670 1130 71 44 sous
705 1130 36 44 le

120 1154 93 53 nom
173 1154 80 53 de
213 1154 200 53 comtesse
373 1154 80 53 et
413 1154 80 53 de
453 1154 120 53 comte
532 1154 80 53 du
572 1154 186 53 Nord,
719 1154 93 53 qui
772 1154 146 53 doivent
879 1154 120 53 avoir
959 1154 93 53 une
998 1154 107 53 entre-

123 1195 98 40 vue
179 1195 111 40 avec
248 1195 84 40 le
290 1195 98 40 roi
346 1195 84 40 de
388 1195 153 40 Pologne
485 1195 84 40 etc.

127 1221 102 52 19811
194 1221 68 52 LE
228 1221 102 52 MÊME.
296 1221 102 52 L.
364 1221 124 52 a.
454 1221 90 52 sig.
511 1221 181 52 Cobe
658 1221 90 52 avec
714 1221 136 52 paraphe;
816 1221 248 52 Saint-Pétersbourg,
1030 1221 56 52 9
1042 1221 56 52 oc-

118 1250 128 61 tobre,
208 1250 64 61 2
233 1250 77 61 p.
271 1250 89 61 1/4
323 1250 115 61 in-4.
399 1250 115 61 Toute
476 1250 153 61 relative
591 1250 64 61 à
616 1250 77 61 la
654 1250 179 61 politique.
795 1250 64 61 6
808 1250 38 61 »

125 1302 112 48 19812
199 1302 112 48 COLLÉ
274 1302 125 48 (Ch.),
361 1302 137 48 célèbre
461 1302 187 48 chansonnier
611 1302 75 48 et
648 1302 125 48 auteur
735 1302 187 48 dramatique.
885 1302 112 48 L.
959 1302 75 48 a.
997 1302 125 48 s.
1072 1302 37 48 à

122 1334 208 63 Malesherbes;
291 1334 78 63 12
330 1334 104 63 août
395 1334 117 63 1775,
474 1334 65 63 2
500 1334 78 63 p.
539 1334 117 63 in-4.
617 1334 78 63 12
656 1334 65 63 »

157 1370 135 53 Jolie
247 1370 150 53 lettre
353 1370 90 53 de
398 1370 271 53 recommandation
623 1370 211 53 commençant
789 1370 105 53 par
849 1370 211 53 (septvers,
1015 1370 90 53 où
1045 1370 60 53 il

122 1408 88 45 lui
173 1408 126 45 promet
261 1408 76 45 de
299 1408 76 45 ne
337 1408 88 45 pas
387 1408 164 45 l’appeler
513 1408 290 45 Monseigneur
765 1408 139 45 puisque
866 1408 88 45 tel
916 1408 88 45 est
966 1408 88 45 son
1004 1408 101 45 désir.

130 1443 123 51 19813
212 1443 150 51 COLONNA
321 1443 218 51 (Jean-Paul),
499 1443 82 51 un
540 1443 96 51 des
594 1443 218 51 compositeurs
772 1443 82 51 de
813 1443 150 51 musique
922 1443 164 51 italiens
1031 1443 68 51 les

126 1476 110 51 plus
195 1476 193 51 distingués
346 1476 83 51 du
388 1476 220 51 dix-septième
566 1476 151 51 siècle,
677 1476 275 51 particulièrement
910 1476 110 51 dans
979 1476 83 51 le
1007 1476 96 51 style

132 1507 153 53 d’église.
250 1507 106 53 L.
320 1507 70 53 a.
355 1507 129 53 s.
449 1507 141 53 Bologne,
555 1507 70 53 28
590 1507 94 53 nov.
648 1507 106 53 1679,
719 1507 59 53 1
742 1507 70 53 p.
778 1507 82 53 pl.
824 1507 106 53 in-4.
895 1507 188 53 Rare
1047 1507 59 53 6
1059 1507 47 53 50

125 1548 125 52 19814
208 1548 180 52 CONDILLAC
347 1548 152 52 (l’abbé
458 1548 139 52 BONNOT
555 1548 111 52 de),
624 1548 194 52 philosophe
776 1548 83 52 et
818 1548 180 52 écrivain,
957 1548 83 52 le
998 1548 111 52 chef
1054 1548 55 52 de

126 1590 141 44 l’Ecole
229 1590 193 44 sensualiste
383 1590 77 44 au
421 1590 205 44 dix-huitième
588 1590 141 44 siècle,
691 1590 128 44 membre
781 1590 77 44 de
820 1590 141 44 l’Acad.
922 1590 90 44 fr.
961 1590 141 44 L.

131 1627 100 42 a.
198 1627 123 42 s.
287 1627 67 42 22
320 1627 89 42 déc.
376 1627 100 42 1778,
443 1627 56 42 1
465 1627 67 42 p.
498 1627 100 42 in-4.
565 1627 56 42 7
576 1627 45 42 50

129 1649 110 50 19815
202 1649 146 50 CONSTANT
312 1649 183 50 (Benjamin),
458 1649 134 50 célèbre
556 1649 171 50 publiciste
690 1649 73 50 et
727 1649 134 50 député.
824 1649 110 50 L.
898 1649 73 50 a.
934 1649 122 50 s.
1020 1649 61 50 à
1032 1649 73 50 Jean

130 1697 124 38 Debry;
217 1697 124 38 Paris,
304 1697 75 38 16
341 1697 137 38 floréal
441 1697 75 38 an
478 1697 100 38 VII,
540 1697 62 38 2
565 1697 75 38 p.
602 1697 112 38 in-4.
677 1697 62 38 3
689 1697 50 38 50

157 1721 128 50 Belle
242 1721 142 50 lettre
341 1721 85 50 de
384 1721 227 50 condoléances
568 1721 99 50 sur
624 1721 198 50 l’attentat
780 1721 85 50 de
823 1721 170 50 Rastadt.
950 1721 85 50 Il
993 1721 99 50 lui
1035 1721 71 50 té-

126 1747 140 60 moigne
224 1747 84 60 la
266 1747 112 60 joie
336 1747 126 60 qu’il
420 1747 70 60 a
448 1747 182 60 ressentie
588 1747 84 60 en
630 1747 196 60 apprenant,
784 1747 126 60 qu’il
868 1747 140 60 lavait
966 1747 154 60 échappé
1064 1747 42 60 à

102 1792 280 43 cet
262 1792 400 43 atroce
502 1792 440 43 attentat.

128 1827 113 47 19816
204 1827 75 47 LE
241 1827 113 47 MÊME.
317 1827 113 47 L.
392 1827 75 47 a.
430 1827 125 47 s.
517 1827 75 47 au
555 1827 113 47 baron
630 1827 188 47 d’Eckstein;
781 1827 125 47 Paris,
869 1827 75 47 31
906 1827 100 47 déc.
969 1827 113 47 1825,
1044 1827 63 47 2
1057 1827 50 47 p.

135 1873 67 41 in-4.
179 1873 37 41 3
186 1873 30 41 50

169 1887 210 55 Très-curieuse
342 1887 124 55 lettre
428 1887 87 55 sur
478 1887 87 55 son
527 1887 111 55 livre
602 1887 111 55 De
676 1887 74 55 la
713 1887 210 55 religion
886 1887 173 55 Quoiqu’ils
1010 1887 99 55 soient

130 1928 113 52 tous
200 1928 113 52 deux
271 1928 197 52 d’opinions
425 1928 113 52 fort
496 1928 183 52 opposées,
637 1928 169 52 Constant
763 1928 113 52 prie
834 1928 84 52 le
876 1928 127 52 baron
946 1928 169 52 d’Eckstein

128 1974 84 36 de
170 1974 84 36 ne
212 1974 98 36 pas
268 1974 98 36 lui
324 1974 154 36 ménager
437 1974 98 36 les
479 1974 168 36 critiques.

136 1998 123 53 19817
218 1998 123 53 COURT
300 1998 82 53 DE
341 1998 164 53 GÉBELIN,
464 1998 150 53 célèbre
574 1998 205 53 littérateur
738 1998 82 53 et
779 1998 150 53 isavant
888 1998 82 53 du
916 1998 191 53 dix

225 2038 126 44 siècle,
316 2038 115 44 auteur
397 2038 69 44 du
431 2038 138 44 Monde
534 2038 149 44 primitif.
649 2038 69 44 L.
683 2038 69 44 a.
718 2038 126 44 s.
810 2038 115 44 Paris,
890 2038 69 44 23
924 2038 92 44 déc.
982 2038 103 44 1780,
1051 2038 57 44 3
1062 2038 46 44 p.

141 2080 67 51 in-4.
185 2080 37 51 6
192 2080 30 51 50

151 2105 187 48 Très-belle
298 2105 147 48 lettre,
405 2105 161 48 relative
526 2105 67 48 à
552 2105 94 48 ses
606 2105 268 48 Dictionnaires
833 2105 228 48 étymologiques
1008 2105 121 48 des
