1109 2207
490 23 80 44 —
522 23 80 44 2
538 23 48 44 —

77 54 172 73 Curieuse
206 54 158 73 épître,
321 54 172 73 relative
450 54 72 73 à
479 54 101 73 une
536 54 158 73 réponse
651 54 129 73 qu’on
737 54 72 73 a
766 54 129 73 faite
852 54 72 73 à
881 54 86 73 un
909 54 144 73 pamphlet

81 113 145 52 contre
182 113 116 52 lui.
254 113 101 52 «Je
312 113 130 52 rends
399 113 130 52 grâce
486 113 72 52 à
515 113 174 52 l’auteur
645 113 87 52 de
689 113 87 52 sa
732 113 130 52 bonne
819 113 159 52 opinion
935 113 87 52 de
964 113 87 52 moi.

83 135 114 67 Mais
154 135 85 67 ma
196 135 114 67 plus
267 135 128 67 chère
352 135 156 67 qualité
466 135 99 67 est
523 135 241 67 l’indiférence
722 135 170 67 profonde
849 135 99 67 que
906 135 114 67 j’ai
963 135 85 67 pour

85 189 134 50 toutes
178 189 94 50 ces
219 189 187 50 attaques...»

83 203 117 72 19791
161 203 130 72 BENOIT
252 203 91 72 XIV
305 203 156 72 (Prosper
422 203 209 72 LAMBÉRTINI),
592 203 104 72 pape
657 203 170 72 illustre.
787 203 104 72 L.
852 203 143 72 s.
957 203 104 72 avec
1009 203 52 72 la

81 250 197 57 souscript.
235 250 84 57 et
278 250 70 57 2
306 250 140 57 lignes
404 250 126 57 aut.,
488 250 84 57 au
530 250 154 57 marquis
643 250 197 57 Albergati;
797 250 140 57 Ancône
896 250 126 57 1729,
980 250 70 57 1
994 250 56 57 p.

88 300 89 43 in-fol.
153 300 40 43 5
169 300 40 43 »

82 311 120 68 19792
161 311 146 68 BERRYER
268 311 93 68 (P.
321 311 133 68 Ant.),
414 311 146 68 célèbre
520 311 133 68 avocat
613 311 80 68 et
653 311 146 68 orateur
760 311 239 68 parlementaire,
946 311 106 68 membre

85 350 78 56 de
124 350 143 56 l’Acad.
228 350 91 56 fr.
280 350 117 56 L.
358 350 78 56 a.
397 350 130 56 s.
488 350 65 56 à
514 350 78 56 M.
553 350 143 56 Thiers,
658 350 130 56 député
749 350 130 56 d’Aix;
840 350 130 56 lundi,
931 350 78 56 11
957 350 91 56 avril

91 396 133 61 1848?),
188 396 61 61 1
212 396 73 61 p.
248 396 85 61 pl.
297 396 109 61 in-8.
369 396 61 61 2
382 396 48 61 25

122 400 161 76 curieuse
243 400 148 76 lettre,
350 400 161 76 relative
471 400 81 76 au
512 400 121 76 tracé
592 400 81 76 de
633 400 81 76 la
673 400 121 76 ligne
754 400 148 76 directe
861 400 81 76 de
902 400 175 76 Marseille
1023 400 40 76 à

69 465 156 53 Avignon.

89 471 120 78 19793
169 471 174 78 BESSIÈRES
302 471 93 78 (J.
356 471 107 78 B.),
422 471 93 78 duc
476 471 174 78 d’Istrie,
609 471 160 78 maréchal
729 471 80 78 de
769 471 147 78 France,
876 471 107 78 mort
930 471 133 78 glorieu-

90 532 134 48 sement
183 532 67 48 à
210 532 80 48 la
250 532 160 48 bataille
370 532 80 48 de
410 532 160 48 Lüitzen.
530 532 120 48 L.
610 532 80 48 a.
650 532 134 48 s.
744 532 120 48 comme
824 532 107 48 chef
891 532 80 48 de
917 532 134 48 brigade:

87 547 140 66 Paris
181 547 93 66 an
227 547 140 66 VIII,
320 547 109 66 3/4
383 547 93 66 de
429 547 93 66 p.
476 547 186 66 in-fol.,
616 547 124 66 vig.
693 547 93 66 et
740 547 124 66 tête
817 547 124 66 imp.
895 547 155 66 —AUL14
988 547 78 66 56-

89 592 118 65 19794
167 592 144 65 BITAUBÉ
272 592 92 65 (P.
325 592 105 65 J.),
390 592 210 65 littérateur,
560 592 183 65 traducteur
704 592 170 65 d’Homère,
835 592 131 65 membre
927 592 79 65 de
953 592 105 65 l’Ins-

93 647 106 47 titut.
168 647 96 47 L.
232 647 64 47 a.
263 647 117 47 s.
348 647 96 47 Paris
412 647 96 47 1785,
476 647 53 47 2
497 647 64 47 p.
529 647 96 47 in-4.
593 647 96 47 Jolie
657 647 117 47 lettre.
742 647 53 47 4
752 647 32 47 »

89 669 115 59 19795
166 669 128 59 BONALD
256 669 90 59 (le
307 669 90 59 yte
358 669 103 59 de),
422 669 141 59 célèbre
525 669 154 59 écrivain
640 669 77 59 et
679 669 192 59 publiciste,
832 669 128 59 membre
922 669 77 59 de
948 669 115 59 l’Acad.

90 705 92 58 fr.
142 705 118 58 L.
221 705 79 58 a.
261 705 132 58 s.
353 705 92 58 (au
405 705 118 58 baron
484 705 210 58 d’Eckstein);
655 705 79 58 28
695 705 105 58 mars
761 705 145 58 (1816),
866 705 66 58 3
892 705 79 58 p.
931 705 92 58 pl.
971 705 92 58 in

969 738 118 37 5
993 738 71 37 »

126 772 142 60 Lettre
225 772 113 60 fort
296 772 170 60 curieuse
423 772 99 60 sur
480 772 99 60 les
537 772 142 60 divers
636 772 142 60 partis
735 772 99 60 qui
792 772 156 60 forment
905 772 85 60 la
933 772 128 60 Chambre

90 811 100 57 des
147 811 172 57 députés,
276 811 100 57 sur
333 811 100 57 les
391 811 201 57 souverains
549 811 143 57 alliés
649 811 100 57 qui
706 811 100 57 ont
764 811 143 57 chassé
850 811 215 57 l’usurpateur,

87 843 148 57 changé
191 843 104 57 les
250 843 148 57 hommes
354 843 89 57 et
398 843 148 57 laissé
502 843 104 57 les
561 843 163 57 choses,
680 843 104 57 sur
739 843 89 57 le
784 843 119 57 roi,
858 843 104 57 qui
917 843 148 57 avait;
1006 843 59 57 de

94 876 144 60 grands
194 876 187 60 coupables
338 876 72 60 à
367 876 144 60 punir,
467 876 101 60 sur
525 876 101 60 son
582 876 172 60 élection
711 876 72 60 à
740 876 201 60 l’Académie
884 876 172 60 française.

97 908 114 56 dont
168 908 85 56 il
210 908 114 56 sera
282 908 85 56 un
324 908 142 56 membre
424 908 114 56 fort
495 908 171 56 inutile,
623 908 99 56 sur
679 908 99 56 les
736 908 185 56 jésuites,
878 908 128 56 qu’il
949 908 114 56 aurait

103 948 120 57 voulu
183 948 107 57 voir
249 948 160 57 rétablir
369 948 107 57 pour
436 948 200 57 l’éducation
582 948 80 57 etc.

97 992 112 48 19796
171 992 161 48 BONAPARTE
295 992 149 48 (Letitia
407 992 174 48 RAMOLINo),
544 992 99 48 mère
606 992 74 48 de
643 992 149 48 Napoléon
755 992 99 48 Ier.
817 992 112 48 L.
891 992 74 48 s.
916 992 149 48 vostra

98 1018 158 50 affne
217 1018 211 50 sorella
388 1018 79 50 en
428 1018 172 50 français,
560 1018 79 50 au
599 1018 158 50 cardinal
718 1018 132 50 Fesch;
810 1018 132 50 Paris,
903 1018 66 50 8
929 1018 92 50 mai
969 1018 92 50 1807,

105 1065 51 49 2
125 1065 61 49 p.
155 1065 71 49 1/4
196 1065 91 49 in-4.
256 1065 61 49 12
277 1065 30 49 »

130 1081 211 60 Intéressante
301 1081 145 60 lettre,
406 1081 158 60 relative
525 1081 79 60 au
564 1081 132 60 départ
656 1081 79 60 de
696 1081 158 60 Paulette
814 1081 92 60 (sa
867 1081 118 60 fille
932 1081 132 60 Pauline,

106 1129 94 52 jui
159 1129 134 52 allait
253 1129 147 52 épouser
360 1129 80 52 le
401 1129 134 52 prince
494 1129 188 52 Borghèse).
642 1129 161 52 Craintes
763 1129 94 52 que
816 1129 80 52 ce
856 1129 134 52 voyage
950 1129 94 52 lui
991 1129 80 52 ins-

104 1152 110 59 pire
173 1152 110 59 pour
242 1152 83 59 sa
283 1152 138 59 santé.
379 1152 110 59 Elle
448 1152 124 59 parle
531 1152 151 59 ensuite
641 1152 83 59 de
682 1152 83 59 la
723 1152 110 59 mort
792 1152 83 59 du
833 1152 124 59 petit
902 1152 165 59 Napoléont,

94 1197 73 46 à
124 1197 87 46 La
167 1197 116 46 Haye
240 1197 102 46 (le
298 1197 160 46 premier
415 1197 116 46 fils
488 1197 87 46 de
531 1197 160 46 Louis).
648 1197 131 46 «Vous
735 1197 131 46 jugez
822 1197 87 46 de
866 1197 87 46 ma
895 1197 175 46 consterna-

104 1224 128 46 tion,
189 1224 99 46 non
246 1224 99 46 pas
302 1224 184 46 seulement
444 1224 113 46 pour
515 1224 184 46 l’enfant,
656 1224 113 46 mais
727 1224 113 46 pour
798 1224 85 46 le
826 1224 142 46 père...»

101 1250 115 62 19797
178 1250 166 62 BONAPARTE
305 1250 191 62 (Napoléon),
458 1250 140 62 général
560 1250 76 62 en
598 1250 102 62 chef
662 1250 76 62 de
700 1250 140 62 l’armée
802 1250 166 62 d’Italie.
930 1250 89 62 L.
968 1250 102 62 s.

99 1289 143 61 écrite
199 1289 100 61 par
256 1289 86 61 le
299 1289 157 61 général
414 1289 172 61 Leclerc,
542 1289 100 61 son
600 1289 215 61 beau-frère,
771 1289 86 61 au
814 1289 157 61 citoyen
915 1289 157 61 Allemand;

105 1339 133 47 Milan,
198 1339 66 47 5
224 1339 133 47 nivôse
317 1339 80 47 ai
357 1339 80 47 V,
397 1339 93 47 3/4
450 1339 80 47 de
490 1339 80 47 p.
530 1339 160 47 in-fol.,
650 1339 106 47 tête
716 1339 106 47 imp.
783 1339 80 47 et
822 1339 106 47 vig.
889 1339 120 47 Jolie
955 1339 120 47 lettre.

985 1359 102 38 8
1005 1359 61 38 »

106 1390 108 71 19798
178 1390 121 71 BONNET
263 1390 169 71 (Charles),
395 1390 133 71 célèbre
492 1390 169 71 philosophe
624 1390 72 71 et
660 1390 193 71 naturaliste.
817 1390 108 71 L.
889 1390 121 71 s
962 1390 108 71 Genève,

103 1449 73 47 17
139 1449 97 47 mars
200 1449 110 47 1745,
273 1449 61 47 3
298 1449 73 47 p.
334 1449 110 47 in-4.
407 1449 61 47 5
419 1449 49 47 50

128 1465 170 65 Relative
255 1465 71 65 à
283 1465 99 65 des
340 1465 156 65 oiseaux
453 1465 127 65 rares
538 1465 127 65 qu’on
623 1465 99 65 lui
679 1465 156 65 demande
792 1465 85 65 et
835 1465 127 65 qu’il
920 1465 99 65 n’a
976 1465 85 65 pu
1004 1465 71 65 en-

103 1513 112 62 core
173 1513 168 62 parvenir
298 1513 70 62 à
312 1513 140 62 trouver.

109 1545 110 60 19799
182 1545 146 60 BORROMÉE
292 1545 122 60 (saint
377 1545 159 60 Charles),
499 1545 171 60 l’illustre
634 1545 171 60 archevêque
768 1545 73 60 de
804 1545 122 60 Milan.
890 1545 110 60 L.
963 1545 73 60 s.
987 1545 98 60 il

104 1578 201 61 cardinal
264 1578 80 61 di
305 1578 134 61 sancta
398 1578 228 61 Prassède
586 1578 80 61 au
626 1578 161 61 cardinal
747 1578 188 61 Figlovili;
894 1578 121 61 Rome,
975 1578 80 61 30
1002 1578 80 61 oct.

105 1615 136 53 1519,
195 1615 75 53 1
226 1615 90 53 p.
271 1615 136 53 in-4,
361 1615 166 53 cachet.
482 1615 151 53 Tachée
587 1615 136 53 d’eau
678 1615 90 53 et
723 1615 166 53 doublée
844 1615 121 53 dans
919 1615 106 53 les
964 1615 121 53 marges

110 1663 126 51 le
173 1663 230 51 droite.
340 1663 126 51 40
382 1663 63 51 »

113 1698 119 53 19800
192 1698 145 53 BOSSUET
297 1698 290 53 (Jacques-Bénigne),
548 1698 185 53 l’illustre
693 1698 132 53 évêque
785 1698 79 53 de
825 1698 132 53 Meaux.
917 1698 119 53 Notes
983 1698 92 53 aut.,

110 1735 81 47 en
151 1735 135 47 latin,
246 1735 108 47 avec
314 1735 149 47 ratures
422 1735 81 47 et
463 1735 217 47 corrections,
639 1735 68 47 1
666 1735 81 47 p.
706 1735 95 47 pl.
761 1735 122 47 in-4.
842 1735 122 47 Belle
923 1735 135 47 pièce.
1018 1735 68 47 6
1031 1735 41 47 »

110 1757 107 60 19801
181 1757 131 60 BRIFAUT
276 1757 166 60 (Charles),
407 1757 142 60 critique
514 1757 71 60 et
549 1757 190 60 littérateur,
703 1757 119 60 membre
786 1757 71 60 de
822 1757 131 60 l’Acad.
917 1757 83 60 fr.
952 1757 131 60 L.

110 1792 154 59 a.
213 1792 171 59 s.
333 1792 86 59 à
367 1792 223 59 Esménard;
538 1792 103 59 14
589 1792 137 59 nov.
675 1792 188 59 (1810),
812 1792 86 59 1
846 1792 103 59 p.
898 1792 154 59 in-4.
1000 1792 86 59 2
1018 1792 69 59 50

8 1833 228 51 Très-jolie
187 1833 163 51 lettre
301 1833 98 51 de
350 1833 277 51 félicitations
578 1833 114 51 sur
643 1833 98 51 sa
692 1833 228 51 nomination
871 1833 81 51 à
887 1833 196 51 l’Académie

94 1875 167 60 française.

117 1908 123 62 19802
199 1908 151 62 BROGLIE
309 1908 96 62 (le
364 1908 137 62 prince
460 1908 151 62 Maurice
569 1908 110 62 de),
638 1908 137 62 évêque
734 1908 82 62 de
775 1908 123 62 Gand,
857 1908 164 62 aumônier
980 1908 82 62 de
1008 1908 68 62 Na-

113 1946 153 62 poléon
220 1946 122 62 Ier,
296 1946 153 62 prélat
403 1946 214 62 turbulent,
571 1946 168 62 enfermé
693 1946 76 62 à
724 1946 199 62 Vincennes
876 1946 92 62 en
922 1946 137 62 1811,
998 1946 92 62 puis

120 1979 161 49 condamné
240 1979 67 49 à
267 1979 81 49 la
308 1979 202 49 déportation
469 1979 81 49 en
509 1979 121 49 1817.
590 1979 121 49 L.
670 1979 81 49 a.
711 1979 134 49 s.
805 1979 81 49 au
845 1979 121 49 baron
912 1979 175 49 d’Eckstein;

110 2021 118 59 Gand,
189 2021 79 59 16
228 2021 105 59 août
294 2021 118 59 1815,
373 2021 66 59 1
399 2021 79 59 p.
439 2021 92 59 1/2
491 2021 118 59 in-4.
570 2021 66 59 3
583 2021 53 59 50

141 2046 167 57 Curieuse
266 2046 153 57 lettre,
378 2046 111 57 dans
447 2046 167 57 laquelle
573 2046 84 57 il
615 2046 84 57 se
656 2046 139 57 plaint
754 2046 125 57 qu’on
837 2046 153 57 accuse,
949 2046 111 57 sans
1004 2046 84 57 fon-

116 2086 159 53 lement,
231 2086 101 53 des
289 2086 275 53 ecclésiastiques
520 2086 87 53 de
564 2086 173 53 chercher
694 2086 72 53 a
723 2086 202 53 influencer
882 2086 188 53 l’opinion
1012 2086 72 53 pu-

108 2116 140 57 blique
206 2116 98 57 par
262 2116 98 57 des
318 2116 140 57 moyens
416 2116 196 57 illicites,
570 2116 84 57 et
611 2116 126 57 qu’on
695 2116 140 57 menace
793 2116 84 57 de
835 2116 98 57 les
877 2116 140 57 arrêter.
