1121 2182
543 -5 73 61 —
573 -5 73 61 4
587 -5 44 61 —

136 54 179 53 racines
277 54 141 53 latines
379 54 77 53 et
417 54 77 53 de
456 54 77 53 la
494 54 128 53 langue
583 54 204 53 grecque
749 54 77 53 Il
788 54 141 53 termine
890 54 77 53 en
928 54 166 53 demandant
1043 54 64 53 des

126 105 172 44 secours
251 105 125 44 pour
329 105 187 44 terminer
470 105 109 44 ces
532 105 156 44 grands
625 105 172 44 ouvrages.

136 127 108 57 19818
208 127 108 57 COSTE
280 127 84 57 (J.
328 127 108 57 Fr.),
400 127 132 57 célèbre
496 127 144 57 médecin,
604 127 72 57 né
641 127 60 57 à
665 127 108 57 Ville
737 127 120 57 (Ain).
821 127 108 57 L.
893 127 72 57 a.
929 127 120 57 s.
1013 127 60 57 à
1025 127 72 57 Vol-

125 178 142 37 taire;
224 178 157 37 Calais,
338 178 85 37 18
381 178 157 37 juillet
495 178 128 37 1776,
580 178 71 37 3
609 178 85 37 p.
651 178 128 37 in-4.
751 178 71 37 3
765 178 43 37 »

157 209 86 48 Il
200 209 101 48 lui
257 209 129 48 mande
344 209 129 48 qu’il
430 209 101 48 est
487 209 187 48 satisfait
631 209 86 48 de
674 209 101 48 son
732 209 144 48 séjour
833 209 72 48 à
861 209 158 48 Calais.
962 209 144 48 «Combien

129 240 111 52 j’ai
199 240 167 52 regretté
324 240 181 52 moi-même,
463 240 181 52 Monsieur,
602 240 83 52 le
644 240 111 52 pays
713 240 111 52 dans
783 240 139 52 léquel
880 240 111 52 vous
950 240 111 52 êtes
1006 240 97 52 assez

121 281 103 38 bon
180 281 133 38 pour,
269 281 89 38 me
313 281 118 38 dire
387 281 133 38 qu’on
476 281 89 38 me
520 281 192 38 regrette!
668 281 162 38 surtout
786 281 148 38 depuis
889 281 103 38 que
948 281 118 38 vous
1007 281 89 38 vous

118 317 88 43 en
162 317 117 43 êtes
235 317 161 43 déclaré
352 317 146 43 l’ange
454 317 204 43 tutélaire,
615 317 146 43 depuis
717 317 102 43 que
775 317 117 43 vous
848 317 88 43 en
892 317 117 43 avez
965 317 131 43 banni
1038 317 58 43 le

120 340 130 52 démon
206 340 202 52 insatiable
365 340 87 52 de
408 340 87 52 la
437 340 202 52 finance!...»

125 388 121 46 19819
205 388 162 46 DECREMPS
327 388 162 46 (Henri),
448 388 175 46 écrivain,
582 388 94 46 qui
636 388 148 46 dévoila
744 388 94 46 les
798 388 148 46 secrets
905 388 81 46 de
932 388 162 46 Cagliostro

127 420 100 49 dans
190 420 88 49 son
240 420 138 49 ouvrage
341 420 113 49 La
416 420 113 49 Magie
491 420 138 49 blanche
592 420 226 49 dévoilée,
780 420 75 49 et
818 420 176 49 s’intitula
943 420 151 49 l’institu-

120 454 106 35 teur
186 454 93 35 des
239 454 239 35 Sans-Culottes,
438 454 80 35 né
478 454 66 35 à
505 454 133 35 Beduer
598 454 133 35 (Lot),
691 454 119 35 L.
770 454 80 35 a.
810 454 133 35 s.
903 454 66 35 à
929 454 119 35 Maton
1009 454 80 35 la
1036 454 66 35 Va-

119 483 129 57 renne;
209 483 220 57 Fontainebleau
390 483 116 57 1788,
468 483 65 57 1
494 483 77 57 p.
532 483 90 57 pl.
584 483 116 57 in-4.
662 483 116 57 Belle
739 483 142 57 lettre.
842 483 65 57 3
855 483 39 57 »

128 518 120 58 19820
208 518 174 58 DELACROIX
341 518 174 58 (Eugène),
475 518 147 58 célèbre
581 518 147 58 peintre
688 518 200 58 d’histoire,
848 518 133 58 membre
942 518 80 58 de
969 518 133 58 l’Insti-

126 553 88 57 tut.
181 553 99 57 L.
247 553 66 57 a.
280 553 110 57 s.
357 553 55 57 à
379 553 66 57 M.
412 553 88 57 Eug.
466 553 132 57 Bareste,
565 553 55 57 2
587 553 66 57 p.
620 553 99 57 in-8.
686 553 55 57 3
697 553 44 57 50

154 588 187 51 Invitation
300 588 67 51 à
327 588 120 51 venir
407 588 107 51 voir
473 588 93 51 ses
513 588 147 51 tableaux.

24 638 129 53 19821
110 638 187 53 DESCHAMPS
253 638 172 53 (Émile),
382 638 129 53 poëte
469 638 86 53 et
512 638 201 53 traducteur
669 638 158 53 estimé.
784 638 215 53 Fragment
942 638 158 53 d’une

124 671 148 45 épître
237 671 193 45 inédite,
396 671 102 45 pièce
465 671 68 45 de
499 671 91 45 vers
555 671 102 45 a.
624 671 125 45 s.
715 671 125 45 octobre
806 671 102 45 1831,
874 671 57 45 1
896 671 68 45 p.
931 671 80 45 1/2
976 671 102 45 in-4.
1044 671 57 45 1
1056 671 45 45 50

118 706 110 55 19822
191 706 135 55 DIDEROT
289 706 147 55 (Denis),
400 706 147 55 illustre
510 706 172 55 philosophé
645 706 74 55 et
681 706 159 55 écrivain.
804 706 110 55 L.
877 706 123 55 a.
963 706 74 55 (à
988 706 110 55 Grimm);

116 744 78 42 15
155 744 104 42 oct.
220 744 116 42 1770,
297 744 65 42 3
323 744 78 42 p.
362 744 91 42 pl.
414 744 116 42 in-8.
491 744 78 42 12
517 744 39 42 »

146 778 135 51 Épître
240 778 202 51 énigmatique
402 778 189 51 commençant
550 778 135 51 ainsi:
644 778 175 51 Tâchez
779 778 189 51 d’enténdre
928 778 81 51 ce
955 778 148 51 petit

117 807 297 52 logogriphe
373 807 283 52 «Réjouissez-vous:
616 807 81 52 je
656 807 135 52 touche
751 807 81 52 au
791 807 135 52 moment
886 807 81 52 de
926 807 81 52 ma
953 807 135 52 liberté,

114 846 90 50 de
159 846 180 50 l’emploi
294 846 90 50 de
339 846 105 50 mon
399 846 135 50 temps
489 846 90 50 et
534 846 120 50 d’un
609 846 150 50 nouvel
714 846 135 50 ordre
804 846 90 50 de
849 846 120 50 vie.
924 846 90 50 Je
969 846 90 50 me
999 846 90 50 suis

116 880 110 44 bien
185 880 124 44 tâté;
267 880 82 44 je
308 880 82 44 ne
350 880 151 44 souffre
459 880 137 44 point,
556 880 82 44 je
597 880 82 44 ne
638 880 192 44 souffrirai
789 880 165 44 point...
913 880 82 44 Si
954 880 110 44 vous
1009 880 82 44 êtes

120 914 120 48 oien
195 914 105 48 sûr
255 914 90 48 de
299 914 120 48 moi,
374 914 134 48 comme
464 914 120 48 vous
538 914 179 48 verriez.
673 914 179 48 Soyez-en
807 914 120 48 sûr.
882 914 90 48 Je
927 914 90 48 ne
972 914 120 48 suis
1031 914 60 48 ni

120 945 155 52 injuste
233 945 84 52 ni
275 945 113 52 fou,
345 945 84 52 et
387 945 183 52 peut-être
528 945 84 52 un
570 945 113 52 jour
641 945 113 52 vous
711 945 225 52 prouverai-je
894 945 99 52 que
950 945 84 52 je
978 945 113 52 serois

110 971 112 56 l’un
180 971 84 56 et
208 971 169 56 l’autre...

114 1013 125 58 19823
197 1013 250 58 DONOZO-CORTÈS,
406 1013 153 58 marquis
517 1013 83 58 de
559 1013 208 58 Valdegamas,
726 1013 153 58 célèbre
837 1013 195 58 publiciste
990 1013 83 58 et
1018 1013 69 58 di-

124 1053 135 43 lomate
218 1053 175 43 espagnol.
352 1053 121 43 L.
433 1053 81 43 a.
474 1053 148 43 s.
581 1053 81 43 en
622 1053 175 43 français,
756 1053 67 43 à
783 1053 81 43 M.
824 1053 162 43 Dagatte;
945 1053 148 43 Madrid,
1039 1053 54 43 12

119 1085 114 55 janv.
195 1085 114 55 1850,
271 1085 63 55 1
296 1085 76 55 p.
334 1085 114 55 in-8,
410 1085 164 55 enveloppe
536 1085 76 55 et
574 1085 139 55 cachet.
675 1085 63 55 3
688 1085 51 55 75

137 1118 238 58 Remerciments
330 1118 104 58 des
390 1118 149 58 éloges
494 1118 134 58 qu’il
583 1118 104 58 lui
643 1118 74 58 a
673 1118 208 58 prodigués.
836 1118 149 58 «Votre
925 1118 164 58 sympathie

117 1159 169 50 m’aidera
244 1159 113 50 dans
314 1159 85 50 la
357 1159 127 50 lutte
441 1159 99 50 que
498 1159 85 50 je
540 1159 169 50 soutiens
667 1159 113 50 pour
737 1159 127 50 faire
822 1159 155 50 rentrer
935 1159 85 50 la
963 1159 127 50 société

117 1188 106 47 dans
183 1188 79 47 le
222 1188 119 47 giron
302 1188 79 47 de
328 1188 185 47 l’église...»

118 1231 116 47 19824
196 1231 116 47 DORAT
273 1231 103 47 (Cl.
338 1231 129 47 Jos.),
428 1231 116 47 poëte
506 1231 78 47 du
544 1231 207 47 dix-huitième
712 1231 142 47 siècle,
816 1231 103 47 dont
880 1231 194 47 l’afféterie
1022 1231 65 47 est

118 1266 148 51 levenue
225 1266 216 51 proverbiale.
401 1266 121 51 L.
481 1266 135 51 s.
576 1266 81 51 au
616 1266 175 51 semainier
751 1266 81 51 de
791 1266 81 51 la
818 1266 270 51 Comédie

117 1296 61 50 4
141 1296 97 50 fév.
202 1296 110 50 1760,
275 1296 61 50 1
299 1296 73 50 p.
336 1296 110 50 in-4,
409 1296 134 50 cachet.
506 1296 61 50 4
518 1296 37 50 »

138 1337 119 60 Jolie
217 1337 132 60 lettre
309 1337 145 60 d’envoi
415 1337 79 60 de
455 1337 158 60 quelques
574 1337 198 60 exemplaires
732 1337 79 60 de
758 1337 238 60 Zulican*

110 1357 108 77 19825
182 1357 108 77 DORIA
254 1357 144 77 (André),
361 1357 72 77 le
397 1357 192 77 restaurateur
553 1357 72 77 de
589 1357 72 77 la
625 1357 132 77 liberté
721 1357 144 77 génoise.
829 1357 108 77 L.
900 1357 132 77 s.
984 1357 96 77 Gènes,

109 1409 84 54 11
151 1409 112 54 oct.
221 1409 126 54 1837,
305 1409 70 54 1
333 1409 84 54 p.
375 1409 154 54 in-fol.
487 1409 98 54 Les
543 1409 70 54 3
571 1409 182 54 dernières
712 1409 154 54 lettres
824 1409 84 54 de
866 1409 84 54 la
908 1409 182 54 signature
1034 1409 56 54 en

106 1442 192 61 partie
240 1442 211 61 rongées
394 1442 135 61 par
471 1442 115 61 la
529 1442 288 61 corrosiveté
759 1442 115 61 de
817 1442 231 61 l’encre.
990 1442 115 61 24
1028 1442 58 61 »

110 1480 104 53 19826
180 1480 104 53 DUCIS
249 1480 81 53 (J.
295 1480 93 53 F.),
353 1480 127 53 célèbre
446 1480 104 53 poëte
515 1480 150 53 tragique,
631 1480 116 53 membre
712 1480 69 53 de
747 1480 127 53 l’Acad.
839 1480 81 53 fr.
885 1480 104 53 L.
955 1480 69 53 a.
978 1480 104 53 s.

109 1515 251 53 Marly-le-Roi,
316 1515 89 53 29
360 1515 103 53 mai
420 1515 133 53 1782,
508 1515 74 53 1
538 1515 89 53 p.
582 1515 103 53 pl.
641 1515 133 53 in-4.
730 1515 74 53 6
745 1515 44 53 »

133 1548 233 63 Chaleureuse
320 1548 279 63 recommandation
552 1548 93 63 en
599 1548 155 63 faveur
708 1548 93 63 de
754 1548 93 63 M.
801 1548 202 63 Rousseau,
940 1548 140 63 traduc-

115 1590 87 47 eur
164 1590 74 47 de
201 1590 235 47 l'Utopie
399 1590 74 47 de
437 1590 124 47 Thomas
511 1590 99 47 Morus.

113 1623 116 49 19827
190 1623 103 49 ESTE
255 1623 180 49 (Hippolyte
396 1623 103 49 d’),
461 1623 103 49 fils
525 1623 77 49 de
564 1623 142 49 Lucrèce
667 1623 142 49 Borgia,
770 1623 155 49 cardinal
886 1623 77 49 de
924 1623 142 49 Ferrare
1015 1623 64 49 ar-

99 1661 188 54 chevêque
240 1661 94 54 de
287 1661 157 54 Milan,
397 1661 172 54 d’Auch,
523 1661 172 54 d’Arles
648 1661 94 54 et
695 1661 94 54 de
742 1661 141 54 Lyon,
836 1661 141 54 légat
930 1661 157 54 auprès
1024 1661 63 54 de

112 1693 142 51 rançois
215 1693 103 51 Ier.
280 1693 116 51 L.
357 1693 142 51 s.
461 1693 103 51 avec
525 1693 77 51 la
564 1693 181 51 souscript.
706 1693 116 51 aut.,
783 1693 65 51 à
809 1693 142 51 Fernand
912 1693 77 51 de
938 1693 142 51 Gonzague;

97 1725 255 50 Fontainebleau,
310 1725 85 50 29
352 1725 114 50 fév.
423 1725 128 50 1548.
508 1725 71 50 1
537 1725 85 50 p.
579 1725 99 50 pl.
636 1725 170 50 in-fol.,
764 1725 128 50 trace
849 1725 85 50 de
892 1725 156 50 cachet.
1005 1725 71 50 6
1019 1725 57 50 50

115 1767 131 52 Louis
203 1767 175 52 Alamanni
334 1767 102 52 (le
392 1767 146 52 poëte)
494 1767 131 52 ayant
582 1767 146 52 obtenu
684 1767 88 52 de
728 1767 175 52 François
859 1767 117 52 Ier,
932 1767 88 52 un
961 1767 117 52 privi-

108 1796 89 41 ège
159 1796 76 41 de
197 1796 89 41 dix
248 1796 89 41 ans
299 1796 102 41 pour
363 1796 89 41 son
414 1796 115 41 livre
491 1796 166 41 d’octaves
618 1796 166 41 intitulé:
746 1796 153 41 Giron
860 1796 204 41 Cortèse
1013 1796 64 41 im-

99 1836 141 50 primé,
198 1836 70 50 a
226 1836 113 50 prié
296 1836 85 50 le
338 1836 169 50 cardinal
465 1836 85 50 de
507 1836 99 50 lui
564 1836 155 50 obtenir
676 1836 85 50 la
719 1836 113 50 même
789 1836 127 50 grâce
874 1836 113 50 pour
944 1836 141 50 l’état
1029 1836 56 50 de

82 1863 128 40 Milan.

103 1900 108 54 19828
175 1900 108 54 FABRE
246 1900 179 54 (Victorin),
390 1900 131 54 orateur
485 1900 72 54 et
521 1900 120 54 poëte,
605 1900 72 54 né
641 1900 60 54 à
665 1900 120 54 Jaujac
748 1900 179 54 (Vivarais).
892 1900 108 54 L.
963 1900 72 54 a.
987 1900 96 54 s.

101 1936 67 37 à
127 1936 80 37 un
168 1936 107 37 ami;
234 1936 134 37 Vals,;
328 1936 107 37 près
395 1936 187 37 d’Aubenas,
542 1936 80 37 20
582 1936 107 37 fév.
649 1936 120 37 1829,
729 1936 67 37 8
756 1936 80 37 p.
796 1936 94 37 pl.
850 1936 120 37 in-4.
917 1936 161 37 Cu

110 1965 94 48 rieuse
188 1965 26 48 5
193 1965 21 48 50

106 2009 126 51 19829
190 2009 168 51 FLÉCHIER
316 2009 182 51 (Esprit),
455 2009 140 51 évêque
553 2009 84 51 de
595 2009 140 51 Nîmes,
693 2009 140 51 membre
791 2009 84 51 de
833 2009 154 51 l’Acad.
944 2009 112 51 fr.,
1014 2009 84 51 né
1042 2009 42 51 à

108 2045 127 45 Pernes
197 2045 190 45 (Vaucluse).
349 2045 190 45 Desseins
502 2045 76 45 de
540 2045 152 45 Monsieur
654 2045 76 45 le
692 2045 165 45 président
819 2045 76 45 de
857 2045 140 45 Périgny
946 2045 127 45 pour

98 2077 253 42 l’instruction
314 2077 76 42 de
352 2077 190 42 Monseigneur
504 2077 76 42 le
542 2077 203 42 Dauphin
707 2077 114 42 pièce
783 2077 114 42 aut.,
859 2077 76 42 10
897 2077 76 42 p.
935 2077 89 42 1/4
973 2077 101 42 in

101 2108 101 54 Belle
168 2108 67 54 et
201 2108 179 54 intéressante
347 2108 112 54 pièce.
425 2108 67 54 18
447 2108 34 54 »
