1107 2214
505 16 49 45 —
525 16 49 45 8
535 16 29 45 —

92 69 275 49 souscript.aut.,
323 69 87 49 au
367 69 130 49 comte
453 69 87 49 du
497 69 145 49 Rhin;;
598 69 145 49 Nancy,
700 69 87 49 30
743 69 145 49 avril,
844 69 130 49 1608,
931 69 101 49 3/4
989 69 87 49 de
1018 69 58 49 p.

107 102 137 48 in-fol.,
209 102 126 48 cachet.
301 102 160 48 Très-belle
426 102 114 48 pièce.
506 102 57 48 3
518 102 34 48 »

99 149 123 44 19873
182 149 123 44 LOUIS
264 149 110 44 XII,
332 149 96 44 roi
387 149 82 44 de
428 149 151 44 France.
538 149 123 44 Pièce
620 149 123 44 sig.,
703 149 96 44 sur
758 149 137 44 vélin,
854 149 123 44 comme
936 149 96 44 duc
977 149 96 44 d’Or-

99 185 160 47 léans;
211 185 160 47 Tours,
323 185 96 47 14
371 185 128 47 fév.
451 185 144 47 1483,
547 185 112 47 1/2
611 185 96 47 p.
659 185 176 47 in-fol.
787 185 208 47 oblong.in
947 185 96 47 Dh
1011 185 80 47 6
1027 185 48 47 »

102 212 110 57 19874
175 212 110 57 LOUIS
248 212 122 57 XVIII;
333 212 98 57 roil
394 212 73 57 de
431 212 134 57 France.
528 212 110 57 L.
602 212 73 57 a.
638 212 122 57 s.
723 212 61 57 à
748 212 73 57 un
784 212 73 57 de
821 212 85 57 ses
870 212 134 57 oncles;
955 212 122 57 Blanken-

95 256 125 56 feld,
179 256 84 56 en
220 256 195 56 Courlande,
373 256 84 56 29
415 256 111 56 déc.
485 256 125 56 1804,
568 256 70 56 1
596 256 84 56 p.
638 256 125 56 in-4.
721 256 84 56 30
749 256 42 56 »

126 305 256 35 Très-curieuse
337 305 166 35 lettre,
457 305 90 35 où
503 305 90 35 il
548 305 105 35 lui
608 305 166 35 annonce
729 305 136 35 qu’il
819 305 90 35 ne
864 305 121 35 peut
939 305 136 35 payer
1015 305 60 35 sa

99 337 180 39 créancé.
234 337 165 39 «Réduit
354 337 120 39 avec
429 337 90 39 ma
474 337 165 39 famille
594 337 90 39 et
639 337 180 39 quelques
774 337 225 39 serviteurs,
954 337 120 39 dont
1014 337 60 39 la

106 365 163 41 fidélité
229 365 68 41 a
256 365 150 41 résisté
365 365 68 41 à
392 365 109 41 tous
460 365 95 41 les
515 365 123 41 coups
597 365 82 41 de
637 365 82 41 la
678 365 163 41 fortune,
801 365 68 41 à
828 365 123 41 vivre
910 365 82 41 de
937 365 136 41 secours,

99 391 151 45 réduits
209 391 83 45 de
251 391 110 45 plus
319 391 83 45 de
361 391 110 45 deux
429 391 138 45 tiers,
526 391 96 45 que
581 391 83 45 je
622 391 138 45 reçois
718 391 83 45 de
760 391 193 45 différents
897 391 179 45 souverains,

108 432 72 41 e
136 432 87 41 me
180 432 130 41 vois,
266 432 72 41 à
295 432 130 41 moins
382 432 115 41 d’un
454 432 202 41 changement
612 432 87 41 de
656 432 245 41 circonstances
858 432 115 41 qu’à
930 432 87 41 la
959 432 115 41 vérité

102 462 90 40 je
147 462 90 40 ne
192 462 179 40 cesserai
326 462 150 40 jamais
431 462 209 40 d’espérer,
596 462 120 40 dans
670 462 90 40 la
715 462 224 40 douloureuse
880 462 194 40 impuissance

102 496 210 51 d’acquitter
270 496 98 51 les
326 496 140 51 dettes
424 496 98 51 que
480 496 84 51 le
522 496 154 51 service
634 496 84 51 de
676 496 98 51 mon
732 496 98 51 roi
788 496 84 51 et
830 496 84 51 de
872 496 84 51 ma
914 496 140 51 patrie
998 496 84 51 m’a,

99 530 107 49 fait
152 530 213 49 contracter...»

101 563 125 48 19875
184 563 125 48 LOUIS
268 563 83 48 DE
310 563 153 48 FRANCE,
421 563 125 48 grand
504 563 167 48 Dauphin,
629 563 111 48 fils
699 563 111 48 aîné
768 563 83 48 de
810 563 125 48 Louis
893 563 111 48 XIV,
949 563 125 48 l’élève

102 604 80 43 de
142 604 160 43 Bossuet.
262 604 120 43 L.
341 604 147 43 s.
448 604 67 43 à
475 604 80 43 M.
515 604 80 43 le
555 604 147 43 marquis
661 604 80 43 de
701 604 186 43 Florensac;
848 604 120 43 1676,
927 604 67 43 1
954 604 80 43 p.
981 604 93 43 in

107 634 128 52 cachets
201 634 70 52 et
236 634 105 52 soies
306 634 93 52 bien
364 634 163 52 conservés.
493 634 58 52 4
504 634 47 52 50

99 680 135 41 19876
189 680 180 41 MABILLON
324 680 120 41 (Dom
400 680 150 41 Jean),
505 680 90 41 un
550 680 105 41 des
610 680 150 41 hommes
715 680 105 41 les
775 680 120 41 plus
851 680 210 41 savantsode
1001 680 75 41 son

108 716 110 41 temps.
185 716 99 41 L.
251 716 66 41 a.
283 716 110 41 s.
360 716 66 41 au
393 716 88 41 Rév.
448 716 132 41 Père...,
547 716 55 41 3
569 716 66 41 p.
602 716 77 41 pl.
645 716 99 41 in-4.
711 716 66 41 20
733 716 33 41 »

137 753 183 42 Très-intéressante
294 753 96 42 lettre,
364 753 105 42 relative
443 753 44 42 à
460 753 122 42 l’histoire
556 753 52 42 de
583 753 61 42 son
618 753 87 42 ordre,
679 753 79 42 qu’il
722 753 44 42 est

105 786 60 41 en
135 786 90 41 train
195 786 60 41 de
225 786 130 41 composer.
325 786 130 41 «J’avance
425 786 120 41 toujours
515 786 60 41 un
545 786 70 41 peu
585 786 80 41 dans
635 786 90 41 notre
685 786 100 41 ouvrage,

102 818 59 46 et
132 818 78 46 j’en
180 818 78 46 suis
229 818 49 46 à
249 818 78 46 l’an
298 818 78 46 811.
347 818 59 46 Le
376 818 108 46 travail
454 818 68 46 est
494 818 137 46 assurément
601 818 88 46 grand
660 818 59 46 et
689 818 78 46 trop
728 818 59 46 fort

108 849 109 41 our
171 849 93 41 un
217 849 140 41 homme
311 849 140 41 comme
404 849 125 41 moy:
482 849 93 41 on
529 849 78 41 y
560 849 125 41 fera
638 849 93 41 ce
685 849 109 41 que
747 849 125 41 l’on
825 849 171 41 pourra,
949 849 125 41 mais
1012 849 62 41 la

99 881 121 54 chose
179 881 81 54 le
206 881 175 54 mérite...».

101 912 123 57 19877
184 912 137 57 MAFFEI
279 912 178 57 (Scipion,
416 912 151 57 marquis
526 912 110 57 de),
595 912 151 57 célèbre
704 912 137 57 auteur
800 912 192 57 dramatique
937 912 137 57 italien,

100 958 92 43 ami
153 958 79 43 de
192 958 171 43 Voltaire.
324 958 119 43 L.
403 958 79 43 a.
442 958 132 43 s.
535 958 66 43 à
561 958 79 43 M.
601 958 158 43 Abauzit;
719 958 132 43 Paris,
811 958 79 43 18
851 958 119 43 janv.
930 958 119 43 1733,
1009 958 66 43 1
1022 958 53 43 p.

102 989 74 48 pl.
145 989 95 48 in-4.
208 989 95 48 Jolie
271 989 116 48 lettre.
355 989 53 48 3
365 989 32 48 »

103 1022 111 58 19878
177 1022 123 58 MALLET
263 1022 74 58 DU
300 1022 86 58 PAN
349 1022 173 58 (Jacques),
485 1022 136 58 célèbre
584 1022 173 58 publiciste
719 1022 173 58 royaliste.
855 1022 111 58 L.
929 1022 74 58 a.
966 1022 123 58 s.
1040 1022 37 58 à

101 1064 76 58 M.
139 1064 101 58 ...;
202 1064 139 58 Genève,
303 1064 76 58 31
341 1064 101 58 oct.
404 1064 114 58 1781,
480 1064 63 58 2
506 1064 76 58 p.
543 1064 88 58 1/2
594 1064 114 58 in-4.
670 1064 114 58 Belle
745 1064 139 58 lettre.
846 1064 63 58 7
859 1064 38 58 »

129 1113 156 41 Parvenu
242 1113 71 41 à
270 1113 85 41 la
313 1113 142 41 moitié
412 1113 85 41 de
454 1113 85 41 la
497 1113 170 41 carrière
624 1113 170 41 annuelle
752 1113 85 41 de
794 1113 99 41 son
851 1113 170 41 journal,
978 1113 85 41 il
1006 1113 71 41 n’a

102 1153 89 37 pu
147 1153 148 37 encore
251 1153 163 37 vaincre
369 1153 89 37 la
414 1153 208 37 résistance
577 1153 89 37 de
622 1153 89 37 M.
666 1153 89 37 de
711 1153 208 37 Vergennes,
874 1153 89 37 ni
919 1153 134 37 lever
993 1153 74 37 ses

97 1176 190 48 scrupules.
247 1176 81 48 Il
287 1176 136 48 expose
382 1176 81 48 au
423 1176 217 48 destinataire
599 1176 95 48 les
654 1176 176 48 principes
789 1176 109 48 dans
857 1176 163 48 lesquels
979 1176 81 48 il
1006 1176 68 48 est

107 1213 144 36 écrit,
207 1213 86 36 et
251 1213 159 36 demande
366 1213 173 36 l’entrée
496 1213 86 36 de
539 1213 101 36 son
597 1213 159 36 journal
712 1213 86 36 en
755 1213 159 36 France.
870 1213 101 36 «Si
928 1213 144 36 jamais
1014 1213 58 36 je

117 1234 71 54 venais
167 1234 35 54 à
181 1234 92 54 m’écarter
252 1234 43 54 de
273 1234 43 54 la
294 1234 92 54 prudence,
365 1234 43 54 le
386 1234 113 54 gouvernement
478 1234 71 54 serait
528 1234 71 54 maître
571 1234 28 54 de

115 1275 55 47 m’en
149 1275 69 47 punir,
197 1275 48 47 par
225 1275 41 47 la
245 1275 103 47 suspension.
328 1275 41 47 Je
348 1275 55 47 sais
382 1275 62 47 bien,
424 1275 89 47 Monsieur,
492 1275 75 47 qu’elle
540 1275 48 47 n’ar-

99 1308 156 39 rêterait
216 1308 91 39 pas
268 1308 91 39 les
320 1308 143 39 fougues
424 1308 78 39 de
463 1308 247 39 Linguet;
672 1308 104 39 mais
737 1308 195 39 existe-t-il
893 1308 104 39 dans
958 1308 78 39 le
984 1308 91 39 monde

98 1342 122 42 deux
174 1342 199 42 individus
327 1342 107 42 qui
388 1342 138 42 ayent
480 1342 229 42 constamment
663 1342 92 42 la
709 1342 153 42 fièvre
816 1342 153 42 chaude
923 1342 92 42 en
954 1342 122 42 compo-

103 1377 125 37 sant?
186 1377 125 37 Ai-je
270 1377 97 37 son
325 1377 195 37 caractère,
478 1377 97 37 ses
534 1377 195 37 inimitiés,
687 1377 97 37 ses
742 1377 208 37 vengeances,
909 1377 97 37 son
951 1377 125 37 aigreur

103 1404 82 50 et
144 1404 96 50 ses
185 1404 219 50 principes?...»

99 1446 133 50 19879
188 1446 133 50 MARCO
277 1446 89 50 DE
321 1446 252 50 SAINT-HILAIRE
529 1446 178 50 (Émile),
662 1446 89 50 le
707 1446 193 50 romancier
855 1446 104 50 des
914 1446 163 50 épopées
1018 1446 59 50 de

105 1480 165 39 l'empire.
232 1480 114 39 L.
308 1480 76 39 a.
346 1480 127 39 s.
435 1480 76 39 au
473 1480 89 39 roi
524 1480 241 39 Louis-Philippe;
727 1480 127 39 Paris,
816 1480 76 39 26
854 1480 114 39 avril
930 1480 114 39 1836,
1007 1480 63 39 1
1019 1480 51 39 p.

104 1514 64 40 in-4.
147 1514 36 40 2
154 1514 28 40 50

131 1551 75 52 Il
168 1551 75 52 le
205 1551 99 52 prie
267 1551 75 52 de
305 1551 112 52 faire
379 1551 137 52 prendre
479 1551 99 52 pour
541 1551 87 52 ses
590 1551 211 52 bibliothèques
764 1551 87 52 les
814 1551 199 52 Souvenirs
963 1551 112 52 in

99 1569 144 70 times
207 1569 72 70 du
243 1569 108 70 temps
315 1569 72 70 de
351 1569 204 70 l’empire
520 1569 96 70 dont
580 1569 72 70 il
616 1569 84 70 est
652 1569 132 70 l’auteur.

103 1623 132 50 19880
192 1623 265 50 MARIE-JOSÉPHE,
412 1623 191 50 électrice
559 1623 88 50 de
603 1623 118 50 Saxe
677 1623 88 50 et
721 1623 132 50 reine
809 1623 88 50 de
853 1623 176 50 Pologne,
971 1623 103 50 femme

99 1664 162 44 d’Auguste
223 1664 99 44 III,
285 1664 174 44 grand’mère
422 1664 75 44 de
459 1664 112 44 Louis
534 1664 99 44 XVI.
596 1664 112 44 L.
670 1664 75 44 a.
708 1664 124 44 s.
795 1664 62 44 à
819 1664 87 44 son
869 1664 99 44 fils
931 1664 87 44 (le
969 1664 99 44 prince

107 1696 116 38 avier
185 1696 78 38 de
223 1696 129 38 Saxe);
314 1696 168 38 Varsovie,
443 1696 78 38 18
482 1696 103 38 nov.
547 1696 116 38 1746,
624 1696 65 38 1
650 1696 78 38 p.
689 1696 91 38 pl.
741 1696 116 38 in-4.
818 1696 78 38 15
844 1696 39 38 »

113 1737 226 41 Intéressante
296 1737 155 41 épître.
409 1737 113 41 Elle
480 1737 99 41 lui
536 1737 183 41 conseille
677 1737 155 41 d’abord
790 1737 169 41 d’imiter
917 1737 141 41 toutes
1001 1737 71 41 les

97 1769 150 38 vertus
202 1769 90 38 du
247 1769 135 38 grand
337 1769 135 38 saint
428 1769 105 38 qui
488 1769 105 38 est
548 1769 105 38 son
608 1769 165 38 patron,
728 1769 90 38 et
773 1769 301 38 particulièrement
1014 1769 60 38 le

103 1797 155 56 Vince
220 1797 78 56 te
258 1797 181 56 ipsum;
401 1797 104 56 puis
466 1797 104 56 elle
530 1797 91 56 lui
582 1797 117 56 parle
660 1797 78 56 de
699 1797 78 56 la
737 1797 194 56 déclaration
893 1797 78 56 du
932 1797 142 56 mariage
1022 1797 52 56 de

96 1830 89 41 sa
141 1830 118 41 sœur
214 1830 280 41 (Marie-Josèphe)
450 1830 118 41 avec
524 1830 89 41 le
568 1830 162 41 Dauphin
686 1830 103 41 (de
745 1830 177 41 France),
878 1830 103 41 qui
937 1830 74 41 a
967 1830 89 41 dû
996 1830 74 41 lui

104 1863 108 58 aire
171 1863 81 58 un
211 1863 161 58 sensible
332 1863 148 58 plaisir
440 1863 94 58 (ce
493 1863 148 58 mariage
601 1863 94 58 eut
655 1863 108 58 lieu
722 1863 81 58 le
762 1863 67 58 9
789 1863 148 58 février
883 1863 108 58 1747).

93 1904 128 42 19881
178 1904 156 42 MARIGNY
292 1904 128 42 (Abel
377 1904 100 42 Fr.
434 1904 171 42 POISSON,
562 1904 156 42 marquis
676 1904 114 42 de),
747 1904 228 42 surintendant
932 1904 100 42 des
974 1904 100 42 bâti-

92 1943 112 39 ments
166 1943 99 39 sous
228 1943 112 39 Louis
302 1943 87 39 XV,
352 1943 112 39 frère
426 1943 74 39 de
464 1943 87 39 Mme
513 1943 74 39 de
550 1943 174 39 Pompadour.
687 1943 112 39 L.
761 1943 136 39 a.
860 1943 99 39 sig.
910 1943 161 39 Van

98 1974 238 46 dières
296 1974 66 46 à
323 1974 132 46 l’abbé
415 1974 159 46 Leblanc;
534 1974 132 46 Turin,
627 1974 79 46 24
666 1974 106 46 juin
732 1974 119 46 1750,
812 1974 66 46 3
838 1974 79 46 p.
878 1974 93 46 1/4
931 1974 119 46 in-4.
1010 1974 66 46 5
1023 1974 40 46 »

129 2012 138 39 Curieuse.
236 2012 64 39 Il
268 2012 74 39 lui
310 2012 53 39 a
331 2012 106 39 envoyé
406 2012 64 39 le
438 2012 138 39 catalogue
544 2012 74 39 des
587 2012 128 39 tableaux
682 2012 64 39 du
714 2012 74 39 roi
757 2012 64 39 de
778 2012 64 39 Sar-

97 2038 152 62 daigne.
208 2038 179 62 Nouvelles
346 2038 83 62 de
387 2038 124 62 Turin
470 2038 83 62 et
511 2038 83 62 de
553 2038 83 62 la
594 2038 124 62 reine
677 2038 83 62 de
718 2038 166 62 Hongrie.
842 2038 193 62 Réflexions
980 2038 83 62 phi-

95 2081 188 53 losophiques
246 2081 88 53 sur
296 2081 75 53 la
334 2081 100 53 mort
396 2081 125 53 subite
484 2081 100 53 d’un
547 2081 151 53 ministre
660 2081 163 53 disgracié
773 2081 75 53 etc.

1 2106 142 63 19882
96 2106 189 63 MARTINEZ
238 2106 95 63 DE
285 2106 95 63 LA
332 2106 126 63 ROSA
411 2106 126 63 (Don
490 2106 236 63 Francisco),
679 2106 142 63 homme
774 2106 158 63 d’Etat
884 2106 189 63 espagnol
1010 2106 63 63 et
