1169 2199
518 -1 72 55 —
546 -1 72 55 6
561 -1 43 55 —

7 39 122 89 19842
89 39 109 89 HUGO
157 39 163 89 (Victor)
279 39 149 89 célèbre
388 39 122 89 poëte
469 39 82 89 et
510 39 177 89 écrivain,
646 39 136 89 membre
741 39 82 89 de
782 39 149 89 l’Acad.
891 39 95 89 fr.
932 39 149 89 L.

111 100 76 52 a.
161 100 93 52 s.
229 100 42 52 1
246 100 51 52 p.
271 100 59 52 pl.
305 100 76 52 in-8.
355 100 42 52 2
364 100 25 52 »

116 114 101 75 19843
183 114 78 75 IDA
228 114 168 75 SAINT-ELME,
362 114 90 75 dite
418 114 67 75 la
452 114 280 75 Contemporaine
698 114 112 75 auteur
776 114 67 75 de
810 114 179 75 Mémoires.
944 114 90 75 L.

120 171 78 44 a.
172 171 95 44 s.
242 171 87 44 lundi,
302 171 43 44 2
320 171 52 44 p.
346 171 78 44 in-8.
398 171 43 44 2
406 171 35 44 50

145 174 153 84 Curieuse
260 174 140 84 épître.
362 174 102 84 Elle
426 174 89 84 lui
476 174 127 84 envoie
566 174 76 84 un
604 174 153 84 article:
719 174 115 84 La
795 174 178 84 jardinière
935 174 76 84 de
961 174 127 84 Bes

115 219 146 70 soud
221 219 80 70 ou
261 219 226 70 l’arrestation
447 219 80 70 du
487 219 159 70 maréchal
606 219 159 70 Ney
726 219 93 70 «Si
779 219 159 70 celle-là
898 219 80 70 ne
938 219 120 70 passe
1004 219 80 70 pas,

118 249 113 70 nous
189 249 141 70 ferons
288 249 85 70 la
330 249 127 70 croix
415 249 113 70 pour
486 249 99 70 les
542 249 184 70 anecdotes
684 249 85 70 de
726 249 85 70 la
754 249 241 70 Contemporaine.»

124 301 110 77 19844
197 301 147 77 JOHANNOT
307 301 134 77 (Tony),
405 301 134 77 célèbre
503 301 134 77 peintre
600 301 73 77 et
637 301 147 77 graveur.
747 301 110 77 L.
820 301 73 77 a.
857 301 134 77 s.
955 301 61 77 2
979 301 73 77 p.
1003 301 86 77 in

1005 332 91 40 1
1023 332 73 40 50

119 374 123 61 19845
201 374 178 61 JOINVILLE
338 374 109 61 (Fr.
406 374 191 61 d’ORLÉANS,
557 374 137 61 prince
653 374 109 61 de),
721 374 150 61 amiral,
830 374 109 61 fils
899 374 82 61 de
926 374 164 61 Louis-

121 406 145 60 lippe.
222 406 203 60 Certificat
381 406 116 60 sig.
454 406 130 60 comme
541 406 188 60 capitaine
686 406 203 60 commandant
845 406 87 60 la
889 406 159 60 frégate
990 406 58 60 la

127 445 262 58 Belle-Poule;
354 445 57 58 à
377 445 102 58 bord,
445 445 68 58 21
479 445 125 58 juillet
570 445 102 58 1840,
639 445 80 58 1/2
684 445 68 58 p.
718 445 125 58 in-fol.
809 445 57 58 3
821 445 46 58 50

120 474 122 66 19846
202 474 163 66 KOTZEBUE
324 474 122 66 (Aug.
405 474 122 66 Fréd.
487 474 122 66 Ferd.
568 474 109 66 de),
636 474 176 66 romancier
771 474 163 66 célèbre,
894 474 190 66 publiciste
1029 474 68 66 aux

119 509 114 68 gages
195 509 76 68 de
234 509 76 68 la
272 509 254 68 Sainte-Alliance,
488 509 165 68 assassiné
615 509 89 68 par
665 509 114 68 Sand,
741 509 114 68 L.
818 509 76 68 a.
856 509 140 68 s.
945 509 152 68 Kœnigsberg

125 553 166 60 1815,
235 553 92 60 2
272 553 111 60 p.
327 553 166 60 in-4,
438 553 203 60 cachet.
585 553 258 60 Très-belle
788 553 203 60 lettre.
935 553 92 60 9
954 553 55 60 »

128 580 109 62 19847
200 580 72 62 LE
237 580 109 62 MÊME.
309 580 109 62 L.
381 580 72 62 a.
418 580 133 62 s.
514 580 109 62 1818,
587 580 60 62 3
611 580 72 62 p.
647 580 84 62 pl.
695 580 109 62 in-8.
768 580 60 62 3
792 580 97 62 mots
852 580 133 62 barrés.
949 580 60 62 7
961 580 48 62 50

134 618 118 66 19848
212 618 118 66 KRAUS
291 618 262 66 (François-Ant.),
513 618 144 66 peintre
618 618 157 66 allemand
736 618 78 66 du
775 618 209 66 dix-huitième
945 618 144 66 siècle,
1037 618 65 66 qui

126 657 88 55 fit
177 657 100 55 pour
239 657 88 55 les
289 657 163 55 Chartreux
415 657 88 55 une
465 657 113 55 suite
540 657 75 55 de
578 657 63 55 7
603 657 150 55 tableaux
715 657 201 55 représentant
866 657 238 55 l'Histoire

127 687 94 69 de
189 687 63 69 la
221 687 157 69 Vierge
346 687 94 69 Pièce
409 687 136 69 a
513 687 73 69 s.;
555 687 104 69 Paris,
628 687 63 69 11
659 687 84 69 fév.
712 687 94 69 1732,
774 687 52 69 1
795 687 63 69 p.
827 687 94 69 in-4.
889 687 52 69 4
900 687 31 69 »

123 717 122 75 19849
204 717 189 75 LACORDAIRE
352 717 95 75 (H.
406 717 108 75 D.),
474 717 149 75 célèbre
582 717 216 75 prédicateur,
757 717 135 75 membre
852 717 81 75 de
892 717 149 75 l’Acad.
987 717 68 75 fr.

128 761 132 64 L.
216 761 88 64 a.
260 761 146 64 s.
362 761 88 64 au
406 761 117 64 curé
479 761 175 64 Dagatte;
611 761 132 64 Nancy
698 761 132 64 1844,
786 761 73 64 1
815 761 88 64 p.
859 761 132 64 in-8.
947 761 73 64 2
962 761 58 64 25

131 799 109 73 19850
203 799 109 73 LAFON
276 799 157 73 (Pierre),
397 799 133 73 célèbre
494 799 121 73 acteur
578 799 73 73 du
615 799 254 73 Théâtre-Français,
833 799 73 73 né
869 799 97 73 dans
929 799 73 73 le
954 799 60 73 Pé-

131 855 119 52 rigord.
217 855 97 52 L.
282 855 65 52 a.
315 855 119 52 s.
401 855 97 52 Paris
466 855 97 52 1835,
530 855 54 52 1
552 855 65 52 p.
584 855 97 52 in-4.
649 855 54 52 3
660 855 32 52 »

157 865 123 74 Jolie
239 865 137 74 lettre
335 865 151 74 d’envoi
445 865 82 74 du
486 865 164 74 discours
609 865 123 74 qu’il
691 865 68 74 a
719 865 164 74 prononcé
842 865 82 74 le
883 865 110 74 jour
951 865 82 74 de
979 865 123 74 l’inau-

136 906 165 66 guration
260 906 83 66 de
301 906 83 66 la
343 906 138 66 statue
439 906 83 66 du
480 906 124 66 grand
563 906 179 66 Corneille
700 906 110 66 dans
769 906 83 66 la
810 906 124 66 ville
893 906 83 66 de
920 906 110 66 Rouen.

130 946 133 62 19851
219 946 89 62 LA
263 946 133 62 FORCE
352 946 251 62 (Henri-Nompar
559 946 89 62 de
603 946 177 62 CAUMONT,
736 946 103 62 duc
795 946 118 62 de),
869 946 162 62 marquis
987 946 89 62 de
1016 946 89 62 Cas-

139 977 161 58 telnau,
257 977 146 58 second
359 977 117 58 fils
432 977 88 58 du
476 977 176 58 maréchal
608 977 176 58 Jacques,
740 977 132 58 brave
828 977 176 58 général,
960 977 146 58 auteur
1047 977 59 58 de

138 1008 203 59 Mémoires.
303 1008 76 59 L.
341 1008 127 59 a
430 1008 89 59 s.;
481 1008 76 59 La
519 1008 127 59 Force,
608 1008 76 59 22
646 1008 89 59 mai
697 1008 114 59 1671,
773 1008 63 59 5
799 1008 76 59 p.
837 1008 114 59 in-4.
913 1008 152 59 Curieuse
1014 1008 102 59 lettre

149 1061 129 54 l’affaires.
253 1061 52 54 10
270 1061 26 54 »

135 1080 123 67 19852
217 1080 82 67 LA
258 1080 137 67 GUESLE
354 1080 164 67 (Nicolas
477 1080 109 67 de),
545 1080 178 67 procureur
682 1080 150 67 général
791 1080 82 67 au
832 1080 178 67 Parlement
968 1080 82 67 de
996 1080 109 67 Paris,

147 1119 125 58 fidèle
234 1119 162 58 serviteur
359 1119 75 58 de
396 1119 112 58 Henri
471 1119 87 58 III
521 1119 75 58 et
559 1119 75 58 de
596 1119 112 58 Henri
671 1119 87 58 IV,
721 1119 125 58 auteur
808 1119 112 58 d’une
883 1119 162 58 Lettre
996 1119 112 58 sur

147 1154 233 52 l’assassinat
343 1154 74 52 de
380 1154 111 52 Henri
454 1154 147 52 III
564 1154 98 52 dont
626 1154 74 52 il
663 1154 86 52 fut
712 1154 135 52 témoin.
810 1154 123 52 Quitt.
896 1154 111 52 sig.,
970 1154 86 52 sur
1006 1154 111 52 papier,

412 1185 74 68 avec
458 1185 46 68 1
477 1185 83 68 ligne
532 1185 83 68 aut.;
588 1185 93 68 Paris,
653 1185 56 68 20
680 1185 102 68 juillet
755 1185 83 68 1595,
810 1185 65 68 1/2
847 1185 56 68 p.
875 1185 74 68 in-4
921 1185 102 68 oblong.
986 1185 130 68 Rare

1023 1218 99 41 5
1043 1218 79 41 50

140 1236 126 77 19853
224 1236 154 77 LAHARPE
337 1236 98 77 (J.
393 1236 98 77 Fr.
449 1236 112 77 de),
519 1236 84 77 le
561 1236 154 77 célèbre
674 1236 183 77 critique,
814 1236 140 77 membre
912 1236 84 77 de
954 1236 154 77 l’Acad.
1053 1236 70 77 fr.

147 1289 100 57 L.
214 1289 67 57 a.
247 1289 122 57 s.
336 1289 111 57 Paris,
413 1289 67 57 21
447 1289 89 57 mars
502 1289 122 57 (1768),
591 1289 56 57 2
613 1289 67 57 p.
647 1289 78 57 pl.
691 1289 100 57 in-4.
758 1289 56 57 9
769 1289 33 57 »

174 1307 84 76 Il
216 1307 84 76 ne
258 1307 154 76 conçoit
370 1307 98 76 pas
426 1307 84 76 la
468 1307 168 76 conduite
594 1307 84 76 de
636 1307 84 76 M.
678 1307 84 76 de
720 1307 182 76 Voltaire,
860 1307 84 76 ni
902 1307 126 76 quels
986 1307 140 76 motifs
1070 1307 56 76 il

142 1358 68 62 a
170 1358 82 62 pu
210 1358 123 62 avoir
292 1358 109 62 pour
360 1358 82 62 se
401 1358 150 62 séparer
510 1358 82 62 de
551 1358 150 62 tout-ce
660 1358 95 62 qui
714 1358 136 62 devait
810 1358 95 62 lui
864 1358 109 62 être
932 1358 82 62 le
973 1358 109 62 plus
1028 1358 95 62 cher.

153 1394 143 56 «Quand
253 1394 72 56 à
282 1394 115 56 moi,
353 1394 86 56 ce
396 1394 100 56 qui
454 1394 186 56 m’afflige
597 1394 86 56 le
640 1394 129 56 plus,
726 1394 129 56 c’est
812 1394 86 56 de
855 1394 86 56 le
899 1394 115 56 voir
970 1394 129 56 livré
1056 1394 72 56 à
1071 1394 57 56 un

145 1431 144 50 moine,
246 1431 72 50 à
274 1431 87 50 un
318 1431 216 50 ex-jésuite,
491 1431 87 50 le
534 1431 115 50 plus
606 1431 101 50 bas
664 1431 87 50 de
707 1431 101 50 ses
765 1431 144 50 valets
866 1431 87 50 et
910 1431 87 50 le
953 1431 115 50 plus
1011 1431 115 50 dange-

153 1457 113 56 reux
224 1457 99 56 des
280 1457 212 56 imposteurs.
450 1457 127 56 C’est
534 1457 85 56 un
577 1457 155 56 étrange
690 1457 184 56 spectacle
831 1457 113 56 pour
902 1457 170 56 l’Europe
1029 1457 99 56 que
1071 1457 57 56 de

145 1504 112 45 voir
215 1504 84 45 M.
257 1504 84 45 de
299 1504 168 45 Voltaire
425 1504 210 45 tête-à-tête
592 1504 112 45 avec
662 1504 84 45 le
704 1504 112 45 Père
760 1504 140 45 Adam...»

151 1512 109 75 19854
224 1512 158 75 LAMARTINE
345 1512 85 75 (A.
394 1512 97 75 de),
454 1512 73 75 le
491 1512 109 75 grand
564 1512 121 75 poëte,
649 1512 121 75 membre
734 1512 73 75 de
770 1512 134 75 l’Acad.
867 1512 85 75 fr.
916 1512 109 75 L.
988 1512 73 75 a.
1013 1512 109 75 s.

152 1576 105 53 1850,
222 1576 58 53 2
246 1576 70 53 p.
281 1576 105 53 in-8.
350 1576 58 53 2
362 1576 35 53 »

154 1605 119 54 19855
233 1605 171 54 LAMENNAIS
365 1605 171 54 (Félicité
497 1605 106 54 de),
563 1605 198 54 théologien,
721 1605 185 54 l’écrivain
866 1605 79 54 le
906 1605 106 54 plus
972 1605 158 54 éloquent
1077 1605 53 54 de

155 1640 64 52 ce
187 1640 118 52 siècle,
273 1640 64 52 né
305 1640 53 52 à
326 1640 160 52 Saint-Malo.
455 1640 96 52 L.
519 1640 64 52 a.
551 1640 118 52 s.
636 1640 86 52 sig.
690 1640 96 52 aussi
754 1640 64 52 de
786 1640 182 52 Thomas
936 1640 64 52 et
957 1640 171 52 Recurt

150 1678 70 55 à
178 1678 154 55 Thomas;
290 1678 154 55 samedi,
401 1678 84 55 18
443 1678 112 55 mars
513 1678 154 55 (1848),
625 1678 98 55 3/4
681 1678 84 55 de
722 1678 84 55 p.
764 1678 126 55 in-8.
848 1678 70 55 4
862 1678 42 55 »

186 1706 262 62 Recommandation
405 1706 87 62 en
449 1706 146 62 faveur
551 1706 87 62 de
595 1706 87 62 M.
638 1706 131 62 Élie,
726 1706 204 62 capitaine,
886 1706 102 62 qui
944 1706 117 62 doit
1017 1706 87 62 se
1047 1706 87 62 pré-

158 1753 139 55 senter
255 1753 97 55 aux
311 1753 181 55 électeurs
450 1753 70 55 à
478 1753 181 55 Granville
603 1753 153 55 (Manche).

756 1761 40 77 19856
782 1761 27 77 LE
796 1761 40 77 MÊME.
822 1761 40 77 L.
849 1761 27 77 a.
863 1761 45 77 s.
894 1761 27 77 au
907 1761 58 77 rédacteur
952 1761 27 77 en
965 1761 36 77 chef
987 1761 27 77 de
1001 1761 27 77 la
1014 1761 98 77 République;
1094 1761 36 77 Paris,

156 1824 74 52 30
193 1824 99 52 juin
255 1824 112 52 1851,
329 1824 62 52 2
354 1824 74 52 p.
391 1824 87 52 pl.
441 1824 112 52 in-8.
515 1824 62 52 6
528 1824 37 52 »

197 1853 155 58 Très-curieuse
324 1853 100 58 lettre,
397 1853 55 58 où
424 1853 55 58 il
452 1853 91 58 réfute
515 1853 55 58 un
543 1853 127 58 paragraphe
643 1853 55 58 du
670 1853 100 58 journal
743 1853 55 58 la
761 1853 109 58 Ré

159 1891 237 55 publique
358 1891 112 55 qu’il
433 1891 100 55 cite
495 1891 75 55 en
533 1891 137 55 entier,
633 1891 200 55 relativement
795 1891 62 55 à
820 1891 87 55 une
870 1891 150 55 entrevue
982 1891 112 55 qu’il
1057 1891 62 55 a
1070 1891 62 55 eue

155 1914 116 62 avec
228 1914 87 62 le
272 1914 116 62 Père
345 1914 175 62 Ventura.
475 1914 102 62 «Je
534 1914 87 62 me
577 1914 160 62 devais,
694 1914 189 62 Monsieur,
839 1914 87 62 et
883 1914 87 62 au
926 1914 116 62 Père
985 1914 145 62 Ventura,

157 1953 81 55 de
198 1953 176 55 rectifier
334 1953 95 55 les
388 1953 122 55 faits
469 1953 95 55 sur
524 1953 163 55 lesquels
646 1953 81 55 on
686 1953 109 55 vous
754 1953 68 55 a
781 1953 149 55 trompé.
890 1953 122 55 Quant
971 1953 68 55 à
985 1953 149 55 l’injure,

160 1994 149 54 lle
245 1994 128 54 ne
309 1994 276 54 m’atteint
521 1994 191 54 pas.»

156 2014 95 64 19857
220 2014 95 64 LANZI
283 2014 127 64 (Louis),
378 2014 116 64 célèbre
463 2014 106 64 érudit
537 2014 127 64 italien,
632 2014 106 64 auteur
706 2014 63 64 de
738 2014 180 64 l'Histoire
886 2014 63 64 de
918 2014 63 64 la
939 2014 116 64 pein

160 2067 114 52 ture
242 2067 62 52 en
273 2067 114 52 Italie.
356 2067 62 52 L.
387 2067 62 52 a.
418 2067 114 52 s.
500 2067 52 52 1
521 2067 62 52 p.
552 2067 93 52 in-4.
614 2067 93 52 Jolie
676 2067 114 52 lettre.
758 2067 52 52 2
769 2067 41 52 50

62 2080 135 92 19858
152 2080 195 92 LAPÉROUSE
302 2080 105 92 (J.
362 2080 105 92 Fr.
422 2080 150 92 GALAUP
527 2080 120 92 de),
602 2080 135 92 notre
692 2080 180 92 illustre
827 2080 90 92 et
872 2080 195 92 infortuné
1007 2080 135 92 naviga
