1131 2200
548 6 56 55 —
570 6 67 55 12
593 6 34 55 —

133 62 75 65 26
171 62 138 65 janvier
271 62 113 65 1786,
346 62 63 65 1
371 62 75 65 p.
409 62 88 65 pl.
459 62 113 65 in-8;
534 62 138 65 cachet.
634 62 200 65 Rare
797 62 150 65 Relative
910 62 63 65 à
935 62 75 65 un
972 62 75 65 de
1010 62 88 65 ses
1047 62 63 65 ou-

134 105 110 47 vrages.
214 105 50 47 3
224 105 40 47 50

143 147 105 59 19926
213 147 116 59 ROUGET
295 147 70 59 DE
330 147 105 59 LISLE
399 147 105 59 (J.),
469 147 105 59 poëte
539 147 70 59 et
574 147 151 59 musicien,
690 147 140 59 l’auteur
795 147 70 59 de
830 147 70 59 la
853 147 256 59 Marseillaise

131 185 99 50 L.
197 185 66 50 a.
230 185 110 50 s.
307 185 55 50 à
329 185 66 50 M.
362 185 132 50 Roydeau,
462 185 55 50 1
484 185 66 50 p.
517 185 77 50 pl.
561 185 99 50 in-8.
627 185 55 50 7
638 185 44 50 50

142 216 83 58 19927
197 216 55 58 LE
224 216 83 58 MÊME.
279 216 83 58 L.
335 216 55 58 a.
362 216 101 58 s.
435 216 46 58 1
454 216 55 58 p.
481 216 64 58 pl.
518 216 83 58 in-8.
573 216 46 58 5
582 216 37 58 50

139 256 88 73 19928
198 256 167 73 SAINT-LAMBERT
336 256 69 73 (J.
375 256 49 73 F
395 256 79 73 de),
444 256 157 73 littérateur,
571 256 98 73 auteur
640 256 59 73 du
670 256 88 73 poëme
729 256 69 73 des
758 256 167 73 Saisons

134 296 76 59 de
172 296 178 59 l’Académie
313 296 178 59 française.
453 296 115 59 L.
529 296 76 59 a.
568 296 127 59 s.
657 296 76 59 au
695 296 140 59 citoyen
797 296 140 59 Agasse,
899 296 64 59 1
925 296 76 59 p.
963 296 89 59 pl.
1001 296 102 59 in

1006 345 113 34 3
1029 345 68 34 »

134 366 92 58 19929
195 366 163 58 SAINT-PIERRE
328 366 71 58 (H.
368 366 133 58 Bernardin
470 366 82 58 de),
521 366 122 58 l’auteur
613 366 61 58 de
644 366 112 58 Paul
725 366 61 58 et
756 366 173 58 Virginie
898 366 92 58 L.
949 366 82 58 a

133 399 147 48 s.
248 399 105 48 Paris,
322 399 63 48 15
353 399 95 48 sept.
416 399 95 48 1771,
479 399 53 48 1
500 399 63 48 p.
532 399 74 48 pl.
574 399 95 48 in-4.
637 399 53 48 6
647 399 42 48 50

132 438 123 58 19930
215 438 192 58 SANTA-CRUZ
365 438 164 58 (André),
489 438 151 58 célèbre
598 438 123 58 homme
680 438 137 58 d’État
776 438 192 58 américain,
927 438 178 58 président
1050 438 55 58 de

135 489 79 43 la
174 489 184 43 république
319 489 79 43 de
358 489 158 43 Bolivie,
476 489 197 43 ambassadeur
634 489 79 43 en
673 489 145 43 France.
779 489 118 43 L.
857 489 79 43 a.
897 489 145 43 s.
1002 489 66 43 à
1028 489 79 43 M.
1054 489 53 43 de

125 513 242 54 Saint-Georges,
326 513 175 54 capitaine
461 513 81 54 de
501 513 175 54 corvette;
636 513 188 54 Guayaquil,
784 513 67 54 3
811 513 108 54 mars
878 513 121 54 1842.
959 513 67 54 1
972 513 54 54 p.

136 549 87 43 1/2
185 549 111 43 in-4.
259 549 99 43 Avec
321 549 173 43 traduction
457 549 173 43 française.
594 549 62 43 6
606 549 37 43 »

159 572 193 69 Très-belle
311 572 138 69 lettre
407 572 83 69 où
449 572 83 69 il
490 572 124 69 parle
573 572 83 69 de
614 572 83 69 sa
656 572 207 69 malheureuse
821 572 193 69 expédition
973 572 83 69 en
1000 572 97 69 Boli-

130 609 85 69 vie.
184 609 149 69 «Passionné
301 609 85 69 pour
354 609 64 69 la
386 609 107 69 gloire
461 609 64 69 et
493 609 85 69 pour
546 609 85 69 tout
599 609 64 69 ce
631 609 75 69 qui
674 609 75 69 est
716 609 139 69 héroïque,
812 609 43 69 je

132 651 66 48 me
165 651 88 48 suis
220 651 143 48 toujours,
329 651 88 48 pour
384 651 99 48 cette
450 651 121 48 raison,
538 651 121 48 déclaré
626 651 77 48 ami
670 651 176 48 enthousiaste
801 651 55 48 des

129 679 153 56 Français...
251 679 102 56 C’est,
322 679 112 56 lorsque
404 679 112 56 victime
485 679 61 56 de
516 679 173 56 l’ingratitude
658 679 61 56 et
689 679 71 56 des
730 679 122 56 passions
811 679 51 56 im-

130 715 178 59 rudentes
264 715 134 59 unies
353 715 223 59 étroitement
531 715 119 59 pour
606 715 89 59 me
650 715 163 59 perdre,
769 715 104 59 que
829 715 119 59 j’ai
903 715 193 59 rencontré
1037 715 59 59 de

126 750 100 46 eur
183 750 114 46 part
254 750 86 46 la
297 750 172 46 conduite
426 750 86 46 la
469 750 114 46 plus
526 750 215 46 généreuse...»

120 782 106 52 19931
191 782 141 52 SAUSSURE
297 782 235 52 (Horace-Bénédiet
497 782 94 52 de),
556 782 129 52 célèbre
650 782 188 52 naturaliste.
803 782 106 52 L.
873 782 71 52 a.
909 782 129 52 s.
1003 782 59 52 2
1015 782 82 52 janv.

118 815 159 51 1770,
224 815 88 51 1
259 815 106 51 p.
312 815 123 51 3/4
383 815 159 51 in-4.
488 815 88 51 4
524 815 106 51 50

131 852 109 78 19932
203 852 121 78 SCRIBE
288 852 109 78 (E.),
361 852 121 78 fécond
445 852 121 78 auteur
530 852 181 78 dramatique,
675 852 73 78 de
711 852 169 78 l’Académie
844 852 169 78 française.
965 852 133 78 L.

125 891 99 61 a.
191 891 110 61 s.
268 891 55 61 à
290 891 110 61 Alisan
367 891 66 61 de
400 891 121 61 Chazet;
489 891 154 61 Montalais,
610 891 55 61 2
632 891 66 61 p.
665 891 77 61 1/2
709 891 99 61 in-8.
775 891 55 61 3
786 891 44 61 50

150 931 170 62 Curieuse
278 931 142 62 épître
377 931 99 62 sur
434 931 99 62 des
491 931 142 62 pièces
590 931 99 62 que
647 931 142 62 Chazet
746 931 99 62 lui
803 931 71 62 a
831 931 170 62 envoyées
959 931 114 62 pour
1016 931 71 62 ar-

112 961 138 66 ranger
209 961 83 66 ou
250 961 96 66 lui
305 961 69 66 a
333 961 151 66 proposé
443 961 83 66 de
484 961 124 66 faire
567 961 83 66 en
608 961 248 66 collaboration.
815 961 83 66 Il
856 961 96 66 lui
911 961 165 66 explique
1021 961 69 66 les

109 1001 181 54 exigences
249 1001 98 54 des
304 1001 195 54 directeurs
458 1001 84 54 de
500 1001 181 54 théâtres,
639 1001 98 54 les
695 1001 154 54 travaux
807 1001 126 54 qu’il
891 1001 154 54 termine
1002 1001 84 54 en
1030 1001 56 54 ce

123 1030 143 55 moment,
227 1030 78 55 et
266 1030 91 55 lui
318 1030 130 55 promet
409 1030 78 55 de
448 1030 169 55 s’occuper
578 1030 143 55 ensuite
681 1030 78 55 du
720 1030 195 55 Parasite
876 1030 78 55 du
902 1030 182 55 malheur

113 1064 122 67 19933
195 1064 135 67 SICARD
289 1064 149 67 (l’abbé
397 1064 270 67 Roche-Ambroise),
627 1064 81 67 le
667 1064 135 67 savant
762 1064 203 67 instituteur
924 1064 95 67 des
964 1064 122 67 sourds-

118 1110 129 54 muets,
209 1110 78 54 de
247 1110 181 54 l’Académie
390 1110 168 54 française
519 1110 78 54 né
558 1110 103 54 près
622 1110 78 54 de
661 1110 168 54 Toulouse.
791 1110 116 54 L.
868 1110 78 54 a.
907 1110 129 54 s.
997 1110 78 54 au
1023 1110 65 54 ci-

113 1143 117 65 toyen
191 1143 169 65 Berthier,
321 1143 182 65 secrétaire
464 1143 78 65 du
503 1143 117 65 Lycée
582 1143 208 65 républicain;
751 1143 65 65 5
777 1143 156 65 ventose,
894 1143 65 65 2
920 1143 78 65 p.
946 1143 65 65 pl.

105 1170 194 46 in-4.
234 1170 108 46 3
255 1170 86 46 50

146 1204 181 66 Curieuse.
286 1204 84 66 La
327 1204 195 66 députation
481 1204 98 66 que
537 1204 112 66 veut
607 1204 98 66 lui
662 1204 154 66 envoyer
774 1204 84 66 le
816 1204 126 66 Lycée
900 1204 98 66 est
941 1204 140 66 inutile.

114 1241 138 62 «Dites
211 1241 69 62 à
238 1241 96 62 ces
293 1241 179 62 Messieurs
431 1241 138 62 qu’ils
527 1241 96 62 ont
582 1241 110 62 déjà
651 1241 110 62 trop
720 1241 110 62 fait
789 1241 110 62 pour
858 1241 83 62 ma
899 1241 193 62 gloire...»
1037 1241 55 62 Il

117 1275 128 67 parle
202 1275 128 67 aussi
288 1275 85 67 de
330 1275 100 67 ses
387 1275 142 67 élèves
487 1275 142 67 sourds
587 1275 85 67 et
629 1275 128 67 muets
715 1275 100 67 qui
772 1275 157 67 doivent
886 1275 171 67 coopérer
1014 1275 71 67 à
1028 1275 57 67 la

98 1305 136 48 séance.

120 1345 100 71 19934
187 1345 111 71 SOULIÉ
265 1345 134 71 (Fréd.),
365 1345 123 71 célèbre
454 1345 156 71 romancier.
577 1345 100 71 L.
643 1345 67 71 a.
677 1345 123 71 s.
766 1345 78 71 3/4
811 1345 67 71 de
844 1345 67 71 p.
877 1345 100 71 in-8.
944 1345 56 71 2
955 1345 45 71 75

110 1388 130 63 19935
196 1388 173 63 SOUVAROW
326 1388 245 63 (Paul-Alex.),
528 1388 260 63 feld-maréchal,
744 1388 87 63 le
787 1388 115 63 plus
859 1388 130 63 grand
931 1388 159 63 capitaine

119 1427 124 59 ju’ait
205 1427 74 59 eu
242 1427 74 59 la
279 1427 136 59 Russie.
378 1427 111 59 L.
453 1427 136 59 a.
552 1427 74 59 en
589 1427 161 59 français,
713 1427 62 59 à
737 1427 74 59 M.
774 1427 136 59 Maurice
873 1427 124 59 Ribas;
960 1427 111 59 1788,
1022 1427 37 59 1

122 1460 47 43 p.
146 1460 71 43 in-4.
193 1460 47 43 30
208 1460 24 43 »

135 1496 148 69 Lettre
239 1496 222 69 énigmatique
416 1496 148 69 écrite
519 1496 163 69 pendant
638 1496 89 69 sa
682 1496 177 69 campagne
815 1496 148 69 contre
918 1496 103 69 les
963 1496 118 69 Turcs.

109 1526 99 71 «Je
165 1526 113 71 n’ai
236 1526 156 71 d’autre
350 1526 127 71 asile
435 1526 99 71 que
491 1526 85 71 la
534 1526 127 71 vertu
619 1526 85 71 ou
661 1526 113 71 dans
732 1526 85 71 la
774 1526 142 71 raison
874 1526 85 71 et
902 1526 184 71 religion...

108 1562 145 61 Repnin
209 1562 116 61 doit
281 1562 87 61 se
325 1562 130 61 mêler
411 1562 87 61 de
455 1562 101 61 ses
513 1562 188 61 affaires:
657 1562 87 61 je
701 1562 116 61 suis
773 1562 116 61 plus
845 1562 145 61 expert
947 1562 101 61 que
990 1562 87 61 lui,

113 1593 114 67 bien
184 1593 114 67 plus
256 1593 129 67 avant
341 1593 100 67 lui
399 1593 157 67 blanchi
513 1593 114 67 sous
585 1593 86 67 le
627 1593 172 67 harnois;
756 1593 229 67 l’ancienneté
942 1593 100 67 lui
985 1593 100 67 apar-

111 1636 119 54 tient
190 1636 93 54 par
243 1636 79 54 le
283 1636 119 54 titre
362 1636 79 54 de
402 1636 93 54 ses
455 1636 159 54 ancêtres
574 1636 106 54 avec
640 1636 93 54 les
693 1636 159 54 exploits
812 1636 159 54 desquels
931 1636 79 54 je
971 1636 106 54 puis
1024 1636 53 54 me

102 1670 204 52 mesurer...
263 1670 131 52 Pawel
350 1670 175 52 Sergeier
482 1670 102 52 est
540 1670 102 52 mon
599 1670 146 52 ennemi
701 1670 88 52 le
744 1670 117 52 plus
817 1670 204 52 implacable
978 1670 88 52 et
1007 1670 73 52 in-

107 1693 123 60 fame.
189 1693 109 60 Vous
258 1693 123 60 savés
340 1693 82 60 ce
381 1693 123 60 qu’il
463 1693 109 60 est.
531 1693 82 60 Il
572 1693 137 60 trame,
667 1693 82 60 il
708 1693 164 60 tramera.
831 1693 82 60 Je
872 1693 109 60 n’ai
941 1693 109 60 rien
1009 1693 68 60 à
1023 1693 68 60 lui

91 1733 337 58 pposer
327 1733 236 58 que
462 1733 202 58 ma
530 1733 472 58 bonnehomie.»

118 1770 108 64 19936
190 1770 156 64 SOUVESTRE
310 1770 144 64 (Émile),
418 1770 132 64 célèbre
514 1770 156 64 romancier
635 1770 132 64 breton.
731 1770 108 64 L.
803 1770 72 64 a.
839 1770 120 64 s.
923 1770 60 64 à
947 1770 72 64 M.
971 1770 108 64 Zâcone,

103 1802 65 63 à
129 1802 129 63 Brest,
220 1802 65 63 2
245 1802 78 63 p.
284 1802 116 63 in-8.
362 1802 116 63 Jolie
440 1802 129 63 lettre
530 1802 78 63 de
569 1802 155 63 conseils
686 1802 194 63 littéraires
841 1802 65 63 à
867 1802 78 63 un
906 1802 142 63 auteur.
996 1802 39 63 2

1018 1827 54 29 »

105 1839 107 76 19937
177 1839 83 76 SUE
224 1839 155 76 (Eugène),
343 1839 131 76 célèbre
438 1839 167 76 romancier.
569 1839 107 76 L.
641 1839 71 76 a.
676 1839 131 76 s.
772 1839 60 76 1
795 1839 71 76 p.
831 1839 83 76 pl.
879 1839 107 76 in-8.
938 1839 143 76 Très

102 1876 106 45 lettre.»
182 1876 44 45 2
191 1876 35 45 50

119 1915 97 74 19938
184 1915 97 74 TALMA
249 1915 108 74 (Fr.),
324 1915 151 74 l’illustre
443 1915 151 74 tragédien.
562 1915 97 74 L.
626 1915 65 74 a.
659 1915 108 74 s.
734 1915 54 74 à
756 1915 108 74 Alisan
831 1915 65 74 de
864 1915 119 74 Chazet,
950 1915 54 74 1
961 1915 43 74 p.

119 1953 59 47 in-4.
159 1953 40 47 16
172 1953 20 47 »

137 1989 67 68 Il
170 1989 56 68 a
193 1989 79 68 été
238 1989 67 68 si
271 1989 112 68 occupé
350 1989 67 68 au
384 1989 135 68 théâtre,
485 1989 101 68 qu’il
552 1989 79 68 n’a
597 1989 67 68 pu
630 1989 101 68 faire
698 1989 67 68 la
731 1989 90 68 note
787 1989 79 68 qui
832 1989 79 68 lui
866 1989 56 68 est

107 2030 137 57 demandée
210 2030 103 57 (pour
278 2030 103 57 faire
347 2030 69 57 un
381 2030 126 57 article
473 2030 80 57 sur
518 2030 103 57 lui).
587 2030 80 57 «Ne
633 2030 149 57 serait-il
747 2030 80 57 pas
782 2030 114 57 possible

115 2065 77 51 jue
159 2065 66 51 je
192 2065 99 51 visse
257 2065 66 51 la
290 2065 131 51 personne
389 2065 121 51 chargée
477 2065 66 51 de
509 2065 99 51 faire
575 2065 142 51 l’article
685 2065 88 51 pour
740 2065 110 51 savoir
805 2065 88 51 d’elle

105 2099 139 56 quelle
202 2099 181 56 extension
342 2099 83 56 on
383 2099 111 56 veut
453 2099 97 56 lui
509 2099 153 56 donner;
620 2099 125 56 c’est
703 2099 153 56 d’après
815 2099 125 56 cette
884 2099 195 56 connaissance

51 2136 217 37 que
175 2136 186 37 je
267 2136 309 37 ferais
484 2136 186 37 ma
577 2136 402 37 note...»4
