1107 2187
512 -2 87 61 —
546 -2 87 61 9
564 -2 52 61 —

92 66 102 53 l’un
156 66 89 53 des
207 66 165 53 meilleurs
334 66 165 53 écrivains
461 66 76 53 de
499 66 76 53 sa
537 66 140 53 nation.
638 66 114 53 L.
714 66 76 53 a.
753 66 305 53 s.(jen-espagnol;
1007 66 63 53 Ma-

100 101 99 47 drid
162 101 112 47 1848,
236 101 62 47 3
261 101 74 47 p.
298 101 87 47 3/4
348 101 112 47 in-8.
422 101 112 47 Belle
496 101 136 47 épître.
595 101 62 47 3
608 101 37 47 »

102 147 98 40 19883
168 147 120 40 MÉDICIS
255 147 98 40 (Côme
320 147 87 40 de),
375 147 76 40 dit
419 147 207 40 l'Ancien
594 147 66 40 et
626 147 66 40 le
659 147 120 40 Père
746 147 66 40 de
779 147 66 40 la
812 147 120 40 patrie.
899 147 66 40 L.
932 147 66 40 a.
965 147 98 40 s
1019 147 55 40 (au

96 181 104 37 duc
155 181 89 37 de
200 181 163 37 Milan);
318 181 192 37 Florence,
466 181 89 37 10
511 181 133 37 janv.
599 181 133 37 1455,
688 181 74 37 1
718 181 89 37 p.
762 181 118 37 in-4
836 181 163 37 oblong,
940 181 133 37 cachet-

98 215 150 36 caméé.
203 215 90 36 Un
248 215 120 36 trou
323 215 210 36 raccommodé
488 215 90 36 au
533 215 150 36 milieu
639 215 240 36 n’atteignant
834 215 105 36 pas
894 215 90 36 le
939 215 135 36 texte
1014 215 60 36 de

100 248 140 39 lettre,
202 248 102 39 mais
266 248 153 39 enlevant
381 248 166 39 cependant
509 248 89 39 une
560 248 128 39 partie
649 248 77 39 de
688 248 179 39 l’adresse.
828 248 77 39 60
854 248 38 39 »

99 279 114 48 19884
175 279 139 48 MÉDICIS
277 279 152 48 (Laurent
390 279 89 48 Ier
441 279 101 48 de),
504 279 89 48 dit
555 279 76 48 le
593 279 228 48 Magnifique.
783 279 76 48 L.
821 279 76 48 a.
859 279 127 48 s.
947 279 76 48 au
985 279 89 48 duc
1023 279 51 48 de

95 319 151 40 Milan;
200 319 196 40 Florence,
351 319 90 40 15
396 319 136 40 janv.
487 319 136 40 1480,
577 319 75 40 1
607 319 90 40 p.
652 319 136 40 in-4,
743 319 256 40 cachet-camée.
938 319 136 40 Superbe

109 354 68 42 pièce.
157 354 47 42 100
177 354 20 42 »

102 386 120 53 19885
182 386 147 53 MÉDICIS
289 386 187 53 (Ferdinand
436 386 94 53 Ier
490 386 107 53 de),
557 386 174 53 grand-duc
690 386 80 53 de
730 386 161 53 Toscane,
851 386 94 53 ami
904 386 80 53 de
945 386 120 53 Henri
1011 386 54 53 IV

105 428 114 43 ju’il
181 428 101 43 aida
245 428 63 43 à
270 428 190 43 reconquérir
422 428 89 43 son
473 428 152 43 royaume.
587 428 114 43 L.
663 428 76 43 a.
701 428 127 43 s.
789 428 76 43 au
827 428 101 43 pape
891 428 139 43 Clément
979 428 89 43 VIII;

95 464 196 42 Prâtolina,
249 464 84 42 30
291 464 126 42 sept.
376 464 126 42 1602,
460 464 70 42 1
488 464 84 42 p.
530 464 98 42 pl.
586 464 168 42 in-fol.,
712 464 154 42 cachet.
824 464 196 42 Très-belle
965 464 112 42 pièce.

895 496 230 43 9
941 496 138 43 »

98 528 117 45 19886
176 528 104 45 MÉRY
241 528 143 45 (Jean),
344 528 78 45 un
383 528 91 45 des
435 528 104 45 plus
500 528 143 45 savants
603 528 194 45 anatomistes
759 528 78 45 du
798 528 207 45 dix-septième
953 528 117 45 siècle,

99 567 216 32 chirurgient
271 567 86 32 de
314 567 86 32 la
357 567 144 32 reine;
458 567 144 32 membre
559 567 86 32 de
602 567 158 32 l’Acad.
717 567 101 32 des
774 567 187 32 sciences,
918 567 86 32 né
961 567 72 32 à
975 567 101 32 Vatan

105 600 156 40 Indre).
219 600 142 40 Quitt.
318 600 114 40 sig.
389 600 100 40 sur
446 600 142 40 vélin;
546 600 128 40 1707,
631 600 114 40 in-8
702 600 185 40 oblong.nn
844 600 128 40 Snaià
930 600 114 40 J’o«
1001 600 71 40 2
1015 600 57 40 50

104 632 123 49 19887
186 632 109 49 MÉRY
255 632 178 49 (Joseph),
391 632 123 49 poëte
473 632 82 49 et
514 632 137 49 auteur
610 632 205 49 dramatique,
774 632 232 49 collaborateur
965 632 82 49 de
992 632 82 49 Bar-

98 672 168 46 thélemy,
224 672 84 46 né
266 672 70 46 à
294 672 196 46 Marseille.
449 672 126 46 L.
533 672 84 46 a.
575 672 140 46 s.
673 672 70 46 à
701 672 84 46 de
743 672 168 46 Calonne;
870 672 210 46 Schwalheim,
1024 672 56 46 31

102 705 130 51 août,
188 705 72 51 f
217 705 87 51 p.
260 705 101 51 pl.
318 705 130 51 in-8.
419 705 72 51 2
433 705 58 51 50

129 739 184 48 Curieuse.
270 739 85 48 Il
312 739 99 48 est
369 739 184 48 jusqu’aul
510 739 99 48 col
567 739 113 48 dans
637 739 99 48 les
694 739 184 48 fouilles.
835 739 169 48 «Jusqu’à
948 739 127 48 présent

96 777 103 38 nous
161 777 142 38 n’avons
264 777 90 38 pas
315 777 129 38 trouvé
405 777 77 38 un
444 777 103 38 seul
508 777 167 38 as
637 777 77 38 de
676 777 116 38 solde
753 777 103 38 d’un
817 777 142 38 caporal
920 777 77 38 de
946 777 129 38 Varus...

97 810 92 41 La
143 810 139 41 forêt
235 810 108 41 est
297 810 216 41 charmante;
466 810 185 41 beaucoup
605 810 92 41 de
651 810 154 41 jolies
759 810 154 41 femmes
866 810 92 41 et
913 810 108 41 peu
974 810 92 41 de
1005 810 77 41 sa-

100 842 246 42 fants...
264 842 62 42 »

109 873 113 48 19888
185 873 163 48 MEYERBEER
310 873 176 48 (Giacomo),
448 873 151 48 illustre
561 873 188 48 compositeur
712 873 75 48 de
750 873 151 48 musique.
863 873 113 48 L.
938 873 75 48 a.
963 873 113 48 s.

109 915 49 44 1
129 915 58 44 p.
158 915 87 44 in-8.
216 915 49 44 2
226 915 29 44 »

104 938 113 48 19889
180 938 151 48 MICHELET
293 938 151 48 (Jules),
406 938 138 48 célèbre
506 938 163 48 historien
632 938 75 48 et
669 938 163 48 écrivain,
795 938 126 48 membre
883 938 75 48 de
908 938 163 48 l’Institut.

106 984 94 53 L.
168 984 62 53 a.
199 984 104 53 s.
272 984 62 53 au
303 984 94 53 baron
366 984 156 53 d’Eckstein,
490 984 62 53 2.
521 984 62 53 p.
553 984 94 53 in-4.
615 984 52 53 3
625 984 42 53 50

132 1003 197 56 Très-belle
286 1003 140 56 lettre
385 1003 84 56 où
427 1003 84 56 il
469 1003 126 56 parle
553 1003 84 56 de
595 1003 84 56 sa
638 1003 197 56 traduction
792 1003 84 56 de
834 1003 112 56 Vico
904 1003 84 56 et
947 1003 84 56 de
975 1003 98 56 celle

96 1046 116 51 d’un
169 1046 160 51 ouvrage
285 1046 87 51 de
329 1046 145 51 Grimm,
430 1046 131 51 qu’il
517 1046 116 51 veut
590 1046 131 51 faire
677 1046 174 51 précéder
807 1046 131 51 d’une
880 1046 203 51 introduction

103 1084 105 43 «où
163 1084 90 43 je
208 1084 211 43 risquerais
374 1084 181 43 quelques
509 1084 135 43 idées
600 1084 105 43 sur
660 1084 90 43 la
705 1084 226 43 littérature
885 1084 196 43 allémande
1021 1084 60 43 au

102 1122 156 46 moyen
188 1122 122 46 âgé.»

107 1153 84 63 19890
163 1153 56 63 LE
190 1153 84 63 MÊME.
246 1153 84 63 L.
302 1153 56 63 a.
330 1153 102 63 s.
404 1153 47 63 1
423 1153 56 63 p.
451 1153 84 63 in-8.
507 1153 47 63 2
516 1153 28 63 »

110 1181 105 63 19891
180 1181 116 63 MIGNET
262 1181 93 63 (Fr.
320 1181 93 63 Aug.
378 1181 105 63 Al.),
448 1181 151 63 historien
564 1181 140 63 célèbre,
669 1181 116 63 membre
750 1181 70 63 de
785 1181 128 63 l’Acad.
878 1181 81 63 fr.
913 1181 128 63 L.

103 1231 110 40 a.
176 1231 122 40 s.
262 1231 61 40 à
286 1231 73 40 un
323 1231 73 40 de
360 1231 86 40 ses
409 1231 171 40 confrères,
543 1231 61 40 1
568 1231 73 40 p.
605 1231 86 40 pl.
654 1231 110 40 in-8.
727 1231 110 40 Jolie
800 1231 122 40 lettre
886 1231 184 40 littéraire.
1033 1231 61 40 3
1045 1231 37 40 »

96 1267 233 51 MONTMORENCY
283 1267 155 51 (Louis
392 1267 124 51 de),
470 1267 187 51 seigneur
610 1267 93 51 de
656 1267 233 51 Bouteville,
843 1267 233 51 vice-amiral
1014 1267 62 51 de

98 1312 148 38 France
202 1312 118 38 sous
276 1312 133 38 Henri
364 1312 103 38 IV,
423 1312 207 38 gouverneur
586 1312 89 38 de
630 1312 163 38 Senlis,
749 1312 133 38 qu’il
837 1312 177 38 défendit
956 1312 118 38 contre

104 1353 80 42 les
149 1353 148 42 ligueurs.
263 1353 103 42 L.
332 1353 68 42 a.
366 1353 114 42 s.
446 1353 57 42 à
468 1353 137 42 l’évêque
571 1353 68 42 de
605 1353 125 42 Senlis,
697 1353 57 42 1
719 1353 68 42 p.
754 1353 125 42 in-fol.
845 1353 103 42 Belle
902 1353 91 42 pièce.

972 1377 134 42 10
1016 1377 67 42 »

108 1395 107 60 19893
180 1395 119 60 MOREAU
263 1395 155 60 (Victor),
382 1395 143 60 illustre
490 1395 131 60 général
585 1395 72 60 en
621 1395 107 60 chef.
692 1395 107 60 L.
764 1395 72 60 a.
800 1395 131 60 s.
895 1395 107 60 armée
967 1395 72 60 du
991 1395 83 60 Rhin,

96 1452 108 46 18
150 1452 216 46 ventose,
312 1452 126 46 3/4
384 1452 108 46 de
438 1452 108 46 p.
492 1452 162 46 in-4,
599 1452 144 46 tête
689 1452 144 46 imp.
779 1452 108 46 et
833 1452 144 46 vig.
923 1452 90 46 4
941 1452 54 46 »

109 1498 123 35 19894
192 1498 123 35 MURAT
274 1498 315 35 (Napoléon-Achille),
548 1498 110 35 fils
617 1498 110 35 aîné
685 1498 82 35 du
726 1498 96 35 roi
781 1498 82 35 de
822 1498 151 35 Naples,
918 1498 165 35 naturalisé

106 1526 141 36 citoyen
208 1526 89 36 des
260 1526 192 36 Etats-Unis,
413 1526 128 36 auteur
502 1526 77 36 de
541 1526 243 36 l'Exposition
745 1526 89 36 des
796 1526 166 36 principes
924 1526 77 36 du
949 1526 128 36 gou

108 1567 209 41 vernement
278 1567 209 41 républicain.
447 1567 78 41 L.
487 1567 78 41 a.
526 1567 131 41 s.
617 1567 65 41 à
643 1567 91 41 son
695 1567 117 41 oncle
774 1567 78 41 le
813 1567 117 41 comte
891 1567 78 41 de
917 1567 157 41 Saint

107 1590 155 55 Londres,
223 1590 77 55 31
262 1590 103 55 août
326 1590 103 55 1839
390 1590 90 55 3/4
442 1590 77 55 de
481 1590 77 55 p.
519 1590 116 55 in-4.
596 1590 116 55 Jolie
674 1590 142 55 lettre.
777 1590 64 55 2
790 1590 52 55 50

112 1616 124 67 19895
195 1616 152 67 NAIGEON
306 1616 97 67 (J.
361 1616 152 67 André),
471 1616 193 67 philosophe
623 1616 83 67 du
665 1616 221 67 dix-huitième
844 1616 152 67 siècle,
955 1616 110 67 l’un
1010 1616 69 67 des

107 1664 105 46 lus
167 1664 166 46 ardents
288 1664 256 46 missionnaires
498 1664 105 46 des
558 1664 196 46 doctrines
709 1664 271 46 matérialistes,
935 1664 150 46 membre
1025 1664 60 46 de

109 1701 126 45 l’Acad.
200 1701 80 45 fr.
246 1701 103 45 Pièce
315 1701 103 45 a.
384 1701 126 45 s.
476 1701 115 45 Paris,
557 1701 69 45 31
591 1701 92 45 déc.
649 1701 103 45 1780,
718 1701 57 45 1
741 1701 69 45 p.
775 1701 80 45 1/4
821 1701 103 45 in-8.
890 1701 57 45 6
902 1701 34 45 »

136 1731 142 57 Traité
235 1731 128 57 entre
321 1731 199 57 Panckoucke
477 1731 85 57 et
520 1731 171 57 Naigeon,
648 1731 100 57 qui
704 1731 171 57 s’engage
832 1731 71 57 à
861 1731 142 57 revoir
960 1731 85 57 et
989 1731 85 57 cor-

99 1768 124 47 riger
182 1768 124 47 toute
264 1768 82 47 la
305 1768 137 47 partie
401 1768 82 47 de
442 1768 82 47 la
484 1768 206 47 philosophie
648 1768 165 47 ancienne
772 1768 165 47 contenue
896 1768 110 47 dans
950 1768 124 47 l’Ency-

101 1802 181 45 clopédie,
240 1802 83 45 en
282 1802 195 45 conservant
435 1802 83 45 en
477 1802 139 45 entier
574 1802 83 45 le
616 1802 125 45 texte
699 1802 83 45 de
741 1802 83 45 M.
769 1802 139 45 Diderot.

113 1846 119 36 19896
192 1846 132 36 NECKER
284 1846 185 36 (Jacques),
429 1846 79 36 le
469 1846 145 36 célèbre
574 1846 185 36 contrôleur
719 1846 92 36 des
772 1846 158 36 finances
890 1846 79 36 de
930 1846 119 36 Louis
996 1846 79 36 XVI.

102 1874 111 47 L.
176 1874 74 47 a.
213 1874 136 47 s.
311 1874 74 47 30
348 1874 99 47 mars
410 1874 111 47 1767,
484 1874 62 47 1
508 1874 74 47 p.
545 1874 86 47 pl.
595 1874 86 47 gr.
644 1874 111 47 in-4.
718 1874 172 47 Très-jolie
853 1874 136 47 lettre,
952 1874 74 47 où
989 1874 74 47 il
1013 1874 62 47 est

102 1907 146 54 question
211 1907 73 54 de
247 1907 146 54 Laharpe.
357 1907 61 54 5
369 1907 36 54 »

114 1926 119 66 19897.
197 1926 131 66 ORLÉANS
292 1926 142 66 (Gaston,
399 1926 83 66 duc
446 1926 95 66 d’),
506 1926 107 66 frère
577 1926 71 66 de
612 1926 107 66 Louis
684 1926 107 66 XIII.
755 1926 107 66 L.
826 1926 131 66 s.
921 1926 95 66 avec
980 1926 71 66 la
1004 1926 83 66 sous-

114 1975 129 47 ript.
199 1975 129 47 aut.,
285 1975 86 47 au
328 1975 100 47 duc
385 1975 86 47 de
428 1975 229 47 Longueville;
614 1975 172 47 Doulens,
743 1975 71 47 4
771 1975 129 47 sept.
857 1975 129 47 1645,
943 1975 71 47 1
972 1975 86 47 p.
1000 1975 86 47 1/2.

98 2018 120 45 in-4,
178 2018 147 45 cachets
284 2018 80 45 et
324 2018 133 45 soies.
418 2018 187 45 Très-jolie
564 2018 147 45 lettre,
671 2018 187 45 légèrement
817 2018 133 45 jaunie
911 2018 93 45 sur
964 2018 80 45 le
991 2018 93 45 bord.

980 2042 96 41 3
999 2042 77 41 50

101 2064 112 62 19898
175 2064 136 62 ORLÉANS
274 2064 174 62 (Philippe,
411 2064 87 62 duc
460 2064 99 62 d’),
522 2064 124 62 régent
609 2064 74 62 de
646 2064 124 62 France
733 2064 99 62 sous
795 2064 112 62 Louis
869 2064 87 62 XV.
919 2064 112 62 L.
981 2064 99 62 a.

89 2119 168 45 s.
218 2119 65 45 à
244 2119 78 45 sa
283 2119 116 45 tante
361 2119 78 45 la
399 2119 155 45 duchesse
516 2119 78 45 de
555 2119 129 45 Savoie
645 2119 233 45 (Marie-Jeanne,
839 2119 116 45 veuve
917 2119 78 45 de
943 2119 129 45 Charles
