1247 2105
596 5 82 57 —
628 5 82 57 4
645 5 49 57 —

200 70 91 82 —
236 70 109 82 L.
291 70 109 82 a.
345 70 109 82 s.
400 70 91 82 à
436 70 109 82 M.
490 70 236 82 Gondinet;
672 70 91 82 4
708 70 145 82 nov.
799 70 200 82 (1828),
945 70 91 82 1
981 70 109 82 p.
1035 70 127 82 pl.
1090 70 127 82 in

170 115 97 60 Rare
249 115 36 60 12
261 115 18 60 »

195 145 166 63 Curieuse
320 145 138 63 épître
417 145 152 63 d’envoi
527 145 83 63 de
569 145 97 63 son
624 145 166 63 discours
749 145 208 63 d’ouverture
915 145 111 63 pour
984 145 111 63 être
1053 145 138 63 inséré
1136 145 83 63 dans

162 200 91 46 une
214 200 130 46 Revue.
305 200 78 46 Il
344 200 169 46 l’avertit
474 200 91 46 que
526 200 78 46 le
565 200 104 46 mois
630 200 156 46 prochain
747 200 78 46 il
786 200 104 46 fera
851 200 91 46 son
903 200 117 46 cours
981 200 65 46 à
994 200 156 46 l’Athénée.

156 242 165 59 26703.
271 242 148 59 CONDÉ
370 242 165 59 (Henri
485 242 99 59 II
535 242 99 59 de
584 242 198 59 BOURBON,
733 242 165 59 prince
848 242 132 59 de),
931 242 99 59 le
980 242 132 59 père
1063 242 99 59 du
1096 242 115 59 grand

158 284 176 52 Condé.
281 284 88 52 —
317 284 105 52 L.
369 284 105 52 a.
422 284 105 52 s.
475 284 88 52 à
510 284 158 52 Louis
615 284 158 52 XIII;
721 284 211 52 Bourges,
879 284 105 52 19
932 284 141 52 déc.
1020 284 158 52 1625,
1125 284 88 52 4
1143 284 70 52 p.

161 321 71 70 pl.
201 321 91 70 in-4.
262 321 60 70 65
282 321 30 70 »

505 360 91 55 Pièce
566 360 142 55 historique
678 360 81 55 dans
728 360 122 55 laquelle
820 360 61 55 il
850 360 112 55 demande
932 360 152 55 l’évocation
1053 360 61 55 de
1084 360 71 55 son
1125 360 102 55 procès
1186 360 30 55 à

156 392 136 52 Dijon,
252 392 123 52 comme
334 392 82 52 le
374 392 136 52 traité
470 392 82 52 de
511 392 136 52 Loudun
606 392 82 52 le
647 392 95 52 lui
702 392 68 52 a
729 392 164 52 accordé.
852 392 95 52 «Je
906 392 109 52 prie
974 392 68 52 à
1002 392 109 52 Dieu
1070 392 82 52 me
1097 392 109 52 danner

549 443 82 36 comme
603 443 82 36 Judas
658 443 54 36 si
685 443 54 36 ça
712 443 73 36 esté
758 443 63 36 moy
794 443 54 36 ny
821 443 54 36 de
848 443 63 36 mon
885 443 145 36 consentement
1002 443 63 36 que
1039 443 54 36 ma
1066 443 91 36 lettre
1129 443 63 36 ait
1157 443 54 36 esté

548 473 111 37 imprimée.
634 473 51 37 Si
659 473 51 37 je
685 473 94 37 l’avois
753 473 77 37 fait,
804 473 77 37 Sire,
855 473 51 37 je
881 473 68 37 vous
923 473 51 37 le
949 473 136 37 confesserois
1060 473 51 37 et
1085 473 102 37 aimerois
1153 473 60 37 mieus

156 502 147 45 mourir
259 502 103 45 que
318 502 118 45 vous
377 502 176 45 mentir...»

555 537 80 66 26704.
611 537 80 66 COOPER
667 537 120 66 (Fenimore),
764 537 88 66 célèbre
828 537 104 66 romancier
908 537 112 66 américain.
997 537 40 66 —
1013 537 48 66 L.
1029 537 32 66 a.

148 585 95 56 s.,
203 585 95 56 1/2
257 585 81 56 p.
298 585 122 56 in-8.
379 585 68 56 8
392 585 41 56 »

533 626 105 69 26705.
607 626 189 69 CRÉTINEAU-JOLY
765 626 95 69 (J.),
828 626 137 69 historien
933 626 63 69 et
965 626 147 69 publiciste
1070 626 137 69 catholique,

164 679 59 66 mort
201 679 104 66 récemment.
282 679 37 66 —
297 679 45 66 L.
320 679 45 66 a.
342 679 52 66 s.,
372 679 37 66 1
386 679 45 66 p.
409 679 67 66 in-8.
453 679 37 66 2
461 679 22 66 »

518 739 110 53 26706.
595 739 120 53 CREUZER
682 739 131 53 (Fréd.),
781 739 99 53 grand
847 739 153 53 antiquaire
967 739 142 53 allemand,
1077 739 131 53 l’auteur
1164 739 44 53 de

530 785 80 61 la
583 785 168 61 Symbolique
725 785 44 61 —
742 785 53 61 L.
769 785 53 61 a.
796 785 62 61 s.;
831 785 133 61 Heidelberg,
937 785 53 61 26
964 785 80 61 sept.
1017 785 80 61 1823,
1070 785 44 61 2
1079 785 35 61 p.

165 820 81 53 1/2
212 820 105 53 in-4.
282 820 58 53 5
293 820 35 53 »

164 863 52 64 26707.
200 863 52 64 CUVIER
237 863 73 64 (Georges),
295 863 31 64 le
310 863 47 64 grand
342 863 84 64 naturaliste.
410 863 26 64 —
420 863 47 64 Pièce
452 863 31 64 de
468 863 26 64 3
473 863 26 64 li-

534 919 71 58 gnes
578 919 71 58 aut.
622 919 79 58 sig.;
675 919 88 58 Paris,
737 919 53 58 29
764 919 71 58 oct.
808 919 79 58 1807,
861 919 62 58 1/4
896 919 53 58 de
922 919 53 58 p.
949 919 79 58 in-4.
1002 919 44 58 5
1011 919 26 58 »

183 951 152 47 Serment
294 951 221 47 d’obéissance
474 951 97 47 aux
529 951 235 47 Constitutions
723 951 83 47 de
764 951 166 47 l’Empire
889 951 83 47 et
930 951 83 47 de
972 951 166 47 fidélité
1096 951 69 47 à
1110 951 97 47 l’Em

143 988 130 48 pereur.

156 1035 178 58 26708.
281 1035 284 58 DAUBERMESNIL
512 1035 249 58 (Antoine),
707 1035 178 58 député
832 1035 107 58 du
885 1035 142 58 Tarn
974 1035 89 58 à
1009 1035 107 58 la
1045 1035 160 58 Conven-

146 1081 165 62 tion,
256 1081 165 62 exclu
366 1081 165 62 comme
476 1081 220 62 partisan
641 1081 128 62 des
715 1081 257 62 Girondins,
916 1081 239 62 fondateur
1100 1081 110 62 de
1137 1081 73 62 la

657 1119 83 65 secte
712 1119 65 65 des
749 1119 203 65 théophilanthropes.
924 1119 46 65 —
943 1119 55 65 L.
970 1119 55 65 a.
998 1119 55 65 s.
1026 1119 65 65 (au
1062 1119 101 65 célèbre
1127 1119 83 65 conven-

146 1161 200 61 tionnel
291 1161 218 61 girondin
455 1161 255 61 Lasource);
655 1161 218 61 Castres,
819 1161 91 61 9
855 1161 164 61 avril
964 1161 109 61 an
1019 1161 109 61 IV
1055 1161 146 61 (1792)

152 1203 59 56 4
176 1203 70 56 p.
211 1203 82 56 pl.
258 1203 106 56 in-4.
328 1203 70 56 10
352 1203 35 56 »

191 1243 133 51 Lettre
284 1243 199 51 extrêmement
443 1243 159 51 curieuse
562 1243 80 51 où
602 1243 80 51 il
641 1243 80 51 le
681 1243 159 51 félicite
800 1243 80 51 de
840 1243 80 51 sa
880 1243 199 51 patriotique
1039 1243 172 51 conduite.
1158 1243 53 51 Il

150 1285 112 40 rend
220 1285 140 40 grâces
318 1285 126 40 aussi
402 1285 70 40 à
430 1285 168 40 Brissot,
556 1285 70 40 à
584 1285 182 40 Vergniaud
723 1285 84 40 et
765 1285 70 40 à
793 1285 154 40 Guadet,
905 1285 112 40 mais
975 1285 84 40 il
1017 1285 112 40 faut
1073 1285 140 40 extirper

158 1317 260 42 l’aristocratie.
377 1317 82 42 Il
419 1317 178 42 développe
556 1317 96 42 ses
610 1317 123 42 idées
693 1317 96 42 sur
747 1317 205 42 l’abolition
912 1317 96 42 des
966 1317 137 42 droits
1062 1317 151 42 féodaux
1158 1317 55 42 et

158 1346 132 42 demande
254 1346 108 42 quand
326 1346 180 42 l’Assemblée
471 1346 192 42 constituante
627 1346 168 42 s’occupera
759 1346 72 42 du
795 1346 144 42 divorce,
904 1346 72 42 de
940 1346 72 42 la
964 1346 84 42 puis-

158 1381 118 45 sance
236 1381 183 45 paternelle
380 1381 79 45 et
420 1381 79 45 de
459 1381 170 45 l’égalité
590 1381 92 45 des
629 1381 144 45 partages.

653 1417 86 69 26709.
713 1417 94 69 DELILLE
782 1417 94 69 (l’abbé
851 1417 112 69 Jacques),
937 1417 94 69 célèbre
1005 1417 77 69 poëte
1057 1417 51 69 et
1082 1417 129 69 traducteur,
1177 1417 34 69 de

155 1464 159 59 l’Acad.
270 1464 101 59 fr.
328 1464 72 59 —
357 1464 87 59 P.
400 1464 101 59 s.;
458 1464 144 59 Paris,
559 1464 87 59 10
602 1464 144 59 juill.
703 1464 130 59 1812,
789 1464 72 59 1
818 1464 87 59 p.
862 1464 101 59 1/2
919 1464 130 59 in-4.
1006 1464 87 59 25
1035 1464 43 59 »

188 1506 134 52 Curieux
285 1506 159 52 document.
407 1506 110 52 C’est
481 1506 73 52 le
517 1506 122 52 traité
603 1506 146 52 original
713 1506 110 52 passé
786 1506 98 52 avec
847 1506 183 52 l’imprimeur
981 1506 110 52 Michaud

158 1550 102 38 pour
222 1550 76 38 la
260 1550 152 38 première
374 1550 140 38 édition
476 1550 76 38 de
514 1550 89 38 son
565 1550 114 38 poëme
641 1550 76 38 de
679 1550 114 38 la
743 1550 241 38 Conversation

161 1593 164 53 26710.
275 1593 180 53 DRULHE,
406 1593 164 53 député
521 1593 98 53 de
570 1593 98 53 la
619 1593 278 53 Haute-Garonne
848 1593 82 53 à
881 1593 98 53 la
930 1593 246 53 Convention.
1110 1593 49 53 —

157 1630 88 70 L.
201 1630 88 70 a.
245 1630 102 70 s.;
303 1630 88 70 an
347 1630 117 70 III,
420 1630 102 70 3/4
478 1630 88 70 de
522 1630 88 70 p.
566 1630 131 70 in-4.
654 1630 73 70 3
668 1630 44 70 »

161 1674 119 87 26711.
244 1674 71 87 DU
280 1674 95 87 CAMP
339 1674 154 87 (Maxime),
458 1674 178 87 l’historien
600 1674 71 87 de
636 1674 119 87 Paris.
719 1674 59 87 —
743 1674 71 87 L.
779 1674 71 87 a.
814 1674 83 87 s.,
862 1674 59 87 1
874 1674 47 87 p.

169 1733 74 45 in-8.
218 1733 41 45 1
226 1733 33 45 75

171 1775 112 74 26712.
249 1775 101 74 DUCIS
316 1775 145 74 (J.-Fr.),
428 1775 123 74 célèbre
517 1775 101 74 poëte
584 1775 156 74 dramatique
707 1775 67 74 de
741 1775 123 74 l’Acad.
830 1775 78 74 fr.
863 1775 34 74 —

168 1838 139 52 Épitre
275 1838 54 52 à
297 1838 171 52 Legouvé
436 1838 96 52 pièce
500 1838 64 52 de
533 1838 86 52 vers
586 1838 86 52 aut.
640 1838 96 52 sig.,
704 1838 64 52 10
736 1838 64 52 p.
768 1838 96 52 in-4.
832 1838 64 52 35
854 1838 32 52 »

192 1884 150 46 Superbe
301 1884 122 46 pièce
383 1884 109 46 dont
451 1884 122 46 voici
532 1884 82 46 le
573 1884 122 46 sujet
655 1884 68 46 :
682 1884 95 46 «On
736 1884 82 46 ne
777 1884 109 46 doit
845 1884 95 46 pas
899 1884 122 46 mêler
981 1884 190 46 l’horrible
1130 1884 82 46 et
1158 1884 54 46 le

163 1905 170 57 gracieux
290 1905 113 57 dans
361 1905 99 57 les
403 1905 113 57 arts.»

166 1955 111 67 26713.
244 1955 100 67 DUMAS
310 1955 133 67 (Alex.),
410 1955 67 67 le
444 1955 122 67 célèbre
533 1955 156 67 romancier.
655 1955 56 67 —
677 1955 67 67 L.
710 1955 67 67 a.
744 1955 78 67 s.,
788 1955 78 67 1/2
822 1955 44 67 p.

161 2004 89 48 in-8.
221 2004 50 48 1
230 2004 40 48 50
