1285 2102
591 -3 80 74 —
623 -3 80 74 3
639 -3 48 74 —

160 64 144 77 26691
256 64 255 77 BOINVILLIERS
463 64 144 77 (J.),
559 64 255 77 grammairien,
767 64 96 77 né
815 64 80 77 à
847 64 239 77 Versailles.
1038 64 80 77 —
1054 64 64 77 L.

173 129 77 56 a.
212 129 89 56 s.,
263 129 64 56 1
288 129 77 56 p.
326 129 115 56 in-4.
403 129 64 56 2
416 129 38 56 »

173 160 142 74 26692.
272 160 157 74 BOSSUET
386 160 171 74 (J.-B.),
514 160 199 74 l’illustre
671 160 142 74 évêque
771 160 85 74 de
813 160 142 74 Meaux.
913 160 71 74 —
941 160 85 74 L.
984 160 85 74 s.
1027 160 128 74 J.
1098 160 128 74 Be

165 216 203 57 nigne
317 216 101 57 a.
368 216 101 57 e.
418 216 101 57 de
469 216 253 57 Condom
672 216 84 57 à
706 216 101 57 M.
756 216 135 57 ...;
841 216 304 57 Saint-Germain,
1094 216 101 57 25
1128 216 101 57 nov.

178 260 135 61 1676,
268 260 75 61 4
298 260 90 61 p.
343 260 135 61 in-4.
433 260 150 61 Tachée
539 260 150 61 d’eau.
644 260 90 61 50
674 260 45 61 »

203 294 281 57 Très-intéressante
443 294 147 57 lettre.
551 294 147 57 «Est-il
658 294 161 57 possible
778 294 120 57 qu’un
858 294 107 57 Pape
925 294 80 57 si
965 294 120 57 saint
1046 294 174 57 (Innocent
1166 294 67 57 XI)

174 341 83 38 ne
216 341 111 38 soit
285 341 125 38 point
369 341 83 38 un
411 341 111 38 jour
480 341 153 38 inspiré
591 341 83 38 de
633 341 139 38 mettre
730 341 97 38 fin
786 341 70 38 à
814 341 111 38 tant
883 341 195 38 d’opinions
1036 341 195 38 corrompues
1175 341 56 38 et

170 367 112 44 très
240 367 210 44 dangereuses
408 367 98 44 qui
464 367 84 44 se
506 367 182 44 répandent
646 367 112 44 dans
715 367 182 44 l’Eglize,
855 367 84 44 et
897 367 112 44 dont
967 367 98 44 ses
1023 367 154 44 ennemis
1121 367 112 44 tirent

177 405 185 55 avantage
315 405 154 55 contre
423 405 92 55 la
469 405 154 55 pureté
577 405 92 55 de
623 405 108 55 ses
684 405 246 55 sentiments?»
884 405 215 55 Traduction
1053 405 123 55 d’un
1130 405 92 55 de
1161 405 77 55 ses

170 437 163 59 ouvrages
293 437 82 59 en
320 437 177 59 hollandais.

180 455 119 72 26693.
263 455 107 72 BOTTA
335 455 143 72 (Carlo),
442 455 131 72 célèbre
537 455 155 72 historien
656 455 143 72 italien.
763 455 60 72 —
787 455 71 72 L.
823 455 71 72 a.
859 455 83 72 s.,
894 455 48 72 en

168 515 257 78 français,
366 515 99 78 à
406 515 257 78 Ginguené;
604 515 198 78 Turin,
742 515 119 78 19
802 515 198 78 nivôse
940 515 119 78 an
999 515 119 78 X,
1059 515 99 78 1
1098 515 119 78 p.
1138 515 99 78 pl.

178 568 90 47 in-4.
238 568 50 47 4
248 568 30 47 »

211 568 114 87 Tout
282 568 200 87 s’achemine
439 568 100 87 ici
496 568 71 87 à
525 568 143 87 grands
624 568 100 87 pas
682 568 114 87 vers
753 568 86 87 le
796 568 143 87 régime
896 568 185 87 français,
1038 568 86 87 et
1081 568 86 87 on
1124 568 86 87 ne
1152 568 86 87 peut

168 627 141 56 douter
267 627 85 56 de
309 627 85 56 la
351 627 183 56 prochaine
492 627 155 56 réunion
605 627 85 56 du
648 627 155 56 Piémont
761 627 71 56 à
789 627 85 56 la
817 627 127 56 France.

170 664 139 70 26694
262 664 185 70 BOUILLON
401 664 278 70 (Fréd.-Maurice
633 664 93 70 de
680 664 139 70 La
772 664 124 70 Tour
850 664 294 70 d’Auvergne
1097 664 108 70 duc
1143 664 93 70 de),

177 717 141 56 fils
265 717 106 56 du
318 717 229 56 maréchal,
494 717 158 56 frère
600 717 106 56 de
653 717 211 56 Turenne,
811 717 229 56 compromis
987 717 141 56 dans
1076 717 106 56 la
1111 717 123 56 cons-

175 760 220 59 piration
340 760 110 59 de
394 760 256 59 Cinq-Mars,
596 760 128 59 qui
669 760 147 59 céda
761 760 110 59 sa
816 760 275 59 principauté
1036 760 110 59 de
1090 760 165 59 Sedan
1182 760 55 59 à

170 800 180 54 Louis
290 800 160 54 XIV.
390 800 100 54 —
430 800 120 54 L.
490 800 120 54 a.
550 800 140 54 s.;
630 800 120 54 La
690 800 180 54 Haye,
810 800 100 54 7
850 800 220 54 janvier
1010 800 180 54 1630,
1130 800 100 54 2
1150 800 80 54 p.

182 852 86 53 in-4.
240 852 58 53 17
259 852 29 53 »

209 853 78 82 Il
248 853 156 82 explique
365 853 78 82 la
404 853 169 82 nécessité
534 853 117 82 qu’il
612 853 65 82 y
638 853 65 82 a
664 853 104 82 pour
729 853 78 82 le
767 853 143 82 service
871 853 78 82 du
910 853 91 82 Roi
962 853 117 82 qu’on
1040 853 78 82 le
1079 853 117 82 fasse
1144 853 91 82 jouir

179 920 91 53 des
231 920 131 53 effets
323 920 78 53 de
362 920 78 53 la
401 920 183 53 protection
545 920 78 53 de
584 920 78 53 Sa
623 920 144 53 Majesté
728 920 105 53 dont
793 920 78 53 il
832 920 91 53 est
884 920 118 53 privé
963 920 131 53 depuis
1054 920 78 53 si
1080 920 157 53 longtemps.

174 962 172 55 26695.
294 962 206 55 BROUGHAM
449 962 206 55 (Henri),
603 962 189 55 célèbre
741 962 155 55 homme
844 962 172 55 d’État
964 962 103 55 et
1016 962 206 55 écrivain
1153 962 86 55 an-

175 1015 177 53 glais.
299 1015 88 53 —
334 1015 106 53 L.
387 1015 106 53 a.
440 1015 124 53 s.,
511 1015 106 53 en
564 1015 230 53 français,
741 1015 88 53 à
776 1015 194 53 Guizot;
900 1015 336 53 Chalon

178 1052 89 58 15
223 1052 193 58 novembre,
371 1052 74 58 2
401 1052 89 58 p.
445 1052 134 58 in-4.
535 1052 74 58 6
549 1052 45 58 »

211 1059 224 79 Intéressante
393 1059 140 79 lettre
491 1059 182 79 politique
631 1059 98 79 sur
687 1059 84 79 la
729 1059 182 79 nécessité
869 1059 84 79 de
911 1059 168 79 négocier
1037 1059 84 79 au
1079 1059 112 79 plus
1149 1059 98 79 tôt
1191 1059 56 79 un

184 1127 125 61 traité
272 1127 213 61 d’extradition
448 1127 113 61 entre
523 1127 75 61 la
560 1127 125 61 France
648 1127 75 61 et
673 1127 188 61 l’Angleterre.

182 1144 140 87 26696.
280 1144 140 87 BRUNET
378 1144 182 87 (J.-Ch.),
517 1144 168 87 l’auteur
643 1144 84 87 du
685 1144 182 87 Manuel
825 1144 84 87 du
867 1144 237 87 libraire
1062 1144 70 87 —
1076 1144 56 87 L.

175 1215 77 55 a.
214 1215 90 55 s.,
265 1215 64 55 1
291 1215 77 55 p.
329 1215 115 55 in-8.
406 1215 64 55 2
419 1215 51 55 50

178 1266 174 52 26697.
300 1266 174 52 BUNSEN
422 1266 157 52 (R.),
526 1266 157 52 grand
631 1266 227 52 physicien
805 1266 227 52 allemand.
980 1266 87 52 —
1014 1266 105 52 L.
1067 1266 105 52 a.
1119 1266 122 52 s.,
1171 1266 70 52 en

178 1307 230 61 français,
356 1307 89 61 à
391 1307 213 61 Pelouze;
551 1307 230 61 Marbourg,
728 1307 106 61 30
781 1307 142 61 juin
870 1307 160 61 1845,
976 1307 89 61 1
1012 1307 106 61 p.
1065 1307 124 61 pl.
1118 1307 124 61 in

181 1346 188 58 Très-belle
328 1346 148 58 lettre.
435 1346 67 58 6
449 1346 40 58 »

178 1394 172 52 26698.
298 1394 189 52 CAPELLE
435 1394 343 52 (Guill.-Ant.-B.,
727 1394 189 52 baron),
864 1394 172 52 préfet
985 1394 103 52 de
1036 1394 172 52 Genève
1139 1394 103 52 sous

178 1439 240 54 l’empire,
362 1439 111 54 un
418 1439 129 54 des
492 1439 240 54 ministres
676 1439 277 54 signataires
898 1439 129 54 des
972 1439 277 54 ordonnances
1175 1439 74 54 de

189 1481 179 54 juillet
319 1481 147 54 1830.
417 1481 82 54 —
450 1481 98 54 L.
499 1481 98 54 a.
548 1481 98 54 s.
597 1481 82 54 à
629 1481 163 54 Petel;
743 1481 179 54 Genève,
874 1481 98 54 27
923 1481 131 54 oct.
1004 1481 147 54 1811,
1102 1481 82 54 3
1135 1481 98 54 p.
1167 1481 82 54 1/2

192 1527 109 54 in-fol.
271 1527 50 54 5
281 1527 30 54 »

214 1561 162 59 Curieuse
336 1561 135 59 lettre
431 1561 108 59 dans
498 1561 162 59 laquelle
620 1561 81 59 il
660 1561 81 59 se
701 1561 135 59 plaint
795 1561 162 59 vivement
917 1561 81 59 de
957 1561 81 59 se
998 1561 135 59 ruiner
1092 1561 81 59 au
1119 1561 122 59 service

185 1599 83 60 de
227 1599 195 60 l’Empereur
380 1599 83 60 et
422 1599 125 60 parle
505 1599 83 60 de
533 1599 125 60 Genève.

185 1615 161 79 26699.
297 1615 161 79 CHIARI
410 1615 177 79 (l’abbé
539 1615 193 79 Pierre),
683 1615 145 79 poëte
780 1615 193 79 italien,
924 1615 145 79 rival
1021 1615 96 79 de
1069 1615 193 79 Goldoni.
1198 1615 48 79 —

185 1688 81 63 L.
226 1688 81 63 a.
267 1688 95 63 s.,
321 1688 68 63 2
348 1688 81 63 p.
388 1688 149 63 in-fol.
496 1688 122 63 Belle
577 1688 135 63 pièce.
672 1688 68 63 6
685 1688 41 63 »

182 1711 177 91 26700.
306 1711 160 91 COLET
413 1711 231 91 (Louise),
590 1711 195 91 célèbre
732 1711 160 91 femme
839 1711 177 91 poëte.
963 1711 89 91 —
999 1711 160 91 Pièce
1105 1711 106 91 de
1141 1711 106 91 vers

186 1782 111 61 aut.
255 1782 125 61 sig.;
338 1782 125 61 1843,
422 1782 69 61 1
449 1782 83 61 p.
491 1782 125 61 in-4.
574 1782 69 61 3
588 1782 55 61 50

221 1819 164 50 Fragment
344 1819 82 50 de
385 1819 96 50 son
440 1819 123 50 poëme
522 1819 137 50 sur
618 1819 82 50 le
659 1819 164 50 monument
782 1819 82 50 de
810 1819 192 50 Molière

189 1854 171 64 26701.
309 1854 171 64 COMBES
429 1854 240 64 (William),
618 1854 154 64 poëte
720 1854 103 64 et
772 1854 206 64 écrivain
926 1854 206 64 anglais,
1081 1854 171 64 auteur
1183 1854 69 64 du

511 1901 152 72 Doctor
628 1901 175 72 Syntax
780 1901 70 72 L.
815 1901 70 72 a.
850 1901 70 72 s.
886 1901 58 72 à
909 1901 82 72 MM.
956 1901 117 72 Cadell
1038 1901 70 72 et
1073 1901 117 72 Davis;
1154 1901 70 72 17
1178 1901 70 72 nov.

191 1957 123 56 1801,
273 1957 68 56 1
301 1957 82 56 p.
342 1957 123 56 in-4.
424 1957 82 56 10
451 1957 41 56 »

55 1976 180 87 26702.
181 1976 162 87 COMTE
289 1976 198 87 (Aug.),
433 1976 198 87 célèbre
577 1976 270 87 philosophe,
794 1976 216 87 créateur
956 1976 108 87 du
992 1976 252 87 positivisme.
