1152 2211
16 29 729 108 LIBRAIRIE
520 29 561 108 ANCIENNE

320 118 309 85 ET
475 118 541 85 AUTOGRAPHES

-884 175 1858 66 DE

240 263 408 72 JACQUES
499 263 371 72 CHARAVAY

138 328 241 54 Rue
307 328 169 54 des
403 328 507 54 Grands-Augustins,
814 328 193 54 26

341 403 262 81 ÉTIENNE
529 403 262 81 CHARAVAY

250 477 395 70 ARCHIVISTE-PALÉOGRAPHE,
601 477 117 70 FILS
675 477 88 70 ET
704 477 190 70 SUCCESSEUR.

19 542 187 74 LIVRES
150 542 225 74 ANCIENS,
319 542 187 74 ACHATS
450 542 112 74 DE
506 542 319 74 BIBLIOTHÈQUES
769 542 112 74 ET
825 542 112 74 DE
862 542 244 74 GOLLECTIONS

57 605 357 52 D’AUTOGRAPHES;
355 605 258 52 ÉCHANGES,
553 605 317 52 COMMISSIONS;
811 605 198 52 VENTES
949 605 139 52 AUX
1009 605 99 52 EN-

58 642 166 58 CHÈRES
175 642 216 58 PUBLIQUES
341 642 100 58 DE
390 642 183 58 LETTRES
523 642 249 58 AUTOGRAPHES
722 642 216 58 MOYENNANT
872 642 232 58 vingt

61 681 181 58 poutr
197 681 136 58 cent,
287 681 91 58 ET
333 681 91 58 DE
378 681 166 58 LIVRES,
498 681 151 58 quinze
604 681 121 58 pour
680 681 121 58 cent
755 681 106 58 sur
815 681 91 58 la
861 681 181 58 totulité
981 681 121 58 de

60 727 145 41 la
157 727 226 41 vente
334 727 81 41 A
366 727 97 41 LA
415 727 161 41 GHARGE
528 727 113 41 DES
592 727 210 41 VENDEURS,
753 727 129 41 TOUT
818 727 161 41 COMPRIS.

7 858 320 54 No
221 858 284 54 161.
398 858 178 54 —
469 858 284 54 AOUT
647 858 497 54 1869</

370 1001 357 59 AUTOGRAPHES.

126 1049 115 75 23759
203 1049 115 75 ABOUT
279 1049 166 75 (Édmond),
407 1049 153 75 écrivain
522 1049 179 75 distingué.
663 1049 115 75 L.
739 1049 77 75 a.
778 1049 102 75 sii,
841 1049 64 75 1
867 1049 77 75 p.
905 1049 115 75 in-8.
982 1049 64 75 2
995 1049 38 75 »

124 1107 123 49 23760
206 1107 109 49 ADAM
274 1107 136 49 (Ad.),
370 1107 150 49 célèbre
479 1107 205 49 compositeur
643 1107 82 49 de
684 1107 164 49 musique,
807 1107 136 49 membre
902 1107 82 49 de
930 1107 177 49 l’Institut.

123 1147 111 37 L.
197 1147 148 37 as.
308 1147 74 37 (à
345 1147 74 37 M.
382 1147 74 37 de
420 1147 235 37 Saint-Georges);
618 1147 124 37 Paris,
704 1147 74 37 20
741 1147 124 37 juill.
828 1147 111 37 1851,
902 1147 62 37 4
927 1147 74 37 p.
964 1147 124 37 in-12.
1051 1147 62 37 5
1063 1147 37 37 »

25 1182 227 43 Intéressante
209 1182 142 43 lettre
309 1182 99 43 sur
365 1182 85 43 la
408 1182 156 43 reprise
521 1182 85 43 du
564 1182 184 43 Fidèle
706 1182 213 43 Berger
876 1182 85 43 Le
919 1182 142 43 succès
1018 1182 71 43 a
1032 1182 71 43 été

34 1215 188 48 éclatant,
178 1215 159 48 surtout
294 1215 87 48 au
338 1215 87 48 3e
381 1215 130 48 acte.
468 1215 87 48 Il
511 1215 101 48 lui
569 1215 116 48 fait
642 1215 116 48 part
714 1215 87 48 de
757 1215 101 48 ses
815 1215 159 48 ennuis;
931 1215 87 48 il
975 1215 72 48 a
989 1215 116 48 besoin

122 1246 83 47 de
164 1246 97 47 ses
219 1246 180 47 conseils,
357 1246 97 47 car
413 1246 97 47 «je
468 1246 111 47 suis
537 1246 111 47 bien
607 1246 194 47 tristement
759 1246 194 47 découragé,
911 1246 152 47 dit-il,
1022 1246 83 47 de
1050 1246 55 47 me

73 1284 110 45 voir
142 1284 124 45 ainsi
224 1284 96 45 mis
279 1284 82 45 de
321 1284 110 45 côté
389 1284 124 45 quand
472 1284 137 45 teutes
568 1284 96 45 les
623 1284 206 45 médiocrités
788 1284 165 45 arrivent
912 1284 69 45 à
939 1284 82 45 ce
967 1284 137 45 qu’elles

98 1315 207 43 veulent.»

120 1351 107 46 23761
192 1351 107 46 ARAGO
263 1351 107 46 (F.),
335 1351 143 46 illustre
442 1351 131 46 savant,
537 1351 131 46 membre,
633 1351 72 46 de
669 1351 179 46 l’Institut.
812 1351 107 46 L.
883 1351 119 46 a.s..
967 1351 60 46 1
991 1351 72 46 p.
1015 1351 83 46 in

1000 1388 133 44 3
1027 1388 80 44 »

127 1414 119 51 23762
206 1414 119 51 AUZOU
285 1414 171 51 (l’abbé);
417 1414 145 51 célèbre
523 1414 198 51 coopérateur
681 1414 79 51 de
720 1414 132 51 l’abbé
813 1414 158 51 Châtel;;
932 1414 92 51 qui
971 1414 132 51 rétracta

129 1459 194 36 publiquement
287 1459 85 36 ses
335 1459 134 36 erreurs
433 1459 73 36 en
469 1459 109 36 1839,
542 1459 73 36 L.
578 1459 122 36 a
664 1459 73 36 s.
700 1459 73 36 au
736 1459 158 36 rédacteur
858 1459 73 36 de
894 1459 73 36 la
919 1459 182 36 Charte

116 1492 98 42 de
181 1492 130 42 1830
279 1492 76 42 1er
323 1492 98 42 juin,
388 1492 76 42 3/4
431 1492 65 42 de
464 1492 65 42 p.
497 1492 109 42 in-8.,
573 1492 54 42 2
584 1492 43 42 50

115 1540 171 37 Curieuse
243 1540 157 37 lettre;
357 1540 86 37 où
400 1540 86 37 il
443 1540 157 37 annonce
557 1540 100 37 que
615 1540 86 37 le
657 1540 171 37 tribunal
786 1540 86 37 de
829 1540 143 37 police
914 1540 186 37 correction-

128 1564 120 38 nelle
208 1564 93 38 l’a
261 1564 146 38 renvoyé
367 1564 93 38 des
420 1564 106 38 fins
487 1564 80 38 de
527 1564 80 38 la
567 1564 146 38 plainte
673 1564 133 38 portée
766 1564 133 38 contre
846 1564 80 38 lui.

127 1596 107 48 23763
198 1596 119 48 AVEZAC
282 1596 83 48 (M.
329 1596 71 48 A.
365 1596 71 48 P.
400 1596 95 48 d’),
460 1596 119 48 savant
543 1596 166 48 géographe,
674 1596 119 48 membre
757 1596 71 48 de
792 1596 178 48 l’Institut.
935 1596 178 48 Lva
1065 1596 48 48 s<

124 1634 79 41 à
156 1634 95 41 M.
203 1634 174 41 Marcel;
330 1634 158 41 Paris,
441 1634 95 41 24
489 1634 127 41 nov.
568 1634 143 41 1840,
663 1634 79 41 2
695 1634 95 41 p.
742 1634 143 41 in-8.
837 1634 206 41 Curieuse.
996 1634 79 41 2
1011 1634 48 41 »

136 1674 87 42 23764
194 1674 87 42 AZAIS
252 1674 68 42 (P.
291 1674 77 42 H.),
339 1674 116 42 écrivain
426 1674 145 42 philosophe,
542 1674 96 42 auteur
609 1674 58 42 du
638 1674 135 42 Système
744 1674 106 42 des
812 1674 154 42 compen

120 1704 221 43 sations
306 1704 104 43 L.
376 1704 116 43 d
457 1704 70 43 s.
492 1704 70 43 au
527 1704 104 43 garde
596 1704 81 43 des
643 1704 128 43 sceaux;
736 1704 116 43 Paris;
817 1704 58 43 9
840 1704 104 43 sept.
910 1704 104 43 1832,
979 1704 58 43 4
1003 1704 70 43 p.
1026 1704 81 43 in

1032 1745 15 31 4
1035 1745 24 31 »

157 1773 209 45 Très-curieuse
329 1773 123 45 épître
415 1773 135 45 d’envoi
513 1773 74 45 de
550 1773 86 45 son
600 1773 160 45 Précis
723 1773 74 45 de
760 1773 123 45 moralé
846 1773 74 45 et
883 1773 74 45 de
907 1773 197 45 politique

121 1809 83 42 Il
163 1809 153 42 raconte
274 1809 97 42 les
330 1809 236 42 circonstances
524 1809 111 42 dans
594 1809 195 42 lesquelles
747 1809 83 42 il
788 1809 153 42 composa
900 1809 97 42 cet
955 1809 153 42 ouvrage
1052 1809 56 42 et

117 1849 170 48 rapporte
244 1849 99 48 ses
301 1849 198 48 entrevues,
456 1849 85 48 en
498 1849 127 48 1829,
583 1849 113 48 avec
654 1849 99 48 MM.
710 1849 85 48 de
753 1849 155 48 Montbel
866 1849 85 48 et
908 1849 85 48 de
936 1849 170 48 Martignac.

119 1882 169 43 Piquants
231 1882 141 43 détails.

129 1908 116 48 23765
206 1908 116 48 BAUMÉ
283 1908 180 48 (Antoine),
425 1908 141 48 célèbre
528 1908 167 48 chimisie,
656 1908 167 48 inventeur
785 1908 77 48 de
823 1908 193 48 l’aréomêtre
977 1908 90 48 qui
1016 1908 90 48 porte

395 1949 65 46 son
432 1949 74 46 nom,
478 1949 92 46 membre
543 1949 55 46 de
570 1949 102 46 l’Acad.
644 1949 65 46 des
681 1949 120 46 sciences,
773 1949 83 46 L.
829 1949 129 46 as..;
931 1949 83 46 1797,
986 1949 65 46 1/2
1023 1949 55 46 p.
1041 1949 65 46 in

989 1981 123 43 2
1013 1981 98 43 50

125 2017 101 44 23766
192 2017 169 44 BEAUHARNAIS
327 2017 146 44 (Eugène),
439 2017 135 44 vice-roi
540 2017 146 44 d’Italie.
653 2017 101 44 L.
720 2017 146 44 ais;.
832 2017 124 44 Munich;
922 2017 56 44 5
934 2017 67 44 août

129 2052 94 49 1823,
191 2052 52 49 3
212 2052 63 49 p.
244 2052 94 49 in-4.
307 2052 63 49 15
328 2052 31 49 »

388 2090 64 44 Il
420 2090 74 44 est
462 2090 128 44 enchanté
558 2090 74 44 des
601 2090 85 44 eaux
654 2090 64 44 de
686 2090 149 44 Marienbad.
803 2090 74 44 «Il
846 2090 64 44 ne
878 2090 106 44 manque
952 2090 96 44 plus,
1005 2090 96 44 dit

132 2123 100 48 que
189 2123 86 48 de
232 2123 86 48 la
275 2123 129 48 force
361 2123 72 48 à
390 2123 100 48 mes
447 2123 143 48 nerfs,
547 2123 86 48 et
590 2123 86 48 je
633 2123 229 48 n’obtiendrai
819 2123 115 48 cela
891 2123 100 48 que
948 2123 86 48 du
977 2123 129 48 temps.»
