<?xml version='1.0' encoding='UTF8'?>
<alto xmlns:xsi="http://www.w3.org/2001/XMLSchema-instance" xmlns="http://www.loc.gov/standards/alto/ns-v2#" xmlns:page="http://schema.primaresearch.org/PAGE/gts/pagecontent/2013-07-15" xsi:schemaLocation="http://www.loc.gov/standards/alto/ns-v2# http://www.loc.gov/standards/alto/alto.xsd">
  <Description>
    <MeasurementUnit>pixel</MeasurementUnit>
    <sourceImageInformation>
         <fileName>1869_08_LAC_N161_0003.jpg</fileName>
      </sourceImageInformation>
    <OCRProcessing ID="IdOcr">
      <ocrProcessingStep>
        <processingDateTime>2020-10-03T23:16:48.018+02:00</processingDateTime>
        <processingSoftware>
               <softwareCreator>CONTRIBUTORS</softwareCreator>
               <softwareName>pdfalto</softwareName>
               <softwareVersion>0.1</softwareVersion>
            </processingSoftware>
      </ocrProcessingStep>
    </OCRProcessing>
  </Description>
  <Styles>
     <TextStyle ID="FONT0" FONTSTYLE=""/>
     <TextStyle ID="FONT1" FONTSTYLE="bold"/>
     <TextStyle ID="FONT2" FONTSTYLE="italics"/>
</Styles>
  <Tags/>
  <Layout>
    <Page ID="Page1" PHYSICAL_IMG_NR="1" HEIGHT="2172" WIDTH="1141">
      <PrintSpace HEIGHT="2172" WIDTH="1141" VPOS="0" HPOS="0">
        <TextBlock ID="r2" HEIGHT="2122" WIDTH="971" VPOS="9" HPOS="133">
          <TextLine ID="r2l1" BASELINE="55" HEIGHT="61" WIDTH="102" VPOS="-6" HPOS="500">
            <String HEIGHT="61" WIDTH="102" VPOS="-6" HPOS="480" CONTENT="—" ID="r2l1_1" STYLEREFS="FONT0"/>
            <SP HEIGHT="61" WIDTH="20" VPOS="-6" HPOS="582"/>
            <String HEIGHT="61" WIDTH="102" VPOS="-6" HPOS="520" CONTENT="3" ID="r2l1_2" STYLEREFS="FONT0"/>
            <SP HEIGHT="61" WIDTH="20" VPOS="-6" HPOS="622"/>
            <String HEIGHT="61" WIDTH="61" VPOS="-6" HPOS="541" CONTENT="—" ID="r2l1_3" STYLEREFS="FONT0"/>
          </TextLine>
          <TextLine ID="r2l2" BASELINE="107" HEIGHT="60" WIDTH="970" VPOS="47" HPOS="135">
            <String HEIGHT="60" WIDTH="108" VPOS="47" HPOS="123" CONTENT="23781" ID="r2l2_1" STYLEREFS="FONT0"/>
            <SP HEIGHT="60" WIDTH="12" VPOS="47" HPOS="231"/>
            <String HEIGHT="60" WIDTH="132" VPOS="47" HPOS="195" CONTENT="CHARLES" ID="r2l2_2" STYLEREFS="FONT0"/>
            <SP HEIGHT="60" WIDTH="12" VPOS="47" HPOS="327"/>
            <String HEIGHT="60" WIDTH="84" VPOS="47" HPOS="291" CONTENT="II," ID="r2l2_3" STYLEREFS="FONT0"/>
            <SP HEIGHT="60" WIDTH="12" VPOS="47" HPOS="375"/>
            <String HEIGHT="60" WIDTH="84" VPOS="47" HPOS="339" CONTENT="roi" ID="r2l2_4" STYLEREFS="FONT0"/>
            <SP HEIGHT="60" WIDTH="12" VPOS="47" HPOS="422"/>
            <String HEIGHT="60" WIDTH="204" VPOS="47" HPOS="386" CONTENT="d’Angleterre." ID="r2l2_5" STYLEREFS="FONT0"/>
            <SP HEIGHT="60" WIDTH="12" VPOS="47" HPOS="590"/>
            <String HEIGHT="60" WIDTH="108" VPOS="47" HPOS="554" CONTENT="L." ID="r2l2_6" STYLEREFS="FONT2"/>
            <SP HEIGHT="60" WIDTH="12" VPOS="47" HPOS="662"/>
            <String HEIGHT="60" WIDTH="132" VPOS="47" HPOS="626" CONTENT="s." ID="r2l2_7" STYLEREFS="FONT2"/>
            <SP HEIGHT="60" WIDTH="12" VPOS="47" HPOS="758"/>
            <String HEIGHT="60" WIDTH="72" VPOS="47" HPOS="722" CONTENT="en" ID="r2l2_8" STYLEREFS="FONT0"/>
            <SP HEIGHT="60" WIDTH="12" VPOS="47" HPOS="794"/>
            <String HEIGHT="60" WIDTH="156" VPOS="47" HPOS="758" CONTENT="français," ID="r2l2_9" STYLEREFS="FONT0"/>
            <SP HEIGHT="60" WIDTH="12" VPOS="47" HPOS="913"/>
            <String HEIGHT="60" WIDTH="96" VPOS="47" HPOS="877" CONTENT="avec" ID="r2l2_10" STYLEREFS="FONT0"/>
            <SP HEIGHT="60" WIDTH="12" VPOS="47" HPOS="973"/>
            <String HEIGHT="60" WIDTH="72" VPOS="47" HPOS="937" CONTENT="la" ID="r2l2_11" STYLEREFS="FONT0"/>
            <SP HEIGHT="60" WIDTH="12" VPOS="47" HPOS="1009"/>
            <String HEIGHT="60" WIDTH="144" VPOS="47" HPOS="961" CONTENT="souscript." ID="r2l2_12" STYLEREFS="FONT0"/>
          </TextLine>
          <TextLine ID="r2l3" BASELINE="143" HEIGHT="46" WIDTH="966" VPOS="97" HPOS="139">
            <String HEIGHT="46" WIDTH="130" VPOS="97" HPOS="125" CONTENT="aut.," ID="r2l3_1" STYLEREFS="FONT0"/>
            <SP HEIGHT="46" WIDTH="14" VPOS="97" HPOS="254"/>
            <String HEIGHT="46" WIDTH="72" VPOS="97" HPOS="211" CONTENT="à" ID="r2l3_2" STYLEREFS="FONT0"/>
            <SP HEIGHT="46" WIDTH="14" VPOS="97" HPOS="283"/>
            <String HEIGHT="46" WIDTH="202" VPOS="97" HPOS="240" CONTENT="l’électeur" ID="r2l3_3" STYLEREFS="FONT0"/>
            <SP HEIGHT="46" WIDTH="14" VPOS="97" HPOS="442"/>
            <String HEIGHT="46" WIDTH="87" VPOS="97" HPOS="399" CONTENT="de" ID="r2l3_4" STYLEREFS="FONT0"/>
            <SP HEIGHT="46" WIDTH="14" VPOS="97" HPOS="485"/>
            <String HEIGHT="46" WIDTH="173" VPOS="97" HPOS="442" CONTENT="Mayence;" ID="r2l3_5" STYLEREFS="FONT0"/>
            <SP HEIGHT="46" WIDTH="14" VPOS="97" HPOS="615"/>
            <String HEIGHT="46" WIDTH="173" VPOS="97" HPOS="572" CONTENT="Londres," ID="r2l3_6" STYLEREFS="FONT0"/>
            <SP HEIGHT="46" WIDTH="14" VPOS="97" HPOS="745"/>
            <String HEIGHT="46" WIDTH="87" VPOS="97" HPOS="701" CONTENT="23" ID="r2l3_7" STYLEREFS="FONT0"/>
            <SP HEIGHT="46" WIDTH="14" VPOS="97" HPOS="788"/>
            <String HEIGHT="46" WIDTH="115" VPOS="97" HPOS="745" CONTENT="juin" ID="r2l3_8" STYLEREFS="FONT0"/>
            <SP HEIGHT="46" WIDTH="14" VPOS="97" HPOS="860"/>
            <String HEIGHT="46" WIDTH="130" VPOS="97" HPOS="817" CONTENT="1665," ID="r2l3_9" STYLEREFS="FONT0"/>
            <SP HEIGHT="46" WIDTH="14" VPOS="97" HPOS="946"/>
            <String HEIGHT="46" WIDTH="72" VPOS="97" HPOS="903" CONTENT="1" ID="r2l3_10" STYLEREFS="FONT0"/>
            <SP HEIGHT="46" WIDTH="14" VPOS="97" HPOS="975"/>
            <String HEIGHT="46" WIDTH="87" VPOS="97" HPOS="932" CONTENT="p." ID="r2l3_11" STYLEREFS="FONT0"/>
            <SP HEIGHT="46" WIDTH="14" VPOS="97" HPOS="1018"/>
            <String HEIGHT="46" WIDTH="144" VPOS="97" HPOS="961" CONTENT="in" ID="r2l3_12" STYLEREFS="FONT0"/>
          </TextLine>
          <TextLine ID="r2l5" BASELINE="173" HEIGHT="43" WIDTH="208" VPOS="130" HPOS="142">
            <String HEIGHT="43" WIDTH="114" VPOS="130" HPOS="132" CONTENT="cachets" ID="r2l5_1" STYLEREFS="FONT0"/>
            <SP HEIGHT="43" WIDTH="10" VPOS="130" HPOS="246"/>
            <String HEIGHT="43" WIDTH="114" VPOS="130" HPOS="215" CONTENT="brisés." ID="r2l5_2" STYLEREFS="FONT0"/>
            <SP HEIGHT="43" WIDTH="10" VPOS="130" HPOS="329"/>
            <String HEIGHT="43" WIDTH="62" VPOS="130" HPOS="298" CONTENT="17" ID="r2l5_3" STYLEREFS="FONT0"/>
            <SP HEIGHT="43" WIDTH="10" VPOS="130" HPOS="360"/>
            <String HEIGHT="43" WIDTH="31" VPOS="130" HPOS="319" CONTENT="»" ID="r2l5_4" STYLEREFS="FONT0"/>
          </TextLine>
          <TextLine ID="r2l6" BASELINE="203" HEIGHT="62" WIDTH="929" VPOS="141" HPOS="176">
            <String HEIGHT="62" WIDTH="84" VPOS="141" HPOS="162" CONTENT="il" ID="r2l6_1" STYLEREFS="FONT0"/>
            <SP HEIGHT="62" WIDTH="14" VPOS="141" HPOS="246"/>
            <String HEIGHT="62" WIDTH="99" VPOS="141" HPOS="204" CONTENT="lui" ID="r2l6_2" STYLEREFS="FONT0"/>
            <SP HEIGHT="62" WIDTH="14" VPOS="141" HPOS="303"/>
            <String HEIGHT="62" WIDTH="141" VPOS="141" HPOS="260" CONTENT="envoie" ID="r2l6_3" STYLEREFS="FONT0"/>
            <SP HEIGHT="62" WIDTH="14" VPOS="141" HPOS="401"/>
            <String HEIGHT="62" WIDTH="183" VPOS="141" HPOS="359" CONTENT="Guillaume" ID="r2l6_4" STYLEREFS="FONT0"/>
            <SP HEIGHT="62" WIDTH="14" VPOS="141" HPOS="542"/>
            <String HEIGHT="62" WIDTH="141" VPOS="141" HPOS="500" CONTENT="Temple" ID="r2l6_5" STYLEREFS="FONT0"/>
            <SP HEIGHT="62" WIDTH="14" VPOS="141" HPOS="640"/>
            <String HEIGHT="62" WIDTH="113" VPOS="141" HPOS="598" CONTENT="pour" ID="r2l6_6" STYLEREFS="FONT0"/>
            <SP HEIGHT="62" WIDTH="14" VPOS="141" HPOS="711"/>
            <String HEIGHT="62" WIDTH="225" VPOS="141" HPOS="669" CONTENT="l’entretenir" ID="r2l6_7" STYLEREFS="FONT0"/>
            <SP HEIGHT="62" WIDTH="14" VPOS="141" HPOS="894"/>
            <String HEIGHT="62" WIDTH="84" VPOS="141" HPOS="852" CONTENT="du" ID="r2l6_8" STYLEREFS="FONT0"/>
            <SP HEIGHT="62" WIDTH="14" VPOS="141" HPOS="936"/>
            <String HEIGHT="62" WIDTH="141" VPOS="141" HPOS="894" CONTENT="traité" ID="r2l6_9" STYLEREFS="FONT0"/>
            <SP HEIGHT="62" WIDTH="14" VPOS="141" HPOS="1035"/>
            <String HEIGHT="62" WIDTH="127" VPOS="141" HPOS="992" CONTENT="qu’il" ID="r2l6_10" STYLEREFS="FONT0"/>
            <SP HEIGHT="62" WIDTH="14" VPOS="141" HPOS="1119"/>
            <String HEIGHT="62" WIDTH="42" VPOS="141" HPOS="1063" CONTENT="a" ID="r2l6_11" STYLEREFS="FONT0"/>
          </TextLine>
          <TextLine ID="r2l7" BASELINE="243" HEIGHT="42" WIDTH="481" VPOS="201" HPOS="133">
            <String HEIGHT="42" WIDTH="150" VPOS="201" HPOS="118" CONTENT="conclu" ID="r2l7_1" STYLEREFS="FONT0"/>
            <SP HEIGHT="42" WIDTH="15" VPOS="201" HPOS="268"/>
            <String HEIGHT="42" WIDTH="120" VPOS="201" HPOS="223" CONTENT="avec" ID="r2l7_2" STYLEREFS="FONT0"/>
            <SP HEIGHT="42" WIDTH="15" VPOS="201" HPOS="343"/>
            <String HEIGHT="42" WIDTH="180" VPOS="201" HPOS="298" CONTENT="l’évêque" ID="r2l7_3" STYLEREFS="FONT0"/>
            <SP HEIGHT="42" WIDTH="15" VPOS="201" HPOS="479"/>
            <String HEIGHT="42" WIDTH="90" VPOS="201" HPOS="434" CONTENT="de" ID="r2l7_4" STYLEREFS="FONT0"/>
            <SP HEIGHT="42" WIDTH="15" VPOS="201" HPOS="524"/>
            <String HEIGHT="42" WIDTH="150" VPOS="201" HPOS="464" CONTENT="Munster." ID="r2l7_5" STYLEREFS="FONT0"/>
          </TextLine>
          <TextLine ID="r2l8" BASELINE="283" HEIGHT="59" WIDTH="971" VPOS="224" HPOS="136">
            <String HEIGHT="59" WIDTH="118" VPOS="224" HPOS="123" CONTENT="23782" ID="r2l8_1" STYLEREFS="FONT0"/>
            <SP HEIGHT="59" WIDTH="13" VPOS="224" HPOS="241"/>
            <String HEIGHT="59" WIDTH="223" VPOS="224" HPOS="202" CONTENT="CHATEAUBRIAND" ID="r2l8_2" STYLEREFS="FONT0"/>
            <SP HEIGHT="59" WIDTH="13" VPOS="224" HPOS="425"/>
            <String HEIGHT="59" WIDTH="92" VPOS="224" HPOS="385" CONTENT="(le" ID="r2l8_3" STYLEREFS="FONT0"/>
            <SP HEIGHT="59" WIDTH="13" VPOS="224" HPOS="477"/>
            <String HEIGHT="59" WIDTH="144" VPOS="224" HPOS="438" CONTENT="vicomte" ID="r2l8_4" STYLEREFS="FONT0"/>
            <SP HEIGHT="59" WIDTH="13" VPOS="224" HPOS="582"/>
            <String HEIGHT="59" WIDTH="105" VPOS="224" HPOS="543" CONTENT="de)," ID="r2l8_5" STYLEREFS="FONT0"/>
            <SP HEIGHT="59" WIDTH="13" VPOS="224" HPOS="648"/>
            <String HEIGHT="59" WIDTH="157" VPOS="224" HPOS="608" CONTENT="illustre" ID="r2l8_6" STYLEREFS="FONT0"/>
            <SP HEIGHT="59" WIDTH="13" VPOS="224" HPOS="766"/>
            <String HEIGHT="59" WIDTH="171" VPOS="224" HPOS="726" CONTENT="écrivain," ID="r2l8_7" STYLEREFS="FONT0"/>
            <SP HEIGHT="59" WIDTH="13" VPOS="224" HPOS="897"/>
            <String HEIGHT="59" WIDTH="79" VPOS="224" HPOS="858" CONTENT="de" ID="r2l8_8" STYLEREFS="FONT0"/>
            <SP HEIGHT="59" WIDTH="13" VPOS="224" HPOS="936"/>
            <String HEIGHT="59" WIDTH="144" VPOS="224" HPOS="897" CONTENT="l’Acad." ID="r2l8_9" STYLEREFS="FONT0"/>
            <SP HEIGHT="59" WIDTH="13" VPOS="224" HPOS="1041"/>
            <String HEIGHT="59" WIDTH="92" VPOS="224" HPOS="1002" CONTENT="fr." ID="r2l8_10" STYLEREFS="FONT0"/>
            <SP HEIGHT="59" WIDTH="13" VPOS="224" HPOS="1094"/>
            <String HEIGHT="59" WIDTH="66" VPOS="224" HPOS="1041" CONTENT="L.." ID="r2l8_11" STYLEREFS="FONT0"/>
          </TextLine>
          <TextLine ID="r2l9" BASELINE="318" HEIGHT="53" WIDTH="972" VPOS="265" HPOS="133">
            <String HEIGHT="53" WIDTH="164" VPOS="265" HPOS="120" CONTENT="a" ID="r2l9_1" STYLEREFS="FONT2"/>
            <SP HEIGHT="53" WIDTH="13" VPOS="265" HPOS="284"/>
            <String HEIGHT="53" WIDTH="76" VPOS="265" HPOS="247" CONTENT="s." ID="r2l9_2" STYLEREFS="FONT0"/>
            <SP HEIGHT="53" WIDTH="13" VPOS="265" HPOS="322"/>
            <String HEIGHT="53" WIDTH="63" VPOS="265" HPOS="284" CONTENT="à" ID="r2l9_3" STYLEREFS="FONT0"/>
            <SP HEIGHT="53" WIDTH="13" VPOS="265" HPOS="348"/>
            <String HEIGHT="53" WIDTH="76" VPOS="265" HPOS="310" CONTENT="M." ID="r2l9_4" STYLEREFS="FONT0"/>
            <SP HEIGHT="53" WIDTH="13" VPOS="265" HPOS="385"/>
            <String HEIGHT="53" WIDTH="164" VPOS="265" HPOS="348" CONTENT="Lhermite," ID="r2l9_5" STYLEREFS="FONT0"/>
            <SP HEIGHT="53" WIDTH="13" VPOS="265" HPOS="512"/>
            <String HEIGHT="53" WIDTH="63" VPOS="265" HPOS="474" CONTENT="à" ID="r2l9_6" STYLEREFS="FONT0"/>
            <SP HEIGHT="53" WIDTH="13" VPOS="265" HPOS="537"/>
            <String HEIGHT="53" WIDTH="189" VPOS="265" HPOS="499" CONTENT="Saint-Malo;" ID="r2l9_7" STYLEREFS="FONT0"/>
            <SP HEIGHT="53" WIDTH="13" VPOS="265" HPOS="688"/>
            <String HEIGHT="53" WIDTH="126" VPOS="265" HPOS="651" CONTENT="Paris," ID="r2l9_8" STYLEREFS="FONT0"/>
            <SP HEIGHT="53" WIDTH="13" VPOS="265" HPOS="777"/>
            <String HEIGHT="53" WIDTH="76" VPOS="265" HPOS="739" CONTENT="13" ID="r2l9_9" STYLEREFS="FONT0"/>
            <SP HEIGHT="53" WIDTH="13" VPOS="265" HPOS="815"/>
            <String HEIGHT="53" WIDTH="101" VPOS="265" HPOS="777" CONTENT="juin" ID="r2l9_10" STYLEREFS="FONT0"/>
            <SP HEIGHT="53" WIDTH="13" VPOS="265" HPOS="878"/>
            <String HEIGHT="53" WIDTH="114" VPOS="265" HPOS="840" CONTENT="1828," ID="r2l9_11" STYLEREFS="FONT0"/>
            <SP HEIGHT="53" WIDTH="13" VPOS="265" HPOS="954"/>
            <String HEIGHT="53" WIDTH="63" VPOS="265" HPOS="916" CONTENT="1" ID="r2l9_12" STYLEREFS="FONT0"/>
            <SP HEIGHT="53" WIDTH="13" VPOS="265" HPOS="979"/>
            <String HEIGHT="53" WIDTH="76" VPOS="265" HPOS="941" CONTENT="p." ID="r2l9_13" STYLEREFS="FONT0"/>
            <SP HEIGHT="53" WIDTH="13" VPOS="265" HPOS="1017"/>
            <String HEIGHT="53" WIDTH="88" VPOS="265" HPOS="979" CONTENT="pl." ID="r2l9_14" STYLEREFS="FONT0"/>
            <SP HEIGHT="53" WIDTH="13" VPOS="265" HPOS="1067"/>
            <String HEIGHT="53" WIDTH="88" VPOS="265" HPOS="1017" CONTENT="in" ID="r2l9_15" STYLEREFS="FONT0"/>
          </TextLine>
          <TextLine ID="r2l10" BASELINE="343" HEIGHT="43" WIDTH="75" VPOS="300" HPOS="1030">
            <String HEIGHT="43" WIDTH="125" VPOS="300" HPOS="1005" CONTENT="5" ID="r2l10_1" STYLEREFS="FONT0"/>
            <SP HEIGHT="43" WIDTH="25" VPOS="300" HPOS="1130"/>
            <String HEIGHT="43" WIDTH="75" VPOS="300" HPOS="1030" CONTENT="»" ID="r2l10_2" STYLEREFS="FONT0"/>
          </TextLine>
          <TextLine ID="r2l11" BASELINE="371" HEIGHT="59" WIDTH="930" VPOS="312" HPOS="175">
            <String HEIGHT="59" WIDTH="194" VPOS="312" HPOS="161" CONTENT="Très-jolie" ID="r2l11_1" STYLEREFS="FONT0"/>
            <SP HEIGHT="59" WIDTH="14" VPOS="312" HPOS="355"/>
            <String HEIGHT="59" WIDTH="153" VPOS="312" HPOS="314" CONTENT="lettre," ID="r2l11_2" STYLEREFS="FONT0"/>
            <SP HEIGHT="59" WIDTH="14" VPOS="312" HPOS="466"/>
            <String HEIGHT="59" WIDTH="83" VPOS="312" HPOS="425" CONTENT="où" ID="r2l11_3" STYLEREFS="FONT0"/>
            <SP HEIGHT="59" WIDTH="14" VPOS="312" HPOS="508"/>
            <String HEIGHT="59" WIDTH="83" VPOS="312" HPOS="466" CONTENT="il" ID="r2l11_4" STYLEREFS="FONT0"/>
            <SP HEIGHT="59" WIDTH="14" VPOS="312" HPOS="550"/>
            <String HEIGHT="59" WIDTH="97" VPOS="312" HPOS="508" CONTENT="lui" ID="r2l11_5" STYLEREFS="FONT0"/>
            <SP HEIGHT="59" WIDTH="14" VPOS="312" HPOS="605"/>
            <String HEIGHT="59" WIDTH="153" VPOS="312" HPOS="564" CONTENT="annonce" ID="r2l11_6" STYLEREFS="FONT0"/>
            <SP HEIGHT="59" WIDTH="14" VPOS="312" HPOS="716"/>
            <String HEIGHT="59" WIDTH="153" VPOS="312" HPOS="675" CONTENT="l’envoi" ID="r2l11_7" STYLEREFS="FONT0"/>
            <SP HEIGHT="59" WIDTH="14" VPOS="312" HPOS="827"/>
            <String HEIGHT="59" WIDTH="111" VPOS="312" HPOS="786" CONTENT="d’un" ID="r2l11_8" STYLEREFS="FONT0"/>
            <SP HEIGHT="59" WIDTH="14" VPOS="312" HPOS="897"/>
            <String HEIGHT="59" WIDTH="194" VPOS="312" HPOS="855" CONTENT="exemplaire" ID="r2l11_9" STYLEREFS="FONT0"/>
            <SP HEIGHT="59" WIDTH="14" VPOS="312" HPOS="1049"/>
            <String HEIGHT="59" WIDTH="83" VPOS="312" HPOS="1008" CONTENT="de" ID="r2l11_10" STYLEREFS="FONT0"/>
            <SP HEIGHT="59" WIDTH="14" VPOS="312" HPOS="1091"/>
            <String HEIGHT="59" WIDTH="69" VPOS="312" HPOS="1036" CONTENT="ses" ID="r2l11_11" STYLEREFS="FONT0"/>
          </TextLine>
          <TextLine ID="r2l12" BASELINE="412" HEIGHT="44" WIDTH="968" VPOS="368" HPOS="138">
            <String HEIGHT="44" WIDTH="197" VPOS="368" HPOS="123" CONTENT="ouvrages." ID="r2l12_1" STYLEREFS="FONT0"/>
            <SP HEIGHT="44" WIDTH="15" VPOS="368" HPOS="320"/>
            <String HEIGHT="44" WIDTH="106" VPOS="368" HPOS="274" CONTENT="«Le" ID="r2l12_2" STYLEREFS="FONT0"/>
            <SP HEIGHT="44" WIDTH="15" VPOS="368" HPOS="380"/>
            <String HEIGHT="44" WIDTH="136" VPOS="368" HPOS="335" CONTENT="vieux" ID="r2l12_3" STYLEREFS="FONT0"/>
            <SP HEIGHT="44" WIDTH="15" VPOS="368" HPOS="471"/>
            <String HEIGHT="44" WIDTH="166" VPOS="368" HPOS="425" CONTENT="château" ID="r2l12_4" STYLEREFS="FONT0"/>
            <SP HEIGHT="44" WIDTH="15" VPOS="368" HPOS="592"/>
            <String HEIGHT="44" WIDTH="91" VPOS="368" HPOS="546" CONTENT="de" ID="r2l12_5" STYLEREFS="FONT0"/>
            <SP HEIGHT="44" WIDTH="15" VPOS="368" HPOS="637"/>
            <String HEIGHT="44" WIDTH="182" VPOS="368" HPOS="592" CONTENT="Combourg" ID="r2l12_6" STYLEREFS="FONT0"/>
            <SP HEIGHT="44" WIDTH="15" VPOS="368" HPOS="773"/>
            <String HEIGHT="44" WIDTH="121" VPOS="368" HPOS="728" CONTENT="vous" ID="r2l12_7" STYLEREFS="FONT0"/>
            <SP HEIGHT="44" WIDTH="15" VPOS="368" HPOS="849"/>
            <String HEIGHT="44" WIDTH="76" VPOS="368" HPOS="804" CONTENT="a" ID="r2l12_8" STYLEREFS="FONT0"/>
            <SP HEIGHT="44" WIDTH="15" VPOS="368" HPOS="879"/>
            <String HEIGHT="44" WIDTH="136" VPOS="368" HPOS="834" CONTENT="mieux" ID="r2l12_9" STYLEREFS="FONT0"/>
            <SP HEIGHT="44" WIDTH="15" VPOS="368" HPOS="970"/>
            <String HEIGHT="44" WIDTH="166" VPOS="368" HPOS="925" CONTENT="inspiré" ID="r2l12_10" STYLEREFS="FONT0"/>
            <SP HEIGHT="44" WIDTH="15" VPOS="368" HPOS="1091"/>
            <String HEIGHT="44" WIDTH="76" VPOS="368" HPOS="1030" CONTENT="que" ID="r2l12_11" STYLEREFS="FONT0"/>
          </TextLine>
          <TextLine ID="r2l13" BASELINE="445" HEIGHT="42" WIDTH="105" VPOS="403" HPOS="139">
            <String HEIGHT="42" WIDTH="135" VPOS="403" HPOS="109" CONTENT="moi...»" ID="r2l13_1" STYLEREFS="FONT0"/>
          </TextLine>
          <TextLine ID="r2l14" BASELINE="492" HEIGHT="76" WIDTH="961" VPOS="416" HPOS="141">
            <String HEIGHT="76" WIDTH="108" VPOS="416" HPOS="129" CONTENT="23783" ID="r2l14_1" STYLEREFS="FONT0"/>
            <SP HEIGHT="76" WIDTH="12" VPOS="416" HPOS="237"/>
            <String HEIGHT="76" WIDTH="156" VPOS="416" HPOS="201" CONTENT="CONDORCET" ID="r2l14_2" STYLEREFS="FONT0"/>
            <SP HEIGHT="76" WIDTH="12" VPOS="416" HPOS="357"/>
            <String HEIGHT="76" WIDTH="84" VPOS="416" HPOS="321" CONTENT="(le" ID="r2l14_3" STYLEREFS="FONT0"/>
            <SP HEIGHT="76" WIDTH="12" VPOS="416" HPOS="405"/>
            <String HEIGHT="76" WIDTH="132" VPOS="416" HPOS="369" CONTENT="marquis" ID="r2l14_4" STYLEREFS="FONT0"/>
            <SP HEIGHT="76" WIDTH="12" VPOS="416" HPOS="501"/>
            <String HEIGHT="76" WIDTH="96" VPOS="416" HPOS="465" CONTENT="de)," ID="r2l14_5" STYLEREFS="FONT0"/>
            <SP HEIGHT="76" WIDTH="12" VPOS="416" HPOS="561"/>
            <String HEIGHT="76" WIDTH="144" VPOS="416" HPOS="525" CONTENT="illustre" ID="r2l14_6" STYLEREFS="FONT0"/>
            <SP HEIGHT="76" WIDTH="12" VPOS="416" HPOS="670"/>
            <String HEIGHT="76" WIDTH="120" VPOS="416" HPOS="634" CONTENT="savant" ID="r2l14_7" STYLEREFS="FONT0"/>
            <SP HEIGHT="76" WIDTH="12" VPOS="416" HPOS="754"/>
            <String HEIGHT="76" WIDTH="72" VPOS="416" HPOS="718" CONTENT="et" ID="r2l14_8" STYLEREFS="FONT0"/>
            <SP HEIGHT="76" WIDTH="12" VPOS="416" HPOS="790"/>
            <String HEIGHT="76" WIDTH="156" VPOS="416" HPOS="754" CONTENT="écrivain." ID="r2l14_9" STYLEREFS="FONT0"/>
            <SP HEIGHT="76" WIDTH="12" VPOS="416" HPOS="910"/>
            <String HEIGHT="76" WIDTH="108" VPOS="416" HPOS="874" CONTENT="P." ID="r2l14_10" STYLEREFS="FONT2"/>
            <SP HEIGHT="76" WIDTH="12" VPOS="416" HPOS="982"/>
            <String HEIGHT="76" WIDTH="132" VPOS="416" HPOS="946" CONTENT="a." ID="r2l14_11" STYLEREFS="FONT2"/>
            <SP HEIGHT="76" WIDTH="12" VPOS="416" HPOS="1078"/>
            <String HEIGHT="76" WIDTH="72" VPOS="416" HPOS="1030" CONTENT="avec" ID="r2l14_12" STYLEREFS="FONT0"/>
          </TextLine>
          <TextLine ID="r2l16" BASELINE="523" HEIGHT="54" WIDTH="594" VPOS="469" HPOS="138">
            <String HEIGHT="54" WIDTH="136" VPOS="469" HPOS="126" CONTENT="ratures" ID="r2l16_1" STYLEREFS="FONT0"/>
            <SP HEIGHT="54" WIDTH="12" VPOS="469" HPOS="262"/>
            <String HEIGHT="54" WIDTH="74" VPOS="469" HPOS="225" CONTENT="et" ID="r2l16_2" STYLEREFS="FONT0"/>
            <SP HEIGHT="54" WIDTH="12" VPOS="469" HPOS="299"/>
            <String HEIGHT="54" WIDTH="161" VPOS="469" HPOS="262" CONTENT="correct.;" ID="r2l16_3" STYLEREFS="FONT0"/>
            <SP HEIGHT="54" WIDTH="12" VPOS="469" HPOS="423"/>
            <String HEIGHT="54" WIDTH="149" VPOS="469" HPOS="386" CONTENT="(1791?)," ID="r2l16_4" STYLEREFS="FONT0"/>
            <SP HEIGHT="54" WIDTH="12" VPOS="469" HPOS="534"/>
            <String HEIGHT="54" WIDTH="62" VPOS="469" HPOS="497" CONTENT="1" ID="r2l16_5" STYLEREFS="FONT0"/>
            <SP HEIGHT="54" WIDTH="12" VPOS="469" HPOS="559"/>
            <String HEIGHT="54" WIDTH="74" VPOS="469" HPOS="522" CONTENT="p." ID="r2l16_6" STYLEREFS="FONT0"/>
            <SP HEIGHT="54" WIDTH="12" VPOS="469" HPOS="596"/>
            <String HEIGHT="54" WIDTH="87" VPOS="469" HPOS="559" CONTENT="1/4" ID="r2l16_7" STYLEREFS="FONT0"/>
            <SP HEIGHT="54" WIDTH="12" VPOS="469" HPOS="645"/>
            <String HEIGHT="54" WIDTH="111" VPOS="469" HPOS="608" CONTENT="in-4." ID="r2l16_8" STYLEREFS="FONT0"/>
            <SP HEIGHT="54" WIDTH="12" VPOS="469" HPOS="720"/>
            <String HEIGHT="54" WIDTH="62" VPOS="469" HPOS="683" CONTENT="4" ID="r2l16_9" STYLEREFS="FONT0"/>
            <SP HEIGHT="54" WIDTH="12" VPOS="469" HPOS="744"/>
            <String HEIGHT="54" WIDTH="37" VPOS="469" HPOS="695" CONTENT="»" ID="r2l16_10" STYLEREFS="FONT0"/>
          </TextLine>
          <TextLine ID="r2l17" BASELINE="553" HEIGHT="67" WIDTH="932" VPOS="486" HPOS="172">
            <String HEIGHT="67" WIDTH="143" VPOS="486" HPOS="158" CONTENT="Projet" ID="r2l17_1" STYLEREFS="FONT0"/>
            <SP HEIGHT="67" WIDTH="14" VPOS="486" HPOS="301"/>
            <String HEIGHT="67" WIDTH="129" VPOS="486" HPOS="258" CONTENT="d’une" ID="r2l17_2" STYLEREFS="FONT0"/>
            <SP HEIGHT="67" WIDTH="14" VPOS="486" HPOS="387"/>
            <String HEIGHT="67" WIDTH="158" VPOS="486" HPOS="344" CONTENT="adresse" ID="r2l17_3" STYLEREFS="FONT0"/>
            <SP HEIGHT="67" WIDTH="14" VPOS="486" HPOS="502"/>
            <String HEIGHT="67" WIDTH="86" VPOS="486" HPOS="459" CONTENT="de" ID="r2l17_4" STYLEREFS="FONT0"/>
            <SP HEIGHT="67" WIDTH="14" VPOS="486" HPOS="545"/>
            <String HEIGHT="67" WIDTH="201" VPOS="486" HPOS="502" CONTENT="l’Académie" ID="r2l17_5" STYLEREFS="FONT0"/>
            <SP HEIGHT="67" WIDTH="14" VPOS="486" HPOS="703"/>
            <String HEIGHT="67" WIDTH="100" VPOS="486" HPOS="660" CONTENT="des" ID="r2l17_6" STYLEREFS="FONT0"/>
            <SP HEIGHT="67" WIDTH="14" VPOS="486" HPOS="760"/>
            <String HEIGHT="67" WIDTH="172" VPOS="486" HPOS="717" CONTENT="sciences" ID="r2l17_7" STYLEREFS="FONT0"/>
            <SP HEIGHT="67" WIDTH="14" VPOS="486" HPOS="889"/>
            <String HEIGHT="67" WIDTH="72" VPOS="486" HPOS="846" CONTENT="à" ID="r2l17_8" STYLEREFS="FONT0"/>
            <SP HEIGHT="67" WIDTH="14" VPOS="486" HPOS="918"/>
            <String HEIGHT="67" WIDTH="215" VPOS="486" HPOS="875" CONTENT="l’Assemblée" ID="r2l17_9" STYLEREFS="FONT0"/>
            <SP HEIGHT="67" WIDTH="14" VPOS="486" HPOS="1090"/>
            <String HEIGHT="67" WIDTH="72" VPOS="486" HPOS="1032" CONTENT="na" SUBS_TYPE="HypPart1" SUBS_CONTENT="nationale" ID="r2l17_10" STYLEREFS="FONT0"/>
            <HYP CONTENT="-"/>
          </TextLine>
          <TextLine ID="r2l18" BASELINE="590" HEIGHT="49" WIDTH="971" VPOS="541" HPOS="134">
            <String HEIGHT="49" WIDTH="153" VPOS="541" HPOS="120" CONTENT="tionale" SUBS_TYPE="HypPart2" SUBS_CONTENT="nationale" ID="r2l18_1" STYLEREFS="FONT0"/>
            <SP HEIGHT="49" WIDTH="14" VPOS="541" HPOS="273"/>
            <String HEIGHT="49" WIDTH="111" VPOS="541" HPOS="231" CONTENT="pour" ID="r2l18_2" STYLEREFS="FONT0"/>
            <SP HEIGHT="49" WIDTH="14" VPOS="541" HPOS="342"/>
            <String HEIGHT="49" WIDTH="97" VPOS="541" HPOS="300" CONTENT="lui" ID="r2l18_3" STYLEREFS="FONT0"/>
            <SP HEIGHT="49" WIDTH="14" VPOS="541" HPOS="398"/>
            <String HEIGHT="49" WIDTH="180" VPOS="541" HPOS="356" CONTENT="témoigner" ID="r2l18_4" STYLEREFS="FONT0"/>
            <SP HEIGHT="49" WIDTH="14" VPOS="541" HPOS="536"/>
            <String HEIGHT="49" WIDTH="83" VPOS="541" HPOS="495" CONTENT="sa" ID="r2l18_5" STYLEREFS="FONT0"/>
            <SP HEIGHT="49" WIDTH="14" VPOS="541" HPOS="578"/>
            <String HEIGHT="49" WIDTH="250" VPOS="541" HPOS="536" CONTENT="reconnaissance" ID="r2l18_6" STYLEREFS="FONT0"/>
            <SP HEIGHT="49" WIDTH="14" VPOS="541" HPOS="786"/>
            <String HEIGHT="49" WIDTH="83" VPOS="541" HPOS="744" CONTENT="de" ID="r2l18_7" STYLEREFS="FONT0"/>
            <SP HEIGHT="49" WIDTH="14" VPOS="541" HPOS="828"/>
            <String HEIGHT="49" WIDTH="83" VPOS="541" HPOS="786" CONTENT="la" ID="r2l18_8" STYLEREFS="FONT0"/>
            <SP HEIGHT="49" WIDTH="14" VPOS="541" HPOS="869"/>
            <String HEIGHT="49" WIDTH="180" VPOS="541" HPOS="828" CONTENT="confiance" ID="r2l18_9" STYLEREFS="FONT0"/>
            <SP HEIGHT="49" WIDTH="14" VPOS="541" HPOS="1008"/>
            <String HEIGHT="49" WIDTH="111" VPOS="541" HPOS="966" CONTENT="dont" ID="r2l18_10" STYLEREFS="FONT0"/>
            <SP HEIGHT="49" WIDTH="14" VPOS="541" HPOS="1077"/>
            <String HEIGHT="49" WIDTH="83" VPOS="541" HPOS="1022" CONTENT="elle" ID="r2l18_11" STYLEREFS="FONT0"/>
          </TextLine>
          <TextLine ID="r2l20" BASELINE="627" HEIGHT="44" WIDTH="565" VPOS="583" HPOS="134">
            <String HEIGHT="44" WIDTH="45" VPOS="583" HPOS="125" CONTENT="a" ID="r2l20_1" STYLEREFS="FONT0"/>
            <SP HEIGHT="44" WIDTH="9" VPOS="583" HPOS="170"/>
            <String HEIGHT="44" WIDTH="72" VPOS="583" HPOS="143" CONTENT="bien" ID="r2l20_2" STYLEREFS="FONT0"/>
            <SP HEIGHT="44" WIDTH="9" VPOS="583" HPOS="215"/>
            <String HEIGHT="44" WIDTH="81" VPOS="583" HPOS="188" CONTENT="voulu" ID="r2l20_3" STYLEREFS="FONT0"/>
            <SP HEIGHT="44" WIDTH="9" VPOS="583" HPOS="269"/>
            <String HEIGHT="44" WIDTH="63" VPOS="583" HPOS="242" CONTENT="lui" ID="r2l20_4" STYLEREFS="FONT0"/>
            <SP HEIGHT="44" WIDTH="9" VPOS="583" HPOS="304"/>
            <String HEIGHT="44" WIDTH="90" VPOS="583" HPOS="277" CONTENT="donner" ID="r2l20_5" STYLEREFS="FONT0"/>
            <SP HEIGHT="44" WIDTH="9" VPOS="583" HPOS="367"/>
            <String HEIGHT="44" WIDTH="63" VPOS="583" HPOS="340" CONTENT="des" ID="r2l20_6" STYLEREFS="FONT0"/>
            <SP HEIGHT="44" WIDTH="9" VPOS="583" HPOS="403"/>
            <String HEIGHT="44" WIDTH="108" VPOS="583" HPOS="376" CONTENT="marques." ID="r2l20_7" STYLEREFS="FONT0"/>
            <SP HEIGHT="44" WIDTH="9" VPOS="583" HPOS="484"/>
            <String HEIGHT="44" WIDTH="45" VPOS="583" HPOS="457" CONTENT="—" ID="r2l20_8" STYLEREFS="FONT0"/>
            <SP HEIGHT="44" WIDTH="9" VPOS="583" HPOS="502"/>
            <String HEIGHT="44" WIDTH="135" VPOS="583" HPOS="475" CONTENT="Document" ID="r2l20_9" STYLEREFS="FONT2"/>
            <SP HEIGHT="44" WIDTH="9" VPOS="583" HPOS="609"/>
            <String HEIGHT="44" WIDTH="126" VPOS="583" HPOS="573" CONTENT="curieux" ID="r2l20_10" STYLEREFS="FONT2"/>
          </TextLine>
          <TextLine ID="r2l21" BASELINE="654" HEIGHT="41" WIDTH="965" VPOS="613" HPOS="139">
            <String HEIGHT="41" WIDTH="114" VPOS="613" HPOS="126" CONTENT="23784" ID="r2l21_1" STYLEREFS="FONT0"/>
            <SP HEIGHT="41" WIDTH="13" VPOS="613" HPOS="241"/>
            <String HEIGHT="41" WIDTH="140" VPOS="613" HPOS="202" CONTENT="COURIER" ID="r2l21_2" STYLEREFS="FONT0"/>
            <SP HEIGHT="41" WIDTH="13" VPOS="613" HPOS="342"/>
            <String HEIGHT="41" WIDTH="89" VPOS="613" HPOS="304" CONTENT="(P." ID="r2l21_3" STYLEREFS="FONT0"/>
            <SP HEIGHT="41" WIDTH="13" VPOS="613" HPOS="393"/>
            <String HEIGHT="41" WIDTH="102" VPOS="613" HPOS="355" CONTENT="L.)," ID="r2l21_4" STYLEREFS="FONT0"/>
            <SP HEIGHT="41" WIDTH="13" VPOS="613" HPOS="456"/>
            <String HEIGHT="41" WIDTH="165" VPOS="613" HPOS="418" CONTENT="spirituel" ID="r2l21_5" STYLEREFS="FONT0"/>
            <SP HEIGHT="41" WIDTH="13" VPOS="613" HPOS="583"/>
            <String HEIGHT="41" WIDTH="152" VPOS="613" HPOS="545" CONTENT="écrivain" ID="r2l21_6" STYLEREFS="FONT0"/>
            <SP HEIGHT="41" WIDTH="13" VPOS="613" HPOS="698"/>
            <String HEIGHT="41" WIDTH="76" VPOS="613" HPOS="660" CONTENT="et" ID="r2l21_7" STYLEREFS="FONT0"/>
            <SP HEIGHT="41" WIDTH="13" VPOS="613" HPOS="736"/>
            <String HEIGHT="41" WIDTH="127" VPOS="613" HPOS="698" CONTENT="savant" ID="r2l21_8" STYLEREFS="FONT0"/>
            <SP HEIGHT="41" WIDTH="13" VPOS="613" HPOS="825"/>
            <String HEIGHT="41" WIDTH="190" VPOS="613" HPOS="787" CONTENT="helléniste," ID="r2l21_9" STYLEREFS="FONT0"/>
            <SP HEIGHT="41" WIDTH="13" VPOS="613" HPOS="977"/>
            <String HEIGHT="41" WIDTH="165" VPOS="613" HPOS="939" CONTENT="assassiné" ID="r2l21_10" STYLEREFS="FONT0"/>
            <SP HEIGHT="41" WIDTH="13" VPOS="613" HPOS="1104"/>
            <String HEIGHT="41" WIDTH="51" VPOS="613" HPOS="1053" CONTENT="en" ID="r2l21_11" STYLEREFS="FONT0"/>
          </TextLine>
          <TextLine ID="r2l22" BASELINE="700" HEIGHT="49" WIDTH="969" VPOS="651" HPOS="135">
            <String HEIGHT="49" WIDTH="108" VPOS="651" HPOS="123" CONTENT="1825." ID="r2l22_1" STYLEREFS="FONT0"/>
            <SP HEIGHT="49" WIDTH="12" VPOS="651" HPOS="231"/>
            <String HEIGHT="49" WIDTH="108" VPOS="651" HPOS="195" CONTENT="L." ID="r2l22_2" STYLEREFS="FONT2"/>
            <SP HEIGHT="49" WIDTH="12" VPOS="651" HPOS="302"/>
            <String HEIGHT="49" WIDTH="120" VPOS="651" HPOS="267" CONTENT="a" ID="r2l22_3" STYLEREFS="FONT2"/>
            <SP HEIGHT="49" WIDTH="12" VPOS="651" HPOS="386"/>
            <String HEIGHT="49" WIDTH="72" VPOS="651" HPOS="350" CONTENT="s." ID="r2l22_4" STYLEREFS="FONT0"/>
            <SP HEIGHT="49" WIDTH="12" VPOS="651" HPOS="422"/>
            <String HEIGHT="49" WIDTH="60" VPOS="651" HPOS="386" CONTENT="à" ID="r2l22_5" STYLEREFS="FONT0"/>
            <SP HEIGHT="49" WIDTH="12" VPOS="651" HPOS="446"/>
            <String HEIGHT="49" WIDTH="72" VPOS="651" HPOS="410" CONTENT="M." ID="r2l22_6" STYLEREFS="FONT0"/>
            <SP HEIGHT="49" WIDTH="12" VPOS="651" HPOS="482"/>
            <String HEIGHT="49" WIDTH="179" VPOS="651" HPOS="446" CONTENT="Boissonade;" ID="r2l22_7" STYLEREFS="FONT0"/>
            <SP HEIGHT="49" WIDTH="12" VPOS="651" HPOS="625"/>
            <String HEIGHT="49" WIDTH="60" VPOS="651" HPOS="590" CONTENT="7" ID="r2l22_8" STYLEREFS="FONT0"/>
            <SP HEIGHT="49" WIDTH="12" VPOS="651" HPOS="649"/>
            <String HEIGHT="49" WIDTH="108" VPOS="651" HPOS="614" CONTENT="sept." ID="r2l22_9" STYLEREFS="FONT0"/>
            <SP HEIGHT="49" WIDTH="12" VPOS="651" HPOS="721"/>
            <String HEIGHT="49" WIDTH="108" VPOS="651" HPOS="685" CONTENT="1813," ID="r2l22_10" STYLEREFS="FONT0"/>
            <SP HEIGHT="49" WIDTH="12" VPOS="651" HPOS="793"/>
            <String HEIGHT="49" WIDTH="84" VPOS="651" HPOS="757" CONTENT="3/4" ID="r2l22_11" STYLEREFS="FONT0"/>
            <SP HEIGHT="49" WIDTH="12" VPOS="651" HPOS="841"/>
            <String HEIGHT="49" WIDTH="72" VPOS="651" HPOS="805" CONTENT="de" ID="r2l22_12" STYLEREFS="FONT0"/>
            <SP HEIGHT="49" WIDTH="12" VPOS="651" HPOS="877"/>
            <String HEIGHT="49" WIDTH="72" VPOS="651" HPOS="841" CONTENT="p." ID="r2l22_13" STYLEREFS="FONT0"/>
            <SP HEIGHT="49" WIDTH="12" VPOS="651" HPOS="913"/>
            <String HEIGHT="49" WIDTH="108" VPOS="651" HPOS="877" CONTENT="in-8." ID="r2l22_14" STYLEREFS="FONT0"/>
            <SP HEIGHT="49" WIDTH="12" VPOS="651" HPOS="984"/>
            <String HEIGHT="49" WIDTH="167" VPOS="651" HPOS="937" CONTENT="Rare" ID="r2l22_15" STYLEREFS="FONT2"/>
          </TextLine>
          <TextLine ID="r2l23" BASELINE="719" HEIGHT="39" WIDTH="87" VPOS="680" HPOS="1018">
            <String HEIGHT="39" WIDTH="131" VPOS="680" HPOS="996" CONTENT="15" ID="r2l23_1" STYLEREFS="FONT0"/>
            <SP HEIGHT="39" WIDTH="22" VPOS="680" HPOS="1127"/>
            <String HEIGHT="39" WIDTH="65" VPOS="680" HPOS="1040" CONTENT="»" ID="r2l23_2" STYLEREFS="FONT0"/>
          </TextLine>
          <TextLine ID="r2l24" BASELINE="753" HEIGHT="60" WIDTH="941" VPOS="693" HPOS="169">
            <String HEIGHT="60" WIDTH="175" VPOS="693" HPOS="153" CONTENT="Demande" ID="r2l24_1" STYLEREFS="FONT0"/>
            <SP HEIGHT="60" WIDTH="16" VPOS="693" HPOS="328"/>
            <String HEIGHT="60" WIDTH="96" VPOS="693" HPOS="281" CONTENT="de" ID="r2l24_2" STYLEREFS="FONT0"/>
            <SP HEIGHT="60" WIDTH="16" VPOS="693" HPOS="376"/>
            <String HEIGHT="60" WIDTH="287" VPOS="693" HPOS="328" CONTENT="renseignements" ID="r2l24_3" STYLEREFS="FONT0"/>
            <SP HEIGHT="60" WIDTH="16" VPOS="693" HPOS="616"/>
            <String HEIGHT="60" WIDTH="112" VPOS="693" HPOS="568" CONTENT="sur" ID="r2l24_4" STYLEREFS="FONT0"/>
            <SP HEIGHT="60" WIDTH="16" VPOS="693" HPOS="679"/>
            <String HEIGHT="60" WIDTH="96" VPOS="693" HPOS="632" CONTENT="un" ID="r2l24_5" STYLEREFS="FONT0"/>
            <SP HEIGHT="60" WIDTH="16" VPOS="693" HPOS="727"/>
            <String HEIGHT="60" WIDTH="191" VPOS="693" HPOS="679" CONTENT="discours" ID="r2l24_6" STYLEREFS="FONT0"/>
            <SP HEIGHT="60" WIDTH="16" VPOS="693" HPOS="871"/>
            <String HEIGHT="60" WIDTH="175" VPOS="693" HPOS="823" CONTENT="d’Isée," ID="r2l24_7" STYLEREFS="FONT0"/>
            <SP HEIGHT="60" WIDTH="16" VPOS="693" HPOS="998"/>
            <String HEIGHT="60" WIDTH="175" VPOS="693" HPOS="951" CONTENT="imprimé" ID="r2l24_8" STYLEREFS="FONT0"/>
            <SP HEIGHT="60" WIDTH="16" VPOS="693" HPOS="1126"/>
            <String HEIGHT="60" WIDTH="48" VPOS="693" HPOS="1062" CONTENT="à" ID="r2l24_9" STYLEREFS="FONT0"/>
          </TextLine>
          <TextLine ID="r2l25" BASELINE="793" HEIGHT="47" WIDTH="730" VPOS="746" HPOS="138">
            <String HEIGHT="47" WIDTH="161" VPOS="746" HPOS="123" CONTENT="Londres" ID="r2l25_1" STYLEREFS="FONT0"/>
            <SP HEIGHT="47" WIDTH="15" VPOS="746" HPOS="284"/>
            <String HEIGHT="47" WIDTH="88" VPOS="746" HPOS="240" CONTENT="en" ID="r2l25_2" STYLEREFS="FONT0"/>
            <SP HEIGHT="47" WIDTH="15" VPOS="746" HPOS="328"/>
            <String HEIGHT="47" WIDTH="131" VPOS="746" HPOS="284" CONTENT="1785," ID="r2l25_3" STYLEREFS="FONT0"/>
            <SP HEIGHT="47" WIDTH="15" VPOS="746" HPOS="415"/>
            <String HEIGHT="47" WIDTH="161" VPOS="746" HPOS="372" CONTENT="d’après" ID="r2l25_4" STYLEREFS="FONT0"/>
            <SP HEIGHT="47" WIDTH="15" VPOS="746" HPOS="532"/>
            <String HEIGHT="47" WIDTH="88" VPOS="746" HPOS="488" CONTENT="un" ID="r2l25_5" STYLEREFS="FONT0"/>
            <SP HEIGHT="47" WIDTH="15" VPOS="746" HPOS="576"/>
            <String HEIGHT="47" WIDTH="190" VPOS="746" HPOS="532" CONTENT="manuscrit" ID="r2l25_6" STYLEREFS="FONT0"/>
            <SP HEIGHT="47" WIDTH="15" VPOS="746" HPOS="722"/>
            <String HEIGHT="47" WIDTH="88" VPOS="746" HPOS="678" CONTENT="de" ID="r2l25_7" STYLEREFS="FONT0"/>
            <SP HEIGHT="47" WIDTH="15" VPOS="746" HPOS="766"/>
            <String HEIGHT="47" WIDTH="161" VPOS="746" HPOS="707" CONTENT="Florence." ID="r2l25_8" STYLEREFS="FONT0"/>
          </TextLine>
          <TextLine ID="r2l26" BASELINE="827" HEIGHT="65" WIDTH="947" VPOS="762" HPOS="153">
            <String HEIGHT="65" WIDTH="125" VPOS="762" HPOS="139" CONTENT="23785" ID="r2l26_1" STYLEREFS="FONT0"/>
            <SP HEIGHT="65" WIDTH="14" VPOS="762" HPOS="264"/>
            <String HEIGHT="65" WIDTH="153" VPOS="762" HPOS="223" CONTENT="COUTHON" ID="r2l26_2" STYLEREFS="FONT0"/>
            <SP HEIGHT="65" WIDTH="14" VPOS="762" HPOS="376"/>
            <String HEIGHT="65" WIDTH="181" VPOS="762" HPOS="334" CONTENT="(George)," ID="r2l26_3" STYLEREFS="FONT0"/>
            <SP HEIGHT="65" WIDTH="14" VPOS="762" HPOS="515"/>
            <String HEIGHT="65" WIDTH="153" VPOS="762" HPOS="473" CONTENT="célèbre" ID="r2l26_4" STYLEREFS="FONT0"/>
            <SP HEIGHT="65" WIDTH="14" VPOS="762" HPOS="627"/>
            <String HEIGHT="65" WIDTH="237" VPOS="762" HPOS="585" CONTENT="conventionnel" ID="r2l26_5" STYLEREFS="FONT0"/>
            <SP HEIGHT="65" WIDTH="14" VPOS="762" HPOS="821"/>
            <String HEIGHT="65" WIDTH="84" VPOS="762" HPOS="780" CONTENT="et" ID="r2l26_6" STYLEREFS="FONT0"/>
            <SP HEIGHT="65" WIDTH="14" VPOS="762" HPOS="863"/>
            <String HEIGHT="65" WIDTH="139" VPOS="762" HPOS="821" CONTENT="membre" ID="r2l26_7" STYLEREFS="FONT0"/>
            <SP HEIGHT="65" WIDTH="14" VPOS="762" HPOS="961"/>
            <String HEIGHT="65" WIDTH="84" VPOS="762" HPOS="919" CONTENT="du" ID="r2l26_8" STYLEREFS="FONT0"/>
            <SP HEIGHT="65" WIDTH="14" VPOS="762" HPOS="1003"/>
            <String HEIGHT="65" WIDTH="139" VPOS="762" HPOS="961" CONTENT="Comité" ID="r2l26_9" STYLEREFS="FONT0"/>
            <SP HEIGHT="65" WIDTH="14" VPOS="762" HPOS="1100"/>
            <String HEIGHT="65" WIDTH="56" VPOS="762" HPOS="1044" CONTENT="de" ID="r2l26_10" STYLEREFS="FONT0"/>
          </TextLine>
          <TextLine ID="r2l27" BASELINE="858" HEIGHT="36" WIDTH="968" VPOS="822" HPOS="137">
            <String HEIGHT="36" WIDTH="112" VPOS="822" HPOS="125" CONTENT="salut" ID="r2l27_1" STYLEREFS="FONT0"/>
            <SP HEIGHT="36" WIDTH="12" VPOS="822" HPOS="236"/>
            <String HEIGHT="36" WIDTH="137" VPOS="822" HPOS="199" CONTENT="public," ID="r2l27_2" STYLEREFS="FONT0"/>
            <SP HEIGHT="36" WIDTH="12" VPOS="822" HPOS="336"/>
            <String HEIGHT="36" WIDTH="149" VPOS="822" HPOS="298" CONTENT="décapité" ID="r2l27_3" STYLEREFS="FONT0"/>
            <SP HEIGHT="36" WIDTH="12" VPOS="822" HPOS="447"/>
            <String HEIGHT="36" WIDTH="99" VPOS="822" HPOS="410" CONTENT="avec" ID="r2l27_4" STYLEREFS="FONT0"/>
            <SP HEIGHT="36" WIDTH="12" VPOS="822" HPOS="509"/>
            <String HEIGHT="36" WIDTH="199" VPOS="822" HPOS="472" CONTENT="Robespierre." ID="r2l27_5" STYLEREFS="FONT0"/>
            <SP HEIGHT="36" WIDTH="12" VPOS="822" HPOS="671"/>
            <String HEIGHT="36" WIDTH="74" VPOS="822" HPOS="633" CONTENT="P." ID="r2l27_6" STYLEREFS="FONT0"/>
            <SP HEIGHT="36" WIDTH="12" VPOS="822" HPOS="708"/>
            <String HEIGHT="36" WIDTH="87" VPOS="822" HPOS="671" CONTENT="s.," ID="r2l27_7" STYLEREFS="FONT0"/>
            <SP HEIGHT="36" WIDTH="12" VPOS="822" HPOS="758"/>
            <String HEIGHT="36" WIDTH="99" VPOS="822" HPOS="720" CONTENT="sig." ID="r2l27_8" STYLEREFS="FONT0"/>
            <SP HEIGHT="36" WIDTH="12" VPOS="822" HPOS="820"/>
            <String HEIGHT="36" WIDTH="112" VPOS="822" HPOS="782" CONTENT="aussi" ID="r2l27_9" STYLEREFS="FONT0"/>
            <SP HEIGHT="36" WIDTH="12" VPOS="822" HPOS="894"/>
            <String HEIGHT="36" WIDTH="87" VPOS="822" HPOS="857" CONTENT="par" ID="r2l27_10" STYLEREFS="FONT0"/>
            <SP HEIGHT="36" WIDTH="12" VPOS="822" HPOS="944"/>
            <String HEIGHT="36" WIDTH="211" VPOS="822" HPOS="894" CONTENT="Pastoret" ID="r2l27_11" STYLEREFS="FONT2"/>
          </TextLine>
          <TextLine ID="r2l28" BASELINE="888" HEIGHT="39" WIDTH="970" VPOS="849" HPOS="135">
            <String HEIGHT="39" WIDTH="79" VPOS="849" HPOS="122" CONTENT="et" ID="r2l28_1" STYLEREFS="FONT0"/>
            <SP HEIGHT="39" WIDTH="13" VPOS="849" HPOS="201"/>
            <String HEIGHT="39" WIDTH="249" VPOS="849" HPOS="161" CONTENT="Lémontey" ID="r2l28_2" STYLEREFS="FONT2"/>
            <SP HEIGHT="39" WIDTH="13" VPOS="849" HPOS="410"/>
            <String HEIGHT="39" WIDTH="131" VPOS="849" HPOS="371" CONTENT="Paris," ID="r2l28_3" STYLEREFS="FONT0"/>
            <SP HEIGHT="39" WIDTH="13" VPOS="849" HPOS="502"/>
            <String HEIGHT="39" WIDTH="79" VPOS="849" HPOS="463" CONTENT="26" ID="r2l28_4" STYLEREFS="FONT0"/>
            <SP HEIGHT="39" WIDTH="13" VPOS="849" HPOS="541"/>
            <String HEIGHT="39" WIDTH="105" VPOS="849" HPOS="502" CONTENT="nov." ID="r2l28_5" STYLEREFS="FONT0"/>
            <SP HEIGHT="39" WIDTH="13" VPOS="849" HPOS="607"/>
            <String HEIGHT="39" WIDTH="118" VPOS="849" HPOS="568" CONTENT="1791," ID="r2l28_6" STYLEREFS="FONT0"/>
            <SP HEIGHT="39" WIDTH="13" VPOS="849" HPOS="686"/>
            <String HEIGHT="39" WIDTH="92" VPOS="849" HPOS="646" CONTENT="1/2" ID="r2l28_7" STYLEREFS="FONT0"/>
            <SP HEIGHT="39" WIDTH="13" VPOS="849" HPOS="738"/>
            <String HEIGHT="39" WIDTH="79" VPOS="849" HPOS="699" CONTENT="p." ID="r2l28_8" STYLEREFS="FONT0"/>
            <SP HEIGHT="39" WIDTH="13" VPOS="849" HPOS="777"/>
            <String HEIGHT="39" WIDTH="118" VPOS="849" HPOS="738" CONTENT="in-4," ID="r2l28_9" STYLEREFS="FONT0"/>
            <SP HEIGHT="39" WIDTH="13" VPOS="849" HPOS="856"/>
            <String HEIGHT="39" WIDTH="105" VPOS="849" HPOS="817" CONTENT="vig." ID="r2l28_10" STYLEREFS="FONT0"/>
            <SP HEIGHT="39" WIDTH="13" VPOS="849" HPOS="921"/>
            <String HEIGHT="39" WIDTH="79" VPOS="849" HPOS="882" CONTENT="et" ID="r2l28_11" STYLEREFS="FONT0"/>
            <SP HEIGHT="39" WIDTH="13" VPOS="849" HPOS="961"/>
            <String HEIGHT="39" WIDTH="144" VPOS="849" HPOS="921" CONTENT="cachet." ID="r2l28_12" STYLEREFS="FONT0"/>
            <SP HEIGHT="39" WIDTH="13" VPOS="849" HPOS="1066"/>
            <String HEIGHT="39" WIDTH="92" VPOS="849" HPOS="1013" CONTENT="Très" SUBS_TYPE="HypPart1" SUBS_CONTENT="Trèsbelle" ID="r2l28_13" STYLEREFS="FONT0"/>
            <HYP CONTENT="-"/>
          </TextLine>
          <TextLine ID="r2l31" BASELINE="925" HEIGHT="41" WIDTH="157" VPOS="884" HPOS="134">
            <String HEIGHT="41" WIDTH="71" VPOS="884" HPOS="126" CONTENT="belle" SUBS_TYPE="HypPart2" SUBS_CONTENT="Trèsbelle" ID="r2l31_1" STYLEREFS="FONT0"/>
            <SP HEIGHT="41" WIDTH="8" VPOS="884" HPOS="197"/>
            <String HEIGHT="41" WIDTH="79" VPOS="884" HPOS="173" CONTENT="pièce." ID="r2l31_2" STYLEREFS="FONT0"/>
            <SP HEIGHT="41" WIDTH="8" VPOS="884" HPOS="252"/>
            <String HEIGHT="41" WIDTH="55" VPOS="884" HPOS="228" CONTENT="4" ID="r2l31_3" STYLEREFS="FONT1"/>
            <SP HEIGHT="41" WIDTH="8" VPOS="884" HPOS="283"/>
            <String HEIGHT="41" WIDTH="31" VPOS="884" HPOS="260" CONTENT="" ID="r2l31_4" STYLEREFS="FONT1"/>
            <SP HEIGHT="41" WIDTH="8" VPOS="884" HPOS="291"/>
            <String HEIGHT="41" WIDTH="31" VPOS="884" HPOS="260" CONTENT="»" ID="r2l31_5" STYLEREFS="FONT1"/>
          </TextLine>
          <TextLine ID="r2l32" BASELINE="967" HEIGHT="65" WIDTH="936" VPOS="902" HPOS="167">
            <String HEIGHT="65" WIDTH="196" VPOS="902" HPOS="153" CONTENT="Certificat" ID="r2l32_1" STYLEREFS="FONT0"/>
            <SP HEIGHT="65" WIDTH="14" VPOS="902" HPOS="349"/>
            <String HEIGHT="65" WIDTH="84" VPOS="902" HPOS="307" CONTENT="de" ID="r2l32_2" STYLEREFS="FONT0"/>
            <SP HEIGHT="65" WIDTH="14" VPOS="902" HPOS="391"/>
            <String HEIGHT="65" WIDTH="98" VPOS="902" HPOS="349" CONTENT="vie" ID="r2l32_3" STYLEREFS="FONT0"/>
            <SP HEIGHT="65" WIDTH="14" VPOS="902" HPOS="446"/>
            <String HEIGHT="65" WIDTH="154" VPOS="902" HPOS="404" CONTENT="accordé" ID="r2l32_4" STYLEREFS="FONT0"/>
            <SP HEIGHT="65" WIDTH="14" VPOS="902" HPOS="558"/>
            <String HEIGHT="65" WIDTH="70" VPOS="902" HPOS="516" CONTENT="à" ID="r2l32_5" STYLEREFS="FONT0"/>
            <SP HEIGHT="65" WIDTH="14" VPOS="902" HPOS="586"/>
            <String HEIGHT="65" WIDTH="84" VPOS="902" HPOS="544" CONTENT="M." ID="r2l32_6" STYLEREFS="FONT0"/>
            <SP HEIGHT="65" WIDTH="14" VPOS="902" HPOS="628"/>
            <String HEIGHT="65" WIDTH="126" VPOS="902" HPOS="586" CONTENT="Duval" ID="r2l32_7" STYLEREFS="FONT0"/>
            <SP HEIGHT="65" WIDTH="14" VPOS="902" HPOS="712"/>
            <String HEIGHT="65" WIDTH="126" VPOS="902" HPOS="670" CONTENT="aîné," ID="r2l32_8" STYLEREFS="FONT0"/>
            <SP HEIGHT="65" WIDTH="14" VPOS="902" HPOS="796"/>
            <String HEIGHT="65" WIDTH="140" VPOS="902" HPOS="754" CONTENT="député" ID="r2l32_9" STYLEREFS="FONT0"/>
            <SP HEIGHT="65" WIDTH="14" VPOS="902" HPOS="893"/>
            <String HEIGHT="65" WIDTH="84" VPOS="902" HPOS="852" CONTENT="de" ID="r2l32_10" STYLEREFS="FONT0"/>
            <SP HEIGHT="65" WIDTH="14" VPOS="902" HPOS="935"/>
            <String HEIGHT="65" WIDTH="224" VPOS="902" HPOS="893" CONTENT="Loir-et-Cher" ID="r2l32_11" STYLEREFS="FONT0"/>
            <SP HEIGHT="65" WIDTH="14" VPOS="902" HPOS="1117"/>
            <String HEIGHT="65" WIDTH="42" VPOS="902" HPOS="1061" CONTENT="à" ID="r2l32_12" STYLEREFS="FONT0"/>
          </TextLine>
          <TextLine ID="r2l33" BASELINE="993" HEIGHT="45" WIDTH="309" VPOS="948" HPOS="127">
            <String HEIGHT="45" WIDTH="211" VPOS="948" HPOS="113" CONTENT="l’Assemblée" ID="r2l33_1" STYLEREFS="FONT0"/>
            <SP HEIGHT="45" WIDTH="14" VPOS="948" HPOS="324"/>
            <String HEIGHT="45" WIDTH="169" VPOS="948" HPOS="267" CONTENT="nationale." ID="r2l33_2" STYLEREFS="FONT0"/>
          </TextLine>
          <TextLine ID="r2l34" BASELINE="1031" HEIGHT="67" WIDTH="959" VPOS="964" HPOS="139">
            <String HEIGHT="67" WIDTH="127" VPOS="964" HPOS="125" CONTENT="23786" ID="r2l34_1" STYLEREFS="FONT0"/>
            <SP HEIGHT="67" WIDTH="14" VPOS="964" HPOS="252"/>
            <String HEIGHT="67" WIDTH="141" VPOS="964" HPOS="210" CONTENT="CRÉQUI" ID="r2l34_2" STYLEREFS="FONT0"/>
            <SP HEIGHT="67" WIDTH="14" VPOS="964" HPOS="351"/>
            <String HEIGHT="67" WIDTH="197" VPOS="964" HPOS="308" CONTENT="(François," ID="r2l34_3" STYLEREFS="FONT0"/>
            <SP HEIGHT="67" WIDTH="14" VPOS="964" HPOS="506"/>
            <String HEIGHT="67" WIDTH="155" VPOS="964" HPOS="463" CONTENT="marquis" ID="r2l34_4" STYLEREFS="FONT0"/>
            <SP HEIGHT="67" WIDTH="14" VPOS="964" HPOS="619"/>
            <String HEIGHT="67" WIDTH="113" VPOS="964" HPOS="576" CONTENT="de)," ID="r2l34_5" STYLEREFS="FONT0"/>
            <SP HEIGHT="67" WIDTH="14" VPOS="964" HPOS="689"/>
            <String HEIGHT="67" WIDTH="169" VPOS="964" HPOS="647" CONTENT="maréchal" ID="r2l34_6" STYLEREFS="FONT0"/>
            <SP HEIGHT="67" WIDTH="14" VPOS="964" HPOS="816"/>
            <String HEIGHT="67" WIDTH="85" VPOS="964" HPOS="774" CONTENT="de" ID="r2l34_7" STYLEREFS="FONT0"/>
            <SP HEIGHT="67" WIDTH="14" VPOS="964" HPOS="858"/>
            <String HEIGHT="67" WIDTH="155" VPOS="964" HPOS="816" CONTENT="France," ID="r2l34_8" STYLEREFS="FONT0"/>
            <SP HEIGHT="67" WIDTH="14" VPOS="964" HPOS="971"/>
            <String HEIGHT="67" WIDTH="85" VPOS="964" HPOS="929" CONTENT="un" ID="r2l34_9" STYLEREFS="FONT0"/>
            <SP HEIGHT="67" WIDTH="14" VPOS="964" HPOS="1013"/>
            <String HEIGHT="67" WIDTH="99" VPOS="964" HPOS="971" CONTENT="des" ID="r2l34_10" STYLEREFS="FONT0"/>
            <SP HEIGHT="67" WIDTH="14" VPOS="964" HPOS="1070"/>
            <String HEIGHT="67" WIDTH="85" VPOS="964" HPOS="1013" CONTENT="plus" ID="r2l34_11" STYLEREFS="FONT0"/>
          </TextLine>
          <TextLine ID="r2l35" BASELINE="1067" HEIGHT="43" WIDTH="962" VPOS="1024" HPOS="137">
            <String HEIGHT="43" WIDTH="132" VPOS="1024" HPOS="124" CONTENT="grands" ID="r2l35_1" STYLEREFS="FONT0"/>
            <SP HEIGHT="43" WIDTH="13" VPOS="1024" HPOS="256"/>
            <String HEIGHT="43" WIDTH="184" VPOS="1024" HPOS="216" CONTENT="capitaines" ID="r2l35_2" STYLEREFS="FONT0"/>
            <SP HEIGHT="43" WIDTH="13" VPOS="1024" HPOS="401"/>
            <String HEIGHT="43" WIDTH="79" VPOS="1024" HPOS="361" CONTENT="du" ID="r2l35_3" STYLEREFS="FONT0"/>
            <SP HEIGHT="43" WIDTH="13" VPOS="1024" HPOS="440"/>
            <String HEIGHT="43" WIDTH="132" VPOS="1024" HPOS="401" CONTENT="siècle" ID="r2l35_4" STYLEREFS="FONT0"/>
            <SP HEIGHT="43" WIDTH="13" VPOS="1024" HPOS="532"/>
            <String HEIGHT="43" WIDTH="79" VPOS="1024" HPOS="493" CONTENT="de" ID="r2l35_5" STYLEREFS="FONT0"/>
            <SP HEIGHT="43" WIDTH="13" VPOS="1024" HPOS="572"/>
            <String HEIGHT="43" WIDTH="119" VPOS="1024" HPOS="532" CONTENT="Louis" ID="r2l35_6" STYLEREFS="FONT0"/>
            <SP HEIGHT="43" WIDTH="13" VPOS="1024" HPOS="651"/>
            <String HEIGHT="43" WIDTH="105" VPOS="1024" HPOS="611" CONTENT="XIV." ID="r2l35_7" STYLEREFS="FONT0"/>
            <SP HEIGHT="43" WIDTH="13" VPOS="1024" HPOS="717"/>
            <String HEIGHT="43" WIDTH="198" VPOS="1024" HPOS="677" CONTENT="P.s;" ID="r2l35_8" STYLEREFS="FONT2"/>
            <SP HEIGHT="43" WIDTH="13" VPOS="1024" HPOS="875"/>
            <String HEIGHT="43" WIDTH="79" VPOS="1024" HPOS="835" CONTENT="12" ID="r2l35_9" STYLEREFS="FONT0"/>
            <SP HEIGHT="43" WIDTH="13" VPOS="1024" HPOS="915"/>
            <String HEIGHT="43" WIDTH="119" VPOS="1024" HPOS="875" CONTENT="avril" ID="r2l35_10" STYLEREFS="FONT0"/>
            <SP HEIGHT="43" WIDTH="13" VPOS="1024" HPOS="994"/>
            <String HEIGHT="43" WIDTH="119" VPOS="1024" HPOS="954" CONTENT="1659," ID="r2l35_11" STYLEREFS="FONT0"/>
            <SP HEIGHT="43" WIDTH="13" VPOS="1024" HPOS="1073"/>
            <String HEIGHT="43" WIDTH="66" VPOS="1024" HPOS="1033" CONTENT="2" ID="r2l35_12" STYLEREFS="FONT0"/>
            <SP HEIGHT="43" WIDTH="13" VPOS="1024" HPOS="1099"/>
            <String HEIGHT="43" WIDTH="53" VPOS="1024" HPOS="1046" CONTENT="p." ID="r2l35_13" STYLEREFS="FONT0"/>
          </TextLine>
          <TextLine ID="r2l38" BASELINE="1098" HEIGHT="44" WIDTH="86" VPOS="1054" HPOS="134">
            <String HEIGHT="44" WIDTH="73" VPOS="1054" HPOS="127" CONTENT="in-fol." ID="r2l38_1" STYLEREFS="FONT0"/>
            <SP HEIGHT="44" WIDTH="7" VPOS="1054" HPOS="200"/>
            <String HEIGHT="44" WIDTH="33" VPOS="1054" HPOS="180" CONTENT="3" ID="r2l38_2" STYLEREFS="FONT0"/>
            <SP HEIGHT="44" WIDTH="7" VPOS="1054" HPOS="213"/>
            <String HEIGHT="44" WIDTH="33" VPOS="1054" HPOS="187" CONTENT="&gt;»)" ID="r2l38_3" STYLEREFS="FONT0"/>
          </TextLine>
          <TextLine ID="r2l42" BASELINE="1135" HEIGHT="48" WIDTH="968" VPOS="1087" HPOS="137">
            <String HEIGHT="48" WIDTH="100" VPOS="1087" HPOS="126" CONTENT="23787" ID="r2l42_1" STYLEREFS="FONT0"/>
            <SP HEIGHT="48" WIDTH="11" VPOS="1087" HPOS="226"/>
            <String HEIGHT="48" WIDTH="111" VPOS="1087" HPOS="193" CONTENT="CUVIER" ID="r2l42_2" STYLEREFS="FONT0"/>
            <SP HEIGHT="48" WIDTH="11" VPOS="1087" HPOS="304"/>
            <String HEIGHT="48" WIDTH="145" VPOS="1087" HPOS="271" CONTENT="(George)," ID="r2l42_3" STYLEREFS="FONT0"/>
            <SP HEIGHT="48" WIDTH="11" VPOS="1087" HPOS="415"/>
            <String HEIGHT="48" WIDTH="134" VPOS="1087" HPOS="382" CONTENT="illustre" ID="r2l42_4" STYLEREFS="FONT0"/>
            <SP HEIGHT="48" WIDTH="11" VPOS="1087" HPOS="515"/>
            <String HEIGHT="48" WIDTH="167" VPOS="1087" HPOS="482" CONTENT="naturaliste" ID="r2l42_5" STYLEREFS="FONT0"/>
            <SP HEIGHT="48" WIDTH="11" VPOS="1087" HPOS="649"/>
            <String HEIGHT="48" WIDTH="67" VPOS="1087" HPOS="615" CONTENT="et" ID="r2l42_6" STYLEREFS="FONT0"/>
            <SP HEIGHT="48" WIDTH="11" VPOS="1087" HPOS="682"/>
            <String HEIGHT="48" WIDTH="145" VPOS="1087" HPOS="649" CONTENT="écrivain," ID="r2l42_7" STYLEREFS="FONT0"/>
            <SP HEIGHT="48" WIDTH="11" VPOS="1087" HPOS="793"/>
            <String HEIGHT="48" WIDTH="67" VPOS="1087" HPOS="760" CONTENT="de" ID="r2l42_8" STYLEREFS="FONT0"/>
            <SP HEIGHT="48" WIDTH="11" VPOS="1087" HPOS="827"/>
            <String HEIGHT="48" WIDTH="122" VPOS="1087" HPOS="793" CONTENT="l’Acad." ID="r2l42_9" STYLEREFS="FONT0"/>
            <SP HEIGHT="48" WIDTH="11" VPOS="1087" HPOS="916"/>
            <String HEIGHT="48" WIDTH="78" VPOS="1087" HPOS="882" CONTENT="fr." ID="r2l42_10" STYLEREFS="FONT0"/>
            <SP HEIGHT="48" WIDTH="11" VPOS="1087" HPOS="960"/>
            <String HEIGHT="48" WIDTH="100" VPOS="1087" HPOS="927" CONTENT="L." ID="r2l42_11" STYLEREFS="FONT2"/>
            <SP HEIGHT="48" WIDTH="11" VPOS="1087" HPOS="1027"/>
            <String HEIGHT="48" WIDTH="122" VPOS="1087" HPOS="983" CONTENT="as&lt;." ID="r2l42_12" STYLEREFS="FONT2"/>
          </TextLine>
          <TextLine ID="r2l43" BASELINE="1164" HEIGHT="41" WIDTH="972" VPOS="1123" HPOS="132">
            <String HEIGHT="41" WIDTH="71" VPOS="1123" HPOS="118" CONTENT="à" ID="r2l43_1" STYLEREFS="FONT0"/>
            <SP HEIGHT="41" WIDTH="14" VPOS="1123" HPOS="189"/>
            <String HEIGHT="41" WIDTH="100" VPOS="1123" HPOS="146" CONTENT="son" ID="r2l43_2" STYLEREFS="FONT0"/>
            <SP HEIGHT="41" WIDTH="14" VPOS="1123" HPOS="246"/>
            <String HEIGHT="41" WIDTH="172" VPOS="1123" HPOS="203" CONTENT="collègue" ID="r2l43_3" STYLEREFS="FONT0"/>
            <SP HEIGHT="41" WIDTH="14" VPOS="1123" HPOS="375"/>
            <String HEIGHT="41" WIDTH="143" VPOS="1123" HPOS="332" CONTENT="Tenon;" ID="r2l43_4" STYLEREFS="FONT0"/>
            <SP HEIGHT="41" WIDTH="14" VPOS="1123" HPOS="475"/>
            <String HEIGHT="41" WIDTH="143" VPOS="1123" HPOS="432" CONTENT="Paris," ID="r2l43_5" STYLEREFS="FONT0"/>
            <SP HEIGHT="41" WIDTH="14" VPOS="1123" HPOS="575"/>
            <String HEIGHT="41" WIDTH="86" VPOS="1123" HPOS="532" CONTENT="16" ID="r2l43_6" STYLEREFS="FONT0"/>
            <SP HEIGHT="41" WIDTH="14" VPOS="1123" HPOS="618"/>
            <String HEIGHT="41" WIDTH="172" VPOS="1123" HPOS="575" CONTENT="pluviôse" ID="r2l43_7" STYLEREFS="FONT0"/>
            <SP HEIGHT="41" WIDTH="14" VPOS="1123" HPOS="747"/>
            <String HEIGHT="41" WIDTH="86" VPOS="1123" HPOS="704" CONTENT="an" ID="r2l43_8" STYLEREFS="FONT0"/>
            <SP HEIGHT="41" WIDTH="14" VPOS="1123" HPOS="790"/>
            <String HEIGHT="41" WIDTH="129" VPOS="1123" HPOS="747" CONTENT="XIII," ID="r2l43_9" STYLEREFS="FONT0"/>
            <SP HEIGHT="41" WIDTH="14" VPOS="1123" HPOS="875"/>
            <String HEIGHT="41" WIDTH="71" VPOS="1123" HPOS="832" CONTENT="1" ID="r2l43_10" STYLEREFS="FONT0"/>
            <SP HEIGHT="41" WIDTH="14" VPOS="1123" HPOS="904"/>
            <String HEIGHT="41" WIDTH="86" VPOS="1123" HPOS="861" CONTENT="p." ID="r2l43_11" STYLEREFS="FONT0"/>
            <SP HEIGHT="41" WIDTH="14" VPOS="1123" HPOS="947"/>
            <String HEIGHT="41" WIDTH="129" VPOS="1123" HPOS="904" CONTENT="in-4," ID="r2l43_12" STYLEREFS="FONT0"/>
            <SP HEIGHT="41" WIDTH="14" VPOS="1123" HPOS="1033"/>
            <String HEIGHT="41" WIDTH="114" VPOS="1123" HPOS="990" CONTENT="vig." ID="r2l43_13" STYLEREFS="FONT0"/>
            <SP HEIGHT="41" WIDTH="14" VPOS="1123" HPOS="1104"/>
            <String HEIGHT="41" WIDTH="57" VPOS="1123" HPOS="1047" CONTENT="et" ID="r2l43_14" STYLEREFS="FONT0"/>
          </TextLine>
          <TextLine ID="r2l45" BASELINE="1202" HEIGHT="42" WIDTH="471" VPOS="1160" HPOS="137">
            <String HEIGHT="42" WIDTH="94" VPOS="1160" HPOS="125" CONTENT="tête" ID="r2l45_1" STYLEREFS="FONT0"/>
            <SP HEIGHT="42" WIDTH="12" VPOS="1160" HPOS="219"/>
            <String HEIGHT="42" WIDTH="106" VPOS="1160" HPOS="184" CONTENT="impr," ID="r2l45_2" STYLEREFS="FONT0"/>
            <SP HEIGHT="42" WIDTH="12" VPOS="1160" HPOS="290"/>
            <String HEIGHT="42" WIDTH="71" VPOS="1160" HPOS="255" CONTENT="de" ID="r2l45_3" STYLEREFS="FONT0"/>
            <SP HEIGHT="42" WIDTH="12" VPOS="1160" HPOS="325"/>
            <String HEIGHT="42" WIDTH="177" VPOS="1160" HPOS="290" CONTENT="l’Institut." ID="r2l45_4" STYLEREFS="FONT0"/>
            <SP HEIGHT="42" WIDTH="12" VPOS="1160" HPOS="467"/>
            <String HEIGHT="42" WIDTH="106" VPOS="1160" HPOS="431" CONTENT="Jolie" ID="r2l45_5" STYLEREFS="FONT0"/>
            <SP HEIGHT="42" WIDTH="12" VPOS="1160" HPOS="537"/>
            <String HEIGHT="42" WIDTH="118" VPOS="1160" HPOS="502" CONTENT="pièce." ID="r2l45_6" STYLEREFS="FONT0"/>
            <SP HEIGHT="42" WIDTH="12" VPOS="1160" HPOS="620"/>
            <String HEIGHT="42" WIDTH="35" VPOS="1160" HPOS="573" CONTENT="v" ID="r2l45_7" STYLEREFS="FONT0"/>
          </TextLine>
          <TextLine ID="r2l47" BASELINE="1231" HEIGHT="35" WIDTH="966" VPOS="1196" HPOS="134">
            <String HEIGHT="35" WIDTH="117" VPOS="1196" HPOS="121" CONTENT="23788" ID="r2l47_1" STYLEREFS="FONT0"/>
            <SP HEIGHT="35" WIDTH="13" VPOS="1196" HPOS="238"/>
            <String HEIGHT="35" WIDTH="131" VPOS="1196" HPOS="199" CONTENT="DARCET" ID="r2l47_2" STYLEREFS="FONT0"/>
            <SP HEIGHT="35" WIDTH="13" VPOS="1196" HPOS="330"/>
            <String HEIGHT="35" WIDTH="144" VPOS="1196" HPOS="291" CONTENT="(Jean)," ID="r2l47_3" STYLEREFS="FONT0"/>
            <SP HEIGHT="35" WIDTH="13" VPOS="1196" HPOS="434"/>
            <String HEIGHT="35" WIDTH="144" VPOS="1196" HPOS="395" CONTENT="célèbre" ID="r2l47_4" STYLEREFS="FONT0"/>
            <SP HEIGHT="35" WIDTH="13" VPOS="1196" HPOS="539"/>
            <String HEIGHT="35" WIDTH="170" VPOS="1196" HPOS="500" CONTENT="chimiste," ID="r2l47_5" STYLEREFS="FONT0"/>
            <SP HEIGHT="35" WIDTH="13" VPOS="1196" HPOS="669"/>
            <String HEIGHT="35" WIDTH="91" VPOS="1196" HPOS="630" CONTENT="ami" ID="r2l47_6" STYLEREFS="FONT0"/>
            <SP HEIGHT="35" WIDTH="13" VPOS="1196" HPOS="721"/>
            <String HEIGHT="35" WIDTH="78" VPOS="1196" HPOS="682" CONTENT="de" ID="r2l47_7" STYLEREFS="FONT0"/>
            <SP HEIGHT="35" WIDTH="13" VPOS="1196" HPOS="761"/>
            <String HEIGHT="35" WIDTH="209" VPOS="1196" HPOS="721" CONTENT="Montesquieu," ID="r2l47_8" STYLEREFS="FONT0"/>
            <SP HEIGHT="35" WIDTH="13" VPOS="1196" HPOS="930"/>
            <String HEIGHT="35" WIDTH="117" VPOS="1196" HPOS="891" CONTENT="élève" ID="r2l47_9" STYLEREFS="FONT0"/>
            <SP HEIGHT="35" WIDTH="13" VPOS="1196" HPOS="1009"/>
            <String HEIGHT="35" WIDTH="78" VPOS="1196" HPOS="969" CONTENT="et" ID="r2l47_10" STYLEREFS="FONT0"/>
            <SP HEIGHT="35" WIDTH="13" VPOS="1196" HPOS="1048"/>
            <String HEIGHT="35" WIDTH="104" VPOS="1196" HPOS="996" CONTENT="gendre" ID="r2l47_11" STYLEREFS="FONT0"/>
          </TextLine>
          <TextLine ID="r2l48" BASELINE="1278" HEIGHT="46" WIDTH="964" VPOS="1232" HPOS="131">
            <String HEIGHT="46" WIDTH="88" VPOS="1232" HPOS="116" CONTENT="de" ID="r2l48_1" STYLEREFS="FONT0"/>
            <SP HEIGHT="46" WIDTH="15" VPOS="1232" HPOS="204"/>
            <String HEIGHT="46" WIDTH="175" VPOS="1232" HPOS="160" CONTENT="Rouelle," ID="r2l48_2" STYLEREFS="FONT0"/>
            <SP HEIGHT="46" WIDTH="15" VPOS="1232" HPOS="335"/>
            <String HEIGHT="46" WIDTH="146" VPOS="1232" HPOS="292" CONTENT="membre" ID="r2l48_3" STYLEREFS="FONT0"/>
            <SP HEIGHT="46" WIDTH="15" VPOS="1232" HPOS="438"/>
            <String HEIGHT="46" WIDTH="88" VPOS="1232" HPOS="394" CONTENT="de" ID="r2l48_4" STYLEREFS="FONT0"/>
            <SP HEIGHT="46" WIDTH="15" VPOS="1232" HPOS="482"/>
            <String HEIGHT="46" WIDTH="219" VPOS="1232" HPOS="438" CONTENT="l’Institut." ID="r2l48_5" STYLEREFS="FONT0"/>
            <SP HEIGHT="46" WIDTH="15" VPOS="1232" HPOS="657"/>
            <String HEIGHT="46" WIDTH="161" VPOS="1232" HPOS="613" CONTENT="Mémoire" ID="r2l48_6" STYLEREFS="FONT0"/>
            <SP HEIGHT="46" WIDTH="15" VPOS="1232" HPOS="774"/>
            <String HEIGHT="46" WIDTH="117" VPOS="1232" HPOS="730" CONTENT="aut." ID="r2l48_7" STYLEREFS="FONT0"/>
            <SP HEIGHT="46" WIDTH="15" VPOS="1232" HPOS="847"/>
            <String HEIGHT="46" WIDTH="131" VPOS="1232" HPOS="803" CONTENT="sig.;" ID="r2l48_8" STYLEREFS="FONT0"/>
            <SP HEIGHT="46" WIDTH="15" VPOS="1232" HPOS="934"/>
            <String HEIGHT="46" WIDTH="73" VPOS="1232" HPOS="891" CONTENT="9" ID="r2l48_9" STYLEREFS="FONT0"/>
            <SP HEIGHT="46" WIDTH="15" VPOS="1232" HPOS="964"/>
            <String HEIGHT="46" WIDTH="131" VPOS="1232" HPOS="920" CONTENT="janv." ID="r2l48_10" STYLEREFS="FONT0"/>
            <SP HEIGHT="46" WIDTH="15" VPOS="1232" HPOS="1051"/>
            <String HEIGHT="46" WIDTH="102" VPOS="1232" HPOS="993" CONTENT="1787." ID="r2l48_11" STYLEREFS="FONT0"/>
          </TextLine>
          <TextLine ID="r2l50" BASELINE="1307" HEIGHT="46" WIDTH="189" VPOS="1261" HPOS="159">
            <String HEIGHT="46" WIDTH="47" VPOS="1261" HPOS="150" CONTENT="2" ID="r2l50_1" STYLEREFS="FONT0"/>
            <SP HEIGHT="46" WIDTH="9" VPOS="1261" HPOS="197"/>
            <String HEIGHT="46" WIDTH="57" VPOS="1261" HPOS="168" CONTENT="p." ID="r2l50_2" STYLEREFS="FONT0"/>
            <SP HEIGHT="46" WIDTH="9" VPOS="1261" HPOS="225"/>
            <String HEIGHT="46" WIDTH="66" VPOS="1261" HPOS="197" CONTENT="1/2" ID="r2l50_3" STYLEREFS="FONT0"/>
            <SP HEIGHT="46" WIDTH="9" VPOS="1261" HPOS="263"/>
            <String HEIGHT="46" WIDTH="104" VPOS="1261" HPOS="235" CONTENT="in-fol." ID="r2l50_4" STYLEREFS="FONT0"/>
            <SP HEIGHT="46" WIDTH="9" VPOS="1261" HPOS="339"/>
            <String HEIGHT="46" WIDTH="47" VPOS="1261" HPOS="310" CONTENT="5" ID="r2l50_5" STYLEREFS="FONT0"/>
            <SP HEIGHT="46" WIDTH="9" VPOS="1261" HPOS="357"/>
            <String HEIGHT="46" WIDTH="28" VPOS="1261" HPOS="320" CONTENT="»" ID="r2l50_6" STYLEREFS="FONT0"/>
          </TextLine>
          <TextLine ID="r2l52" BASELINE="1336" HEIGHT="67" WIDTH="931" VPOS="1269" HPOS="172">
            <String HEIGHT="67" WIDTH="155" VPOS="1269" HPOS="158" CONTENT="Superbe" ID="r2l52_1" STYLEREFS="FONT0"/>
            <SP HEIGHT="67" WIDTH="14" VPOS="1269" HPOS="313"/>
            <String HEIGHT="67" WIDTH="141" VPOS="1269" HPOS="271" CONTENT="pièce," ID="r2l52_2" STYLEREFS="FONT0"/>
            <SP HEIGHT="67" WIDTH="14" VPOS="1269" HPOS="412"/>
            <String HEIGHT="67" WIDTH="85" VPOS="1269" HPOS="369" CONTENT="où" ID="r2l52_3" STYLEREFS="FONT0"/>
            <SP HEIGHT="67" WIDTH="14" VPOS="1269" HPOS="454"/>
            <String HEIGHT="67" WIDTH="141" VPOS="1269" HPOS="412" CONTENT="Darcet" ID="r2l52_4" STYLEREFS="FONT0"/>
            <SP HEIGHT="67" WIDTH="14" VPOS="1269" HPOS="553"/>
            <String HEIGHT="67" WIDTH="169" VPOS="1269" HPOS="511" CONTENT="rapporte" ID="r2l52_5" STYLEREFS="FONT0"/>
            <SP HEIGHT="67" WIDTH="14" VPOS="1269" HPOS="680"/>
            <String HEIGHT="67" WIDTH="127" VPOS="1269" HPOS="638" CONTENT="qu’il" ID="r2l52_6" STYLEREFS="FONT0"/>
            <SP HEIGHT="67" WIDTH="14" VPOS="1269" HPOS="764"/>
            <String HEIGHT="67" WIDTH="71" VPOS="1269" HPOS="722" CONTENT="a" ID="r2l52_7" STYLEREFS="FONT0"/>
            <SP HEIGHT="67" WIDTH="14" VPOS="1269" HPOS="793"/>
            <String HEIGHT="67" WIDTH="99" VPOS="1269" HPOS="750" CONTENT="été" ID="r2l52_8" STYLEREFS="FONT0"/>
            <SP HEIGHT="67" WIDTH="14" VPOS="1269" HPOS="849"/>
            <String HEIGHT="67" WIDTH="127" VPOS="1269" HPOS="807" CONTENT="nommé" ID="r2l52_9" STYLEREFS="FONT0"/>
            <SP HEIGHT="67" WIDTH="14" VPOS="1269" HPOS="934"/>
            <String HEIGHT="67" WIDTH="71" VPOS="1269" HPOS="891" CONTENT="à" ID="r2l52_10" STYLEREFS="FONT0"/>
            <SP HEIGHT="67" WIDTH="14" VPOS="1269" HPOS="962"/>
            <String HEIGHT="67" WIDTH="85" VPOS="1269" HPOS="920" CONTENT="la" ID="r2l52_11" STYLEREFS="FONT0"/>
            <SP HEIGHT="67" WIDTH="14" VPOS="1269" HPOS="1004"/>
            <String HEIGHT="67" WIDTH="141" VPOS="1269" HPOS="962" CONTENT="chaire" ID="r2l52_12" STYLEREFS="FONT0"/>
            <SP HEIGHT="67" WIDTH="14" VPOS="1269" HPOS="1103"/>
            <String HEIGHT="67" WIDTH="56" VPOS="1269" HPOS="1047" CONTENT="de" ID="r2l52_13" STYLEREFS="FONT0"/>
          </TextLine>
          <TextLine ID="r2l53" BASELINE="1366" HEIGHT="41" WIDTH="973" VPOS="1325" HPOS="134">
            <String HEIGHT="41" WIDTH="145" VPOS="1325" HPOS="119" CONTENT="chimie" ID="r2l53_1" STYLEREFS="FONT0"/>
            <SP HEIGHT="41" WIDTH="15" VPOS="1325" HPOS="265"/>
            <String HEIGHT="41" WIDTH="247" VPOS="1325" HPOS="221" CONTENT="expérimentale" ID="r2l53_2" STYLEREFS="FONT0"/>
            <SP HEIGHT="41" WIDTH="15" VPOS="1325" HPOS="468"/>
            <String HEIGHT="41" WIDTH="87" VPOS="1325" HPOS="424" CONTENT="au" ID="r2l53_3" STYLEREFS="FONT0"/>
            <SP HEIGHT="41" WIDTH="15" VPOS="1325" HPOS="512"/>
            <String HEIGHT="41" WIDTH="160" VPOS="1325" HPOS="468" CONTENT="Collège" ID="r2l53_4" STYLEREFS="FONT0"/>
            <SP HEIGHT="41" WIDTH="15" VPOS="1325" HPOS="628"/>
            <String HEIGHT="41" WIDTH="87" VPOS="1325" HPOS="584" CONTENT="de" ID="r2l53_5" STYLEREFS="FONT0"/>
            <SP HEIGHT="41" WIDTH="15" VPOS="1325" HPOS="671"/>
            <String HEIGHT="41" WIDTH="145" VPOS="1325" HPOS="628" CONTENT="France" ID="r2l53_6" STYLEREFS="FONT0"/>
            <SP HEIGHT="41" WIDTH="15" VPOS="1325" HPOS="773"/>
            <String HEIGHT="41" WIDTH="87" VPOS="1325" HPOS="729" CONTENT="en" ID="r2l53_7" STYLEREFS="FONT0"/>
            <SP HEIGHT="41" WIDTH="15" VPOS="1325" HPOS="817"/>
            <String HEIGHT="41" WIDTH="131" VPOS="1325" HPOS="773" CONTENT="1774," ID="r2l53_8" STYLEREFS="FONT0"/>
            <SP HEIGHT="41" WIDTH="15" VPOS="1325" HPOS="904"/>
            <String HEIGHT="41" WIDTH="87" VPOS="1325" HPOS="860" CONTENT="et" ID="r2l53_9" STYLEREFS="FONT0"/>
            <SP HEIGHT="41" WIDTH="15" VPOS="1325" HPOS="947"/>
            <String HEIGHT="41" WIDTH="131" VPOS="1325" HPOS="904" CONTENT="donne" ID="r2l53_10" STYLEREFS="FONT0"/>
            <SP HEIGHT="41" WIDTH="15" VPOS="1325" HPOS="1034"/>
            <String HEIGHT="41" WIDTH="102" VPOS="1325" HPOS="991" CONTENT="des" ID="r2l53_11" STYLEREFS="FONT0"/>
            <SP HEIGHT="41" WIDTH="15" VPOS="1325" HPOS="1092"/>
            <String HEIGHT="41" WIDTH="73" VPOS="1325" HPOS="1034" CONTENT="dé" SUBS_TYPE="HypPart1" SUBS_CONTENT="détails" ID="r2l53_12" STYLEREFS="FONT0"/>
            <HYP CONTENT="-"/>
          </TextLine>
          <TextLine ID="r2l54" BASELINE="1401" HEIGHT="44" WIDTH="931" VPOS="1357" HPOS="131">
            <String HEIGHT="44" WIDTH="123" VPOS="1357" HPOS="117" CONTENT="tails" SUBS_TYPE="HypPart2" SUBS_CONTENT="détails" ID="r2l54_1" STYLEREFS="FONT0"/>
            <SP HEIGHT="44" WIDTH="14" VPOS="1357" HPOS="241"/>
            <String HEIGHT="44" WIDTH="96" VPOS="1357" HPOS="199" CONTENT="sur" ID="r2l54_2" STYLEREFS="FONT0"/>
            <SP HEIGHT="44" WIDTH="14" VPOS="1357" HPOS="295"/>
            <String HEIGHT="44" WIDTH="82" VPOS="1357" HPOS="254" CONTENT="ce" ID="r2l54_3" STYLEREFS="FONT0"/>
            <SP HEIGHT="44" WIDTH="14" VPOS="1357" HPOS="336"/>
            <String HEIGHT="44" WIDTH="123" VPOS="1357" HPOS="295" CONTENT="qu’il" ID="r2l54_4" STYLEREFS="FONT0"/>
            <SP HEIGHT="44" WIDTH="14" VPOS="1357" HPOS="419"/>
            <String HEIGHT="44" WIDTH="68" VPOS="1357" HPOS="377" CONTENT="a" ID="r2l54_5" STYLEREFS="FONT0"/>
            <SP HEIGHT="44" WIDTH="14" VPOS="1357" HPOS="446"/>
            <String HEIGHT="44" WIDTH="123" VPOS="1357" HPOS="405" CONTENT="fait." ID="r2l54_6" STYLEREFS="FONT0"/>
            <SP HEIGHT="44" WIDTH="14" VPOS="1357" HPOS="528"/>
            <String HEIGHT="44" WIDTH="82" VPOS="1357" HPOS="487" CONTENT="Il" ID="r2l54_7" STYLEREFS="FONT0"/>
            <SP HEIGHT="44" WIDTH="14" VPOS="1357" HPOS="569"/>
            <String HEIGHT="44" WIDTH="151" VPOS="1357" HPOS="528" CONTENT="demande" ID="r2l54_8" STYLEREFS="FONT0"/>
            <SP HEIGHT="44" WIDTH="14" VPOS="1357" HPOS="679"/>
            <String HEIGHT="44" WIDTH="68" VPOS="1357" HPOS="638" CONTENT="à" ID="r2l54_9" STYLEREFS="FONT0"/>
            <SP HEIGHT="44" WIDTH="14" VPOS="1357" HPOS="706"/>
            <String HEIGHT="44" WIDTH="110" VPOS="1357" HPOS="665" CONTENT="être" ID="r2l54_10" STYLEREFS="FONT0"/>
            <SP HEIGHT="44" WIDTH="14" VPOS="1357" HPOS="774"/>
            <String HEIGHT="44" WIDTH="164" VPOS="1357" HPOS="733" CONTENT="rémunéré" ID="r2l54_11" STYLEREFS="FONT0"/>
            <SP HEIGHT="44" WIDTH="14" VPOS="1357" HPOS="898"/>
            <String HEIGHT="44" WIDTH="82" VPOS="1357" HPOS="857" CONTENT="de" ID="r2l54_12" STYLEREFS="FONT0"/>
            <SP HEIGHT="44" WIDTH="14" VPOS="1357" HPOS="939"/>
            <String HEIGHT="44" WIDTH="96" VPOS="1357" HPOS="898" CONTENT="ses" ID="r2l54_13" STYLEREFS="FONT0"/>
            <SP HEIGHT="44" WIDTH="14" VPOS="1357" HPOS="994"/>
            <String HEIGHT="44" WIDTH="123" VPOS="1357" HPOS="939" CONTENT="peines." ID="r2l54_14" STYLEREFS="FONT0"/>
          </TextLine>
          <TextLine ID="r2l55" BASELINE="1436" HEIGHT="41" WIDTH="976" VPOS="1395" HPOS="129">
            <String HEIGHT="41" WIDTH="122" VPOS="1395" HPOS="115" CONTENT="23789" ID="r2l55_1" STYLEREFS="FONT0"/>
            <SP HEIGHT="41" WIDTH="14" VPOS="1395" HPOS="237"/>
            <String HEIGHT="41" WIDTH="136" VPOS="1395" HPOS="197" CONTENT="DARCET" ID="r2l55_2" STYLEREFS="FONT0"/>
            <SP HEIGHT="41" WIDTH="14" VPOS="1395" HPOS="332"/>
            <String HEIGHT="41" WIDTH="95" VPOS="1395" HPOS="292" CONTENT="(J." ID="r2l55_3" STYLEREFS="FONT0"/>
            <SP HEIGHT="41" WIDTH="14" VPOS="1395" HPOS="387"/>
            <String HEIGHT="41" WIDTH="81" VPOS="1395" HPOS="346" CONTENT="P." ID="r2l55_4" STYLEREFS="FONT0"/>
            <SP HEIGHT="41" WIDTH="14" VPOS="1395" HPOS="427"/>
            <String HEIGHT="41" WIDTH="136" VPOS="1395" HPOS="387" CONTENT="Jos.)," ID="r2l55_5" STYLEREFS="FONT0"/>
            <SP HEIGHT="41" WIDTH="14" VPOS="1395" HPOS="522"/>
            <String HEIGHT="41" WIDTH="136" VPOS="1395" HPOS="481" CONTENT="savant" ID="r2l55_6" STYLEREFS="FONT0"/>
            <SP HEIGHT="41" WIDTH="14" VPOS="1395" HPOS="617"/>
            <String HEIGHT="41" WIDTH="176" VPOS="1395" HPOS="576" CONTENT="chimiste," ID="r2l55_7" STYLEREFS="FONT0"/>
            <SP HEIGHT="41" WIDTH="14" VPOS="1395" HPOS="753"/>
            <String HEIGHT="41" WIDTH="108" VPOS="1395" HPOS="712" CONTENT="fils" ID="r2l55_8" STYLEREFS="FONT0"/>
            <SP HEIGHT="41" WIDTH="14" VPOS="1395" HPOS="820"/>
            <String HEIGHT="41" WIDTH="81" VPOS="1395" HPOS="780" CONTENT="du" ID="r2l55_9" STYLEREFS="FONT0"/>
            <SP HEIGHT="41" WIDTH="14" VPOS="1395" HPOS="861"/>
            <String HEIGHT="41" WIDTH="190" VPOS="1395" HPOS="820" CONTENT="précédent," ID="r2l55_10" STYLEREFS="FONT0"/>
            <SP HEIGHT="41" WIDTH="14" VPOS="1395" HPOS="1010"/>
            <String HEIGHT="41" WIDTH="136" VPOS="1395" HPOS="969" CONTENT="membre" ID="r2l55_11" STYLEREFS="FONT0"/>
            <SP HEIGHT="41" WIDTH="14" VPOS="1395" HPOS="1105"/>
            <String HEIGHT="41" WIDTH="54" VPOS="1395" HPOS="1051" CONTENT="de" ID="r2l55_12" STYLEREFS="FONT0"/>
          </TextLine>
          <TextLine ID="r2l56" BASELINE="1482" HEIGHT="49" WIDTH="968" VPOS="1433" HPOS="132">
            <String HEIGHT="49" WIDTH="186" VPOS="1433" HPOS="120" CONTENT="l’Institut." ID="r2l56_1" STYLEREFS="FONT0"/>
            <SP HEIGHT="49" WIDTH="12" VPOS="1433" HPOS="306"/>
            <String HEIGHT="49" WIDTH="112" VPOS="1433" HPOS="269" CONTENT="L." ID="r2l56_2" STYLEREFS="FONT2"/>
            <SP HEIGHT="49" WIDTH="12" VPOS="1433" HPOS="380"/>
            <String HEIGHT="49" WIDTH="124" VPOS="1433" HPOS="343" CONTENT="a" ID="r2l56_3" STYLEREFS="FONT2"/>
            <SP HEIGHT="49" WIDTH="12" VPOS="1433" HPOS="467"/>
            <String HEIGHT="49" WIDTH="74" VPOS="1433" HPOS="430" CONTENT="s." ID="r2l56_4" STYLEREFS="FONT0"/>
            <SP HEIGHT="49" WIDTH="12" VPOS="1433" HPOS="504"/>
            <String HEIGHT="49" WIDTH="62" VPOS="1433" HPOS="467" CONTENT="à" ID="r2l56_5" STYLEREFS="FONT0"/>
            <SP HEIGHT="49" WIDTH="12" VPOS="1433" HPOS="529"/>
            <String HEIGHT="49" WIDTH="137" VPOS="1433" HPOS="492" CONTENT="Chaptal" ID="r2l56_6" STYLEREFS="FONT0"/>
            <SP HEIGHT="49" WIDTH="12" VPOS="1433" HPOS="628"/>
            <String HEIGHT="49" WIDTH="112" VPOS="1433" HPOS="591" CONTENT="fils;" ID="r2l56_7" STYLEREFS="FONT0"/>
            <SP HEIGHT="49" WIDTH="12" VPOS="1433" HPOS="703"/>
            <String HEIGHT="49" WIDTH="149" VPOS="1433" HPOS="666" CONTENT="(février" ID="r2l56_8" STYLEREFS="FONT0"/>
            <SP HEIGHT="49" WIDTH="12" VPOS="1433" HPOS="815"/>
            <String HEIGHT="49" WIDTH="124" VPOS="1433" HPOS="777" CONTENT="1823)," ID="r2l56_9" STYLEREFS="FONT0"/>
            <SP HEIGHT="49" WIDTH="12" VPOS="1433" HPOS="901"/>
            <String HEIGHT="49" WIDTH="62" VPOS="1433" HPOS="864" CONTENT="1" ID="r2l56_10" STYLEREFS="FONT0"/>
            <SP HEIGHT="49" WIDTH="12" VPOS="1433" HPOS="926"/>
            <String HEIGHT="49" WIDTH="74" VPOS="1433" HPOS="889" CONTENT="p." ID="r2l56_11" STYLEREFS="FONT0"/>
            <SP HEIGHT="49" WIDTH="12" VPOS="1433" HPOS="963"/>
            <String HEIGHT="49" WIDTH="87" VPOS="1433" HPOS="926" CONTENT="pl." ID="r2l56_12" STYLEREFS="FONT0"/>
            <SP HEIGHT="49" WIDTH="12" VPOS="1433" HPOS="1013"/>
            <String HEIGHT="49" WIDTH="112" VPOS="1433" HPOS="976" CONTENT="in-8." ID="r2l56_13" STYLEREFS="FONT0"/>
            <SP HEIGHT="49" WIDTH="12" VPOS="1433" HPOS="1088"/>
            <String HEIGHT="49" WIDTH="62" VPOS="1433" HPOS="1038" CONTENT="Cu" SUBS_TYPE="HypPart1" SUBS_CONTENT="Cuieuse." ID="r2l56_14" STYLEREFS="FONT0"/>
            <HYP CONTENT="-"/>
          </TextLine>
          <TextLine ID="r2l58" BASELINE="1513" HEIGHT="50" WIDTH="87" VPOS="1463" HPOS="137">
            <String HEIGHT="50" WIDTH="79" VPOS="1463" HPOS="129" CONTENT="ieuse." SUBS_TYPE="HypPart2" SUBS_CONTENT="Cuieuse." ID="r2l58_1" STYLEREFS="FONT0"/>
            <SP HEIGHT="50" WIDTH="8" VPOS="1463" HPOS="208"/>
            <String HEIGHT="50" WIDTH="40" VPOS="1463" HPOS="184" CONTENT="1" ID="r2l58_2" STYLEREFS="FONT0"/>
            <SP HEIGHT="50" WIDTH="8" VPOS="1463" HPOS="224"/>
            <String HEIGHT="50" WIDTH="32" VPOS="1463" HPOS="192" CONTENT="75" ID="r2l58_3" STYLEREFS="FONT0"/>
          </TextLine>
          <TextLine ID="r2l59" BASELINE="1554" HEIGHT="77" WIDTH="962" VPOS="1477" HPOS="134">
            <String HEIGHT="77" WIDTH="120" VPOS="1477" HPOS="121" CONTENT="23790" ID="r2l59_1" STYLEREFS="FONT0"/>
            <SP HEIGHT="77" WIDTH="13" VPOS="1477" HPOS="241"/>
            <String HEIGHT="77" WIDTH="174" VPOS="1477" HPOS="201" CONTENT="DELACROIX" ID="r2l59_2" STYLEREFS="FONT0"/>
            <SP HEIGHT="77" WIDTH="13" VPOS="1477" HPOS="375"/>
            <String HEIGHT="77" WIDTH="174" VPOS="1477" HPOS="334" CONTENT="(Eugène)," ID="r2l59_3" STYLEREFS="FONT0"/>
            <SP HEIGHT="77" WIDTH="13" VPOS="1477" HPOS="508"/>
            <String HEIGHT="77" WIDTH="147" VPOS="1477" HPOS="468" CONTENT="célèbre" ID="r2l59_4" STYLEREFS="FONT0"/>
            <SP HEIGHT="77" WIDTH="13" VPOS="1477" HPOS="615"/>
            <String HEIGHT="77" WIDTH="147" VPOS="1477" HPOS="575" CONTENT="peintre" ID="r2l59_5" STYLEREFS="FONT0"/>
            <SP HEIGHT="77" WIDTH="13" VPOS="1477" HPOS="722"/>
            <String HEIGHT="77" WIDTH="200" VPOS="1477" HPOS="682" CONTENT="d’histoire," ID="r2l59_6" STYLEREFS="FONT0"/>
            <SP HEIGHT="77" WIDTH="13" VPOS="1477" HPOS="882"/>
            <String HEIGHT="77" WIDTH="134" VPOS="1477" HPOS="842" CONTENT="membre" ID="r2l59_7" STYLEREFS="FONT0"/>
            <SP HEIGHT="77" WIDTH="13" VPOS="1477" HPOS="976"/>
            <String HEIGHT="77" WIDTH="80" VPOS="1477" HPOS="936" CONTENT="de" ID="r2l59_8" STYLEREFS="FONT0"/>
            <SP HEIGHT="77" WIDTH="13" VPOS="1477" HPOS="1016"/>
            <String HEIGHT="77" WIDTH="134" VPOS="1477" HPOS="962" CONTENT="l’Insti" SUBS_TYPE="HypPart1" SUBS_CONTENT="l’Insti3" ID="r2l59_9" STYLEREFS="FONT0"/>
            <HYP CONTENT="-"/>
          </TextLine>
          <TextLine ID="r2l60" BASELINE="1588" HEIGHT="55" WIDTH="79" VPOS="1533" HPOS="1024">
            <String HEIGHT="55" WIDTH="99" VPOS="1533" HPOS="1004" CONTENT="3" SUBS_TYPE="HypPart2" SUBS_CONTENT="l’Insti3" ID="r2l60_1" STYLEREFS="FONT0"/>
            <SP HEIGHT="55" WIDTH="20" VPOS="1533" HPOS="1103"/>
            <String HEIGHT="55" WIDTH="79" VPOS="1533" HPOS="1024" CONTENT="50" ID="r2l60_2" STYLEREFS="FONT0"/>
          </TextLine>
          <TextLine ID="r2l61" BASELINE="1581" HEIGHT="50" WIDTH="772" VPOS="1531" HPOS="132">
            <String HEIGHT="50" WIDTH="97" VPOS="1531" HPOS="120" CONTENT="tut." ID="r2l61_1" STYLEREFS="FONT0"/>
            <SP HEIGHT="50" WIDTH="12" VPOS="1531" HPOS="216"/>
            <String HEIGHT="50" WIDTH="109" VPOS="1531" HPOS="180" CONTENT="L." ID="r2l61_2" STYLEREFS="FONT2"/>
            <SP HEIGHT="50" WIDTH="12" VPOS="1531" HPOS="289"/>
            <String HEIGHT="50" WIDTH="121" VPOS="1531" HPOS="253" CONTENT="a" ID="r2l61_3" STYLEREFS="FONT2"/>
            <SP HEIGHT="50" WIDTH="12" VPOS="1531" HPOS="373"/>
            <String HEIGHT="50" WIDTH="72" VPOS="1531" HPOS="337" CONTENT="s." ID="r2l61_4" STYLEREFS="FONT0"/>
            <SP HEIGHT="50" WIDTH="12" VPOS="1531" HPOS="409"/>
            <String HEIGHT="50" WIDTH="60" VPOS="1531" HPOS="373" CONTENT="à" ID="r2l61_5" STYLEREFS="FONT0"/>
            <SP HEIGHT="50" WIDTH="12" VPOS="1531" HPOS="434"/>
            <String HEIGHT="50" WIDTH="181" VPOS="1531" HPOS="397" CONTENT="Zimmermann," ID="r2l61_6" STYLEREFS="FONT0"/>
            <SP HEIGHT="50" WIDTH="12" VPOS="1531" HPOS="578"/>
            <String HEIGHT="50" WIDTH="60" VPOS="1531" HPOS="542" CONTENT="1" ID="r2l61_7" STYLEREFS="FONT0"/>
            <SP HEIGHT="50" WIDTH="12" VPOS="1531" HPOS="602"/>
            <String HEIGHT="50" WIDTH="72" VPOS="1531" HPOS="566" CONTENT="p." ID="r2l61_8" STYLEREFS="FONT0"/>
            <SP HEIGHT="50" WIDTH="12" VPOS="1531" HPOS="639"/>
            <String HEIGHT="50" WIDTH="109" VPOS="1531" HPOS="602" CONTENT="in-8." ID="r2l61_9" STYLEREFS="FONT0"/>
            <SP HEIGHT="50" WIDTH="12" VPOS="1531" HPOS="711"/>
            <String HEIGHT="50" WIDTH="169" VPOS="1531" HPOS="675" CONTENT="Très-jolie" ID="r2l61_10" STYLEREFS="FONT0"/>
            <SP HEIGHT="50" WIDTH="12" VPOS="1531" HPOS="844"/>
            <String HEIGHT="50" WIDTH="109" VPOS="1531" HPOS="795" CONTENT="lettre." ID="r2l61_11" STYLEREFS="FONT0"/>
          </TextLine>
          <TextLine ID="r2l62" BASELINE="1625" HEIGHT="73" WIDTH="974" VPOS="1552" HPOS="131">
            <String HEIGHT="73" WIDTH="178" VPOS="1552" HPOS="117" CONTENT="DELAVIGNE" ID="r2l62_1" STYLEREFS="FONT0"/>
            <SP HEIGHT="73" WIDTH="14" VPOS="1552" HPOS="296"/>
            <String HEIGHT="73" WIDTH="192" VPOS="1552" HPOS="254" CONTENT="(Casimir)," ID="r2l62_2" STYLEREFS="FONT0"/>
            <SP HEIGHT="73" WIDTH="14" VPOS="1552" HPOS="447"/>
            <String HEIGHT="73" WIDTH="123" VPOS="1552" HPOS="405" CONTENT="poëte" ID="r2l62_3" STYLEREFS="FONT0"/>
            <SP HEIGHT="73" WIDTH="14" VPOS="1552" HPOS="529"/>
            <String HEIGHT="73" WIDTH="206" VPOS="1552" HPOS="488" CONTENT="dramatique," ID="r2l62_4" STYLEREFS="FONT0"/>
            <SP HEIGHT="73" WIDTH="14" VPOS="1552" HPOS="693"/>
            <String HEIGHT="73" WIDTH="82" VPOS="1552" HPOS="652" CONTENT="de" ID="r2l62_5" STYLEREFS="FONT0"/>
            <SP HEIGHT="73" WIDTH="14" VPOS="1552" HPOS="735"/>
            <String HEIGHT="73" WIDTH="151" VPOS="1552" HPOS="693" CONTENT="l’Acad." ID="r2l62_6" STYLEREFS="FONT0"/>
            <SP HEIGHT="73" WIDTH="14" VPOS="1552" HPOS="844"/>
            <String HEIGHT="73" WIDTH="96" VPOS="1552" HPOS="803" CONTENT="fr." ID="r2l62_7" STYLEREFS="FONT0"/>
            <SP HEIGHT="73" WIDTH="14" VPOS="1552" HPOS="899"/>
            <String HEIGHT="73" WIDTH="123" VPOS="1552" HPOS="858" CONTENT="L." ID="r2l62_8" STYLEREFS="FONT2"/>
            <SP HEIGHT="73" WIDTH="14" VPOS="1552" HPOS="982"/>
            <String HEIGHT="73" WIDTH="137" VPOS="1552" HPOS="940" CONTENT="a" ID="r2l62_9" STYLEREFS="FONT2"/>
            <SP HEIGHT="73" WIDTH="14" VPOS="1552" HPOS="1078"/>
            <String HEIGHT="73" WIDTH="82" VPOS="1552" HPOS="1036" CONTENT="s." ID="r2l62_10" STYLEREFS="FONT0"/>
            <SP HEIGHT="73" WIDTH="14" VPOS="1552" HPOS="1119"/>
            <String HEIGHT="73" WIDTH="41" VPOS="1552" HPOS="1064" CONTENT="à" ID="r2l62_11" STYLEREFS="FONT0"/>
          </TextLine>
          <TextLine ID="r2l64" BASELINE="1651" HEIGHT="55" WIDTH="617" VPOS="1596" HPOS="129">
            <String HEIGHT="55" WIDTH="77" VPOS="1596" HPOS="116" CONTENT="M." ID="r2l64_1" STYLEREFS="FONT0"/>
            <SP HEIGHT="55" WIDTH="13" VPOS="1596" HPOS="193"/>
            <String HEIGHT="55" WIDTH="167" VPOS="1596" HPOS="155" CONTENT="Ladvocat;" ID="r2l64_2" STYLEREFS="FONT0"/>
            <SP HEIGHT="55" WIDTH="13" VPOS="1596" HPOS="322"/>
            <String HEIGHT="55" WIDTH="129" VPOS="1596" HPOS="283" CONTENT="Paris," ID="r2l64_3" STYLEREFS="FONT0"/>
            <SP HEIGHT="55" WIDTH="13" VPOS="1596" HPOS="412"/>
            <String HEIGHT="55" WIDTH="64" VPOS="1596" HPOS="373" CONTENT="6" ID="r2l64_4" STYLEREFS="FONT0"/>
            <SP HEIGHT="55" WIDTH="13" VPOS="1596" HPOS="437"/>
            <String HEIGHT="55" WIDTH="103" VPOS="1596" HPOS="399" CONTENT="mars" ID="r2l64_5" STYLEREFS="FONT0"/>
            <SP HEIGHT="55" WIDTH="13" VPOS="1596" HPOS="502"/>
            <String HEIGHT="55" WIDTH="116" VPOS="1596" HPOS="463" CONTENT="1835," ID="r2l64_6" STYLEREFS="FONT0"/>
            <SP HEIGHT="55" WIDTH="13" VPOS="1596" HPOS="579"/>
            <String HEIGHT="55" WIDTH="64" VPOS="1596" HPOS="540" CONTENT="1" ID="r2l64_7" STYLEREFS="FONT0"/>
            <SP HEIGHT="55" WIDTH="13" VPOS="1596" HPOS="605"/>
            <String HEIGHT="55" WIDTH="77" VPOS="1596" HPOS="566" CONTENT="p." ID="r2l64_8" STYLEREFS="FONT0"/>
            <SP HEIGHT="55" WIDTH="13" VPOS="1596" HPOS="643"/>
            <String HEIGHT="55" WIDTH="116" VPOS="1596" HPOS="605" CONTENT="in-8." ID="r2l64_9" STYLEREFS="FONT0"/>
            <SP HEIGHT="55" WIDTH="13" VPOS="1596" HPOS="720"/>
            <String HEIGHT="55" WIDTH="64" VPOS="1596" HPOS="682" CONTENT="3" ID="r2l64_10" STYLEREFS="FONT0"/>
            <SP HEIGHT="55" WIDTH="13" VPOS="1596" HPOS="746"/>
            <String HEIGHT="55" WIDTH="51" VPOS="1596" HPOS="695" CONTENT="50" ID="r2l64_11" STYLEREFS="FONT0"/>
          </TextLine>
          <TextLine ID="r2l65" BASELINE="1695" HEIGHT="73" WIDTH="965" VPOS="1622" HPOS="133">
            <String HEIGHT="73" WIDTH="111" VPOS="1622" HPOS="121" CONTENT="23792" ID="r2l65_1" STYLEREFS="FONT0"/>
            <SP HEIGHT="73" WIDTH="12" VPOS="1622" HPOS="232"/>
            <String HEIGHT="73" WIDTH="124" VPOS="1622" HPOS="195" CONTENT="DORVAL" ID="r2l65_2" STYLEREFS="FONT0"/>
            <SP HEIGHT="73" WIDTH="12" VPOS="1622" HPOS="319"/>
            <String HEIGHT="73" WIDTH="148" VPOS="1622" HPOS="281" CONTENT="(Marie)," ID="r2l65_3" STYLEREFS="FONT0"/>
            <SP HEIGHT="73" WIDTH="12" VPOS="1622" HPOS="430"/>
            <String HEIGHT="73" WIDTH="74" VPOS="1622" HPOS="393" CONTENT="la" ID="r2l65_4" STYLEREFS="FONT0"/>
            <SP HEIGHT="73" WIDTH="12" VPOS="1622" HPOS="467"/>
            <String HEIGHT="73" WIDTH="136" VPOS="1622" HPOS="430" CONTENT="célèbre" ID="r2l65_5" STYLEREFS="FONT0"/>
            <SP HEIGHT="73" WIDTH="12" VPOS="1622" HPOS="566"/>
            <String HEIGHT="73" WIDTH="148" VPOS="1622" HPOS="529" CONTENT="actrice." ID="r2l65_6" STYLEREFS="FONT0"/>
            <SP HEIGHT="73" WIDTH="12" VPOS="1622" HPOS="677"/>
            <String HEIGHT="73" WIDTH="111" VPOS="1622" HPOS="640" CONTENT="L." ID="r2l65_7" STYLEREFS="FONT2"/>
            <SP HEIGHT="73" WIDTH="12" VPOS="1622" HPOS="752"/>
            <String HEIGHT="73" WIDTH="124" VPOS="1622" HPOS="714" CONTENT="a" ID="r2l65_8" STYLEREFS="FONT2"/>
            <SP HEIGHT="73" WIDTH="12" VPOS="1622" HPOS="838"/>
            <String HEIGHT="73" WIDTH="74" VPOS="1622" HPOS="801" CONTENT="s." ID="r2l65_9" STYLEREFS="FONT0"/>
            <SP HEIGHT="73" WIDTH="12" VPOS="1622" HPOS="875"/>
            <String HEIGHT="73" WIDTH="62" VPOS="1622" HPOS="838" CONTENT="à" ID="r2l65_10" STYLEREFS="FONT0"/>
            <SP HEIGHT="73" WIDTH="12" VPOS="1622" HPOS="900"/>
            <String HEIGHT="73" WIDTH="74" VPOS="1622" HPOS="863" CONTENT="M." ID="r2l65_11" STYLEREFS="FONT0"/>
            <SP HEIGHT="73" WIDTH="12" VPOS="1622" HPOS="937"/>
            <String HEIGHT="73" WIDTH="148" VPOS="1622" HPOS="900" CONTENT="Lefèvre;" ID="r2l65_12" STYLEREFS="FONT0"/>
            <SP HEIGHT="73" WIDTH="12" VPOS="1622" HPOS="1049"/>
            <String HEIGHT="73" WIDTH="99" VPOS="1622" HPOS="999" CONTENT="Nîmes," ID="r2l65_13" STYLEREFS="FONT0"/>
          </TextLine>
          <TextLine ID="r2l67" BASELINE="1721" HEIGHT="37" WIDTH="557" VPOS="1684" HPOS="136">
            <String HEIGHT="37" WIDTH="59" VPOS="1684" HPOS="124" CONTENT="6" ID="r2l67_1" STYLEREFS="FONT0"/>
            <SP HEIGHT="37" WIDTH="12" VPOS="1684" HPOS="183"/>
            <String HEIGHT="37" WIDTH="107" VPOS="1684" HPOS="148" CONTENT="janv." ID="r2l67_2" STYLEREFS="FONT0"/>
            <SP HEIGHT="37" WIDTH="12" VPOS="1684" HPOS="255"/>
            <String HEIGHT="37" WIDTH="107" VPOS="1684" HPOS="219" CONTENT="1837," ID="r2l67_3" STYLEREFS="FONT0"/>
            <SP HEIGHT="37" WIDTH="12" VPOS="1684" HPOS="326"/>
            <String HEIGHT="37" WIDTH="59" VPOS="1684" HPOS="290" CONTENT="1" ID="r2l67_4" STYLEREFS="FONT0"/>
            <SP HEIGHT="37" WIDTH="12" VPOS="1684" HPOS="349"/>
            <String HEIGHT="37" WIDTH="71" VPOS="1684" HPOS="314" CONTENT="p." ID="r2l67_5" STYLEREFS="FONT0"/>
            <SP HEIGHT="37" WIDTH="12" VPOS="1684" HPOS="385"/>
            <String HEIGHT="37" WIDTH="83" VPOS="1684" HPOS="349" CONTENT="1/2" ID="r2l67_6" STYLEREFS="FONT0"/>
            <SP HEIGHT="37" WIDTH="12" VPOS="1684" HPOS="432"/>
            <String HEIGHT="37" WIDTH="107" VPOS="1684" HPOS="397" CONTENT="in-8." ID="r2l67_7" STYLEREFS="FONT0"/>
            <SP HEIGHT="37" WIDTH="12" VPOS="1684" HPOS="503"/>
            <String HEIGHT="37" WIDTH="107" VPOS="1684" HPOS="468" CONTENT="Jolie" ID="r2l67_8" STYLEREFS="FONT0"/>
            <SP HEIGHT="37" WIDTH="12" VPOS="1684" HPOS="574"/>
            <String HEIGHT="37" WIDTH="130" VPOS="1684" HPOS="539" CONTENT="lettre." ID="r2l67_9" STYLEREFS="FONT0"/>
            <SP HEIGHT="37" WIDTH="12" VPOS="1684" HPOS="669"/>
            <String HEIGHT="37" WIDTH="59" VPOS="1684" HPOS="634" CONTENT="3" ID="r2l67_10" STYLEREFS="FONT0"/>
            <SP HEIGHT="37" WIDTH="12" VPOS="1684" HPOS="693"/>
            <String HEIGHT="37" WIDTH="47" VPOS="1684" HPOS="646" CONTENT="50" ID="r2l67_11" STYLEREFS="FONT0"/>
          </TextLine>
          <TextLine ID="r2l69" BASELINE="1762" HEIGHT="50" WIDTH="959" VPOS="1712" HPOS="140">
            <String HEIGHT="50" WIDTH="122" VPOS="1712" HPOS="126" CONTENT="23793" ID="r2l69_1" STYLEREFS="FONT0"/>
            <SP HEIGHT="50" WIDTH="14" VPOS="1712" HPOS="248"/>
            <String HEIGHT="50" WIDTH="135" VPOS="1712" HPOS="208" CONTENT="DUBOIS" ID="r2l69_2" STYLEREFS="FONT0"/>
            <SP HEIGHT="50" WIDTH="14" VPOS="1712" HPOS="343"/>
            <String HEIGHT="50" WIDTH="95" VPOS="1712" HPOS="302" CONTENT="(le" ID="r2l69_3" STYLEREFS="FONT0"/>
            <SP HEIGHT="50" WIDTH="14" VPOS="1712" HPOS="397"/>
            <String HEIGHT="50" WIDTH="162" VPOS="1712" HPOS="356" CONTENT="cardinal" ID="r2l69_4" STYLEREFS="FONT0"/>
            <SP HEIGHT="50" WIDTH="14" VPOS="1712" HPOS="518"/>
            <String HEIGHT="50" WIDTH="203" VPOS="1712" HPOS="478" CONTENT="Guillaume)," ID="r2l69_5" STYLEREFS="FONT0"/>
            <SP HEIGHT="50" WIDTH="14" VPOS="1712" HPOS="680"/>
            <String HEIGHT="50" WIDTH="189" VPOS="1712" HPOS="640" CONTENT="archevêque" ID="r2l69_6" STYLEREFS="FONT0"/>
            <SP HEIGHT="50" WIDTH="14" VPOS="1712" HPOS="829"/>
            <String HEIGHT="50" WIDTH="81" VPOS="1712" HPOS="788" CONTENT="de" ID="r2l69_7" STYLEREFS="FONT0"/>
            <SP HEIGHT="50" WIDTH="14" VPOS="1712" HPOS="869"/>
            <String HEIGHT="50" WIDTH="162" VPOS="1712" HPOS="829" CONTENT="Cambrai," ID="r2l69_8" STYLEREFS="FONT0"/>
            <SP HEIGHT="50" WIDTH="14" VPOS="1712" HPOS="991"/>
            <String HEIGHT="50" WIDTH="135" VPOS="1712" HPOS="950" CONTENT="fameux" ID="r2l69_9" STYLEREFS="FONT0"/>
            <SP HEIGHT="50" WIDTH="14" VPOS="1712" HPOS="1085"/>
            <String HEIGHT="50" WIDTH="68" VPOS="1712" HPOS="1031" CONTENT="mi" SUBS_TYPE="HypPart1" SUBS_CONTENT="ministre" ID="r2l69_10" STYLEREFS="FONT0"/>
            <HYP CONTENT="-"/>
          </TextLine>
          <TextLine ID="r2l70" BASELINE="1794" HEIGHT="49" WIDTH="965" VPOS="1745" HPOS="138">
            <String HEIGHT="49" WIDTH="136" VPOS="1745" HPOS="124" CONTENT="nistre" SUBS_TYPE="HypPart2" SUBS_CONTENT="ministre" ID="r2l70_1" STYLEREFS="FONT0"/>
            <SP HEIGHT="49" WIDTH="14" VPOS="1745" HPOS="260"/>
            <String HEIGHT="49" WIDTH="82" VPOS="1745" HPOS="220" CONTENT="du" ID="r2l70_2" STYLEREFS="FONT0"/>
            <SP HEIGHT="49" WIDTH="14" VPOS="1745" HPOS="301"/>
            <String HEIGHT="49" WIDTH="150" VPOS="1745" HPOS="260" CONTENT="régent," ID="r2l70_3" STYLEREFS="FONT0"/>
            <SP HEIGHT="49" WIDTH="14" VPOS="1745" HPOS="410"/>
            <String HEIGHT="49" WIDTH="82" VPOS="1745" HPOS="369" CONTENT="de" ID="r2l70_4" STYLEREFS="FONT0"/>
            <SP HEIGHT="49" WIDTH="14" VPOS="1745" HPOS="451"/>
            <String HEIGHT="49" WIDTH="150" VPOS="1745" HPOS="410" CONTENT="l’Acad." ID="r2l70_5" STYLEREFS="FONT0"/>
            <SP HEIGHT="49" WIDTH="14" VPOS="1745" HPOS="559"/>
            <String HEIGHT="49" WIDTH="95" VPOS="1745" HPOS="519" CONTENT="fr." ID="r2l70_6" STYLEREFS="FONT0"/>
            <SP HEIGHT="49" WIDTH="14" VPOS="1745" HPOS="614"/>
            <String HEIGHT="49" WIDTH="95" VPOS="1745" HPOS="573" CONTENT="L." ID="r2l70_7" STYLEREFS="FONT2"/>
            <SP HEIGHT="49" WIDTH="14" VPOS="1745" HPOS="668"/>
            <String HEIGHT="49" WIDTH="109" VPOS="1745" HPOS="627" CONTENT="s" ID="r2l70_8" STYLEREFS="FONT2"/>
            <SP HEIGHT="49" WIDTH="14" VPOS="1745" HPOS="736"/>
            <String HEIGHT="49" WIDTH="68" VPOS="1745" HPOS="695" CONTENT="à" ID="r2l70_9" STYLEREFS="FONT0"/>
            <SP HEIGHT="49" WIDTH="14" VPOS="1745" HPOS="763"/>
            <String HEIGHT="49" WIDTH="82" VPOS="1745" HPOS="722" CONTENT="M." ID="r2l70_10" STYLEREFS="FONT0"/>
            <SP HEIGHT="49" WIDTH="14" VPOS="1745" HPOS="804"/>
            <String HEIGHT="49" WIDTH="82" VPOS="1745" HPOS="763" CONTENT="Le" ID="r2l70_11" STYLEREFS="FONT0"/>
            <SP HEIGHT="49" WIDTH="14" VPOS="1745" HPOS="845"/>
            <String HEIGHT="49" WIDTH="204" VPOS="1745" HPOS="804" CONTENT="Cousturier;" ID="r2l70_12" STYLEREFS="FONT0"/>
            <SP HEIGHT="49" WIDTH="14" VPOS="1745" HPOS="1008"/>
            <String HEIGHT="49" WIDTH="136" VPOS="1745" HPOS="967" CONTENT="Paris," ID="r2l70_13" STYLEREFS="FONT0"/>
            <SP HEIGHT="49" WIDTH="14" VPOS="1745" HPOS="1103"/>
            <String HEIGHT="49" WIDTH="54" VPOS="1745" HPOS="1049" CONTENT="10" ID="r2l70_14" STYLEREFS="FONT0"/>
          </TextLine>
          <TextLine ID="r2l74" BASELINE="1825" HEIGHT="43" WIDTH="559" VPOS="1782" HPOS="138">
            <String HEIGHT="43" WIDTH="99" VPOS="1782" HPOS="126" CONTENT="anv." ID="r2l74_1" STYLEREFS="FONT0"/>
            <SP HEIGHT="43" WIDTH="12" VPOS="1782" HPOS="225"/>
            <String HEIGHT="43" WIDTH="112" VPOS="1782" HPOS="188" CONTENT="1722;" ID="r2l74_2" STYLEREFS="FONT0"/>
            <SP HEIGHT="43" WIDTH="12" VPOS="1782" HPOS="299"/>
            <String HEIGHT="43" WIDTH="87" VPOS="1782" HPOS="262" CONTENT="3/4" ID="r2l74_3" STYLEREFS="FONT0"/>
            <SP HEIGHT="43" WIDTH="12" VPOS="1782" HPOS="349"/>
            <String HEIGHT="43" WIDTH="75" VPOS="1782" HPOS="312" CONTENT="de" ID="r2l74_4" STYLEREFS="FONT0"/>
            <SP HEIGHT="43" WIDTH="12" VPOS="1782" HPOS="386"/>
            <String HEIGHT="43" WIDTH="75" VPOS="1782" HPOS="349" CONTENT="p." ID="r2l74_5" STYLEREFS="FONT0"/>
            <SP HEIGHT="43" WIDTH="12" VPOS="1782" HPOS="424"/>
            <String HEIGHT="43" WIDTH="137" VPOS="1782" HPOS="386" CONTENT="in-fol." ID="r2l74_6" STYLEREFS="FONT0"/>
            <SP HEIGHT="43" WIDTH="12" VPOS="1782" HPOS="523"/>
            <String HEIGHT="43" WIDTH="112" VPOS="1782" HPOS="486" CONTENT="Belle" ID="r2l74_7" STYLEREFS="FONT0"/>
            <SP HEIGHT="43" WIDTH="12" VPOS="1782" HPOS="598"/>
            <String HEIGHT="43" WIDTH="124" VPOS="1782" HPOS="560" CONTENT="pièce." ID="r2l74_8" STYLEREFS="FONT0"/>
            <SP HEIGHT="43" WIDTH="12" VPOS="1782" HPOS="685"/>
            <String HEIGHT="43" WIDTH="62" VPOS="1782" HPOS="647" CONTENT="3" ID="r2l74_9" STYLEREFS="FONT0"/>
            <SP HEIGHT="43" WIDTH="12" VPOS="1782" HPOS="709"/>
            <String HEIGHT="43" WIDTH="37" VPOS="1782" HPOS="660" CONTENT="»" ID="r2l74_10" STYLEREFS="FONT0"/>
          </TextLine>
          <TextLine ID="r2l75" BASELINE="1860" HEIGHT="44" WIDTH="965" VPOS="1816" HPOS="132">
            <String HEIGHT="44" WIDTH="126" VPOS="1816" HPOS="118" CONTENT="23794" ID="r2l75_1" STYLEREFS="FONT0"/>
            <SP HEIGHT="44" WIDTH="14" VPOS="1816" HPOS="244"/>
            <String HEIGHT="44" WIDTH="294" VPOS="1816" HPOS="202" CONTENT="DUBOIS-FONTANELLE" ID="r2l75_2" STYLEREFS="FONT0"/>
            <SP HEIGHT="44" WIDTH="14" VPOS="1816" HPOS="496"/>
            <String HEIGHT="44" WIDTH="98" VPOS="1816" HPOS="454" CONTENT="(J." ID="r2l75_3" STYLEREFS="FONT0"/>
            <SP HEIGHT="44" WIDTH="14" VPOS="1816" HPOS="552"/>
            <String HEIGHT="44" WIDTH="112" VPOS="1816" HPOS="510" CONTENT="G.)," ID="r2l75_4" STYLEREFS="FONT0"/>
            <SP HEIGHT="44" WIDTH="14" VPOS="1816" HPOS="621"/>
            <String HEIGHT="44" WIDTH="140" VPOS="1816" HPOS="580" CONTENT="fécond" ID="r2l75_5" STYLEREFS="FONT0"/>
            <SP HEIGHT="44" WIDTH="14" VPOS="1816" HPOS="719"/>
            <String HEIGHT="44" WIDTH="224" VPOS="1816" HPOS="677" CONTENT="littérateur," ID="r2l75_6" STYLEREFS="FONT0"/>
            <SP HEIGHT="44" WIDTH="14" VPOS="1816" HPOS="901"/>
            <String HEIGHT="44" WIDTH="112" VPOS="1816" HPOS="859" CONTENT="dont" ID="r2l75_7" STYLEREFS="FONT0"/>
            <SP HEIGHT="44" WIDTH="14" VPOS="1816" HPOS="971"/>
            <String HEIGHT="44" WIDTH="84" VPOS="1816" HPOS="929" CONTENT="le" ID="r2l75_8" STYLEREFS="FONT0"/>
            <SP HEIGHT="44" WIDTH="14" VPOS="1816" HPOS="1013"/>
            <String HEIGHT="44" WIDTH="126" VPOS="1816" HPOS="971" CONTENT="drame" ID="r2l75_9" STYLEREFS="FONT0"/>
            <SP HEIGHT="44" WIDTH="14" VPOS="1816" HPOS="1097"/>
            <String HEIGHT="44" WIDTH="56" VPOS="1816" HPOS="1041" CONTENT="de" ID="r2l75_10" STYLEREFS="FONT0"/>
          </TextLine>
          <TextLine ID="r2l76" BASELINE="1895" HEIGHT="47" WIDTH="958" VPOS="1848" HPOS="137">
            <String HEIGHT="47" WIDTH="71" VPOS="1848" HPOS="125" CONTENT="La" ID="r2l76_1" STYLEREFS="FONT0"/>
            <SP HEIGHT="47" WIDTH="12" VPOS="1848" HPOS="196"/>
            <String HEIGHT="47" WIDTH="177" VPOS="1848" HPOS="161" CONTENT="Vestale" ID="r2l76_2" STYLEREFS="FONT0"/>
            <SP HEIGHT="47" WIDTH="12" VPOS="1848" HPOS="338"/>
            <String HEIGHT="47" WIDTH="83" VPOS="1848" HPOS="303" CONTENT="fit" ID="r2l76_3" STYLEREFS="FONT0"/>
            <SP HEIGHT="47" WIDTH="12" VPOS="1848" HPOS="385"/>
            <String HEIGHT="47" WIDTH="95" VPOS="1848" HPOS="350" CONTENT="tant" ID="r2l76_4" STYLEREFS="FONT0"/>
            <SP HEIGHT="47" WIDTH="12" VPOS="1848" HPOS="445"/>
            <String HEIGHT="47" WIDTH="71" VPOS="1848" HPOS="409" CONTENT="de" ID="r2l76_5" STYLEREFS="FONT0"/>
            <SP HEIGHT="47" WIDTH="12" VPOS="1848" HPOS="480"/>
            <String HEIGHT="47" WIDTH="118" VPOS="1848" HPOS="445" CONTENT="bruit," ID="r2l76_6" STYLEREFS="FONT0"/>
            <SP HEIGHT="47" WIDTH="12" VPOS="1848" HPOS="563"/>
            <String HEIGHT="47" WIDTH="71" VPOS="1848" HPOS="527" CONTENT="né" ID="r2l76_7" STYLEREFS="FONT0"/>
            <SP HEIGHT="47" WIDTH="12" VPOS="1848" HPOS="598"/>
            <String HEIGHT="47" WIDTH="59" VPOS="1848" HPOS="563" CONTENT="à" ID="r2l76_8" STYLEREFS="FONT0"/>
            <SP HEIGHT="47" WIDTH="12" VPOS="1848" HPOS="622"/>
            <String HEIGHT="47" WIDTH="154" VPOS="1848" HPOS="586" CONTENT="Grenoble." ID="r2l76_9" STYLEREFS="FONT0"/>
            <SP HEIGHT="47" WIDTH="12" VPOS="1848" HPOS="740"/>
            <String HEIGHT="47" WIDTH="106" VPOS="1848" HPOS="705" CONTENT="L." ID="r2l76_10" STYLEREFS="FONT2"/>
            <SP HEIGHT="47" WIDTH="12" VPOS="1848" HPOS="811"/>
            <String HEIGHT="47" WIDTH="118" VPOS="1848" HPOS="776" CONTENT="a" ID="r2l76_11" STYLEREFS="FONT2"/>
            <SP HEIGHT="47" WIDTH="12" VPOS="1848" HPOS="894"/>
            <String HEIGHT="47" WIDTH="71" VPOS="1848" HPOS="858" CONTENT="s." ID="r2l76_12" STYLEREFS="FONT0"/>
            <SP HEIGHT="47" WIDTH="12" VPOS="1848" HPOS="929"/>
            <String HEIGHT="47" WIDTH="59" VPOS="1848" HPOS="894" CONTENT="à" ID="r2l76_13" STYLEREFS="FONT0"/>
            <SP HEIGHT="47" WIDTH="12" VPOS="1848" HPOS="953"/>
            <String HEIGHT="47" WIDTH="142" VPOS="1848" HPOS="918" CONTENT="Baculard" ID="r2l76_14" STYLEREFS="FONT0"/>
            <SP HEIGHT="47" WIDTH="12" VPOS="1848" HPOS="1060"/>
            <String HEIGHT="47" WIDTH="83" VPOS="1848" HPOS="1012" CONTENT="d’Ar" SUBS_TYPE="HypPart1" SUBS_CONTENT="d’Arnaud;" ID="r2l76_15" STYLEREFS="FONT0"/>
            <HYP CONTENT="-"/>
          </TextLine>
          <TextLine ID="r2l79" BASELINE="1929" HEIGHT="42" WIDTH="653" VPOS="1887" HPOS="136">
            <String HEIGHT="42" WIDTH="118" VPOS="1887" HPOS="123" CONTENT="naud;" SUBS_TYPE="HypPart2" SUBS_CONTENT="d’Arnaud;" ID="r2l79_1" STYLEREFS="FONT0"/>
            <SP HEIGHT="42" WIDTH="13" VPOS="1887" HPOS="240"/>
            <String HEIGHT="42" WIDTH="78" VPOS="1887" HPOS="201" CONTENT="La" ID="r2l79_2" STYLEREFS="FONT0"/>
            <SP HEIGHT="42" WIDTH="13" VPOS="1887" HPOS="280"/>
            <String HEIGHT="42" WIDTH="118" VPOS="1887" HPOS="240" CONTENT="Haye," ID="r2l79_3" STYLEREFS="FONT0"/>
            <SP HEIGHT="42" WIDTH="13" VPOS="1887" HPOS="358"/>
            <String HEIGHT="42" WIDTH="78" VPOS="1887" HPOS="319" CONTENT="12" ID="r2l79_4" STYLEREFS="FONT0"/>
            <SP HEIGHT="42" WIDTH="13" VPOS="1887" HPOS="397"/>
            <String HEIGHT="42" WIDTH="118" VPOS="1887" HPOS="358" CONTENT="janv." ID="r2l79_5" STYLEREFS="FONT0"/>
            <SP HEIGHT="42" WIDTH="13" VPOS="1887" HPOS="476"/>
            <String HEIGHT="42" WIDTH="118" VPOS="1887" HPOS="436" CONTENT="1761," ID="r2l79_6" STYLEREFS="FONT0"/>
            <SP HEIGHT="42" WIDTH="13" VPOS="1887" HPOS="554"/>
            <String HEIGHT="42" WIDTH="65" VPOS="1887" HPOS="515" CONTENT="2" ID="r2l79_7" STYLEREFS="FONT0"/>
            <SP HEIGHT="42" WIDTH="13" VPOS="1887" HPOS="580"/>
            <String HEIGHT="42" WIDTH="78" VPOS="1887" HPOS="541" CONTENT="p." ID="r2l79_8" STYLEREFS="FONT0"/>
            <SP HEIGHT="42" WIDTH="13" VPOS="1887" HPOS="619"/>
            <String HEIGHT="42" WIDTH="91" VPOS="1887" HPOS="580" CONTENT="1/2" ID="r2l79_9" STYLEREFS="FONT0"/>
            <SP HEIGHT="42" WIDTH="13" VPOS="1887" HPOS="671"/>
            <String HEIGHT="42" WIDTH="144" VPOS="1887" HPOS="632" CONTENT="in-fol." ID="r2l79_10" STYLEREFS="FONT0"/>
            <SP HEIGHT="42" WIDTH="13" VPOS="1887" HPOS="776"/>
            <String HEIGHT="42" WIDTH="65" VPOS="1887" HPOS="737" CONTENT="4" ID="r2l79_11" STYLEREFS="FONT0"/>
            <SP HEIGHT="42" WIDTH="13" VPOS="1887" HPOS="802"/>
            <String HEIGHT="42" WIDTH="39" VPOS="1887" HPOS="750" CONTENT="»" ID="r2l79_12" STYLEREFS="FONT0"/>
          </TextLine>
          <TextLine ID="r2l80" BASELINE="1960" HEIGHT="50" WIDTH="876" VPOS="1910" HPOS="167">
            <String HEIGHT="50" WIDTH="182" VPOS="1910" HPOS="156" CONTENT="Intéressante" ID="r2l80_1" STYLEREFS="FONT0"/>
            <SP HEIGHT="50" WIDTH="11" VPOS="1910" HPOS="338"/>
            <String HEIGHT="50" WIDTH="114" VPOS="1910" HPOS="304" CONTENT="épître" ID="r2l80_2" STYLEREFS="FONT0"/>
            <SP HEIGHT="50" WIDTH="11" VPOS="1910" HPOS="417"/>
            <String HEIGHT="50" WIDTH="171" VPOS="1910" HPOS="383" CONTENT="littéraire," ID="r2l80_3" STYLEREFS="FONT0"/>
            <SP HEIGHT="50" WIDTH="11" VPOS="1910" HPOS="554"/>
            <String HEIGHT="50" WIDTH="68" VPOS="1910" HPOS="520" CONTENT="où" ID="r2l80_4" STYLEREFS="FONT0"/>
            <SP HEIGHT="50" WIDTH="11" VPOS="1910" HPOS="588"/>
            <String HEIGHT="50" WIDTH="68" VPOS="1910" HPOS="554" CONTENT="il" ID="r2l80_5" STYLEREFS="FONT0"/>
            <SP HEIGHT="50" WIDTH="11" VPOS="1910" HPOS="622"/>
            <String HEIGHT="50" WIDTH="102" VPOS="1910" HPOS="588" CONTENT="parle" ID="r2l80_6" STYLEREFS="FONT0"/>
            <SP HEIGHT="50" WIDTH="11" VPOS="1910" HPOS="690"/>
            <String HEIGHT="50" WIDTH="68" VPOS="1910" HPOS="656" CONTENT="de" ID="r2l80_7" STYLEREFS="FONT0"/>
            <SP HEIGHT="50" WIDTH="11" VPOS="1910" HPOS="724"/>
            <String HEIGHT="50" WIDTH="193" VPOS="1910" HPOS="690" CONTENT="l'Histoire" ID="r2l80_8" STYLEREFS="FONT2"/>
            <SP HEIGHT="50" WIDTH="11" VPOS="1910" HPOS="884"/>
            <String HEIGHT="50" WIDTH="68" VPOS="1910" HPOS="850" CONTENT="du" ID="r2l80_9" STYLEREFS="FONT2"/>
            <SP HEIGHT="50" WIDTH="11" VPOS="1910" HPOS="918"/>
            <String HEIGHT="50" WIDTH="148" VPOS="1910" HPOS="884" CONTENT="czar" ID="r2l80_10" STYLEREFS="FONT2"/>
            <SP HEIGHT="50" WIDTH="11" VPOS="1910" HPOS="1032"/>
            <String HEIGHT="50" WIDTH="57" VPOS="1910" HPOS="986" CONTENT="par" ID="r2l80_11" STYLEREFS="FONT0"/>
          </TextLine>
          <TextLine ID="r2l82" BASELINE="1996" HEIGHT="42" WIDTH="971" VPOS="1954" HPOS="134">
            <String HEIGHT="42" WIDTH="178" VPOS="1954" HPOS="120" CONTENT="Voltaire." ID="r2l82_1" STYLEREFS="FONT0"/>
            <SP HEIGHT="42" WIDTH="14" VPOS="1954" HPOS="298"/>
            <String HEIGHT="42" WIDTH="96" VPOS="1954" HPOS="257" CONTENT="«Il" ID="r2l82_2" STYLEREFS="FONT0"/>
            <SP HEIGHT="42" WIDTH="14" VPOS="1954" HPOS="353"/>
            <String HEIGHT="42" WIDTH="82" VPOS="1954" HPOS="312" CONTENT="me" ID="r2l82_3" STYLEREFS="FONT0"/>
            <SP HEIGHT="42" WIDTH="14" VPOS="1954" HPOS="394"/>
            <String HEIGHT="42" WIDTH="150" VPOS="1954" HPOS="353" CONTENT="paroit," ID="r2l82_4" STYLEREFS="FONT0"/>
            <SP HEIGHT="42" WIDTH="14" VPOS="1954" HPOS="503"/>
            <String HEIGHT="42" WIDTH="150" VPOS="1954" HPOS="462" CONTENT="dit-il," ID="r2l82_5" STYLEREFS="FONT0"/>
            <SP HEIGHT="42" WIDTH="14" VPOS="1954" HPOS="613"/>
            <String HEIGHT="42" WIDTH="123" VPOS="1954" HPOS="572" CONTENT="qu’il" ID="r2l82_6" STYLEREFS="FONT0"/>
            <SP HEIGHT="42" WIDTH="14" VPOS="1954" HPOS="695"/>
            <String HEIGHT="42" WIDTH="82" VPOS="1954" HPOS="654" CONTENT="la" ID="r2l82_7" STYLEREFS="FONT0"/>
            <SP HEIGHT="42" WIDTH="14" VPOS="1954" HPOS="736"/>
            <String HEIGHT="42" WIDTH="137" VPOS="1954" HPOS="695" CONTENT="traite" ID="r2l82_8" STYLEREFS="FONT0"/>
            <SP HEIGHT="42" WIDTH="14" VPOS="1954" HPOS="831"/>
            <String HEIGHT="42" WIDTH="123" VPOS="1954" HPOS="790" CONTENT="aussi" ID="r2l82_9" STYLEREFS="FONT0"/>
            <SP HEIGHT="42" WIDTH="14" VPOS="1954" HPOS="914"/>
            <String HEIGHT="42" WIDTH="191" VPOS="1954" HPOS="873" CONTENT="légèrement" ID="r2l82_10" STYLEREFS="FONT0"/>
            <SP HEIGHT="42" WIDTH="14" VPOS="1954" HPOS="1064"/>
            <String HEIGHT="42" WIDTH="96" VPOS="1954" HPOS="1009" CONTENT="qu’un" ID="r2l82_11" STYLEREFS="FONT0"/>
          </TextLine>
          <TextLine ID="r2l83" BASELINE="2025" HEIGHT="41" WIDTH="976" VPOS="1984" HPOS="130">
            <String HEIGHT="41" WIDTH="158" VPOS="1984" HPOS="116" CONTENT="roman.»" ID="r2l83_1" STYLEREFS="FONT0"/>
            <SP HEIGHT="41" WIDTH="14" VPOS="1984" HPOS="274"/>
            <String HEIGHT="41" WIDTH="86" VPOS="1984" HPOS="230" CONTENT="Il" ID="r2l83_2" STYLEREFS="FONT0"/>
            <SP HEIGHT="41" WIDTH="14" VPOS="1984" HPOS="317"/>
            <String HEIGHT="41" WIDTH="72" VPOS="1984" HPOS="274" CONTENT="a" ID="r2l83_3" STYLEREFS="FONT0"/>
            <SP HEIGHT="41" WIDTH="14" VPOS="1984" HPOS="345"/>
            <String HEIGHT="41" WIDTH="86" VPOS="1984" HPOS="302" CONTENT="vu" ID="r2l83_4" STYLEREFS="FONT0"/>
            <SP HEIGHT="41" WIDTH="14" VPOS="1984" HPOS="388"/>
            <String HEIGHT="41" WIDTH="100" VPOS="1984" HPOS="345" CONTENT="des" ID="r2l83_5" STYLEREFS="FONT0"/>
            <SP HEIGHT="41" WIDTH="14" VPOS="1984" HPOS="446"/>
            <String HEIGHT="41" WIDTH="144" VPOS="1984" HPOS="403" CONTENT="Russes" ID="r2l83_6" STYLEREFS="FONT0"/>
            <SP HEIGHT="41" WIDTH="14" VPOS="1984" HPOS="546"/>
            <String HEIGHT="41" WIDTH="100" VPOS="1984" HPOS="503" CONTENT="qui" ID="r2l83_7" STYLEREFS="FONT0"/>
            <SP HEIGHT="41" WIDTH="14" VPOS="1984" HPOS="604"/>
            <String HEIGHT="41" WIDTH="100" VPOS="1984" HPOS="561" CONTENT="lui" ID="r2l83_8" STYLEREFS="FONT0"/>
            <SP HEIGHT="41" WIDTH="14" VPOS="1984" HPOS="661"/>
            <String HEIGHT="41" WIDTH="100" VPOS="1984" HPOS="618" CONTENT="ont" ID="r2l83_9" STYLEREFS="FONT0"/>
            <SP HEIGHT="41" WIDTH="14" VPOS="1984" HPOS="718"/>
            <String HEIGHT="41" WIDTH="144" VPOS="1984" HPOS="675" CONTENT="assuré" ID="r2l83_10" STYLEREFS="FONT0"/>
            <SP HEIGHT="41" WIDTH="14" VPOS="1984" HPOS="819"/>
            <String HEIGHT="41" WIDTH="100" VPOS="1984" HPOS="776" CONTENT="que" ID="r2l83_11" STYLEREFS="FONT0"/>
            <SP HEIGHT="41" WIDTH="14" VPOS="1984" HPOS="876"/>
            <String HEIGHT="41" WIDTH="129" VPOS="1984" HPOS="833" CONTENT="cette" ID="r2l83_12" STYLEREFS="FONT0"/>
            <SP HEIGHT="41" WIDTH="14" VPOS="1984" HPOS="962"/>
            <String HEIGHT="41" WIDTH="172" VPOS="1984" HPOS="919" CONTENT="histoire" ID="r2l83_13" STYLEREFS="FONT0"/>
            <SP HEIGHT="41" WIDTH="14" VPOS="1984" HPOS="1092"/>
            <String HEIGHT="41" WIDTH="72" VPOS="1984" HPOS="1034" CONTENT="n’a" ID="r2l83_14" STYLEREFS="FONT0"/>
          </TextLine>
          <TextLine ID="r2l84" BASELINE="2068" HEIGHT="50" WIDTH="465" VPOS="2018" HPOS="132">
            <String HEIGHT="50" WIDTH="127" VPOS="2018" HPOS="118" CONTENT="aucun" ID="r2l84_1" STYLEREFS="FONT0"/>
            <SP HEIGHT="50" WIDTH="14" VPOS="2018" HPOS="245"/>
            <String HEIGHT="50" WIDTH="141" VPOS="2018" HPOS="202" CONTENT="crédit" ID="r2l84_2" STYLEREFS="FONT0"/>
            <SP HEIGHT="50" WIDTH="14" VPOS="2018" HPOS="343"/>
            <String HEIGHT="50" WIDTH="70" VPOS="2018" HPOS="301" CONTENT="à" ID="r2l84_3" STYLEREFS="FONT0"/>
            <SP HEIGHT="50" WIDTH="14" VPOS="2018" HPOS="372"/>
            <String HEIGHT="50" WIDTH="282" VPOS="2018" HPOS="315" CONTENT="Saint" ID="r2l84_4" STYLEREFS="FONT0"/>
          </TextLine>
          <TextLine ID="r2l86" BASELINE="2106" HEIGHT="50" WIDTH="870" VPOS="2056" HPOS="136">
            <String HEIGHT="50" WIDTH="110" VPOS="2056" HPOS="124" CONTENT="23795" ID="r2l86_1" STYLEREFS="FONT0"/>
            <SP HEIGHT="50" WIDTH="12" VPOS="2056" HPOS="234"/>
            <String HEIGHT="50" WIDTH="98" VPOS="2056" HPOS="197" CONTENT="ESTE" ID="r2l86_2" STYLEREFS="FONT0"/>
            <SP HEIGHT="50" WIDTH="12" VPOS="2056" HPOS="295"/>
            <String HEIGHT="50" WIDTH="159" VPOS="2056" HPOS="259" CONTENT="(Alphonse" ID="r2l86_3" STYLEREFS="FONT0"/>
            <SP HEIGHT="50" WIDTH="12" VPOS="2056" HPOS="418"/>
            <String HEIGHT="50" WIDTH="74" VPOS="2056" HPOS="381" CONTENT="II" ID="r2l86_4" STYLEREFS="FONT0"/>
            <SP HEIGHT="50" WIDTH="12" VPOS="2056" HPOS="455"/>
            <String HEIGHT="50" WIDTH="98" VPOS="2056" HPOS="418" CONTENT="d’)," ID="r2l86_5" STYLEREFS="FONT0"/>
            <SP HEIGHT="50" WIDTH="12" VPOS="2056" HPOS="516"/>
            <String HEIGHT="50" WIDTH="86" VPOS="2056" HPOS="479" CONTENT="duc" ID="r2l86_6" STYLEREFS="FONT0"/>
            <SP HEIGHT="50" WIDTH="12" VPOS="2056" HPOS="565"/>
            <String HEIGHT="50" WIDTH="74" VPOS="2056" HPOS="528" CONTENT="de" ID="r2l86_7" STYLEREFS="FONT0"/>
            <SP HEIGHT="50" WIDTH="12" VPOS="2056" HPOS="602"/>
            <String HEIGHT="50" WIDTH="147" VPOS="2056" HPOS="565" CONTENT="Ferrare," ID="r2l86_8" STYLEREFS="FONT0"/>
            <SP HEIGHT="50" WIDTH="12" VPOS="2056" HPOS="712"/>
            <String HEIGHT="50" WIDTH="86" VPOS="2056" HPOS="675" CONTENT="qui" ID="r2l86_9" STYLEREFS="FONT0"/>
            <SP HEIGHT="50" WIDTH="12" VPOS="2056" HPOS="761"/>
            <String HEIGHT="50" WIDTH="86" VPOS="2056" HPOS="724" CONTENT="fit" ID="r2l86_10" STYLEREFS="FONT0"/>
            <SP HEIGHT="50" WIDTH="12" VPOS="2056" HPOS="810"/>
            <String HEIGHT="50" WIDTH="159" VPOS="2056" HPOS="773" CONTENT="renfermer" ID="r2l86_11" STYLEREFS="FONT0"/>
            <SP HEIGHT="50" WIDTH="12" VPOS="2056" HPOS="932"/>
            <String HEIGHT="50" WIDTH="74" VPOS="2056" HPOS="896" CONTENT="le" ID="r2l86_12" STYLEREFS="FONT0"/>
            <SP HEIGHT="50" WIDTH="12" VPOS="2056" HPOS="969"/>
            <String HEIGHT="50" WIDTH="86" VPOS="2056" HPOS="920" CONTENT="Tasse" ID="r2l86_13" STYLEREFS="FONT0"/>
          </TextLine>
          <TextLine ID="r2l88" BASELINE="2141" HEIGHT="52" WIDTH="812" VPOS="2089" HPOS="135">
            <String HEIGHT="52" WIDTH="107" VPOS="2089" HPOS="123" CONTENT="comme" ID="r2l88_1" STYLEREFS="FONT0"/>
            <SP HEIGHT="52" WIDTH="12" VPOS="2089" HPOS="231"/>
            <String HEIGHT="52" WIDTH="96" VPOS="2089" HPOS="195" CONTENT="fou." ID="r2l88_2" STYLEREFS="FONT0"/>
            <SP HEIGHT="52" WIDTH="12" VPOS="2089" HPOS="290"/>
            <String HEIGHT="52" WIDTH="107" VPOS="2089" HPOS="254" CONTENT="L." ID="r2l88_3" STYLEREFS="FONT2"/>
            <SP HEIGHT="52" WIDTH="12" VPOS="2089" HPOS="362"/>
            <String HEIGHT="52" WIDTH="119" VPOS="2089" HPOS="326" CONTENT="s" ID="r2l88_4" STYLEREFS="FONT2"/>
            <SP HEIGHT="52" WIDTH="12" VPOS="2089" HPOS="445"/>
            <String HEIGHT="52" WIDTH="143" VPOS="2089" HPOS="410" CONTENT="Ferrare," ID="r2l88_5" STYLEREFS="FONT0"/>
            <SP HEIGHT="52" WIDTH="12" VPOS="2089" HPOS="553"/>
            <String HEIGHT="52" WIDTH="60" VPOS="2089" HPOS="517" CONTENT="9" ID="r2l88_6" STYLEREFS="FONT0"/>
            <SP HEIGHT="52" WIDTH="12" VPOS="2089" HPOS="577"/>
            <String HEIGHT="52" WIDTH="107" VPOS="2089" HPOS="541" CONTENT="sept." ID="r2l88_7" STYLEREFS="FONT0"/>
            <SP HEIGHT="52" WIDTH="12" VPOS="2089" HPOS="648"/>
            <String HEIGHT="52" WIDTH="107" VPOS="2089" HPOS="613" CONTENT="1578," ID="r2l88_8" STYLEREFS="FONT0"/>
            <SP HEIGHT="52" WIDTH="12" VPOS="2089" HPOS="720"/>
            <String HEIGHT="52" WIDTH="84" VPOS="2089" HPOS="684" CONTENT="3/4" ID="r2l88_9" STYLEREFS="FONT0"/>
            <SP HEIGHT="52" WIDTH="12" VPOS="2089" HPOS="768"/>
            <String HEIGHT="52" WIDTH="72" VPOS="2089" HPOS="732" CONTENT="de" ID="r2l88_10" STYLEREFS="FONT0"/>
            <SP HEIGHT="52" WIDTH="12" VPOS="2089" HPOS="804"/>
            <String HEIGHT="52" WIDTH="72" VPOS="2089" HPOS="768" CONTENT="p." ID="r2l88_11" STYLEREFS="FONT0"/>
            <SP HEIGHT="52" WIDTH="12" VPOS="2089" HPOS="840"/>
            <String HEIGHT="52" WIDTH="131" VPOS="2089" HPOS="804" CONTENT="in-fol." ID="r2l88_12" STYLEREFS="FONT0"/>
            <SP HEIGHT="52" WIDTH="12" VPOS="2089" HPOS="935"/>
            <String HEIGHT="52" WIDTH="60" VPOS="2089" HPOS="899" CONTENT="6" ID="r2l88_13" STYLEREFS="FONT0"/>
            <SP HEIGHT="52" WIDTH="12" VPOS="2089" HPOS="959"/>
            <String HEIGHT="52" WIDTH="36" VPOS="2089" HPOS="911" CONTENT="»" ID="r2l88_14" STYLEREFS="FONT0"/>
          </TextLine>
        </TextBlock>
      </PrintSpace>
    </Page>
  </Layout>
</alto>
