1148 2194
498 2 107 67 —
540 2 107 67 7
562 2 64 67 —

471 69 120 55 Curieux
565 69 145 55 document.
685 69 43 55 —
702 69 77 55 C’est
753 69 51 55 le
779 69 85 55 traité
839 69 77 55 entre
890 69 85 55 Roland
950 69 51 55 et
975 69 103 55 Tronchet
1044 69 51 55 pour

119 95 86 68 un
162 95 129 68 buste
248 95 86 68 en
291 95 158 68 marbre,
406 95 86 68 de
449 95 172 68 grandeur
578 95 201 68 naturelle,
736 95 115 68 dans
808 95 86 68 le
851 95 158 68 costume
966 95 86 68 de
994 95 101 68 séna-

124 138 119 59 teur.
203 138 80 59 Le
243 138 106 59 prix
310 138 93 59 est
363 138 106 59 fixé
429 138 66 59 à
456 138 106 59 4000
509 138 66 59 fr.

120 163 127 62 23845
205 163 198 62 ROQUELAURE
360 163 184 62 (Antoine,
501 163 127 62 baron
586 163 113 62 de),
656 163 169 62 maréchal
783 163 85 62 de
826 163 155 62 France,
925 163 169 62 gouverneur

117 216 79 35 de
156 216 158 35 Guyenne,
275 216 132 35 fidèle
367 216 171 35 compagnon
499 216 79 35 de
538 216 118 35 Henri
617 216 92 35 IV.
670 216 118 35 L.
749 216 132 35 a
841 216 79 35 s.
880 216 79 35 au
920 216 184 35 gouverneur
1051 216 53 35 de

127 249 186 44 Castillon;
273 249 120 44 Agen,
353 249 80 44 23
393 249 93 44 mai
446 249 120 44 1618,
526 249 67 44 1
552 249 80 44 p.
592 249 146 44 in-fol.
699 249 120 44 Belle
779 249 80 44 et
819 249 213 44 intéressante
978 249 120 44 lettre.

1002 283 66 41 18
1024 283 33 41 »

122 295 110 66 23846
195 295 134 66 ROSALIE
292 295 85 66 (la
341 295 122 66 Sœur),
427 295 158 66 surnommée
548 295 110 66 la
622 295 171 66 Providence
756 295 85 66 des
804 295 146 66 pauvres.
914 295 73 66 L.
951 295 122 66 a
1036 295 73 66 s.
1060 295 37 66 à

122 343 73 53 M.
158 343 158 53 Reignier;
280 343 73 53 12
317 343 146 53 février,
426 343 61 53 1
450 343 73 53 p.
487 343 110 53 in-4.
560 343 170 53 Très-jolie
694 343 134 53 lettre.
791 343 61 53 5
803 343 37 53 »

118 381 116 49 23847
195 381 155 49 ROUSSEAU
312 381 90 49 (J.
363 381 103 49 B.),
428 381 142 49 célèbre
531 381 116 49 poëte
608 381 155 49 lyrique,
724 381 77 49 de
763 381 142 49 l’Acad.
866 381 90 49 des
905 381 193 49 inscriptions.

115 420 111 41 L.
189 420 124 41 a
276 420 62 41 à
300 420 87 41 Mme
350 420 74 41 de
387 420 136 41 Fériol;
486 420 136 41 Vienne,
585 420 74 41 11
622 420 111 41 févr.
697 420 111 41 1721,
771 420 62 41 4
796 420 74 41 p.
833 420 87 41 pl.
883 420 111 41 in-4.
957 420 74 41 18
982 420 74 41 »M

156 450 200 46 Très-jolie
313 450 157 46 lettre.
427 450 71 46 —
455 450 100 46 «Je
512 450 86 46 ne
555 450 143 46 compte
655 450 114 46 plus
726 450 100 46 sur
783 450 128 46 rien,
869 450 86 46 et
912 450 185 46 l’édition
1040 450 57 46 de

115 486 102 48 mes
174 486 189 48 ouvrages,
319 486 102 48 qui
377 486 102 48 est
435 486 116 48 sous
508 486 145 48 presse
610 486 145 48 depuis
711 486 116 48 plus
784 486 87 48 de
828 486 116 48 deux
900 486 102 48 ans
959 486 87 48 se
988 486 116 48 trouve

120 525 174 44 accrochée
253 525 94 44 par
307 525 80 44 le
347 525 134 44 séjour
441 525 94 44 que
495 525 80 44 je
535 525 107 44 suis
602 525 134 44 obligé
695 525 80 44 de
736 525 121 44 faire
816 525 107 44 dans
883 525 80 44 ce
923 525 161 44 pays-ci.
1030 525 67 44 J’y

123 559 119 38 suis
198 559 119 38 fort
272 559 134 38 bien,
362 559 89 38 et
406 559 134 38 comme
496 559 89 38 je
541 559 149 38 m’aime
645 559 149 38 encore
749 559 134 38 mieux
839 559 104 38 que
898 559 89 38 je
943 559 149 38 n’aime
1032 559 75 38 mes

129 581 167 52 uvrages,
254 581 84 52 je
296 581 111 52 n’ai
366 581 125 52 nulle
449 581 195 52 impatience
602 581 111 52 d’en
658 581 167 52 partir...»

122 623 110 42 23848
195 623 85 42 ROY
244 623 85 42 (P.
293 623 110 42 Ch.),
366 623 110 42 poëte
439 623 183 42 dramatique,
585 623 122 42 fameux
671 623 85 42 par
720 623 85 42 ses
769 623 183 42 épigrammes.
915 623 110 42 L.
976 623 122 42 as.

114 659 60 49 à
138 659 72 49 M.
174 659 96 49 ...;
234 659 72 49 27
270 659 108 49 avril
342 659 108 49 1746,
413 659 60 49 2
437 659 72 49 p.
473 659 108 49 in-4.
545 659 60 49 5
557 659 48 49 50

138 693 132 46 Jolie
226 693 161 46 lettre,
344 693 88 46 où
388 693 88 46 il
431 693 132 46 remet
519 693 88 46 au
563 693 191 46 lendemain
710 693 88 46 un
754 693 132 46 dîner
842 693 176 46 projeté,
974 693 88 46 M.
1003 693 88 46 Des-

121 736 166 37 touches,
245 736 83 37 de
287 736 152 37 passage
397 736 69 37 à
425 736 138 37 Paris,
521 736 152 37 n’étant
632 736 124 37 libre
714 736 97 37 que
769 736 83 37 ce
797 736 138 37 jour

123 767 102 46 23849
191 767 91 46 SACY
247 767 79 46 (U.
292 767 147 46 Silvestre
406 767 91 46 de),
462 767 170 46 littérateur
598 767 158 46 distingué,
723 767 68 46 de
756 767 124 46 l’Acad.
847 767 79 46 fr.
892 767 102 46 L.
960 767 91 46 a.
1005 767 91 46 s.

127 804 107 48 1856,
198 804 59 48 1
222 804 71 48 p.
258 804 83 48 1/2
305 804 107 48 in-8.
377 804 107 48 Jolie
448 804 119 48 pièce.
531 804 59 48 2
543 804 36 48 »

113 835 119 46 23850
192 835 224 46 SAINT-HILAIRE
376 835 224 46 (Barthélemy),
561 835 184 46 philosophe
706 835 79 46 et
745 835 158 46 écrivain
864 835 184 46 distingué,
996 835 105 46 repré-

119 876 138 33 sentant
220 876 75 33 du
257 876 125 33 peuple
345 876 75 33 en
382 876 113 33 1848,
458 876 125 33 membre
545 876 75 33 de
583 876 188 33 l’Institut.
733 876 113 33 L.
808 876 125 33 a
896 876 75 33 s.
933 876 75 33 au
958 876 138 33 rédacteur

122 908 61 38 du
152 908 204 38 Moniteur
325 908 81 38 sig.
376 908 92 38 aussi
437 908 71 38 par
478 908 173 38 Bixio
621 908 193 38 Pagnerre
783 908 61 38 et
814 908 214 38 Altaroche;
997 908 102 38 Paris,
1058 908 41 38 12

128 939 100 42 janv.
195 939 100 42 1849,
261 939 56 42 1
284 939 67 42 p.
317 939 78 42 pl.
362 939 100 42 in-8.
428 939 56 42 3
439 939 45 42 50

147 971 99 47 Ils
203 971 197 47 expliquent
358 971 99 47 les
415 971 141 47 motifs
514 971 99 47 qui
570 971 99 47 les
626 971 99 47 ont
683 971 141 47 portés
782 971 71 47 à
810 971 85 47 se
852 971 183 47 prononcer
993 971 113 47 pour
1050 971 56 47 le

121 1012 117 44 rejet
199 1012 104 44 dans
264 1012 78 44 le
304 1012 104 44 vote
369 1012 78 44 de
408 1012 156 44 division
525 1012 91 44 sur
577 1012 91 44 les
630 1012 196 44 conclusions
786 1012 78 44 du
825 1012 143 44 rapport
929 1012 78 44 de
969 1012 78 44 M.
995 1012 104 44 Grévy.

122 1049 114 43 23851
198 1049 215 43 SAINT-LAMBERT
376 1049 89 43 (J.
426 1049 89 43 Fr.
477 1049 101 43 de),
540 1049 127 43 poëte,
629 1049 127 43 auteur
718 1049 89 43 des
769 1049 241 43 Saisons
971 1049 127 43 membre
1047 1049 51 43 de

122 1087 143 45 l’Acad.
226 1087 91 45 fr.
278 1087 117 45 L.
355 1087 130 45 a
446 1087 78 45 s.
485 1087 65 45 à
511 1087 78 45 M.
550 1087 168 45 Pointard;
679 1087 168 45 Eaubonne,
809 1087 65 45 9
835 1087 104 45 mai,
900 1087 65 45 2
926 1087 78 45 p.
964 1087 91 45 1/2
1003 1087 91 45 in

117 1122 120 42 cachet
201 1122 120 42 brisé.
285 1122 203 42 Intéressante.
452 1122 60 42 5
464 1122 36 42 »

116 1155 116 46 23852
193 1155 206 46 SAINTE-BEUVE
360 1155 103 46 (Ch.
425 1155 129 46 Aug.),
515 1155 154 46 critique
630 1155 77 46 et
669 1155 116 46 poëte
746 1155 154 46 célèbre,
862 1155 77 46 de
900 1155 141 46 l’Acad.
1003 1155 90 46 fr.
1042 1155 51 46 L.

120 1188 142 44 a.
224 1188 78 44 s.
262 1188 65 44 à
288 1188 181 44 Duvevrier,
431 1188 129 44 membre
521 1188 78 44 du
560 1188 142 44 collège
664 1188 246 44 saint-simonien;
871 1188 65 44 3
897 1188 142 44 janvier
987 1188 117 44 (1832),

148 1220 43 46 1
166 1220 52 46 p.
192 1220 60 46 1/2
226 1220 78 46 in-8.
278 1220 43 46 3
286 1220 35 46 50

145 1256 174 44 Curieuse
275 1256 159 44 épître,
391 1256 87 44 où
434 1256 87 44 il
477 1256 174 44 l’engage
608 1256 72 44 à
637 1256 130 44 aller
724 1256 116 44 voir
796 1256 101 44 Mme
854 1256 159 44 Allart,
970 1256 130 44 nièce
1042 1256 58 44 de

112 1289 97 38 Mme
168 1289 111 38 Cay,
237 1289 97 38 qui
293 1289 139 38 désire
390 1289 111 38 être
460 1289 167 38 éclairée
585 1289 97 38 sur
641 1289 97 38 les
696 1289 125 38 idées
780 1289 306 38 saint-simoniennes.
1030 1289 70 38 Pi-

119 1321 126 53 quant
203 1321 168 53 portrait
329 1321 84 53 de
371 1321 126 53 cette
454 1321 126 53 dame.
538 1321 126 53 «Amie
622 1321 140 53 intime
720 1321 84 53 de
762 1321 182 53 Béranger,
901 1321 112 53 elle
971 1321 70 53 a
999 1321 98 53 été
1041 1321 56 53 la

111 1358 194 37 maîtresse
260 1358 90 37 de
290 1358 254 37 Chateaubriand.»

121 1386 102 48 23853
189 1386 79 48 SAX
234 1386 136 48 (Marie),
336 1386 68 48 la
370 1386 125 48 célèbre
461 1386 147 48 chanteuse
574 1386 68 48 de
608 1386 136 48 l’Opéra.
710 1386 102 48 L.
778 1386 170 48 d.s..,
914 1386 57 48 1
937 1386 68 48 p.
971 1386 113 48 in-12.
1050 1386 57 48 1
1062 1386 45 48 75

119 1431 121 47 23854
199 1431 161 47 SCHLEGEL
320 1431 121 47 (Aug.
400 1431 134 47 Guill.
494 1431 107 47 de),
561 1431 81 47 un
602 1431 94 47 des
655 1431 107 47 plus
722 1431 134 47 grands
816 1431 174 47 critiques
950 1431 81 47 de
977 1431 121 47 l’Alle-

114 1474 117 36 magne.
196 1474 106 36 L.
267 1474 106 36 a
337 1474 82 36 s.;
384 1474 117 36 Paris,
466 1474 70 36 30
501 1474 94 36 août
560 1474 106 36 1817,
630 1474 59 36 1
654 1474 70 36 p.
689 1474 106 36 in-8.
759 1474 164 36 Très-jolie
888 1474 117 36 pièce.
970 1474 59 36 4
982 1474 35 36 »

120 1501 105 50 23855
190 1501 139 50 SCHLEGEL
295 1501 93 50 (Ch.
353 1501 116 50 Guill.
434 1501 139 50 Frédéric
539 1501 93 50 de),
597 1501 116 50 savant
678 1501 186 50 orientaliste
829 1501 151 50 allemand,
934 1501 81 50 frère

124 1539 65 50 du
157 1539 151 50 précédent.
275 1539 97 50 L.
340 1539 108 50 a
415 1539 75 50 s.,
458 1539 75 50 1/2
501 1539 65 50 p.
533 1539 97 50 in-8,
598 1539 118 50 cachet.
684 1539 54 50 3
695 1539 32 50 »

130 1564 93 51 23856
192 1564 93 51 SÉGUR
254 1564 83 51 (Ph.
306 1564 73 51 H.,
347 1564 114 51 marquis
430 1564 83 51 de),
482 1564 124 51 maréchal
575 1564 62 51 de
606 1564 104 51 France
679 1564 62 51 et
710 1564 124 51 ministre
793 1564 62 51 sous

123 1609 93 47 Louis
185 1609 83 47 XVI.
237 1609 62 47 L.
268 1609 62 47 s.
299 1609 62 47 au
330 1609 93 47 comte
392 1609 62 47 de
424 1609 135 47 Langeron;
527 1609 156 47 Versailles,
652 1609 62 47 22
683 1609 83 47 juin
735 1609 93 47 1783,
797 1609 52 47 1
807 1609 42 47 p.

130 1641 60 48 1/2
164 1641 77 48 in-4.
215 1641 43 48 2
223 1641 34 48 25

150 1662 77 54 Il
189 1662 77 54 le
227 1662 155 54 remercie
343 1662 90 54 des
395 1662 193 54 compliments
549 1662 90 54 que
601 1662 77 54 le
640 1662 116 54 comte
717 1662 90 54 lui
768 1662 64 54 a
794 1662 116 54 faits
872 1662 90 54 sur
923 1662 90 54 son
962 1662 77 54 élé-

125 1710 140 47 vation
223 1710 84 47 au
251 1710 181 47 maréchalat.

122 1747 106 53 23857
193 1747 118 53 THOMAS
275 1747 106 53 (Ant.
346 1747 94 53 L.),
405 1747 129 53 célèbre
499 1747 188 53 littérateur,
652 1747 71 53 de
687 1747 129 53 l’Acad.
781 1747 82 53 fr.
828 1747 106 53 L.
899 1747 106 53 a
970 1747 59 53 à
993 1747 118 53 Ducis,
1064 1747 35 53 à

123 1785 135 38 Marly;
218 1785 81 38 ce
259 1785 162 38 dimanche
380 1785 122 38 matin
461 1785 95 38 23,
515 1785 95 38 1/2
569 1785 81 38 p.
610 1785 122 38 in-4.
691 1785 68 38 5
704 1785 41 38 »

154 1810 189 45 L’élection
303 1810 108 45 d’un
371 1810 189 45 secrétaire
520 1810 81 45 (à
560 1810 203 45 l’Académie)
722 1810 95 45 est
776 1810 122 45 fixée
858 1810 68 45 à
885 1810 135 45 jeudi.
966 1810 135 45 «Quittés

123 1849 127 37 votre
208 1849 170 37 retraite
335 1849 85 37 et
378 1849 99 37 vos
434 1849 113 37 bois
505 1849 85 37 au
548 1849 127 37 moins
633 1849 113 37 pour
703 1849 85 37 un
746 1849 113 37 jour
817 1849 85 37 et
859 1849 127 37 venés
944 1849 113 37 vous
1001 1849 99 37 mêler

116 1871 100 53 aux
173 1871 143 53 scènes
273 1871 86 53 de
316 1871 86 53 la
359 1871 143 53 vie...
459 1871 86 53 On
502 1871 86 53 se
545 1871 158 53 dispute
660 1871 86 53 et
703 1871 115 53 l’on
775 1871 143 53 mendie
875 1871 100 53 les
932 1871 129 53 voix,
1004 1871 100 53 comme

126 1917 85 38 on
168 1917 156 38 dispute
282 1917 85 38 la
324 1917 170 38 couronne
452 1917 85 38 de
495 1917 156 38 Pologne
608 1917 128 38 quand
693 1917 113 38 elle
764 1917 99 38 est
807 1917 184 38 vacante...»

130 1950 115 44 23858
207 1950 191 44 TOCQUEVILLE
359 1950 140 44 (Alexis
461 1950 102 44 de),
525 1950 140 44 célèbre
627 1950 153 44 écrivain
741 1950 76 44 et
780 1950 115 44 homme
856 1950 140 44 d’État,
958 1950 76 44 de
983 1950 115 44 l’Acad.

125 1988 88 39 fr.
176 1988 114 39 L.
252 1988 126 39 a
340 1988 76 39 s.
378 1988 63 39 à
403 1988 139 39 Stephen
504 1988 76 39 de
542 1988 76 39 La
580 1988 177 39 Madelaine;
719 1988 76 39 18
757 1988 114 39 avril
833 1988 114 39 1841,
909 1988 63 39 1
934 1988 76 39 p.
972 1988 88 39 1/2
1010 1988 88 39 in

1015 2013 94 45 8
1034 2013 75 45 50

151 2024 232 64 Très-curieuse
343 2024 150 64 épître,
452 2024 82 64 où
493 2024 82 64 il
534 2024 96 64 lui
589 2024 150 64 annonce
698 2024 123 64 qu’il
780 2024 68 64 a
807 2024 96 64 peu
862 2024 205 64 d’influence
1012 2024 96 64 parce

116 2075 119 45 qu’il
195 2075 106 45 fait
261 2075 132 45 partie
353 2075 79 45 de
393 2075 224 45 l’opposition.
578 2075 106 45 «Les
644 2075 172 45 ministres
776 2075 132 45 savent
868 2075 119 45 bien,
948 2075 145 45 dit-il,
1040 2075 66 45 que

113 2117 78 44 je
152 2117 78 44 ne
191 2117 104 44 suis
256 2117 78 44 ni
295 2117 78 44 un
334 2117 130 44 ennemi
425 2117 143 44 violent
529 2117 78 44 ni
568 2117 78 44 un
607 2117 182 44 adversaire
750 2117 260 44 ramenable
958 2117 143 44 autrement
