1226 2155
475 -5 89 53 —
511 -5 89 53 7
529 -5 53 53 —

123 39 345 71 Maribon-Montaut;
430 39 90 71 1er
481 39 115 71 avril
558 39 115 71 1793,
635 39 64 71 1
660 39 77 71 p.
699 39 153 71 in-fol.;
814 39 102 71 têté
878 39 115 71 impr.
954 39 77 71 et
980 39 115 71 cachet.

121 104 139 45 Très-belle
230 104 99 45 pièce.
299 104 50 45 6
309 104 40 45 50

156 119 128 69 Ordre
241 119 243 69 d’arrestation
441 119 86 69 du
484 119 114 69 cit.
555 119 228 69 Sainte-Foix,
741 119 186 69 demeurant
884 119 86 69 au
927 119 114 69 mont
984 119 114 69 Saint-

127 172 153 52 Martin,
239 172 223 52 municipalité
420 172 84 52 du
448 172 139 52 Catelet.

125 187 107 68 23960
196 187 130 68 MICHAUD
291 187 83 68 (J.
339 187 95 68 B.),
398 187 119 68 député
481 187 71 68 du
516 187 107 68 Doubs
587 187 59 68 à
611 187 71 68 la
647 187 178 68 Convention.
789 187 107 68 L.
860 187 71 68 a.
896 187 119 68 s.
979 187 59 68 à
1002 187 83 68 son
1038 187 71 68 col-

353 236 77 61 lègue
405 236 119 61 Pelletier:
498 236 85 61 Paris,
558 236 51 61 22
583 236 85 61 nivôse
643 236 51 61 an
668 236 68 61 III,
711 236 43 61 1
728 236 51 61 p.
753 236 94 61 in-fol.
821 236 43 61 3
830 236 34 61 50

163 249 263 81 Très-curieuse
379 249 155 81 épître
488 249 108 81 sur
550 249 93 81 un
596 249 279 81 administrateur
828 249 93 81 du
875 249 232 81 département
1045 249 62 81 du

128 303 150 70 Doubs,
233 303 90 70 le
278 303 120 70 cit.
353 303 165 70 Arnaud,
473 303 105 70 que
533 303 105 70 des
593 303 150 70 hommes
697 303 165 70 haineux
817 303 165 70 veulent
937 303 135 70 faire
1012 303 90 70 des

120 357 109 43 tituer.

138 382 106 48 23961
209 382 153 48 MONESTIER
326 382 106 48 (B.),
397 382 129 48 ex-curé
491 382 71 48 de
526 382 188 48 Saint-Pierre
679 382 71 48 de
714 382 153 48 Clermont,
832 382 118 48 député
902 382 47 48 du

130 414 201 50 Puy-de-Dôme
290 414 67 50 à
317 414 80 50 la
357 414 201 50 Convention.
518 414 121 50 L.
599 414 80 50 a.
639 414 134 50 s.
733 414 80 50 au
773 414 174 50 président
907 414 80 50 de
934 414 174 50 l’Assemblée

133 451 165 60 nationale;
263 451 129 60 (1791),
357 451 59 60 2
380 451 71 60 p.
416 451 129 60 in-fol.
510 451 59 60 5
522 451 35 60 »

163 470 299 77 Très-intéressante
419 470 157 77 lettre,
533 470 143 77 écrite
633 470 128 77 comme
719 470 299 77 procureur-général
975 470 143 77 syndic
1061 470 57 77 du

133 517 231 54 Puy-de-Dôme,
321 517 87 54 et
364 517 174 54 relative
494 517 101 54 aux
552 517 159 54 mesures
668 517 202 54 concernant
827 517 101 54 les
870 517 246 54 ecclésiastiques

135 565 88 44 de
179 565 102 44 son
223 565 205 44 département.

140 578 85 65 23962
196 578 141 65 MONTMORENCY
309 578 94 65 (Henri
375 578 66 65 II,
412 578 66 65 duc
450 578 75 65 de),
497 578 113 65 maréchal
581 578 56 65 de
609 578 103 65 France,
685 578 94 65 ennemi
750 578 56 65 de

147 627 118 47 Richelieu,
239 627 101 47 décapité
315 627 42 47 à
332 627 101 47 Toulouse
407 627 50 47 en
432 627 76 47 1632,
483 627 76 47 P.
533 627 92 47 s.
601 627 76 47 comme
651 627 84 47 amiral
701 627 34 47 de

138 665 96 46 France,
208 665 53 46 de
235 665 96 46 Guyenne
305 665 53 46 et
331 665 53 46 de
357 665 114 46 Bretagne;
445 665 88 46 Paris,
506 665 44 46 5
524 665 88 46 juill.
585 665 79 46 1616,
638 665 61 46 1/2
673 665 53 46 p.
690 665 53 46 in

140 697 133 47 oblong,
237 697 121 47 sceau.
321 697 109 47 Belle
394 697 121 47 pièce.
479 697 60 47 6
491 697 36 47 »

151 716 91 66 23963
211 716 262 66 MONTMORENCY-BOUTEVILLE
443 716 131 66 (François
543 716 80 66 de),
594 716 91 66 brave
654 716 121 66 guerrier
744 716 60 66 et
765 716 80 66 fameux

145 763 178 48 bretteur,
282 763 178 48 décapité,
419 763 69 48 à
447 763 123 48 l’âge
529 763 82 48 de
570 763 82 48 27
611 763 110 48 ans,
680 763 82 48 en
721 763 110 48 1627
789 763 110 48 pour
858 763 96 48 son
913 763 110 48 duel
981 763 110 48 avec
1036 763 82 48 Beu-

151 795 69 53 vron.
197 795 69 53 L.
243 795 46 53 a.
266 795 77 53 s.
320 795 38 53 à
335 795 54 53 Mgr
366 795 130 53 (Richelieu?);
473 795 69 53 s.
519 795 84 53 d.
580 795 38 53 1
596 795 46 53 p.
619 795 54 53 pl.
649 795 69 53 in-4.
695 795 92 53 Belle
764 795 46 53 et
779 795 77 53 rare

146 841 126 41 lettre
251 841 42 41 27
265 841 21 41 »

154 853 73 67 23964
203 853 65 67 NIEL
243 853 114 67 (Adolphe),
333 853 98 67 maréchal
406 853 49 67 de
431 853 81 67 France
488 853 49 67 et
512 853 98 67 ministre
586 853 49 67 de
610 853 49 67 la
634 853 90 67 guerre.
700 853 73 67 L.
749 853 49 67 a.
765 853 65 67 s.

150 900 196 50 Montpellier,
309 900 74 50 31
346 900 98 50 août
408 900 111 50 1848,
481 900 61 50 2
506 900 74 50 p.
543 900 135 50 in-fol.
641 900 61 50 6
653 900 37 50 »

177 928 227 60 Intéressante
361 928 142 60 épître
461 928 99 60 sur
518 928 85 60 le
560 928 213 60 contre-coup
730 928 85 60 de
773 928 85 60 la
816 928 199 60 Révolution
972 928 85 60 de
1000 928 128 60 février

155 972 111 53 1848
225 972 70 53 à
252 972 223 53 Montpellier.
433 972 153 53 Curieux
531 972 139 53 détails.

157 987 104 71 23965
227 987 115 71 NODIER
308 987 162 71 (Charles),
434 987 139 71 écrivain
538 987 162 71 distingué,
665 987 69 71 de
700 987 127 71 l’Acad,
792 987 81 71 fr.
838 987 104 71 L.
908 987 69 71 a.
942 987 115 71 s.
1023 987 58 71 à
1035 987 92 71 Salvi;

152 1045 122 47 Paris,
237 1045 73 47 21
274 1045 146 47 octobre,
384 1045 61 47 1
408 1045 73 47 p.
445 1045 110 47 in-4.
518 1045 171 47 Très-belle
652 1045 134 47 lettre.
750 1045 61 47 3
762 1045 49 47 50

162 1067 116 63 23966
240 1067 168 63 PEYRONNET
369 1067 90 63 (le
420 1067 142 63 comte),
524 1067 155 63 ministre
640 1067 181 63 signataire
782 1067 90 63 des
834 1067 194 63 Ordonnances
989 1067 78 63 de
1015 1067 116 63 juillet

156 1102 117 64 1830
229 1102 131 64 Pièce
317 1102 160 64 d’album
433 1102 117 64 aut.
506 1102 131 64 sig.;
594 1102 160 64 château
710 1102 87 64 de
754 1102 117 64 Ham,
827 1102 87 64 21
871 1102 117 64 oct.
944 1102 131 64 1835,
1031 1102 102 64 1/4
1075 1102 58 64 de

155 1154 70 49 p.
190 1154 128 49 in-fol.
283 1154 163 49 Très-belle
411 1154 116 49 pièce.
493 1154 58 49 3
504 1154 35 49 »

64 1188 12 59 23967
72 1188 13 59 PONCET
81 1188 8 59 DE
85 1188 8 59 LA
89 1188 15 59 RIVIÈRE
100 1188 19 59 (Mathias),
114 1188 13 59 évêque
123 1188 8 59 de
127 1188 15 59 Troyes,
137 1188 17 59 prédicateur

159 1209 201 61 distingué,
316 1209 100 61 qui
374 1209 172 61 prononça
503 1209 100 61 les
560 1209 172 61 oraisons
689 1209 172 61 funèbres
818 1209 86 61 de
861 1209 129 61 Marie
948 1209 186 61 Leczinska
1077 1209 57 61 et

157 1242 70 62 de
192 1242 104 62 Louis
262 1242 81 62 XV.
308 1242 104 62 L.
378 1242 70 62 a.
412 1242 116 62 s.
494 1242 58 62 à
517 1242 93 62 Mgr.
575 1242 58 62 .
598 1242 128 62 Troyes,
691 1242 70 62 23
725 1242 93 62 déc.
783 1242 104 62 1749,
853 1242 58 62 3
876 1242 70 62 p.
911 1242 104 62 in-4.
980 1242 58 62 4
992 1242 58 62 »

188 1275 143 71 Lettre
288 1275 114 71 fort
359 1275 171 71 curieuse
488 1275 100 71 sur
545 1275 100 71 les
602 1275 214 71 communautés
773 1275 86 71 de
816 1275 100 71 son
859 1275 143 71 diocèse.

172 1299 98 86 23968
237 1299 109 86 QUINET
314 1299 131 86 (Edgar),
411 1299 120 86 célèbre
498 1299 131 86 écrivain
596 1299 65 86 et
629 1299 174 86 représentant
770 1299 65 86 du
803 1299 120 86 peuple.
890 1299 98 86 L.
955 1299 65 86 a.
977 1299 87 86 s.

162 1353 63 63 à
188 1353 75 63 M:
225 1353 150 63 Cottard;
338 1353 125 63 Paris,
425 1353 75 63 18
463 1353 100 63 nov.
525 1353 113 63 1841,
601 1353 63 63 2
626 1353 75 63 p.
663 1353 113 63 in-8.
738 1353 113 63 Jolie
813 1353 138 63 lettre.
913 1353 63 63 2
926 1353 50 63 50

173 1394 94 59 23969
235 1394 104 59 RACHEL
308 1394 115 59 (Mlle),
392 1394 63 59 la
423 1394 115 59 célèbre
507 1394 167 59 tragédienne.
642 1394 94 59 L.
705 1394 104 59 a
778 1394 73 59 si.
820 1394 52 59 à
841 1394 104 59 M....;
914 1394 52 59 2
935 1394 104 59 avril,
1008 1394 52 59 1
1018 1394 42 59 p.

177 1447 52 43 in-8.
212 1447 35 43 70
224 1447 17 43 »

198 1438 220 81 Intéressante
377 1438 151 81 épître,
487 1438 83 81 où
529 1438 110 81 elle
597 1438 96 81 lui
652 1438 151 81 demande
763 1438 151 81 comment
873 1438 83 81 il
914 1438 96 81 l’a
969 1438 151 81 trouvée
1065 1438 83 81 dans

174 1505 201 43 Horace
340 1505 71 43 et
375 1505 71 43 le
411 1505 95 43 prie
470 1505 166 43 d’assister
600 1505 59 43 à
624 1505 118 43 toutes
707 1505 83 43 ses
742 1505 213 43 représentations.

182 1533 95 57 23970
246 1533 106 57 REILLE
320 1533 74 57 (le
362 1533 116 57 comte),
447 1533 127 57 maréchal
542 1533 63 57 de
574 1533 116 57 France.
658 1533 95 57 L.
721 1533 63 57 a.
753 1533 116 57 s.
838 1533 137 57 Bordeaux,
943 1533 63 57 11
965 1533 63 57 ven-

446 1565 104 65 démiaire
525 1565 52 65 an
551 1565 78 65 XIII,
603 1565 43 65 2
620 1565 52 65 p.
646 1565 61 65 1/2
681 1565 96 65 in-fol.
751 1565 122 65 Très-belle
846 1565 52 65 et
872 1565 139 65 intéressante
977 1565 78 65 lettre.

1055 1591 93 36 3
1074 1591 56 36 »

183 1612 87 80 23971
241 1612 126 80 ROCHEFORT
338 1612 116 80 (Henri),
426 1612 116 80 l’auteur
513 1612 58 80 de
542 1612 87 80 la
600 1612 126 80 Lanterne.
697 1612 58 80 L.
726 1612 58 80 a.
755 1612 97 80 s
823 1612 87 80 comme
871 1612 78 80 rédac-

182 1667 83 56 teur
233 1667 62 56 du
264 1667 217 56 Charivar,
450 1667 52 56 1
471 1667 62 56 p.
501 1667 93 56 in-8.
563 1667 93 56 Jolie
625 1667 103 56 pièce.
697 1667 52 56 2
708 1667 41 56 50

179 1699 127 62 23972
263 1699 197 62 ROQUELAURE
418 1699 127 62 (Ant.
503 1699 85 62 G.
545 1699 85 62 J.
587 1699 99 62 B.,
644 1699 99 62 duc
700 1699 113 62 de),
771 1699 169 62 maréchal
897 1699 85 62 de
940 1699 141 62 France
1024 1699 127 62 gouver-

180 1727 91 64 neur
237 1727 68 64 de
271 1727 159 64 Languedoc,
396 1727 91 64 bien
453 1727 148 64 maltraité
567 1727 80 64 par
612 1727 182 64 Saint-Simon.
760 1727 102 64 P.
828 1727 125 64 s.
908 1727 114 64 Montpel-

184 1765 113 64 lier,
260 1765 75 64 28
298 1765 101 64 oct.
360 1765 113 64 1707,
436 1765 63 64 1
461 1765 75 64 p.
499 1765 151 64 in-fol.,
612 1765 126 64 cachet
700 1765 101 64 bien
763 1765 163 64 conservé.
889 1765 63 64 3
901 1765 38 64 »

185 1785 117 82 23973
263 1785 169 82 ROQUEPLAN
393 1785 182 82 (Camille),
537 1785 143 82 peintre
641 1785 195 82 d’histoire,
797 1785 78 82 un
836 1785 91 82 des
888 1785 117 82 chefs
967 1785 78 82 de
1006 1785 143 82 l’école
1097 1785 65 82 ro-

194 1845 130 58 mantique.
294 1845 90 58 L.
354 1845 60 58 a.
384 1845 110 58 s.
463 1845 70 58 3/4
503 1845 60 58 de
533 1845 60 58 p.
563 1845 90 58 in-8.
623 1845 50 58 1
633 1845 40 58 75

188 1865 110 70 23974
261 1865 122 70 ROUGET
346 1865 73 70 DE
383 1865 110 70 LISLE
456 1865 158 70 (Joseph),
577 1865 146 70 l’auteur
687 1865 73 70 de
724 1865 110 70 la
797 1865 207 70 Marseillaise.
967 1865 73 70 L.
1004 1865 73 70 a.
1040 1865 122 70 s.
1113 1865 49 70 au

183 1903 158 69 docteur
298 1903 202 69 Chapelain;
456 1903 259 69 Choisy-le-Roi,
672 1903 86 69 20
716 1903 130 69 sept.
802 1903 130 69 1832,
889 1903 72 69 2
917 1903 86 69 p.
961 1903 130 69 in-8.
1047 1903 86 69 13
1076 1903 43 69 »

211 1941 176 64 Curieuse
343 1941 147 64 épître
446 1941 103 64 sur
504 1941 88 64 le
548 1941 220 64 magnétisme.
724 1941 88 64 Il
768 1941 103 64 n’a
827 1941 103 64 pas
886 1941 88 64 pu
930 1941 88 64 en
973 1941 147 64 parler
1076 1941 73 64 à
1091 1941 73 64 Bé-

183 1975 150 68 ranger,
292 1975 123 68 qu’il
374 1975 68 68 a
402 1975 82 68 vu
442 1975 109 68 dans
511 1975 82 68 un
551 1975 136 68 dîner,
647 1975 109 68 mais
715 1975 109 68 qui,
783 1975 191 68 indisposé,
933 1975 123 68 s’est
1015 1975 150 68 esquivé
1110 1975 55 68 au

193 1999 150 71 milieu
298 1999 90 71 du
343 1999 150 71 repas.
448 1999 75 71 A
478 1999 90 71 ce
523 1999 120 71 même
598 1999 135 71 dîner
688 1999 135 71 était
778 1999 150 71 Armand
883 1999 165 71 Carrel,
988 1999 180 71 drédacteur

189 2046 80 62 du
229 2046 254 62 National
442 2046 80 62 et
482 2046 187 62 personnage
629 2046 107 62 fort
696 2046 187 62 important,
843 2046 120 62 comme
923 2046 107 62 vous
989 2046 147 62 savez.»
1096 2046 80 62 Il
1123 2046 40 62 a

192 2077 144 63 promis
292 2077 86 63 de
335 2077 144 63 parler
436 2077 115 63 dans
508 2077 101 63 son
565 2077 158 63 journal
680 2077 129 63 d’une
767 2077 172 63 brochure
896 2077 101 63 sur
953 2077 86 63 le
982 2077 187 63 magnétisme.
