1205 2172
537 5 86 59 —
571 5 86 59 2
588 5 52 59 —

123 43 159 79 pontifes
242 43 80 79 de
282 43 93 79 son
335 43 146 79 siècle.
441 43 119 79 L.
521 43 80 79 a.
560 43 146 79 s.
666 43 119 79 comme
746 43 172 79 cardinal,
879 43 80 79 au
918 43 119 79 Pape;
985 43 119 79 Ancône,

130 109 58 49 8
154 109 93 49 déc.
212 109 105 49 1728,
282 109 58 49 1
305 109 70 49 p.
340 109 82 49 pl.
387 109 128 49 in-fol.
480 109 70 49 20
503 109 35 49 »

154 145 201 43 Très-belle
311 145 143 43 lettre
412 145 86 43 de
440 145 201 43 compliments.

131 179 106 48 23878
202 179 141 48 BÉRANGER
308 179 82 48 (P.
355 179 71 48 J.
390 179 94 48 de),
449 179 71 48 le
484 179 129 48 célèbre
578 179 188 48 chansonnier.
731 179 106 48 L.
801 179 71 48 a.
837 179 118 48 s.
919 179 59 48 à
942 179 82 48 Ed.
978 179 129 48 Plouvier;

128 216 76 44 11
166 216 89 44 mai
217 216 115 44 1856,
294 216 64 44 1
319 216 76 44 p.
358 216 89 44 1/2
409 216 115 44 in-8.
485 216 64 44 5
498 216 38 44 »

163 241 121 57 Jolie
243 241 148 57 lettre,
351 241 81 57 où
392 241 81 57 il
432 241 81 57 le
473 241 162 57 félicite
594 241 94 57 sur
648 241 81 57 sa
689 241 135 57 pièce.
783 241 94 57 «Ne
837 241 108 57 vous
905 241 148 57 arrêtez
1013 241 94 57 pas
1053 241 54 57 en

127 281 87 53 si
170 281 115 53 beau
242 281 159 53 chemin.
357 281 87 53 Le
401 281 159 53 théâtre
516 281 115 53 peut
588 281 115 53 être
661 281 101 53 une
718 281 115 53 mine
790 281 159 53 féconde
906 281 115 53 pour
964 281 144 53 vous...»

132 309 119 61 23879
211 309 145 61 BERLIOZ
317 309 119 61 (H.),
396 309 145 61 célèbre
502 309 198 61 compositeur
661 309 79 61 de
700 309 159 61 musique,
819 309 132 61 membre
912 309 79 61 de
938 309 172 61 l’Institut.

127 353 115 48 L.
204 353 76 48 a.
242 353 127 48 s.
331 353 89 48 aux
382 353 140 48 membres
484 353 76 48 du
522 353 140 48 Conseil
624 353 254 48 d’administration
840 353 76 48 du
878 353 140 48 théâtre
967 353 140 48 français;

128 393 127 56 Paris,
217 393 76 56 19
255 393 165 56 décembre,
382 393 63 56 1
408 393 76 56 p.
446 393 102 56 pl..
509 393 114 56 in-8.
585 393 63 56 3
598 393 38 56 »

166 421 87 55 Il
210 421 116 55 leur
283 421 160 55 demande
399 421 87 55 de
443 421 189 55 permettre
588 421 73 55 à
617 421 87 55 M.
661 421 145 55 Bocage
763 421 87 55 de
807 421 116 55 lire
879 421 87 55 un
923 421 116 55 rôle
996 421 116 55 dans
1054 421 58 55 un

126 462 96 52 de
174 462 112 52 ses
238 462 191 52 concerts
365 462 223 52 dramatiques.

131 486 122 61 23880
213 486 136 61 BERTON
308 486 95 61 (J.
362 486 109 61 B.),
430 486 163 61 maréchal
552 486 81 61 de
593 486 122 61 camp,
675 486 109 61 chef
742 486 81 61 de
783 486 81 61 la
824 486 217 61 conspiration
1000 486 81 61 de
1028 486 81 61 Sau-

129 528 106 51 mur,
195 528 146 51 fusillé
301 528 80 51 en
341 528 119 51 1822.
421 528 119 51 L.
500 528 80 51 a.
540 528 133 51 s.
633 528 80 51 au
673 528 93 51 duc
726 528 80 51 de
766 528 146 51 Feltre;
872 528 133 51 maison
965 528 146 51 d’arrêt
1058 528 53 51 de

133 572 145 49 l’Abbaye,
244 572 56 49 6
266 572 89 49 mars
322 572 100 49 1816,
389 572 56 49 4
411 572 67 49 p.
444 572 122 49 in-fol.
533 572 167 49 Rare
666 572 56 49 9
678 572 44 49 50

164 608 155 41 Superbe
276 608 155 41 lettre,
389 608 84 41 où
431 608 84 41 il
473 608 155 41 demande
585 608 84 41 sa
627 608 112 41 mise
698 608 84 41 en
740 608 155 41 liberté
852 608 84 41 et
894 608 140 41 expose
993 608 84 41 sa
1021 608 84 41 con-

135 638 142 50 duite.
234 638 100 50 «Je
291 638 114 50 suis
363 638 185 50 tellement
505 638 114 50 fort
576 638 85 50 de
619 638 85 50 ma
661 638 214 50 conscience,
832 638 228 50 Monseigneur,
1017 638 100 50 que
1060 638 57 50 je

142 675 117 39 suis
215 675 117 39 prêt
288 675 87 39 et
332 675 102 39 que
390 675 189 39 j’invoque
536 675 117 39 même
609 675 175 39 l’examen
740 675 87 39 le
784 675 117 39 plus
857 675 146 39 sévère
959 675 87 39 de
1002 675 87 39 ma
1032 675 87 39 con-

133 696 138 56 duite:
230 696 111 56 elle
299 696 69 56 a
327 696 97 56 été
382 696 124 56 telle
465 696 97 56 que
520 696 83 56 je
562 696 83 56 ne
603 696 152 56 redoute
714 696 83 56 la
755 696 235 56 confrontation
949 696 152 56 d’aucun
1046 696 69 56 dé

120 745 231 43 nonciateur...»

139 759 109 57 23881
212 759 122 57 BESONS
297 759 146 57 (Jacques
406 759 122 57 BAZIN,
491 759 146 57 seigneur
601 759 97 57 de),
661 759 146 57 maréchal
771 759 73 57 de
807 759 134 57 France.
904 759 109 57 P.
977 759 134 57 s.
1062 759 61 57 Pa-

141 815 100 43 ris,
203 815 62 43 6
228 815 112 43 févr.
302 815 112 43 1698,
377 815 62 43 1
402 815 75 43 p.
439 815 100 43 in-4
502 815 137 43 oblong.
601 815 112 43 Jolie
676 815 125 43 pièce.
763 815 62 43 3
776 815 37 43 »

146 835 111 63 23882
220 835 136 63 BLUTEL,
318 835 123 63 député
405 835 74 63 de
442 835 74 63 la
479 835 247 63 Seine-Inférieure
688 835 62 63 à
713 835 74 63 la
750 835 185 63 Convention.
898 835 111 63 L.
972 835 74 63 a.
1009 835 123 63 s.
1083 835 37 63 à

138 886 137 44 Gossuin,
240 886 80 44 1/2
286 886 69 44 p.
320 886 103 44 in-4.
389 886 57 44 2
400 886 46 44 50

145 915 124 50 23883
228 915 180 50 BOIELDIEU
366 915 180 50 (Adrien),
505 915 152 50 célèbre
615 915 207 50 compositeur
781 915 83 50 de
823 915 166 50 musique,
947 915 138 50 auteur
1044 915 83 50 de
1072 915 55 50 la

153 949 133 47 Dame
250 949 193 47 blanche
407 949 121 47 membre
491 949 73 47 de
528 949 181 47 l’Institut.
673 949 109 47 L.
745 949 73 47 a.
781 949 121 47 s.
866 949 60 47 à
890 949 73 47 M.
927 949 145 47 Jolivet;
1035 949 73 47 23
1059 949 73 47 oct.

152 986 102 50 1832,
220 986 57 50 1
242 986 68 50 p.
276 986 113 50 in-12.
356 986 57 50 6
367 986 34 50 »

155 1015 55 53 23884
191 1015 128 53 BOILEAU-DESPRÉAUX
301 1015 85 53 (Nicolas),
368 1015 37 53 le
387 1015 67 53 célèbre
435 1015 55 53 poëte
472 1015 85 53 satirique,
539 1015 37 53 de
551 1015 55 53 l’Acad.

611 1055 43 54 fr.
635 1055 55 54 L.
672 1055 37 54 a.
690 1055 61 54 s.
733 1055 37 54 (à
751 1055 92 54 Brossette);
825 1055 61 54 Paris,
867 1055 31 54 6
880 1055 49 54 mars
910 1055 55 54 1707,
947 1055 31 54 3
959 1055 37 54 p.
977 1055 43 54 pl.
1002 1055 55 54 in-4.
1032 1055 98 54 Superbe

137 1092 166 56 pièce
274 1092 69 56 200
304 1092 29 56 »

177 1113 222 59 Très-curieuse
360 1113 144 59 épître,
464 1113 78 59 où
503 1113 78 59 il
543 1113 118 59 parle
621 1113 144 59 d’abord
725 1113 78 59 du
764 1113 235 59 Lutrin
960 1113 104 59 puis
1026 1113 78 59 de
1052 1113 78 59 deux

146 1163 204 42 épigrammes,
310 1163 109 42 dont
377 1163 122 42 celle
459 1163 68 42 à
486 1163 82 42 M.
527 1163 82 42 Le
568 1163 163 42 Verrier,
690 1163 109 42 «qui
758 1163 136 42 n’est,
853 1163 150 42 dit-il,
962 1163 122 42 qu’un
1030 1163 95 42 petit

154 1196 204 41 compliment
315 1196 219 41 très-simple
490 1196 102 41 que
548 1196 87 41 je
592 1196 87 41 me
635 1196 117 41 suis
708 1196 102 41 crû
767 1196 146 41 obligé
869 1196 87 41 de
912 1196 102 41 lui
971 1196 131 41 faire
1044 1196 87 41 pour

155 1229 192 41 empescher
303 1229 133 41 qu’on
391 1229 89 41 ne
436 1229 89 41 me
480 1229 118 41 crût
554 1229 148 41 auteur
657 1229 103 41 des
716 1229 148 41 quatre
819 1229 118 41 vers
893 1229 103 41 qui
952 1229 118 41 sont
1026 1229 89 41 au
1055 1229 74 41 bas

148 1255 91 48 de
193 1255 106 48 mon
254 1255 181 48 portrait
389 1255 91 48 et
435 1255 106 48 qui
495 1255 121 48 sont
571 1255 181 48 beaucoup
706 1255 196 48 meilleurs
857 1255 106 48 que
918 1255 106 48 mes
978 1255 121 48 deux
1038 1255 91 48 épi-

147 1293 174 54 grammes,
277 1293 102 54 n’y
335 1293 131 54 ayant
422 1293 116 54 rien
495 1293 160 54 surtout
611 1293 87 54 de
654 1293 116 54 plus
727 1293 131 54 juste
814 1293 102 54 que
872 1293 102 54 ces
930 1293 116 54 deux
988 1293 102 54 vers:

217 1332 128 58 «J’ay
302 1332 114 58 sceu
374 1332 114 58 dans
445 1332 100 58 mes
502 1332 157 58 escrits
616 1332 143 58 docte,
716 1332 157 58 enjoué,
816 1332 143 58 sublime,

214 1369 221 60 «Rassembler
391 1369 89 60 en
436 1369 103 60 moi
495 1369 148 60 Perse,
598 1369 148 60 Horace
701 1369 89 60 et
731 1369 162 60 Juvénal.»

183 1403 86 55 Il
226 1403 130 55 parle
312 1403 159 55 ensuite
428 1403 86 55 de
471 1403 216 55 l’épigramme
644 1403 86 55 de
687 1403 144 55 Lubin.
788 1403 86 55 Il
831 1403 159 55 raconte
947 1403 101 55 que
1004 1403 86 55 ce
1033 1403 101 55 Lubin

147 1451 128 41 était
232 1451 85 41 un
275 1451 85 41 de
317 1451 100 41 ses
374 1451 171 41 parents,
502 1451 114 41 mort
573 1451 85 41 il
616 1451 71 41 y
644 1451 71 41 a
673 1451 114 41 plus
744 1451 85 41 de
787 1451 128 41 vingt
872 1451 114 41 ans,
943 1451 100 41 et.
1000 1451 85 41 du
1042 1451 100 41 nom
1085 1451 57 41 de

154 1491 216 43 Targas
334 1491 72 43 Il
370 1491 84 43 lui
418 1491 144 43 reproche
526 1491 72 43 de
562 1491 84 43 lui
610 1491 108 43 faire
683 1491 84 43 une
731 1491 180 43 querelle
875 1491 216 43 d’allemand
1055 1491 84 43 sur
1091 1491 48 43 la

159 1511 214 42 rééminence
327 1511 107 42 que
388 1511 122 42 Lyon
464 1511 76 42 a
495 1511 107 42 eue
556 1511 199 42 autrefois
709 1511 107 42 sur
770 1511 153 42 Paris,
877 1511 92 42 et
923 1511 199 42 mentionne
1061 1511 76 42 une

155 1544 183 53 traduction
299 1544 78 53 de
338 1544 91 53 son
390 1544 131 53 Ode
481 1544 91 53 sur
534 1544 170 53 Namur
664 1544 118 53 faite
743 1544 91 53 par
795 1544 78 53 M.
834 1544 78 53 de
860 1544 170 53 Mezzabarba.

165 1583 109 47 23885
238 1583 157 47 BONAPARTE
359 1583 145 47 (Élisa),
467 1583 157 47 princesse
588 1583 73 47 de
625 1583 133 47 Lucques
722 1583 73 47 et
758 1583 73 47 de
794 1583 157 47 Piombino,
903 1583 109 47 grande-

159 1620 152 46 duchesse
274 1620 76 46 de
312 1620 152 46 Toscane,
426 1620 102 46 sœur
489 1620 114 46 aînée
566 1620 76 46 de
604 1620 152 46 Napoléon
718 1620 102 46 Ier.
781 1620 114 46 L.
858 1620 140 46 s.
959 1620 102 46 avec
1023 1620 76 46 la
1048 1620 89 46 sous-

158 1648 162 41 cription
279 1648 81 41 et
319 1648 67 41 5
346 1648 135 41 lignes
440 1648 148 41 autogr.
548 1648 81 41 (à
589 1648 229 41 l’impératrice
777 1648 202 41 Joséphine),
939 1648 67 41 1
966 1648 81 41 p.
1006 1648 94 41 1/2
1047 1648 94 41 in

1041 1682 125 38 5
1066 1682 75 38 »

196 1716 185 43 Très-belle
341 1716 132 43 lettre
434 1716 79 43 de
474 1716 212 43 félicitation
646 1716 93 43 sur
699 1716 79 43 la
739 1716 185 43 nomination
884 1716 79 43 du
924 1716 132 43 prince
1017 1716 119 43 royal
1083 1716 53 43 de

152 1749 182 46 Hollande
288 1749 91 46 au
334 1749 227 46 grand-duché
515 1749 91 46 de
561 1749 136 46 Berg.
652 1749 76 46 —
682 1749 121 46 Elle
757 1749 151 46 ajoute
863 1749 91 46 en
894 1749 242 46 post

162 1780 64 45 «
188 1780 77 45 Le
227 1780 103 45 jour
291 1780 77 45 de
330 1780 77 45 la
368 1780 103 45 fête
433 1780 77 45 de
471 1780 77 45 V.
510 1780 90 45 M.,
561 1780 103 45 j’ai
626 1780 103 45 fait
690 1780 167 45 illuminer
819 1780 77 45 la
858 1780 129 45 ville.
948 1780 103 45 Nous
1012 1780 116 45 avons
1077 1780 64 45 re-

162 1808 92 49 mis
214 1808 66 49 à
241 1808 158 49 dimanche
359 1808 79 49 le
398 1808 118 49 grand
477 1808 131 49 cercle
569 1808 79 49 et
608 1808 158 49 concert,
727 1808 79 49 le
766 1808 131 49 prince
858 1808 158 49 désirait
976 1808 79 49 si
1003 1808 144 49 trouver.»

172 1846 121 49 23886
252 1846 175 49 BONAPARTE
387 1846 94 49 (le
441 1846 135 49 prince
536 1846 189 49 Napoléon),
684 1846 162 49 ministre
806 1846 81 49 et
846 1846 175 49 sénateur,
981 1846 108 49 fils
1049 1846 81 49 du
1076 1846 67 49 roi

168 1885 139 43 Jerôme,
269 1885 139 43 memibre
370 1885 76 43 de
408 1885 189 43 l’Institut.
560 1885 114 43 L.
635 1885 76 43 a.
673 1885 126 43 s.
761 1885 63 43 à
787 1885 76 43 M.
825 1885 76 43 La
862 1885 139 43 Châtre;
963 1885 126 43 Paris,
1052 1885 63 43 4
1064 1885 76 43 août

152 1917 192 47 1852,
280 1917 149 47 1/2
365 1917 128 47 p.
429 1917 192 47 in-8.
578 1917 107 47 5
599 1917 64 47 »

172 1947 77 56 23887
224 1947 111 56 BOUFFLERS
309 1947 119 56 (François,
403 1947 60 56 duc
437 1947 68 56 de),
480 1947 102 56 maréchal
556 1947 51 56 de
582 1947 94 56 France,
650 1947 119 56 l’héroïque
735 1947 43 56 dé-

173 1989 86 49 fenseur
236 1989 47 49 de
259 1989 78 49 Lille.
313 1989 55 49 L.
345 1989 78 49 s.
399 1989 47 49 au
422 1989 86 49 marquis
485 1989 93 49 d’Ailly;
555 1989 78 49 Marly,
609 1989 47 49 11
633 1989 70 49 sept.
679 1989 70 49 1710,
726 1989 39 49 2
734 1989 31 49 p.

162 2029 92 46 in-4.
223 2029 92 46 Belle
285 2029 113 46 lettre.
377 2029 51 46 3
387 2029 31 46 »

71 2061 133 49 23888
160 2061 207 49 BOURQUELOT
322 2061 177 49 (Félix),
455 2061 207 49 professeur
617 2061 74 49 à
647 2061 162 49 l’École
765 2061 103 49 des
824 2061 177 49 Chartes,
956 2061 192 49 historien
1089 2061 59 49 de

51 2103 153 44 Provins.
166 2103 115 44 L.
242 2103 76 44 a.
280 2103 140 44 s.
382 2103 140 44 février
484 2103 115 44 1848,
560 2103 64 44 1
586 2103 76 44 p.
624 2103 89 44 1/2
675 2103 115 44 in-8.
751 2103 115 44 Jolie
827 2103 140 44 lettre.
916 2103 64 44 2>»
