1205 2234
490 20 112 62 —
534 20 134 62 12
579 20 67 62 —

139 71 91 62 de
184 71 151 62 Malte,
290 71 136 62 brave
380 71 151 62 marin,
486 71 136 62 frère
577 71 91 62 de
622 71 257 62 l’économiste,
833 71 91 62 né
879 71 75 62 à
909 71 166 62 Pertuis
1014 71 106 62 (Pro-

151 121 145 41 vence).
256 121 118 41 L.
335 121 79 41 a.
374 121 131 41 s.
466 121 66 41 à
492 121 92 41 son
545 121 118 41 neveu
624 121 79 41 le
663 121 145 41 vicomte
768 121 79 41 de
808 121 171 41 Mirabeau;
939 121 118 41 Nice,
1018 121 79 41 10
1044 121 79 41 juin

152 152 107 53 1792,
223 152 83 53 3/4
271 152 71 53 de
306 152 71 53 p.
342 152 107 53 in-4.
413 152 59 53 4
424 152 36 53 »

182 187 119 48 Belle
261 187 146 48 lettre,
367 187 159 48 relative
486 187 66 48 à
513 187 79 48 la
553 187 132 48 légion
645 187 172 48 d’émigrés
778 187 93 48 que
831 187 132 48 levait
923 187 79 48 le
963 187 159 48 vicomte,
1069 187 53 48 et

146 226 75 43 à
176 226 105 43 une
236 226 179 43 anecdote
370 226 120 43 fort
445 226 179 43 curieuse
580 226 164 43 arrivée
699 226 75 43 à
729 226 120 43 Nice
804 226 135 43 entre
894 226 90 43 un
924 226 194 43 détachement

147 259 196 44 piémontais
301 259 84 44 et
343 259 98 44 des
399 259 196 44 patriotes.
552 259 84 44 Il
594 259 126 44 parle
678 259 126 44 aussi
762 259 84 44 de
804 259 84 44 M.
846 259 84 44 de
887 259 210 44 l’Estrelle,
1041 259 84 44 «qui

150 294 98 37 est
206 294 84 37 le
248 294 169 37 seigneur
375 294 84 37 de
417 294 126 37 cette
501 294 169 37 terrible
627 294 140 37 forest
726 294 154 37 célèbre
838 294 84 37 en
880 294 169 37 Provence
1007 294 98 37 par
1049 294 70 37 les

152 328 110 48 vols
221 328 96 48 qui
276 328 82 48 sy
317 328 110 48 sont
385 328 123 48 faits
468 328 82 48 de
509 328 110 48 tout
564 328 123 48 temps.»

149 342 122 60 20417
231 342 216 60 MONTALEMBERT
406 342 95 60 (le
460 342 95 60 cte
514 342 95 60 Ch.
568 342 108 60 de),
636 342 149 60 célèbre
744 342 176 60 écrivain,
879 342 135 60 membre
973 342 81 60 de
1000 342 122 60 l’Acad.

150 394 62 53 fr.
185 394 79 53 L.
238 394 53 53 a.
265 394 97 53 s.
335 394 44 53 2
353 394 53 53 p.
379 394 79 53 in-8.
432 394 44 53 2
441 394 26 53 »

153 431 125 44 20418
236 431 208 44 MONTESQUIOU
403 431 236 44 (Anne-Pierre,
597 431 97 44 mis
652 431 111 44 de),
722 431 222 44 constituant,
902 431 153 44 général
1013 431 83 44 en
1041 431 83 44 chef

145 475 96 42 de
193 475 175 42 l’armée
321 475 96 42 du
368 475 144 42 Midi,
464 475 112 42 qui
528 475 175 42 conquit
655 475 96 42 la
703 475 160 42 Savoie
815 475 96 42 en
863 475 144 42 1792,
959 475 160 42 membre
1054 475 64 42 de

144 502 145 53 l’Acad.
249 502 92 53 fr.
302 502 119 53 L.
381 502 79 53 a.
421 502 132 53 s.
514 502 66 53 à
540 502 79 53 M.
580 502 172 53 Berthier;
712 502 132 53 Paris,
804 502 79 53 19
844 502 172 53 brumaire,
976 502 66 53 1
1002 502 79 53 p.
1029 502 92 53 in

1026 536 96 44 3
1045 536 77 44 50

181 554 89 75 Il
226 554 178 75 remercie
360 554 297 75 l’administration
612 554 89 75 du
657 554 134 75 Lycée
746 554 223 75 républicain
925 554 89 75 de
954 554 164 75 l’honneur

148 598 148 57 qu’elle
255 598 94 57 lui
309 598 67 57 a
336 598 107 57 fait
403 598 81 57 en
443 598 81 57 le
483 598 175 57 désignant
617 598 107 57 pour
685 598 81 57 la
711 598 175 57 présidence.

155 639 131 59 20419
243 639 219 59 MONTESQUIOU
418 639 160 59 (l’abbé
534 639 117 59 de),
607 639 219 59 constituant
782 639 87 59 et
826 639 189 59 ministre,
971 639 146 59 membre
1059 639 58 59 de

153 676 120 51 l’Acad.
241 676 77 51 fr.
284 676 98 51 L.
350 676 66 51 a.
383 676 120 51 s.
470 676 98 51 1821,
536 676 55 51 1
558 676 66 51 p.
591 676 77 51 pl.
634 676 98 51 in-4.
700 676 98 51 Belle
766 676 109 51 pièce.
842 676 55 51 3
853 676 44 51 50

156 727 118 43 20420
234 727 183 43 MONTLOSIER
378 727 92 43 (le
431 727 92 43 cte
483 727 105 43 de),
548 727 131 43 député
640 727 105 43 sous
705 727 79 43 la
745 727 209 43 Restauration
915 727 79 43 et
954 727 144 43 célèbre
1046 727 65 43 pu-

153 762 164 43 bliciste.
279 762 113 43 De
355 762 76 43 la
393 762 151 43 religion
506 762 76 43 et
544 762 88 43 des
595 762 227 43 missionnaires,
784 762 151 43 première
897 762 189 43 lettre
1036 762 88 43 Pièce

148 800 105 34 a.
218 800 129 34 s.
312 800 129 34 Randam,
405 800 70 34 23
440 800 93 34 nov.
499 800 105 34 1824,
569 800 58 34 7
592 800 70 34 p.
627 800 105 34 in-4.
697 800 152 34 Curieuse.
814 800 58 34 6
826 800 35 34 »

155 828 76 40 20421
205 828 51 40 LE
230 828 76 40 MÊME.
281 828 76 40 De
332 828 51 40 la
357 828 110 40 religion:
441 828 93 40 comment
509 828 67 40 elle
551 828 67 40 doit
593 828 101 40 être
669 828 118 40 dirigée
761 828 67 40 pour
795 828 76 40 em

160 865 159 51 bellir
282 865 73 51 et
319 865 159 51 fortifier
441 865 86 51 les
490 865 159 51 mœurs
613 865 110 51 Pièce
686 865 110 51 a.
760 865 135 51 s.
858 865 135 51 Randam,
956 865 73 51 30
993 865 98 51 nov.
1042 865 73 51 1824

185 891 47 57 7
203 891 56 57 p.
232 891 66 57 3/4
269 891 85 57 in-4.
325 891 47 57 7
335 891 28 57 »

158 912 82 68 20422
213 912 55 68 LE
240 912 82 68 MÊME.
295 912 91 68 Des
359 912 110 68 prêtres,
441 912 119 68 troisième
533 912 137 68 lettre
643 912 82 68 Pièce
697 912 82 68 a.
752 912 101 68 s.
825 912 101 68 Randam,
889 912 37 68 27

147 964 156 56 novembre
264 964 143 56 (1824),
367 964 65 56 7
393 964 78 56 p.
432 964 117 56 in-4.
510 964 65 56 6
523 964 39 56 »

446 1015 77 39 20423
498 1015 77 39 MURAT
550 1015 120 39 (Joachim),
644 1015 103 39 maréchal
722 1015 52 39 de
747 1015 112 39 l’empire,
833 1015 69 39 puis
876 1015 60 39 roi
911 1015 52 39 de
936 1015 95 39 Naples.
1005 1015 77 39 L.
1048 1015 69 39 s.

156 1042 126 49 comme
240 1042 196 49 gouverneur
394 1042 84 49 de
436 1042 140 49 Paris;
534 1042 84 49 27
576 1042 168 49 frimaire
701 1042 84 49 an
743 1042 126 49 XIII,
827 1042 98 49 1/2
883 1042 84 49 p.
925 1042 168 49 in-fol.,
1037 1042 84 49 tête

158 1076 66 43 impr.
202 1076 37 43 3
209 1076 29 43 50

384 1115 83 44 20424
439 1115 111 44 NAPOLÉON
523 1115 83 44 Ier.,
578 1115 111 44 empereur
662 1115 65 44 des
699 1115 120 44 Français.
791 1115 83 44 L.
847 1115 102 44 a.
921 1115 120 44 paraphée,
1014 1115 46 44 à
1023 1115 102 44 l’impéra-

402 1144 92 48 trice
463 1144 142 48 Joséphine;
575 1144 102 48 jeudi,
646 1144 51 48 à
666 1144 81 48 huit
717 1144 112 48 heures,
799 1144 71 48 1/2
839 1144 61 48 p.
870 1144 92 48 in-8.
931 1144 132 48 L’adresse
1032 1144 81 48 aut.
1073 1144 51 48 est

396 1177 82 51 ainsi
450 1177 100 51 conçue:
523 1177 73 51 A
568 1177 154 51 l’impératrice
695 1177 163 51 Joséphine
831 1177 82 51 Belle
886 1177 54 51 et
913 1177 73 51 rare
958 1177 100 51 lettre.
1031 1177 54 51 75
1049 1177 27 51 »

385 1219 96 52 20425
449 1219 128 52 NAPOLÉON
545 1219 85 52 III,
598 1219 128 52 empereur
694 1219 74 52 des
736 1219 138 52 Français.
843 1219 96 52 Pièce
907 1219 85 52 sig.
960 1219 96 52 comme
1013 1219 117 52 président

169 1256 36 49 de
187 1256 36 49 la
205 1256 91 49 République:
278 1256 54 49 1851,
314 1256 30 49 1
326 1256 36 49 p.
344 1256 67 49 in-fol.
393 1256 30 49 9
399 1256 18 49 »

163 1294 99 51 20426
229 1294 110 51 NECKER
306 1294 154 51 (Jacques),
427 1294 66 51 le
460 1294 121 51 célèbre
548 1294 132 51 ministre
646 1294 77 51 des
690 1294 143 51 finances.
800 1294 99 51 L.
866 1294 66 51 a.
899 1294 121 51 s.
976 1294 66 51 Cop-

163 1325 93 49 pet,
221 1325 70 49 20
256 1325 116 49 juill.
338 1325 105 49 1802,
407 1325 58 49 1
430 1325 70 49 p.
465 1325 81 49 1/2
512 1325 105 49 in-4.
581 1325 105 49 Jolie
651 1325 128 49 lettre.
744 1325 58 49 3
756 1325 46 49 50

158 1367 117 39 20427
236 1367 130 39 NISARD
327 1367 168 39 (Désiré),
456 1367 143 39 célèbre
560 1367 156 39 critique
676 1367 78 39 et
715 1367 168 39 écrivain,
845 1367 130 39 membre
936 1367 78 39 de
974 1367 143 39 l’Acad.
1065 1367 65 39 fr.

159 1400 119 42 L.
238 1400 79 42 a.
278 1400 132 42 s.
371 1400 66 42 à
397 1400 79 42 M.
437 1400 199 42 Panckoucke;
596 1400 132 42 Paris,
688 1400 79 42 22
728 1400 93 42 mai
781 1400 119 42 1832,
860 1400 66 42 4
887 1400 79 42 p.
926 1400 93 42 pl.
979 1400 106 42 in-8
1032 1400 93 42 d’une

160 1431 132 56 écriture
259 1431 88 56 fine
314 1431 66 56 et
346 1431 121 56 serrée.
434 1431 55 56 3
445 1431 33 56 »

191 1467 233 43 Très-curieuse
384 1467 137 43 lettre
480 1467 96 43 sur
535 1467 82 43 la
576 1467 192 43 collection
727 1467 82 43 de
768 1467 192 43 classiques
919 1467 137 43 latins
1001 1467 124 43 publiée

161 1512 101 36 par
218 1512 216 36 Panckoucke,
391 1512 86 36 et
434 1512 187 36 contenant
578 1512 259 36 d’intéressants
793 1512 158 36 détails
908 1512 101 36 sur
966 1512 86 36 le
995 1512 129 36 change-

159 1537 114 53 ment
230 1537 86 53 de
273 1537 171 53 position
402 1537 86 53 de
444 1537 86 53 M.
487 1537 157 53 Nisard,
602 1537 100 53 qui
659 1537 143 53 venait
759 1537 86 53 de
801 1537 143 53 passer
901 1537 86 53 de
944 1537 86 53 la
973 1537 157 53 rédaction

160 1572 63 52 du
192 1572 148 52 Journal
308 1572 74 52 des
350 1572 148 52 Débats
466 1572 53 52 à
487 1572 95 52 celle
550 1572 63 52 du
571 1572 190 52 National

162 1586 101 72 20428
229 1586 124 72 NOURRIT
319 1586 101 72 (Ad),
387 1586 67 72 un
420 1586 79 72 des
465 1586 90 72 plus
522 1586 135 72 célèbres
623 1586 146 72 chanteurs
735 1586 67 72 de
769 1586 135 72 l’Opéra.
870 1586 101 72 L.
938 1586 67 72 a.
960 1586 90 72 s.

163 1641 61 56 à
187 1641 98 56 Eug.
249 1641 135 56 Isabey;
347 1641 110 56 1833,
420 1641 61 56 1
445 1641 74 56 p.
482 1641 110 56 in-8.
555 1641 110 56 Jolie
629 1641 135 56 lettre.
727 1641 61 56 2
739 1641 49 56 25

162 1675 104 65 20429
232 1675 150 65 OFFENBACH
347 1675 161 65 (Jacques),
474 1675 127 65 célèbre
566 1675 173 65 compositeur
705 1675 69 65 de
739 1675 138 65 musique.
843 1675 104 65 L.
912 1675 69 65 a.
935 1675 104 65 s.

194 1719 35 43 1
208 1719 42 43 p.
229 1719 64 43 in-8.
272 1719 35 43 1
279 1719 28 43 25

174 1752 105 47 20430
245 1752 140 47 OLLIVIER
350 1752 140 47 (Émile),
455 1752 117 47 député
537 1752 70 47 et
572 1752 187 47 journaliste.
724 1752 105 47 L.
795 1752 70 47 a.
830 1752 129 47 s.
923 1752 82 47 1/2
970 1752 70 47 p.
1005 1752 105 47 in-8.
1075 1752 59 47 1
1087 1752 47 47 25

164 1792 121 40 20431
244 1792 134 40 ORANGE
338 1792 322 40 (Jean-Guill.-Frison,
620 1792 134 40 prince
714 1792 107 40 d’),
781 1792 94 40 qui
835 1792 121 40 reçut
915 1792 81 40 ce
956 1792 121 40 titre
1036 1792 81 40 du
1063 1792 67 40 roi

162 1828 174 37 Guillaume
295 1828 107 37 III,
362 1828 80 37 se
402 1828 147 37 signala
510 1828 107 37 dans
576 1828 80 37 la
617 1828 134 37 guerre
710 1828 134 37 contre
804 1828 80 37 la
844 1828 134 37 France
938 1828 94 37 aux
978 1828 147 37 batailles

164 1862 213 42 d’Oudenarde
334 1862 85 42 et
377 1862 85 42 de
419 1862 213 42 Malplaquet,
590 1862 85 42 et
632 1862 85 42 se
675 1862 114 42 noya
746 1862 114 42 près
817 1862 85 42 du
859 1862 156 42 Mœrdyk,
973 1862 71 42 à
1001 1862 128 42 l’âge
1072 1862 57 42 de

172 1893 197 42 vingt-quatre
331 1893 98 42 ans.
393 1893 111 42 L.
467 1893 135 42 s.
565 1893 74 42 en
602 1893 160 42 français,
725 1893 98 42 avec
786 1893 74 42 la
823 1893 172 42 souscript.
958 1893 111 42 aut.,
1032 1893 74 42 au
1057 1893 61 42 car

160 1919 128 59 dinal
245 1919 85 59 de
288 1919 185 59 Bouillon;
430 1919 114 59 camp
501 1919 85 59 de
543 1919 128 59 Lens,
629 1919 85 59 11
671 1919 156 59 juillet
785 1919 114 59 1711
856 1919 142 59 (année
955 1919 85 59 de
998 1919 85 59 sa
1027 1919 99 59 mort)

168 1957 60 54 2
192 1957 72 54 p.
228 1957 108 54 in-4,
300 1957 132 54 cachet.
396 1957 108 54 Belle
468 1957 120 54 pièce.
552 1957 60 54 6
564 1957 36 54 »

164 1997 126 46 20432
248 1997 154 46 ORLÉANS
360 1997 154 46 (Hélène
473 1997 84 46 de
515 1997 239 46 MECKLENBOURG,
711 1997 168 46 duchesse
837 1997 112 46 d’),
908 1997 126 46 femme
992 1997 84 46 de
1020 1997 112 46 Ferdi-

166 2041 108 46 nand
234 2041 190 46 d’Orléans,
383 2041 108 46 mère
451 2041 81 46 du
492 2041 122 46 comte
573 2041 81 46 de
614 2041 136 46 Paris.
709 2041 122 46 L.
790 2041 81 46 a.
831 2041 81 46 s.
871 2041 149 46 H.
980 2041 68 46 1
1007 2041 81 46 p.
1034 2041 95 46 in

175 2068 100 50 papier
245 2068 60 50 de
275 2068 100 50 deuil.
344 2068 50 50 5
354 2068 40 50 50

174 2082 103 80 20433
242 2082 126 80 OUDINOT
334 2082 92 80 (Ch.
392 2082 92 80 N.),
449 2082 80 80 duc
495 2082 69 80 de
530 2082 126 80 Reggio,
622 2082 138 80 maréchal
725 2082 69 80 de
760 2082 126 80 France.
852 2082 103 80 L.
921 2082 69 80 a.
944 2082 103 80 s.

178 2140 63 52 1/2
214 2140 54 52 p.
241 2140 80 52 in-4.
294 2140 45 52 2
303 2140 36 52 50
