1691 2997
609 69 177 102 —
679 69 248 102 199
786 69 106 102 —

81 172 128 97 de
145 172 319 97 l’Assemblée
400 172 361 97 constituante,
697 172 255 97 massacré
889 172 106 97 à
931 172 234 97 Gisors,
1101 172 128 97 le
1165 172 128 97 14
1229 172 191 97 sept.
1335 172 149 97 1792.

78 239 151 59 L.
153 239 202 59 aut.
280 239 202 59 sig.
406 239 252 59 Paris,
582 239 126 59 9
633 239 202 59 déc.
759 239 227 59 1778.
910 239 126 59 1
960 239 151 59 p.
1036 239 151 59 et
1112 239 227 59 quart
1263 239 202 59 in-4
1389 239 126 59 2
1414 239 76 59 »

32 268 196 79 2542.
163 268 196 79 La
294 268 524 79 Touche-Tréville,
752 268 218 79 amiral
905 268 131 79 de
970 268 240 79 France.
1145 268 131 79 L.
1210 268 175 79 aut.
1319 268 196 79 sig.,
1429 268 65 79 à

83 346 217 73 madame
235 346 130 73 la
300 346 282 73 princesse
517 346 239 73 Pauline
691 346 304 73 Bonaparte.
930 346 304 73 Marseille,
1168 346 130 73 25
1212 346 282 73 vendémiaire

72 379 203 72 an
174 379 271 72 XII.
343 379 169 72 2
410 379 237 72 gr.
546 379 203 72 p.
647 379 237 72 pl.
783 379 203 72 et
884 379 304 72 demie
1087 379 372 72 in-fol.
1358 379 169 72 6
1392 379 101 72 »

131 417 126 83 Il
194 417 252 83 rappelle
383 417 126 83 la
446 417 189 83 perte
571 417 315 83 douloureuse
823 417 231 83 qu’elle
991 417 105 83 a
1033 417 189 83 faite
1159 417 126 83 de
1221 417 147 83 son
1305 417 189 83 mari,
1410 417 84 83 et

84 473 265 71 proteste
283 473 133 71 de
349 473 155 71 son
438 473 310 71 dévouement
681 473 133 71 au
747 473 243 71 général
924 473 310 71 Bonaparte,
1168 473 155 71 son
1234 473 177 71 frère.

40 512 184 71 2543.
162 512 430 71 Lavallière
531 512 143 71 (le
612 512 143 71 duc
694 512 164 71 de),
796 512 307 71 petit-neveu
1042 512 123 71 de
1103 512 123 71 la
1165 512 245 71 duchesse
1349 512 123 71 de
1390 512 102 71 La

86 568 273 67 vallière,
296 568 315 67 bibliophile
548 568 252 67 célèbre.
737 568 126 67 L.
801 568 168 67 aut.
906 568 189 67 sig.,
1032 568 105 67 à
1074 568 126 67 M.
1137 568 273 67 Boulogne.
1326 568 168 67 Paris,

72 631 182 65 8
144 631 291 65 oct.
327 631 328 65 1746.
545 631 401 65 demi-p.
836 631 328 65 in-4.
1055 631 401 65 Cachet.
1346 631 182 65 3
1383 631 109 65 »

130 681 132 48 Au
196 681 198 48 sujet
328 681 132 48 de
394 681 132 48 la
459 681 198 48 vente
591 681 132 48 de
657 681 132 48 sa
723 681 220 48 maison
877 681 132 48 de
921 681 351 48 Fontainebleau.

42 697 181 84 2544.
163 697 181 84 Le
284 697 242 84 Brun
465 697 322 84 (Ponce-Denis
727 697 443 84 Eeouchard),
1110 697 202 84 poëte,
1251 697 242 84 surnommé
1412 697 81 84 le

90 765 269 69 Pindare
301 765 327 69 français
570 765 192 69 membre
704 765 115 69 de
762 765 288 69 l’Institut.
993 765 211 69 Minutes
1146 765 173 69 aut.,
1242 765 250 69 brouillons,

88 810 189 63 etc.,
214 810 126 63 de
277 810 147 63 ses
361 810 252 63 poésies,
550 810 273 63 corrigés,
760 810 252 63 raturés,
950 810 231 63 formant
1118 810 126 63 un
1181 810 168 63 fort
1286 810 168 63 vol.
1370 810 126 63 in

90 851 341 82 (demi-reliure
371 851 121 82 en
431 851 161 82 veau
532 851 221 82 fauve).
693 851 100 82 A
733 851 121 82 la
793 851 181 82 suite
913 851 121 82 se
974 851 241 82 trouvent
1155 851 261 82 plusieurs
1335 851 161 82 pièces

90 918 281 61 imprimées
306 918 151 61 (du
393 918 237 61 temps).
565 918 194 61 Hymne
695 918 108 61 à
738 918 281 61 l’Egalité
954 918 281 61 (Chénier)
1169 918 129 61 et
1234 918 129 61 de
1299 918 129 61 Le
1342 918 151 61 Brun:

89 951 192 68 Chant
217 951 128 68 du
281 951 235 68 Banquet
452 951 321 68 républicain
708 951 171 68 pour
815 951 128 68 la
879 951 171 68 fête
986 951 128 68 de
1050 951 128 68 la
1114 951 278 68 Victoire.
1328 951 107 68 —
1349 951 150 68 Chant

92 997 315 66 républicain
344 997 168 66 pour
449 997 126 66 la
512 997 252 66 bataille
701 997 126 66 de
764 997 252 66 Fleurus.
952 997 105 66 —
994 997 147 66 Ode
1078 997 168 66 pour
1162 997 336 66 l’anniversaire

90 1060 124 66 du
152 1060 124 66 10
215 1060 166 66 août
318 1060 186 66 1792.
442 1060 104 66 —
484 1060 186 66 Hymne
608 1060 166 66 pour
711 1060 124 66 la
773 1060 166 66 fête
877 1060 124 66 de
939 1060 373 66 l’Agriculture.
1250 1060 104 66 —
1270 1060 228 66 Le

82 1085 565 81 Temple
553 1085 251 81 ode,
710 1085 188 81 au
804 1085 314 81 prince
1024 1085 188 81 de
1118 1085 314 81 Conti.
1338 1085 188 81 60
1401 1085 94 81 »

44 1125 161 81 2545
145 1125 363 81 Lelewel
447 1125 202 81 savant
589 1125 262 81 numismate
791 1125 262 81 polonais,
992 1125 283 81 historien.
1214 1125 121 81 L.
1275 1125 161 81 aut.
1356 1125 141 81 sig.,

87 1206 128 57 à
139 1206 154 57 M.
215 1206 333 57 Renouard.
472 1206 359 57 Abbeville,
753 1206 154 57 29
830 1206 205 57 août
958 1206 231 57 1833.
1112 1206 128 57 2
1163 1206 154 57 p.
1240 1206 231 57 in-4.
1394 1206 128 57 3
1419 1206 77 57 »

44 1252 192 69 2546.
172 1252 192 69 Le
300 1252 321 69 Peintre
557 1252 214 69 jeune,
706 1252 214 69 acteur
856 1252 150 69 des
941 1252 278 69 Variétés.
1155 1252 128 69 L.
1219 1252 171 69 aut.
1326 1252 192 69 sig.,
1433 1252 64 69 à

85 1293 189 61 M.
179 1293 409 61 Dormeuil.
493 1293 283 61 1839.
682 1293 157 61 2
745 1293 189 61 p.
839 1293 283 61 in-8.
1028 1293 409 61 Curieuse.
1342 1293 157 61 2
1373 1293 126 61 50

46 1339 192 75 2547.
174 1339 405 75 Lorraine
515 1339 149 75 (le
600 1339 256 75 cardinal
792 1339 171 75 de).
898 1339 128 75 L.
962 1339 171 75 avec
1069 1339 149 75 une
1154 1339 192 75 ligne
1282 1339 171 75 aut.
1367 1339 128 75 sig.

84 1380 289 68 Nancy,
286 1380 173 68 30
373 1380 318 68 juillet
604 1380 260 68 1629.
777 1380 144 68 1
835 1380 173 68 p.
922 1380 318 68 in-fol.
1153 1380 318 68 Cachet.
1384 1380 144 68 5
1412 1380 87 68 »

46 1419 189 105 2548.
172 1419 419 105 Maintenon
528 1419 231 105 (madame
696 1419 126 105 la
759 1419 252 105 marquise
948 1419 168 105 de).
1053 1419 126 105 L.
1116 1419 168 105 aut.
1220 1419 189 105 sig.,
1346 1419 105 105 à
1367 1419 126 105 M...

69 1480 268 66 20
203 1480 714 66 septembre...
784 1480 223 66 1
873 1480 268 66 p.
1007 1480 402 66 in-4.
1275 1480 268 66 25
1364 1480 134 66 »

142 1510 129 94 Le
207 1510 151 94 roi
293 1510 129 94 ne
358 1510 173 94 veut
466 1510 194 94 point
595 1510 129 94 de
660 1510 237 94 mûriers
833 1510 173 94 dans
940 1510 129 94 sa
1005 1510 216 94 forêt,
1156 1510 129 94 et
1221 1510 129 94 ne
1285 1510 194 94 croit
1393 1510 108 94 pas

96 1573 151 69 que
183 1573 130 69 la
248 1573 324 69 manufacture
507 1573 130 69 de
572 1573 173 69 soie
680 1573 238 69 réussit
853 1573 108 69 à
874 1573 346 69 Fontainebleau.

48 1616 192 78 2549.
176 1616 427 78 Maubreuil
539 1616 150 78 (le
625 1616 235 78 marquis
796 1616 171 78 de),
903 1616 214 78 fameux
1052 1616 150 78 par
1138 1616 150 78 ses
1223 1616 235 78 démélés
1373 1616 128 78 avec

95 1674 131 68 le
161 1674 219 68 prince
314 1674 131 68 de
380 1674 328 68 Talleyrand.
642 1674 131 68 L.
708 1674 175 68 aut.
817 1674 175 68 sig.
927 1674 131 68 De
993 1674 131 68 la
1058 1674 241 68 prison,
1233 1674 219 68 mardi.
1387 1674 109 68 3
1408 1674 88 68 p.

11 1738 745 50 pl.
436 1738 957 50 in-4.
1074 1738 532 50 3
1181 1738 319 50 »

48 1772 195 62 2550.
178 1772 391 62 Maynard
504 1772 325 62 (François),
764 1772 217 62 poëte,
916 1772 217 62 membre
1068 1772 130 62 de
1133 1772 304 62 l’Académie
1350 1772 152 62 fran

97 1819 210 67 çaise.
244 1819 210 67 Quatre
390 1819 168 67 vers
495 1819 189 67 aut.,
621 1819 251 67 derrière
810 1819 126 67 la
872 1819 189 67 copie
998 1819 189 67 d’une
1124 1819 210 67 lettre
1271 1819 126 67 de
1312 1819 189 67 Balzac,

-20 1863 1246 60 in-4.
810 1863 830 60 10
1087 1863 415 60 »

53 1921 192 58 2551.
181 1921 405 58 Mirabeau
522 1921 149 58 (le
607 1921 192 58 comte
735 1921 171 58 de),
841 1921 341 58 constituant.
1118 1921 128 58 L.
1182 1921 192 58 aut.,
1310 1921 107 58 à
1331 1921 171 58 l’abbé

99 1970 233 62 Mercier
268 1970 127 62 de
332 1970 339 62 Saint-Léger.
607 1970 127 62 19
670 1970 233 62 octobre
840 1970 191 62 1790.
967 1970 212 62 Petite
1115 1970 169 62 page
1221 1970 212 62 pleine
1348 1970 148 62 in

15 2014 1380 58 Curieuse.
1076 2014 531 58 5
1183 2014 318 58 »

51 2052 195 85 2552.
181 2052 390 85 Michaud
506 2052 217 85 auteur
658 2052 130 85 de
723 2052 303 85 l’histoire
961 2052 152 85 des
1048 2052 303 85 Croisades,
1286 2052 217 85 membre
1416 2052 87 85 de

99 2117 317 56 l’Académie
348 2117 317 56 française.
597 2117 136 56 L.
665 2117 181 56 aut.
778 2117 181 56 sig.
891 2117 113 56 9
936 2117 204 56 août.
1072 2117 113 56 1
1117 2117 158 56 gr.
1208 2117 136 56 p.
1276 2117 204 56 in-4.
1412 2117 113 56 4
1434 2117 68 56 »

53 2148 198 73 2553.
185 2148 329 73 Molé
448 2148 154 73 (le
536 2148 241 73 comte),
712 2148 285 73 ministre.
931 2148 132 73 L.
997 2148 132 73 a.
1063 2148 132 73 s.
1129 2148 110 73 1
1173 2148 132 73 p.
1239 2148 220 73 in-12.
1392 2148 110 73 1
1414 2148 88 73 50

51 2205 195 67 2554.
181 2205 346 67 Monge
463 2205 303 67 (Gaspard),
701 2205 195 67 comte
831 2205 130 67 de
896 2205 238 67 Péluze,
1069 2205 281 67 géomètre,
1264 2205 238 67 ministre,

98 2245 305 68 sénateur.
332 2245 141 68 L.
402 2245 188 68 aut.
520 2245 188 68 sig.
637 2245 235 68 Paris,
801 2245 141 68 29
872 2245 188 68 déc.
989 2245 211 68 1787.
1130 2245 117 68 1
1177 2245 141 68 p.
1247 2245 211 68 in-4.
1388 2245 117 68 7
1411 2245 94 68 50

49 2297 211 72 2555.
189 2297 540 72 Montalembert
659 2297 164 72 (le
753 2297 211 72 comte
894 2297 188 72 de),
1012 2297 235 72 membre
1176 2297 141 72 de
1223 2297 282 72 l’Académie

94 2342 366 72 française.
382 2342 157 72 L.
460 2342 209 72 aut.
591 2342 235 72 sig.,
748 2342 131 72 à
800 2342 157 72 M.
878 2342 288 72 Cauchy.
1088 2342 131 72 1
1140 2342 157 72 p.
1218 2342 235 72 in-8.
1375 2342 131 72 1
1401 2342 105 72 50

56 2383 172 71 2556.
170 2383 439 71 MHontesquieu
552 2383 344 71 (Jean-Baptiste
839 2383 286 71 Secondat
1068 2383 229 71 de),
1240 2383 267 71 conseiller
1431 2383 76 71 au

97 2439 296 76 Parlement
325 2439 136 76 de
393 2439 296 76 Bordeaux.
620 2439 227 76 Quitt.
779 2439 182 76 sig.
893 2439 182 76 (sur
1007 2439 273 76 parch.).
1211 2439 136 76 La
1280 2439 227 76 Réole,
1416 2439 91 76 26

29 2484 740 64 nov.
491 2484 832 64 1680.
1046 2484 462 64 3
1138 2484 370 64 50

54 2541 198 75 2557.
186 2541 485 75 Montmorency
605 2541 154 75 (le
693 2541 309 75 connétable
936 2541 198 75 Anne,
1068 2541 154 75 duc
1156 2541 176 75 de).
1266 2541 132 75 L.
1333 2541 198 75 sig.,
1443 2541 66 75 à

102 2579 124 79 M.
164 2579 124 79 le
226 2579 186 79 comte
351 2579 124 79 de
413 2579 186 79 Lude.
537 2579 207 79 Lorry,
682 2579 124 79 12
744 2579 145 79 mai
826 2579 186 79 1556.
950 2579 103 79 1
992 2579 145 79 gr.
1075 2579 124 79 p.
1137 2579 145 79 pl.
1219 2579 228 79 in-fol.
1364 2579 145 79 Trace

33 2628 553 72 de
309 2628 1013 72 cachet.
1046 2628 553 72 40
1231 2628 276 72 »

153 2665 292 109 Très-belle
383 2665 230 109 lettre,
550 2665 251 109 relative
738 2665 104 109 à
779 2665 313 109 l’exécution
1030 2665 125 109 de
1093 2665 125 109 la
1155 2665 188 109 trève
1280 2665 167 109 avec
1364 2665 146 109 l’Em

67 2729 227 69 pereur

60 2761 176 88 2558.
178 2761 313 88 Morel
432 2761 274 88 (Camille),
647 2761 176 88 fille
765 2761 176 88 aînée
882 2761 117 88 de
941 2761 156 88 Jean
1039 2761 196 88 Morel,
1175 2761 196 88 l’amie
1293 2761 215 88 d’Erasme.
