1181 2172
543 18 62 51 —
567 18 62 51 7
580 18 37 51 —

33 67 134 57 22219
122 67 149 57 LAGIER
226 67 208 57 (Suzanne),
390 67 193 57 charmante
538 67 193 57 actrices.
687 67 104 57 Son
746 67 268 57 portrait-carte
955 67 163 57 photogra-

140 118 89 39 phié
196 118 78 39 par
240 118 123 39 Carjat,
330 118 190 39 signé,
486 118 112 39 in-18.
564 118 100 39 Belle
631 118 134 39 épreuve.
731 118 56 39 3
742 118 45 39 50

137 154 109 47 22220
209 154 157 47 LAMÉNNAIS
330 154 84 47 (F.
378 154 96 47 de),
438 154 72 47 un
475 154 84 47 des
523 154 96 47 plus
583 154 121 47 grands
668 154 157 47 écrivains
788 154 72 47 de
824 154 72 47 ce
861 154 133 47 siècle.
957 154 109 47 L.
1017 154 109 47 a.

138 192 110 43 s>.;
207 192 124 43 Paris
289 192 82 43 19
331 192 110 43 déc.
399 192 124 43 1846,
482 192 69 43 1
509 192 82 43 p.
550 192 96 43 1/2
605 192 137 43 in-12.
701 192 192 43 Très-jolie
852 192 151 43 lettre.
962 192 137 43 Cachet
1045 192 82 43 d’un

143 219 134 57 amateur
240 219 85 57 sur
289 219 73 57 la
325 219 85 57 1re
374 219 109 57 page.
446 219 61 57 4
459 219 36 57 »

141 262 130 53 22221
227 262 87 53 LA
270 262 130 53 PORTE
357 262 87 53 DU
400 262 130 53 THEIL
487 262 115 53 (Fr.
559 262 87 53 J.
602 262 159 53 Gabr.),
718 262 144 53 savant
819 262 202 53 helléniste
978 262 144 53 membre
1064 262 58 53 de

133 291 135 61 l’Acad.
231 291 86 61 des
280 291 160 61 Inscript.
403 291 111 61 L.
477 291 123 61 a
563 291 86 61 s.,
612 291 61 61 2
637 291 74 61 p.
673 291 111 61 in-8.
747 291 172 61 Très-jolie
882 291 135 61 lettre.
981 291 61 61 2
993 291 49 61 50

140 332 112 65 22222
214 332 161 65 LAURISTON
338 332 87 65 (J.
388 332 87 65 Al.
437 332 74 65 B.
474 332 99 65 LAW,
536 332 136 65 marquis
636 332 99 65 de),
698 332 149 65 maréchal
809 332 74 65 de
846 332 124 65 France
933 332 74 65 et
958 332 62 65 mi-

141 381 123 56 nistre.
230 381 101 56 L.
298 381 67 56 a.
331 381 123 56 s;
421 381 101 56 Laon,
488 381 67 56 22
521 381 90 56 nov.
577 381 101 56 1827,
645 381 56 56 1
667 381 67 56 p.
701 381 123 56 in-fol.
790 381 56 56 3
801 381 34 56 »

164 406 142 65 Envoi
259 406 94 65 de
306 406 110 65 son
369 406 173 65 serment
495 406 142 65 comme
589 406 205 65 président
746 406 94 65 du
794 406 173 65 collège
919 406 205 65 électoral
1061 406 63 65 du

135 436 219 68 département
311 436 88 68 de
340 436 146 68 l’Aisne.

131 481 113 63 22223
206 481 138 63 LEHMANN
306 481 150 63 (Henri),
418 481 138 63 peintre
518 481 175 63 distingué,
656 481 125 63 membre
743 481 75 63 de
781 481 188 63 l’Institut.
931 481 113 63 L.
1006 481 75 63 a.
1031 481 88 63 s.i.,

150 530 47 44 1
168 530 57 44 p.
197 530 85 44 in-8.
253 530 47 44 2
263 530 28 44 »

300 539 88 73 22224
359 539 137 73 LEMAITRE
466 539 146 73 (Frédéric),
583 539 59 73 le
613 539 107 73 célèbre
691 539 107 73 acteur.
769 539 88 73 L.
827 539 78 73 a.
876 539 68 73 s.,
915 539 49 73 1
935 539 59 73 p.
964 539 88 73 in-8.
1013 539 107 73 Curieuse.

1037 591 89 44 1
1055 591 71 44 75

136 627 123 48 22225
219 627 164 48 LEQUINIO
342 627 123 48 (Jos.
424 627 110 48 M.),
493 627 137 48 député
589 627 82 48 du
630 627 164 48 Morbihan
753 627 69 48 à
780 627 82 48 la
822 627 206 48 Convention,
986 627 123 48 connu
1054 627 69 48 par

144 674 78 39 sa
183 674 143 39 mission
287 674 104 39 dans
352 674 78 39 la
391 674 143 39 Vendée.
496 674 117 39 L.
574 674 78 39 a.
613 674 143 39 s.
717 674 91 39 aux
769 674 143 39 membres
873 674 78 39 du
913 674 182 39 Directoire
1043 674 78 39 exé-

144 701 125 44 cutif;
232 701 125 44 Paris,
320 701 63 44 8
345 701 150 44 pluviôse
457 701 75 44 an
495 701 88 44 IV,
545 701 63 44 1
570 701 88 44 1/2
620 701 75 44 p.
658 701 138 44 in-fol.
758 701 63 44 8
770 701 38 44 »

171 730 218 59 Très-curieuse
351 730 128 59 épître
440 730 141 59 d’envoi
543 730 77 59 de
581 730 77 59 sa
620 730 231 59 Philosophie
812 730 77 59 du
851 730 180 59 peuple
992 730 90 59 qui
1030 730 90 59 vient

138 766 83 48 de
180 766 180 48 paraître.
318 766 97 48 Ils
373 766 152 48 verront
484 766 97 48 que
540 766 83 48 ce
581 766 125 48 livre
664 766 152 48 respire
775 766 97 48 les
830 766 180 48 principes
969 766 83 48 du
996 766 125 48 patrio-

144 802 130 48 tisme
230 802 87 48 le
274 802 116 48 plus
346 802 217 48 franchement
520 802 217 48 républicain
693 802 87 48 et
737 802 87 48 de
780 802 87 48 la
823 802 130 48 vraie
896 802 231 48 philanthropie.

145 837 74 44 «
175 837 149 44 Aucune
279 837 179 44 ambition
413 837 89 44 ne
458 837 89 44 me
502 837 208 44 tourmente,
666 837 89 44 et
710 837 89 44 si
755 837 89 44 la
800 837 119 44 roue
874 837 89 44 de
919 837 89 44 la
948 837 179 44 Révolution

135 872 166 45 n’était
255 872 105 45 pas
316 872 181 45 arrêtée,
451 872 90 45 je
496 872 90 45 ne
542 872 226 45 demanderais
722 872 105 45 aux
783 872 211 45 évènements
948 872 105 45 que
1009 872 90 45 de
1039 872 90 45 res-

141 901 144 47 pecter
242 901 173 47 quelques
372 901 144 47 années
473 901 144 47 encore
574 901 159 47 l’azyle
690 901 87 47 où
733 901 116 47 j’ai
805 901 173 47 commencé
935 901 87 47 de
964 901 159 47 consacrer

142 945 113 39 dans
212 945 85 39 le
255 945 155 39 silence
367 945 99 39 mon
424 945 113 39 tems
494 945 85 39 et
536 945 85 39 ma
579 945 127 39 plume
663 945 85 39 au
705 945 155 39 bonheur
818 945 85 39 de
860 945 99 39 mes
903 945 225 39 semblables...»

142 967 105 57 22226
212 967 117 57 LEROUX
294 967 152 57 (Pierre),
411 967 129 57 célèbre
505 967 140 57 écrivain
610 967 70 57 et
645 967 187 57 représentant
797 967 70 57 du
832 967 129 57 peuple.
925 967 105 57 L.
995 967 105 57 a
1054 967 70 57 s.

148 1010 60 52 à
172 1010 169 52 Schœlcher,
305 1010 60 52 1
329 1010 72 52 p.
365 1010 109 52 in-8.
438 1010 60 52 3
450 1010 36 52 »

150 1022 117 69 22227
228 1022 130 69 LESPÈS
319 1022 130 69 (Léo),
410 1022 195 69 littérateur
566 1022 78 69 et
605 1022 208 69 journaliste,
774 1022 195 69 chroniqueur
930 1022 104 69 sous
995 1022 78 69 le
1034 1022 91 69 nom
1073 1022 52 69 de

148 1074 174 47 Timothée
288 1074 163 47 Trimm
416 1074 116 47 Traité
497 1074 93 47 sig.
555 1074 105 47 entre
625 1074 81 47 lui
671 1074 70 47 et
706 1074 81 47 MM.
752 1074 221 47 Marescq;
938 1074 116 47 Paris,
1019 1074 70 47 18
1043 1074 81 47 sept.

154 1119 113 40 1852,
230 1119 63 40 1
255 1119 75 40 p.
292 1119 138 40 in-fol.
393 1119 138 40 Relatif
493 1119 63 40 à
518 1119 88 40 son
568 1119 138 40 journal
669 1119 75 40 le
706 1119 176 40 Magasin
844 1119 88 40 des
894 1119 213 40 Familles
1070 1119 63 40 3
1082 1119 38 40 »

142 1144 118 54 22228
220 1144 78 54 LE
260 1144 131 54 THIÈRE
351 1144 118 54 (G.),
429 1144 144 54 célèbre
534 1144 144 54 peintre
639 1144 196 54 d’histoire,
795 1144 131 54 membre
887 1144 78 54 de
926 1144 196 54 l’Institut.
1070 1144 52 54 L.

138 1178 145 62 a
247 1178 73 62 s.
283 1178 60 62 à
307 1178 133 62 Chinard
404 1178 169 62 (l’éminent
537 1178 181 62 sculpteur);
682 1178 133 62 (1806),
778 1178 60 62 1
803 1178 73 62 p.
839 1178 85 62 pl.
887 1178 109 62 in-8.
960 1178 109 62 Jolie
1020 1178 109 62 lettre.

1037 1211 93 45 3
1055 1211 74 45 25

148 1248 127 54 22229
232 1248 127 54 LÉVIS
317 1248 295 54 (François-Gaston,
570 1248 98 54 duc
626 1248 112 54 de),
696 1248 169 54 maréchal
823 1248 84 54 de
865 1248 155 54 France,
963 1248 169 54 gouverneur

150 1290 146 45 d’Artois.
262 1290 67 45 L.
296 1290 124 45 s.i.
386 1290 101 45 1784,
453 1290 56 45 1
476 1290 67 45 p.
510 1290 101 45 in-4.
577 1290 56 45 2
588 1290 34 45 »

152 1321 117 50 22230
230 1321 130 50 LIONNE
321 1321 143 50 (Hugues
426 1321 104 50 de),
491 1321 130 50 habile
582 1321 209 50 négociateur,
752 1321 156 50 ministre
869 1321 91 50 des
921 1321 156 50 affaires
1026 1321 104 50 étran-

143 1355 121 53 gères
223 1355 108 53 sous
290 1355 121 53 Louis
371 1355 108 53 XIII
438 1355 81 53 et
479 1355 108 53 sous
546 1355 121 53 Louis
627 1355 108 53 XIV.
694 1355 94 53 <L.
748 1355 121 53 a.s.;
828 1355 134 53 Paris,
922 1355 81 53 21
963 1355 121 53 janv.
1030 1355 94 53 1645,

183 1400 35 41 1
197 1400 42 41 p.
218 1400 78 41 in-fol.
275 1400 35 41 7
282 1400 28 41 50

182 1433 122 43 Belle
264 1433 136 43 lettre
359 1433 163 43 relative
481 1433 95 43 aux
535 1433 231 43 préliminaires
725 1433 81 43 de
766 1433 81 43 la
807 1433 109 43 paix
874 1433 81 43 de
902 1433 176 43 Vestphalie.

143 1465 108 49 22231
215 1465 108 49 LISZT
287 1465 108 49 (F.),
359 1465 132 49 célèbre
455 1465 144 49 pianiste
563 1465 72 49 et
599 1465 180 49 compositeur
744 1465 72 49 de
780 1465 144 49 musique.
888 1465 108 49 L.
960 1465 96 49 a.
1020 1465 120 49 s.
1092 1465 48 49 en

142 1507 176 46 français,
278 1507 68 46 à
305 1507 81 46 la
345 1507 176 46 princesse
480 1507 203 46 Belgiojoso;
643 1507 149 46 Albano;
751 1507 68 46 4
778 1507 108 46 juin
845 1507 122 46 1839,
926 1507 68 46 3
953 1507 81 46 p.
994 1507 95 46 pl.
1034 1507 95 46 in

1040 1531 65 43 8
1053 1531 39 43 »

170 1565 199 59 Très-belle
326 1565 85 59 et
368 1565 170 59 curieuse
496 1565 142 59 épître
595 1565 85 59 où
638 1565 128 59 Liszt
723 1565 156 59 annonce
836 1565 71 59 à
865 1565 85 59 la
907 1565 184 59 princesse
1035 1565 99 59 qu’il

148 1605 117 45 vient
226 1605 78 45 de
265 1605 117 45 doter
343 1605 91 45 les
395 1605 143 45 Romains
499 1605 78 45 de
538 1605 221 45 Soliloques
719 1605 208 45 musicaux
888 1605 78 45 de
927 1605 91 45 son
966 1605 156 45 invention.

143 1637 251 58 «Figurez-vous
350 1637 103 58 que
409 1637 89 58 de
453 1637 251 58 guerre-lasse,
660 1637 89 58 ne
704 1637 162 58 pouvant
823 1637 177 58 parvenir
956 1637 74 58 à
970 1637 148 58 composer

144 1678 90 44 un
189 1678 195 44 programme
339 1678 105 44 qui
399 1678 105 44 eut
458 1678 90 44 le
503 1678 120 44 sens
578 1678 165 44 commun,
698 1678 120 44 j’ai
773 1678 105 44 osé
833 1678 150 44 donner
937 1678 105 44 une
997 1678 135 44 série
1072 1678 60 44 de

144 1706 168 55 concerts
270 1706 70 55 à
298 1706 98 55 moi
354 1706 112 55 tout
423 1706 126 55 seul,
507 1706 182 55 tranchant
647 1706 84 55 du
689 1706 126 55 Louis
773 1706 98 55 XIV
829 1706 84 55 et
871 1706 140 55 disant
954 1706 168 55 cavalière-

153 1741 94 47 ment
212 1741 70 47 au
247 1741 129 47 public:
341 1741 70 47 Le
376 1741 141 47 concert,
482 1741 106 47 c’est
552 1741 129 47 moi...»
646 1741 70 47 Il
682 1741 82 47 lui
728 1741 153 47 transcrit
846 1741 129 47 ensuite
928 1741 47 47 le

154 1785 187 45 programme
297 1785 115 45 d’un
369 1785 86 45 de
412 1785 101 45 ces
455 1785 187 45 soliloques.

151 1790 114 68 22232
227 1790 114 68 LOUIS
303 1790 101 68 XVI,
367 1790 89 68 roi
417 1790 89 68 des
468 1790 165 68 Français,
594 1790 152 68 décapité
708 1790 76 68 en
746 1790 114 68 1793.
822 1790 101 68 P.
886 1790 127 68 s..
961 1790 165 68 Versailles,

153 1849 72 56 12
189 1849 84 56 mai
237 1849 108 56 1782,
309 1849 60 56 1
333 1849 72 56 p.
369 1849 132 56 in-fol.
465 1849 60 56 6
477 1849 36 56 »

187 1857 172 68 Curieuse
316 1857 129 68 pièce
402 1857 172 68 relative
531 1857 86 68 au
574 1857 172 68 paiement
703 1857 100 68 des
760 1857 158 68 maîtres
875 1857 86 68 de
918 1857 143 68 postes
1018 1857 100 68 qui
1061 1857 72 68 ont

151 1915 111 54 fait
221 1915 83 54 le
262 1915 153 54 service
373 1915 97 54 sur
429 1915 97 54 les
484 1915 139 54 routes
582 1915 83 54 de
623 1915 180 54 Compiègne
762 1915 83 54 et
804 1915 83 54 de
845 1915 236 54 Fontainebleau
1026 1915 97 54 «pour

154 1944 102 50 les
213 1944 161 50 voyages
329 1944 88 50 de
373 1944 88 50 Sa
417 1944 175 50 Majesté,
548 1944 88 50 en
592 1944 131 50 1791,
680 1944 88 50 et
723 1944 117 50 pour
796 1944 102 50 les
855 1944 190 50 courriers
986 1944 146 50 dépêchés

150 1972 112 60 lors
220 1972 84 60 de
262 1972 252 60 l’accouchement
472 1972 84 60 de
514 1972 84 60 la
556 1972 126 60 Reine
625 1972 336 60 (Marie

153 2014 91 54 22233
214 2014 91 54 LOUIS
274 2014 101 54 XVIII,
345 2014 71 54 roi
386 2014 61 54 de
416 2014 111 54 France.
497 2014 91 54 L.
558 2014 91 54 a
618 2014 91 54 s
679 2014 61 54 (à
709 2014 121 54 l’évêque
801 2014 61 54 de
831 2014 132 54 Sisteron)
932 2014 51 54 ;
942 2014 71 54 Hart-

157 2052 108 46 well,
229 2052 84 46 1er
277 2052 132 46 juillet
373 2052 108 46 1812,
444 2052 84 46 1/2
492 2052 72 46 p.
528 2052 108 46 in-4.
600 2052 72 46 20
624 2052 36 46 »

72 2087 92 64 Il
118 2087 169 64 accepte
241 2087 92 64 sa
286 2087 199 64 démission
440 2087 123 64 avec
516 2087 184 64 douleur.
654 2087 107 64 «Je
715 2087 138 64 suis,
807 2087 169 64 dit-il,
930 2087 92 64 et
976 2087 138 64 serai
1052 2087 77 64 tou
