1150 2196
533 19 88 53 —
568 19 105 53 10
603 19 53 53 —

116 74 122 58 22265
198 74 149 58 ORLÉANS
306 74 203 58 (Férdinand,
468 74 95 58 duc
522 74 108 58 d’),
590 74 108 58 fils
658 74 108 58 aîné
725 74 81 58 de
766 74 257 58 Louis-Philippe,
982 74 108 58 mort
1036 74 68 58 par

119 108 159 53 accident
238 108 80 53 en
278 108 119 53 1842.
358 108 119 53 L.
437 108 133 53 a
530 108 93 53 s.;
583 108 186 53 Lunéville,
729 108 66 53 2
756 108 186 53 septembre,
902 108 66 53 1
928 108 80 53 p.
968 108 93 53 pl.
1008 108 93 53 in

124 150 157 52 Très-jolie
247 150 112 52 pièce.
337 150 56 52 7
348 150 34 52 »

120 189 104 46 PASTA
190 189 150 46 (Judith),
306 189 127 46 célèbre
398 189 162 46 cantatrice
525 189 162 46 italienne.
653 189 104 46 L.
722 189 127 46 a.
815 189 93 46 sig.
873 189 231 46 Giuditta
1058 189 46 46 en

122 219 131 49 italien
218 219 72 49 (à
253 219 72 49 la
289 219 155 49 princesse
409 219 191 49 Belgiojoso);
564 219 143 49 Londres,
671 219 60 49 5
695 219 107 49 juin,
767 219 60 49 1
791 219 72 49 p.
826 219 84 49 pl.
874 219 107 49 in-4.
934 219 167 49 Rare

994 249 138 42 10
1040 249 69 42 »

153 262 179 71 Charmante
291 262 152 71 épître,
402 262 152 71 remplie
512 262 207 71 d’affection
677 262 110 71 pour
746 262 83 71 la
788 262 193 71 princesse,
939 262 152 71 qu’elle
1036 262 69 71 ap-

126 314 110 57 pelle
199 314 110 57 sa
272 314 110 57 chère
345 314 195 57 Thérèse
504 314 98 57 Elle
565 314 85 57 lui
613 314 134 57 exprime
711 314 73 57 le
747 314 122 57 regret
833 314 134 57 qu’elle
930 314 134 57 éprouve
1016 314 98 57 d’être

128 355 164 52 éloignée
252 355 137 52 d’elle
347 355 82 52 et
388 355 123 52 parle
471 355 82 52 de
512 355 96 52 son
567 355 137 52 séjour
662 355 68 52 à
676 355 137 52 Londres.

121 375 114 76 22267
197 375 101 76 PIIS
260 375 88 76 (P.
311 375 101 76 Ant.
374 375 114 76 Aug.,
450 375 164 76 chevalier
576 375 101 76 de),
639 375 126 76 poëte,
728 375 215 76 vaudevilliste
905 375 76 76 et
930 375 177 76 chansonnier,

131 431 167 54 président
260 431 77 54 du
299 431 129 54 Caveau
389 431 155 54 moderne.
505 431 116 54 L.
582 431 129 54 a
672 431 77 54 s.
711 431 64 54 à
736 431 167 54 Coupigny;
865 431 129 54 Paris,
955 431 77 54 17
981 431 129 54 frimaire

125 470 73 50 an
161 470 97 50 XIV,
222 470 61 50 3
246 470 73 50 p.
282 470 85 50 pl.
331 470 109 50 in-8,
403 470 97 50 tête
464 470 109 50 impr.
536 470 61 50 3
549 470 48 50 50

163 477 234 65 Très-curieuse
356 477 151 65 épître,
465 477 82 65 où
507 477 82 65 il
548 477 82 65 se
589 477 137 65 plaint
685 477 165 65 vivement
809 477 110 65 d’un
877 477 151 65 article
987 477 82 65 où
1029 477 82 65 on
1056 477 55 65 le

131 521 121 56 traite
215 521 229 56 d'athée
408 521 97 56 Tout
469 521 84 56 ami
517 521 109 56 qu’il
589 521 84 56 est
638 521 72 56 de
674 521 145 56 Voltaire
782 521 72 56 et
819 521 72 56 de
855 521 72 56 la
891 521 193 56 philosophie,
1048 521 72 56 il
1072 521 36 56 a

129 565 122 51 écrit
211 565 122 51 mille
293 565 82 51 et
333 565 122 51 mille
415 565 109 51 fois
483 565 136 51 contre
578 565 204 51 l’athéisme.
741 565 95 51 «Je
795 565 109 51 n’ai
863 565 136 51 point,
958 565 150 51 dit-il,
1054 565 54 51 de

130 600 112 40 bête
200 600 140 40 noire,
298 600 84 40 si
340 600 84 40 ce
382 600 126 40 n’est
466 600 238 40 l’intolérance
662 600 182 40 politique
802 600 84 40 et
830 600 224 40 religieuse...»

130 629 119 61 22268
209 629 159 61 PONTANUS
328 629 225 61 (Jean-Isaac),
514 629 79 61 un
553 629 93 61 des
606 629 106 61 plus
672 629 146 61 savants
778 629 185 61 historiens
924 629 185 61 hollandais
1056 629 53 61 de

130 672 91 47 son
182 672 130 47 temps.
273 672 117 47 L.
352 672 78 47 a.
391 672 117 47 s.i.,
469 672 78 47 en
508 672 130 47 latin,
599 672 65 47 à
626 672 130 47 Arnold
717 672 143 47 Buchel;
821 672 196 47 Harderwyck,
978 672 78 47 19
1004 672 104 47 juill.

125 698 107 67 1639
192 698 121 67 (deux
272 698 107 67 mois
339 698 121 67 avant
419 698 80 67 sa
459 698 134 67 mort),
553 698 94 67 3/4
607 698 80 67 de
647 698 80 67 p.
687 698 161 67 in-fol.,
807 698 147 67 cachet.
915 698 121 67 Belle
982 698 121 67 lettre.

1009 735 97 55 9
1028 735 58 55 »

136 761 127 70 22269
221 761 198 70 PORTSMOUTH
376 761 156 70 (Louise
490 761 85 70 de
532 761 170 70 KEROUAL,
659 761 170 70 duchesse
787 761 113 70 de),
857 761 156 70 célèbre
956 761 156 70 maîtresse

132 821 72 39 de
168 821 132 39 Charles
264 821 84 39 II.
311 821 72 39 P.
347 821 96 39 si.,
407 821 96 39 sig.
467 821 108 39 aussi
539 821 84 39 par
587 821 84 39 son
634 821 96 39 fils
694 821 167 39 Charles
826 821 72 39 de
862 821 120 39 Lenox,
946 821 120 39 duc
1017 821 96 39 de

131 847 243 52 Richmond;
337 847 121 52 Paris,
422 847 73 52 14
458 847 97 52 août
519 847 109 52 1714,
592 847 61 52 2
616 847 73 52 p.
652 847 85 52 1/2
701 847 133 52 in-fol.
798 847 170 52 Très-belle
919 847 97 52 pièce.

140 893 73 43 Rare
200 893 28 43 22
209 893 14 43 »

130 904 108 69 22270
202 904 120 69 RACHEL
285 904 131 69 (Mlle),
381 904 72 69 la
417 904 120 69 grande
501 904 191 69 tragédienne.
656 904 108 69 L.
728 904 96 69 a.
787 904 72 69 s.
823 904 72 69 au
859 904 179 69 docteur...,
1002 904 60 69 1
1026 904 72 69 p.
1050 904 60 69 pl.

131 965 81 42 in-8.
185 965 45 42 6
194 965 27 42 »

154 983 170 56 Charmante
285 983 144 56 épître,
389 983 79 56 où
429 983 105 56 elle
494 983 92 56 lui
546 983 144 56 annonce
651 983 144 56 qu’elle
756 983 105 56 joue
821 983 222 56 Phèdre
1004 983 79 56 ce
1031 983 79 56 soir

135 1031 82 42 et
176 1031 96 42 lui
231 1031 137 42 envoie
328 1031 96 42 une
369 1031 151 42 stalle...

136 1056 118 53 22271
214 1056 144 53 RALLIER
319 1056 91 53 (L.
371 1056 78 53 A.
410 1056 105 53 E.),
476 1056 131 53 député
567 1056 274 53 d’Ille-et-Vilaine
802 1056 78 53 au
842 1056 144 53 Conseil
946 1056 91 53 des
985 1056 131 53 Anciens,

131 1094 197 50 littérateur,
290 1094 111 50 poëte
364 1094 74 50 et
401 1094 135 50 érudit,
499 1094 74 50 né
536 1094 61 50 à
561 1094 160 50 Fougères.
684 1094 111 50 L.
758 1094 123 50 d
844 1094 86 50 s.;
893 1094 111 50 Paris
967 1094 74 50 an
1003 1094 86 50 IV,
1053 1094 61 50 1
1065 1094 49 50 p.

131 1141 89 42 in-fol.
196 1141 40 42 2
204 1141 32 42 25

128 1163 106 51 22272
199 1163 118 51 REBOUL
282 1163 106 51 (J.),
353 1163 130 51 célèbre
448 1163 118 51 poëte.
530 1163 106 51 L.
601 1163 130 51 a.
696 1163 71 51 s.
731 1163 59 51 à
755 1163 83 51 Mme
802 1163 142 51 Orbelin,
909 1163 59 51 1
933 1163 71 51 p.
968 1163 106 51 in-4.
1027 1163 83 51 Jolie

114 1208 284 50 lettre.
321 1208 129 50 4
347 1208 77 50 »

139 1234 110 53 22273
212 1234 146 53 RÉCAMIER
322 1234 98 53 (Mme
383 1234 171 53 Juliette),
517 1234 73 53 la
554 1234 110 53 reine
627 1234 73 53 de
664 1234 268 53 l’Abbaye-aux-Bois.
895 1234 110 53 L.
969 1234 122 53 a.
1054 1234 61 53 à
1066 1234 49 53 la

131 1268 83 54 3e
173 1268 139 54 pers.,
270 1268 69 54 à
298 1268 83 54 la
339 1268 180 54 princesse
478 1268 208 54 Belgiojoso;
644 1268 166 54 dimanche
769 1268 139 54 matin,
866 1268 69 54 1
894 1268 83 54 p.
936 1268 139 54 in-12.
1019 1268 97 54 Jolie

140 1316 69 43 lettre.
190 1316 31 43 7
196 1316 25 43 50

124 1329 127 68 22274
208 1329 310 68 REVELLIÈRE-LÉPEAUX
476 1329 99 68 (L.
532 1329 113 68 M.),
602 1329 253 68 conventionnel,
813 1329 141 68 membre
912 1329 84 68 du
940 1329 169 68 Directoire

129 1384 78 42 et
168 1384 78 42 de
207 1384 194 42 l’Institut,
362 1384 156 42 surnommé
479 1384 78 42 le
518 1384 143 42 Pape
622 1384 91 42 des
673 1384 285 42 Théophilanthropes.
920 1384 78 42 L.
958 1384 130 42 a
1049 1384 78 42 s.
1075 1384 39 42 à

120 1411 88 49 M.
164 1411 234 49 Lechevalier,
354 1411 263 49 bibliothécaire
573 1411 88 49 de
617 1411 307 49 Sainte-Geneviève;
879 1411 117 49 Faye
938 1411 175 49 (Maine-

128 1437 152 57 Loire),
239 1437 83 57 15
280 1437 111 57 oct.
350 1437 125 57 1818,
433 1437 69 57 5
460 1437 83 57 p.
502 1437 97 57 1/4
557 1437 111 57 in-4
627 1437 125 57 d’une
710 1437 166 57 écriture
834 1437 111 57 fine
903 1437 83 57 et
945 1437 152 57 serrée.
1056 1437 69 57 7
1070 1437 55 57 50

160 1477 139 56 Lettre
258 1477 111 56 fort
327 1477 237 56 intéressante,
522 1477 84 56 où
564 1477 84 56 il
606 1477 153 56 raconte
717 1477 70 56 à
745 1477 97 56 son
801 1477 97 56 ami
856 1477 97 56 son
912 1477 139 56 voyage
1010 1477 84 56 en
1037 1477 84 56 Nor-

134 1511 159 54 mandie,
249 1511 116 54 pour
321 1511 87 54 se
365 1511 144 54 rendre
466 1511 87 54 de
509 1511 130 54 Paris
596 1511 72 54 à
625 1511 130 54 Faye.
711 1511 87 54 Il
755 1511 101 54 lui
813 1511 116 54 fait
885 1511 231 54 agréablement
1058 1511 58 54 la

130 1551 216 48 description
303 1551 101 48 des
360 1551 130 48 lieux
447 1551 87 48 et
490 1551 101 48 des
548 1551 144 48 villes
649 1551 130 48 qu’il
735 1551 72 48 a
764 1551 173 48 visités:
894 1551 144 48 Rouen,
980 1551 130 48 Dieppe,

130 1576 169 57 Arques,
253 1576 92 57 Le
299 1576 154 57 Havre,
407 1576 139 57 Caen,
499 1576 185 57 Alençon,
638 1576 154 57 Laval,
745 1576 323 57 Château-Gonthier.
1007 1576 108 57 «Mais

129 1618 133 47 enfin
218 1618 118 47 nous
291 1618 133 47 voilà
380 1618 162 47 rendus,
497 1618 103 47 non
556 1618 103 47 pas
615 1618 74 47 à
645 1618 103 47 nos
704 1618 177 47 moutons,
836 1618 118 47 mais
910 1618 74 47 à
939 1618 103 47 nos
983 1618 133 47 vignes,

134 1645 78 48 et
173 1645 157 48 confinés
291 1645 105 48 dans
356 1645 118 48 notre
434 1645 301 48 vandangeoir
696 1645 131 48 taudis
787 1645 91 48 des
840 1645 105 48 plus
905 1645 209 48 déplorables,
1062 1645 52 48 où

131 1677 119 60 l’on
205 1677 89 60 ne
250 1677 119 60 peut
324 1677 119 60 être
398 1677 148 60 retenu
502 1677 104 60 que
561 1677 104 60 par
621 1677 104 60 une
680 1677 119 60 dose
754 1677 178 60 copieuse
888 1677 89 60 de
917 1677 193 60 philosophie

133 1715 197 52 corroborée
288 1715 99 52 par
344 1715 84 52 le
386 1715 141 52 besoin
485 1715 84 52 de
527 1715 197 52 recueillir
682 1715 141 52 toutes
780 1715 99 52 ses
837 1715 155 52 petites
935 1715 169 52 ressources

131 1754 90 38 et
176 1754 90 38 de
221 1754 119 38 n’en
295 1754 179 38 négliger
430 1754 179 38 aucune.»
564 1754 119 38 Suit
638 1754 104 38 une
698 1754 179 38 curieuse
832 1754 224 38 description
1012 1754 90 38 de
1041 1754 75 38 son

132 1787 165 43 habitation.

148 1800 90 66 22275
208 1800 140 66 RICHARDSON
317 1800 130 66 (Samuel),
417 1800 140 66 l’illustre
527 1800 100 66 auteur
596 1800 60 66 de
626 1800 149 66 Clarisse
746 1800 159 66 Harloue
875 1800 80 66 L.
915 1800 100 66 a.,

146 1859 90 39 sig.
202 1859 68 39 S.
236 1859 68 39 R.
270 1859 68 39 (à
304 1859 79 39 son
349 1859 90 39 amie
405 1859 90 39 Mlle
462 1859 169 39 Grainiger);
597 1859 181 39 Ember-Court.
744 1859 56 39 4
767 1859 102 39 janv.
823 1859 79 39 1750,

145 1887 57 59 4
167 1887 68 59 p.
201 1887 80 59 pl.
247 1887 102 59 in-4.
315 1887 114 59 Légers
395 1887 205 59 raccommodages.
565 1887 182 59 Rare
713 1887 68 59 75
736 1887 34 59 »

176 1911 99 58 Cette
242 1911 121 58 lettre,
330 1911 77 58 qui
374 1911 55 58 a
396 1911 66 58 un
429 1911 121 58 immense
517 1911 121 58 intérêt
605 1911 165 58 littéraire,
737 1911 99 58 roule
792 1911 110 58 entière-

145 1953 82 51 ment
196 1953 72 51 sur
237 1953 72 51 les
278 1953 144 51 caractères
391 1953 62 51 du
422 1953 164 51 chef-d’œuvre
555 1953 62 51 de
586 1953 154 51 Richardson,
709 1953 154 51 Clarisse
821 1953 103 51 Har

142 1984 206 61 lowe
309 1984 116 61 C’est
386 1984 90 61 une
438 1984 167 61 véritable
566 1984 206 61 dissertation
733 1984 90 61 sur
785 1984 103 61 tout
849 1984 167 61 l’ouvrage
978 1984 77 61 en
1003 1984 116 61 réponse

150 2019 92 51 aux
203 2019 172 51 critiques
335 2019 79 51 et
374 2019 92 51 aux
427 2019 211 51 observations
599 2019 92 51 que
651 2019 92 51 lui
704 2019 119 51 avait
783 2019 132 51 faites
876 2019 106 51 Mlle
929 2019 158 51 Grainiger.

151 2052 116 64 22276
229 2052 168 64 RICHELIEU
358 2052 142 64 (Armand
461 2052 181 64 DUPLESSIS,
603 2052 155 64 cardinal
719 2052 103 64 de),
783 2052 155 64 illustre
900 2052 142 64 premier
990 2052 129 64 ministre

149 2095 70 61 de
184 2095 105 61 Louis
254 2095 105 61 XIII.
324 2095 82 61 <L.
371 2095 93 61 s..,
429 2095 58 61 1
453 2095 70 61 p.
488 2095 128 61 in-fol.
581 2095 117 61 Lettre
662 2095 198 61 intéressante.
826 2095 70 61 28
849 2095 35 61 »
