1564 3037
640 124 184 109 —
714 124 257 109 244
824 124 110 109 —

114 221 121 92 du
174 221 161 92 Lot.
275 221 121 92 1°
335 221 121 92 L.
396 221 161 92 aut.
497 221 181 92 sig.,
618 221 121 92 au
678 221 262 92 ministre.
879 221 222 92 Cahors,
1041 221 121 92 22
1101 221 242 92 prairial
1282 221 121 92 an
1343 221 121 92 V.
1403 221 101 92 1
1423 221 81 92 p.

115 306 171 60 in-4.
229 306 209 60 Hommage
382 306 114 60 de
439 306 114 60 ce
496 306 133 60 qui
572 306 171 60 suit.
686 306 95 60 —
724 306 114 60 2°
781 306 286 60 Discours
1010 306 133 60 sur
1086 306 114 60 la
1143 306 152 60 fête
1238 306 114 60 de
1296 306 114 60 la
1334 306 171 60 re

116 347 362 70 connaissance
421 347 133 70 des
497 347 362 70 victoires,
801 347 133 70 par
878 347 114 70 le
935 347 209 70 citoyen
1087 347 229 70 Brunies,
1258 347 152 70 etc.
1335 347 171 70 Imprimé

60 393 457 67 de
288 393 457 67 12
517 393 457 67 p.
745 393 685 67 in-8.
1202 393 381 67 3
1278 393 228 67 »

69 432 172 83 3011.
184 432 345 83 Bugeaud
471 432 134 83 (le
548 432 268 83 maréchal),
758 432 134 83 duc
835 432 345 83 d'Isly
1122 432 115 83 L.
1179 432 153 83 aut.
1275 432 153 83 sig.
1352 432 153 83 Paris,

96 494 242 59 13
217 494 444 59 janvier
540 494 363 59 1846.
782 494 202 59 1
862 494 242 59 p.
983 494 444 59 in-fol.
1306 494 202 59 2
1347 494 161 59 50

67 516 188 96 3012.
192 516 355 96 Cahier
485 516 251 96 (B.-C.),
673 516 272 96 procureur
882 516 125 96 de
945 516 125 96 la
1007 516 230 96 commune
1175 516 125 96 de
1237 516 209 96 Paris.
1363 516 146 96 Pièce

116 575 166 74 aut.
220 575 187 74 sig.,
345 575 104 74 à
387 575 146 74 MM.
470 575 125 74 de
532 575 125 74 la
595 575 229 74 section
761 575 125 74 du
824 575 146 74 roi
907 575 125 74 de
969 575 229 74 Sicile,
1136 575 208 74 Paris,
1281 575 125 74 26
1323 575 187 74 juillet

103 648 308 50 1791.
308 648 445 50 Demi-page
650 648 308 50 in-4.
856 648 274 50 Tête
1027 648 445 50 imprimée.
1369 648 171 50 3
1403 648 103 50 »

165 692 204 50 Prière
307 692 122 50 de
369 692 184 50 faire
491 692 245 50 éclairer
675 692 225 50 pendant
838 692 184 50 cette
961 692 163 50 nuit
1063 692 163 50 tout
1165 692 122 50 le
1226 692 204 50 marché
1349 692 163 50 Saint-

114 726 196 83 Jean,
245 726 131 83 de
311 726 240 83 manière
485 726 153 83 que
573 726 131 83 le
638 726 196 83 corps
769 726 131 83 de
834 726 196 83 garde
965 726 175 83 soit
1074 726 349 83 parfaitement
1358 726 131 83 en
1402 726 109 83 sû

94 785 202 62 reté...

75 795 152 86 3013.
176 795 287 86 Calvel
413 795 220 86 (l’abbé),
582 795 169 86 auteur
700 795 135 86 d’un
785 795 220 86 Traité
954 795 186 86 complet
1089 795 118 86 sur
1156 795 118 86 les
1207 795 304 86 pépinières,

122 871 154 66 d’un
218 871 251 66 Manuel
411 871 135 66 sur
489 871 135 66 les
566 871 386 66 plantations
894 871 116 66 L.
952 871 154 66 aut.
1049 871 154 66 sig.
1145 871 193 66 Paris,
1280 871 116 66 29
1319 871 193 66 frimaire

78 917 374 64 an
265 917 499 64 XII.
577 917 312 64 1
702 917 374 64 p.
889 917 562 64 in-4.
1263 917 312 64 2
1326 917 187 64 »

73 977 188 66 3014.
198 977 458 66 Cambacérès,
594 977 375 66 conventionnel,
907 977 396 66 archichancelier
1240 977 125 66 de
1282 977 229 66 l’empire.

121 1032 127 54 L.
184 1032 190 54 sig.,
311 1032 127 54 au
374 1032 211 54 prince
522 1032 190 54 Louis
648 1032 295 54 Bonaparte.
880 1032 211 54 Paris,
1028 1032 127 54 4e
1091 1032 169 54 jour
1176 1032 337 54 complémentaire

122 1061 127 73 an
185 1061 169 73 XII.
291 1061 106 73 1
333 1061 127 73 p.
396 1061 232 73 in-fol.
565 1061 127 73 En
629 1061 169 73 tête
734 1061 127 73 il
798 1061 106 73 y
840 1061 106 73 a
882 1061 148 73 une
967 1061 190 73 ligne
1094 1061 169 73 aut.
1199 1061 127 73 du
1263 1061 232 73 prince.
1432 1061 106 73 4
1453 1061 63 73 »

170 1107 126 69 Il
233 1107 126 69 le
296 1107 252 69 prévient
485 1107 147 69 que
569 1107 252 69 dimanche
758 1107 147 69 1er
842 1107 336 69 vendémiaire,
1115 1107 126 69 le
1178 1107 210 69 palais
1325 1107 147 69 des
1388 1107 126 69 Tui-

124 1163 202 65 leries
265 1163 161 65 sera
366 1163 262 65 illuminé,
567 1163 121 65 et
628 1163 181 65 qu’il
749 1163 101 65 y
789 1163 161 65 aura
890 1163 222 65 concert
1051 1163 222 65 suivant
1192 1163 242 65 l’usage...

78 1217 185 57 3015.
202 1217 349 57 Campan
489 1217 164 57 (Mme
592 1217 226 57 Genet),
756 1217 226 57 célèbre
920 1217 349 57 institutrice.
1208 1217 123 57 1°
1270 1217 123 57 L.
1331 1217 185 57 aut.,
1434 1217 82 57 au

129 1262 206 62 citoyen
279 1262 356 62 Digothy
579 1262 225 62 peintre.
747 1262 487 62 Saint-Germain-en-Laye,
1178 1262 112 62 20
1234 1262 243 62 pluviôse.
1421 1262 94 62 1
1440 1262 75 62 p.

120 1301 188 74 pl.
228 1301 242 74 in-4.
389 1301 296 74 Cachet.
604 1301 134 74 —
658 1301 161 74 2°
738 1301 161 74 L.
819 1301 215 74 aut.
953 1301 215 74 sig.
1088 1301 134 74 1
1142 1301 161 74 p.
1222 1301 242 74 in-4.
1384 1301 134 74 3
1410 1301 108 74 50

82 1350 175 80 3016.
198 1350 330 80 Carnot
470 1350 253 80 (Lazare),
665 1350 350 80 conventionnel,
956 1350 253 80 ministre.
1151 1350 253 80 Apostille
1345 1350 117 80 de
1384 1350 136 80 trois

129 1408 205 58 lignes
272 1408 164 58 aut.
374 1408 164 58 sig.
477 1408 123 58 en
538 1408 184 58 marge
661 1408 184 58 d’une
784 1408 266 58 pétition.
989 1408 205 58 Signée
1132 1408 184 58 aussi
1255 1408 143 58 par
1337 1408 123 58 Le
1378 1408 143 58 Tour-

130 1446 164 70 neur
232 1446 123 70 et
293 1446 123 70 La
355 1446 286 70 Réveillère
580 1446 246 70 Lépeaux.
764 1446 123 70 23
825 1446 246 70 prairial
1009 1446 123 70 an
1071 1446 143 70 IV.
1153 1446 102 70 2
1194 1446 123 70 p.
1255 1446 225 70 in-fol.
1419 1446 102 70 2
1439 1446 82 70 50

82 1499 185 73 3017.
206 1499 349 73 Carnot
493 1499 411 73 (Charles-Marie),
842 1499 185 73 frère
966 1499 123 73 du
1027 1499 370 73 conventionnel,
1315 1499 205 73 maréchal

128 1550 130 66 de
193 1550 196 66 camp,
324 1550 217 66 membre
476 1550 130 66 de
541 1550 326 66 l’Assemblée
802 1550 348 66 législative.
1085 1550 130 66 L.
1150 1550 174 66 aut.
1259 1550 174 66 sig.
1346 1550 174 66 Paris,

108 1598 221 61 6
196 1598 485 61 juillet
549 1598 397 61 1792.
814 1598 221 61 1
902 1598 265 61 p.
1035 1598 397 61 in-4.
1299 1598 221 61 2
1343 1598 177 61 50

86 1654 175 65 3018.
202 1654 272 65 Cassini
416 1654 116 65 de
474 1654 252 65 Thury
668 1654 194 65 Quitt.
804 1654 175 65 sig.,
920 1654 155 65 avec
1017 1654 136 65 les
1095 1654 175 65 mots:
1192 1654 330 65 approuvé

134 1699 419 66 l’écriture
496 1699 114 66 de
553 1699 114 66 la
610 1699 171 66 somme
724 1699 114 66 de
781 1699 152 66 1600
876 1699 209 66 livres,
1028 1699 171 66 reçue
1142 1699 114 66 du
1200 1699 247 66 trésorier
1390 1699 114 66 du
1428 1699 95 66 duc

133 1749 123 79 de
194 1749 266 79 Bouillon,
398 1749 163 79 pour
500 1749 123 79 la
562 1749 163 79 part
664 1749 123 79 de
725 1749 123 79 S.
786 1749 123 79 A.
848 1749 163 79 dans
950 1749 347 79 l’association
1236 1749 102 79 à
1277 1749 123 79 la
1338 1749 184 79 carte
1440 1749 82 79 de

126 1797 302 67 France.
345 1797 274 67 Paris,
537 1797 165 67 20
619 1797 247 67 avril
784 1797 247 67 1758.
948 1797 356 67 Demi-page
1222 1797 247 67 in-4.
1387 1797 137 67 2
1414 1797 110 67 50

87 1846 188 69 3019.
212 1846 292 69 Charles
441 1846 188 69 X
566 1846 146 69 roi
650 1846 125 69 de
712 1846 229 69 France.
879 1846 125 69 L.
942 1846 167 69 aut.
1046 1846 188 69 sig.,
1171 1846 104 69 à
1212 1846 125 69 M.
1275 1846 125 69 le
1337 1846 188 69 comte
1442 1846 83 69 de

132 1896 217 86 Vérac.
284 1896 304 86 Edimbourg,
523 1896 130 86 20
589 1896 174 86 mars
697 1896 196 86 1799.
828 1896 109 86 1
871 1896 130 86 p.
936 1896 152 86 pl.
1023 1896 130 86 et
1088 1896 196 86 quart
1219 1896 196 86 in-4.
1327 1896 196 86 Cachet,

81 1957 683 52 Belle
536 1957 834 52 lettre.
1143 1957 455 52 22
1295 1957 228 52 »

91 1986 199 104 3020.
223 1986 464 104 Chaumette,
621 1986 287 104 procureur
842 1986 133 104 de
908 1986 133 104 la
975 1986 243 104 Commune
1151 1986 133 104 de
1218 1986 221 104 Paris,
1350 1986 177 104 ardent

139 2059 420 55 révolutionnaire.
496 2059 126 55 L.
559 2059 189 55 sig.,
685 2059 126 55 au
748 2059 273 55 président
958 2059 126 55 de
1021 2059 315 55 l’assemblée
1273 2059 252 55 générale
1441 2059 84 55 de

138 2097 123 59 la
199 2097 225 59 section
362 2097 143 59 des
444 2097 204 59 gardes
587 2097 306 59 françaises.
832 2097 204 59 Paris,
975 2097 123 59 le
1036 2097 143 59 11e
1118 2097 163 59 jour
1220 2097 123 59 du
1281 2097 123 59 2e
1322 2097 204 59 mois....

125 2142 175 61 1
195 2142 210 61 p.
300 2142 315 61 in-4.
510 2142 280 61 Tête
685 2142 455 61 imprimée,
1036 2142 455 61 vignette.
1386 2142 175 61 3
1421 2142 105 61 »

93 2182 182 81 3021.
214 2182 363 81 Choron,
517 2182 303 81 compositeur
759 2182 121 81 de
820 2182 242 81 musique.
1001 2182 121 81 L.
1062 2182 161 81 aut.
1163 2182 182 81 sig.,
1284 2182 121 81 au
1344 2182 182 81 comte
1445 2182 81 81 de

141 2251 289 59 Lavalette,
369 2251 269 59 directeur
575 2251 145 59 des
658 2251 227 59 postes.
823 2251 207 59 Paris,
968 2251 103 59 7
1009 2251 145 59 mai
1092 2251 186 59 1813.
1216 2251 103 59 1
1257 2251 124 59 p.
1319 2251 145 59 pl.
1381 2251 145 59 in

143 2295 122 80 Il
204 2295 102 80 y
245 2295 102 80 a
285 2295 122 80 en
346 2295 163 80 tête
448 2295 102 80 3
489 2295 224 80 petites
652 2295 163 80 lig.
754 2295 163 80 aut.
856 2295 163 80 sig.
958 2295 122 80 du
1019 2295 183 80 comte
1142 2295 122 80 de
1203 2295 285 80 Lavalette.
1427 2295 102 80 2
1447 2295 82 80 50

97 2335 172 80 3022.
212 2335 344 80 Cogniet
498 2335 210 80 (Léon),
651 2335 210 80 peintre
804 2335 287 80 d’histoire.
1033 2335 115 80 L.
1091 2335 153 80 aut.
1186 2335 172 80 sig.,
1301 2335 96 80 à
1320 2335 210 80 madame...

132 2393 333 62 Mardi,
365 2393 166 62 3
431 2393 366 62 heures.
698 2393 166 62 1
764 2393 200 62 p.
864 2393 333 62 in-12.
1097 2393 366 62 Cachet.
1364 2393 166 62 1
1397 2393 133 62 50

95 2449 202 65 3023.
229 2449 291 65 Comité
453 2449 134 65 de
520 2449 202 65 Salut
655 2449 314 65 public
901 2449 134 65 de
969 2449 134 65 la
1036 2449 314 65 Convention
1260 2449 269 65 nationale.

148 2503 189 54 Arrêté
281 2503 170 54 sig..
394 2503 132 54 par
470 2503 284 54 Cambacérès,
697 2503 189 54 Merlin
829 2503 132 54 (de
905 2503 341 54 Doua),
1189 2503 189 54 Pérès,
1302 2503 227 54 Lecarlier,

147 2548 214 58 Chazal,
302 2548 214 58 Guvton,
458 2548 253 58 Monmayou,
653 2548 234 58 Mathieu,
829 2548 214 58 Delmas,
984 2548 214 58 Garnier
1140 2548 136 58 (de
1199 2548 331 58 l'Aube)

147 2589 163 66 Pons
248 2589 143 66 (de
330 2589 387 66 Verdun),
656 2589 244 66 Meynard,
839 2589 204 66 Oudot,
981 2589 122 66 le
1042 2589 224 66 boucher
1205 2589 265 66 Legendre,
1388 2589 143 66 David

149 2638 134 65 (de
226 2638 365 65 l'Aube),
533 2638 250 65 Fourcroy,
725 2638 192 65 Dubois
860 2638 211 65 Crancé,
1013 2638 211 65 Carnot,
1167 2638 115 65 et
1225 2638 211 65 Auguste
1359 2638 173 65 Izoard.

148 2685 210 76 Paris,
295 2685 168 76 onze
400 2685 210 76 nivôse
547 2685 126 76 an
610 2685 168 76 III.
715 2685 105 76 1
757 2685 126 76 p.
820 2685 231 76 in-fol.
989 2685 168 76 Tête
1094 2685 273 76 imprimée,
1304 2685 189 76 vign.
1430 2685 105 76 7
1451 2685 84 76 50

194 2743 151 60 Les
281 2743 367 60 représentants
583 2743 130 60 du
648 2743 216 60 peuple
799 2743 194 60 André
929 2743 238 60 Dumont,
1102 2743 194 60 Pépin
1232 2743 130 60 et
1275 2743 259 60 Goupilleau

146 2778 148 74 (de
230 2778 443 74 Montaigu)
610 2778 169 74 sont
715 2778 211 74 nommés
863 2778 337 74 commissaires
1137 2778 105 74 à
1179 2778 232 74 l’effet
1347 2778 126 74 de
1389 2778 148 74 dres-

151 2832 165 80 ser,
255 2832 124 80 au
316 2832 144 80 nom
399 2832 144 80 des
482 2832 186 80 trois
605 2832 248 80 comités,
791 2832 330 80 l’inventaire
1059 2832 144 80 des
1142 2832 206 80 pièces
1286 2832 268 80 relatives
1472 2832 62 80 à
