1154 2194
515 -8 95 61 —
553 -8 95 61 4
572 -8 57 61 —

110 53 128 55 termes
200 53 77 55 de
238 53 166 55 Chevrier,
365 53 128 55 auteur
455 53 77 55 du
493 53 281 55 Colporteur
735 53 89 55 qui
786 53 115 55 vient
863 53 77 55 de
901 53 166 55 s’établir
1028 53 64 55 à
1041 53 51 55 La

103 100 120 38 Haye.
183 100 133 38 «C’est
276 100 80 38 un
316 100 80 38 de
356 100 93 38 ces
409 100 226 38 écrivailleurs
595 100 107 38 sans
662 100 133 38 talent
755 100 93 38 qui
808 100 80 38 de
848 100 107 38 leur
915 100 107 38 trou
968 100 120 38 aboyent

109 130 120 47 après
189 130 174 47 l’univers
309 130 161 47 entier...»

104 166 111 38 23909
178 166 148 38 DUCORNET
289 166 111 38 (C.),
363 166 148 38 peintre,
474 166 74 38 né
511 166 99 38 sans
573 166 111 38 bras.
647 166 111 38 L.
721 166 124 38 a
808 166 86 38 s.,
857 166 62 38 1
882 166 74 38 p.
919 166 86 38 1/2
968 166 111 38 in-8.
1043 166 62 38 2
1055 166 37 38 »

105 207 118 43 23910
184 207 118 43 DUMAS
262 207 118 43 (J.),
341 207 144 43 célèbre
446 207 171 43 chimiste,
578 207 184 43 secrétaire
722 207 171 43 perpétuel
854 207 79 43 de
893 207 184 43 l’Académie
1024 207 66 43 des

116 241 147 35 sciences.
229 241 102 35 L.
297 241 113 35 a
376 241 68 35 s.
410 241 57 35 à
432 241 102 35 Félix
500 241 136 35 d’Arcet,
602 241 57 35 1
625 241 68 35 p.
659 241 102 35 in-4.
726 241 192 35 Intéressante.
885 241 57 35 2
896 241 34 35 »

105 270 126 49 23911
189 270 167 49 DUPERREY
314 270 98 49 (L.
370 270 126 49 Is.),
454 270 140 49 savant
552 270 140 49 marin,
649 270 98 49 qui
705 270 98 49 fit
761 270 84 49 le
803 270 112 49 tour
873 270 84 49 du
915 270 126 49 monde
984 270 112 49 membre

117 316 66 35 de
150 316 165 35 l’Institut.
282 316 99 35 L.
348 316 110 35 a
425 316 66 35 s.
458 316 66 35 au
491 316 121 35 docteur
579 316 132 35 Pariset,
678 316 55 35 1
700 316 66 35 p.
733 316 99 35 in-8.
799 316 55 35 2
810 316 33 35 »

106 336 118 53 23912
184 336 118 53 DUPIN
263 336 131 53 (Louis
354 336 157 53 ELLIES),
472 336 131 53 savant
564 336 170 53 historien
695 336 249 53 ecclésiastique,
904 336 170 53 persécuté
1022 336 65 53 par

113 384 141 37 Bossuet
216 384 77 37 et
254 384 116 37 exilé
331 384 116 37 comme
408 384 193 37 janséniste,
563 384 90 37 ami
614 384 77 37 et
652 384 128 37 parent
742 384 77 37 de
781 384 141 37 Racine.
884 384 116 37 L.
961 384 128 37 a
1038 384 51 37 s.

114 421 76 35 en
152 421 126 35 latin;
241 421 76 35 13
278 421 101 35 août
341 421 114 35 1702,
417 421 88 35 3/4
468 421 76 35 de
505 421 76 35 p.
543 421 114 35 in-4.
619 421 63 35 3
632 421 50 35 50

111 447 120 54 23913
190 447 146 54 DUSAULX
297 447 146 54 (Jean),
403 447 146 54 érudit,
509 447 186 54 traducteur
656 447 80 54 de
696 447 160 54 Juvénal,
815 447 133 54 député
908 447 66 54 à
935 447 80 54 la
961 447 120 54 Conven-

119 493 114 41 tion
190 493 86 41 et
233 493 86 41 au
276 493 157 41 Conseil
390 493 100 41 des
448 493 172 41 Anciens,
576 493 143 41 membre
676 493 86 41 de
719 493 157 41 l’Acad.
834 493 100 41 des
877 493 214 41 inscriptions.

106 525 112 44 L.
180 525 125 44 a
268 525 75 44 s.
305 525 75 44 au
343 525 162 44 ministre;
468 525 125 44 Paris,
555 525 62 44 8
580 525 150 44 germinal
692 525 75 44 an
730 525 87 44 IV,
780 525 62 44 1
805 525 75 44 p.
842 525 137 44 in-fol.
955 525 62 44 4
967 525 50 44 50

139 565 227 36 Intéressante
323 565 156 36 épître,
437 565 85 36 où
479 565 85 36 il
522 565 156 36 demande
635 565 128 36 qu’on
720 565 156 36 exempte
834 565 99 36 son
890 565 128 36 neveu
976 565 85 36 du
1004 565 85 36 ser-

108 590 110 47 vice
177 590 192 47 militaire.
327 590 96 47 «Je
382 590 110 47 suis
451 590 137 47 vieux,
546 590 151 47 dit-il,
656 590 110 47 j’ai
724 590 110 47 tout
793 590 178 47 sacrifié,
930 590 123 47 comme
1012 590 82 47 on
1039 590 55 47 le

110 635 128 38 sait,
195 635 71 38 à
224 635 85 38 la
266 635 214 38 Révolution,
437 635 128 38 corps
523 635 85 38 et
565 635 142 38 biens.
665 635 100 38 Que
722 635 85 38 la
765 635 199 38 République
921 635 171 38 triomphe
1035 635 57 38 et

117 661 86 52 je
160 661 157 52 mourrai
274 661 172 52 content;
403 661 114 52 mais
474 661 129 52 quand
560 661 86 52 je
603 661 114 52 l’ai
674 661 86 52 si
717 661 114 52 bien
789 661 157 52 servie,
903 661 86 52 me
932 661 157 52 refusera-

115 697 110 38 t-on
184 697 82 38 de
225 697 151 38 laisser
335 697 82 38 en
376 697 123 38 place
458 697 96 38 mon
513 697 123 38 petit
595 697 123 38 neveu
678 697 96 38 que
733 697 110 38 j’ai
787 697 165 38 élevé?...»

114 732 116 37 23914
192 732 116 37 EGGER
269 732 116 37 (E.),
346 732 77 37 un
385 732 77 37 de
424 732 90 37 nos
475 732 103 37 plus
540 732 142 37 savants
643 732 207 37 hellénistes,
811 732 129 37 membre
901 732 77 37 de
927 732 168 37 l’Institut.

114 768 100 39 L.
176 768 75 39 a.
214 768 125 39 s.i.i,
301 768 63 39 1
326 768 75 39 p.
364 768 113 39 in-8.
439 768 63 39 1
451 768 50 39 75

116 802 121 48 23915
196 802 322 48 ÉLISABETH-CHRISTINE,
478 802 201 48 impératrice
639 802 215 48 d’Allemagne,
813 802 121 48 femme
894 802 81 48 de
934 802 148 48 Charles
1028 802 67 48 VI,

118 840 106 44 mère
184 840 79 44 de
224 840 238 44 Marie-Thérèse.
422 840 119 44 L.
502 840 132 44 s.
594 840 79 44 en
634 840 132 44 latin,
726 840 79 44 au
766 840 159 44 cardinal
885 840 146 44 Casoni;
978 840 119 44 Vienne,

108 873 86 43 19
151 873 129 43 janv.
237 873 129 43 1715,
323 873 72 43 1
351 873 86 43 p.
394 873 100 43 1/2
451 873 172 43 in-fol.,
580 873 158 43 cachet.
695 873 72 43 —
724 873 86 43 On
767 873 72 43 y
795 873 72 43 a
824 873 129 43 joint
910 873 86 43 un
938 873 158 43 portrait.

824 906 271 50 5
878 906 217 50 50

114 939 117 47 23916
192 939 157 47 ENFANTIN
310 939 91 47 (B.
362 939 157 47 Prosper,
479 939 91 47 dit
532 939 78 47 le
571 939 131 47 Père),
662 939 78 47 le
701 939 104 47 chef
767 939 91 47 des
819 939 261 47 Saint-Simoniens.
1028 939 65 47 L..

119 979 143 47 a,
223 979 104 47 sig.
288 979 246 47 Prosper,
495 979 65 47 à
521 979 78 47 M.
560 979 104 47 Cam.
624 979 143 47 Nugues;
728 979 143 47 Romans,
832 979 78 47 14
871 979 104 47 mars
936 979 117 47 1815,
1013 979 91 47 3/4
1052 979 52 47 de

127 1010 68 43 p.
161 1010 102 43 in-4.
229 1010 57 43 4
240 1010 34 43 »

119 1048 126 39 23917
203 1048 98 39 ÉON
259 1048 84 39 DE
302 1048 169 39 BEAUMONT
428 1048 112 39 (Ch.
498 1048 84 39 G.
540 1048 84 39 L.
582 1048 112 39 Aug.
653 1048 112 39 And.
723 1048 112 39 Th.,
793 1048 183 39 chevalier
933 1048 112 39 d’),
990 1048 112 39 diplo-

120 1081 119 48 mate,
199 1081 186 48 personnage
345 1081 146 48 célèbre
452 1081 93 48 par
505 1081 226 48 l’incertitude
691 1081 80 48 de
730 1081 93 48 son
783 1081 119 48 sexe.
863 1081 119 48 L.
943 1081 80 48 a.
983 1081 133 48 s.
1062 1081 40 48 à

112 1117 243 37 Mgr...;
288 1117 221 37 Paris,
443 1117 132 37 10
509 1117 177 37 déc.
620 1117 199 37 1749,
752 1117 110 37 5
796 1117 132 37 p.
862 1117 199 37 in-4.
995 1117 132 37 30
1039 1117 66 37 »

156 1147 165 51 Curieuse
280 1147 138 51 épître
376 1147 96 51 sur
431 1147 96 51 une
486 1147 151 51 affaire
596 1147 110 51 dont
665 1147 83 51 il
706 1147 124 51 était
789 1147 151 51 chargé.
899 1147 83 51 Il
940 1147 124 51 parle
1009 1147 96 51 aussi

123 1190 82 35 de
164 1190 96 35 son
219 1190 110 35 état
288 1190 82 35 de
329 1190 137 35 santé,
425 1190 96 35 qui
480 1190 123 35 s’est
562 1190 178 35 amélioré,
699 1190 123 35 grâce
782 1190 69 35 à
809 1190 82 35 sa
850 1190 178 35 retraite.
987 1190 96 35 «La
1028 1190 69 35 ré-

121 1222 160 37 duction
238 1222 87 37 de
281 1222 102 37 mes
339 1222 131 37 repas
427 1222 87 37 au
470 1222 116 37 seul
543 1222 131 37 dîner
630 1222 102 37 que
688 1222 189 37 j’humecte
833 1222 87 37 du
877 1222 174 37 meilleur
993 1222 102 37 Blan-

122 1258 116 32 chet
194 1258 87 32 en
237 1258 159 32 Chablis
353 1258 87 32 ou
397 1258 87 32 en
440 1258 188 32 Champagne
585 1258 116 32 bien
657 1258 130 32 franc
744 1258 87 32 et
788 1258 101 32 non
846 1258 188 32 mousseux,
991 1258 87 32 la
1020 1258 72 32 su-

124 1287 175 45 pression
256 1287 102 45 des
314 1287 161 45 soupers
431 1287 88 45 au
475 1287 161 45 dehors,
591 1287 88 45 et
635 1287 88 45 le
679 1287 161 45 coucher
796 1287 88 45 de
839 1287 131 45 bonne
927 1287 131 45 heure
1000 1287 102 45 m’ont

124 1318 95 48 out
179 1318 68 48 à
206 1318 109 48 fait
260 1318 177 48 rétabli...»

119 1352 124 45 23918
202 1352 152 45 ESTRÉES
313 1352 111 45 (Fr.
382 1352 166 45 Annibal,
506 1352 97 45 duc
561 1352 111 45 d’),
630 1352 166 45 maréchal
755 1352 83 45 de
796 1352 152 45 France,
907 1352 180 45 diplomate
1031 1352 69 45 ha-

123 1393 120 38 bile,
203 1393 187 38 gouverneur
350 1393 80 38 de
390 1393 268 38 l’Ile-de-France,
618 1393 120 38 frère
698 1393 80 38 de
738 1393 174 38 Gabrielle
872 1393 187 38 d’Estrées.
1005 1393 94 38 Pièce

121 1426 102 42 deux
185 1426 102 42 fois
248 1426 140 42 signée;
350 1426 127 42 Paris,
439 1426 63 42 8
464 1426 102 42 juin
527 1426 114 42 1601,
604 1426 63 42 1
629 1426 76 42 p.
667 1426 89 42 1/2
718 1426 140 42 in-fol.
819 1426 63 42 4
832 1426 38 42 »

122 1464 119 39 23919
201 1464 145 39 ESTRÉES
307 1464 119 39 (Jean
386 1464 106 39 d’),
452 1464 158 39 maréchal
571 1464 79 39 de
610 1464 145 39 France,
716 1464 211 39 vice-amiral,
888 1464 158 39 vice-roi
993 1464 106 39 d’Amé-

125 1499 130 52 rique,
216 1499 182 52 gouverneur
359 1499 78 52 de
398 1499 169 52 Bretagne.
528 1499 117 52 P.
606 1499 143 52 s..
710 1499 65 52 8
736 1499 104 52 juin
801 1499 117 52 1660,
879 1499 65 52 2
905 1499 78 52 p.
944 1499 91 52 1/2
983 1499 117 52 in

125 1530 86 42 Belle
183 1530 96 42 pièce.
250 1530 48 42 3
260 1530 38 42 50

121 1568 118 40 23920
199 1568 144 40 ESTRÉES
304 1568 91 40 (le
356 1568 157 40 cardinal
474 1568 118 40 César
552 1568 105 40 d’),
618 1568 131 40 évêque
709 1568 78 40 de
748 1568 118 40 Laon,
827 1568 78 40 un
866 1568 91 40 des
918 1568 170 40 meilleurs
1036 1568 65 40 di-

131 1604 152 39 plomates
246 1604 76 39 de
284 1604 89 39 son
334 1604 127 39 temps,
423 1604 127 39 membré
512 1604 76 39 de
550 1604 140 39 l’Acad.
652 1604 89 39 fr.
703 1604 114 39 L.
779 1604 76 39 a.
817 1604 140 39 s../,
919 1604 76 39 en
957 1604 152 39 italien,
1058 1604 51 39 au

119 1644 155 43 cardinal
235 1644 129 43 Trani;
326 1644 129 43 Paris,
416 1644 65 43 2
442 1644 103 43 déc.
507 1644 116 43 1697,
584 1644 65 43 2
610 1644 78 43 p.
649 1644 90 43 pl.
701 1644 116 43 in-4.
778 1644 116 43 Belle
856 1644 142 43 lettre.
959 1644 65 43 7
972 1644 52 43 50

120 1675 97 45 23921
185 1675 130 45 ÉXELMANS
282 1675 76 45 (le
326 1675 119 45 comte),
412 1675 130 45 maréchal
510 1675 65 45 de
542 1675 119 45 France.
629 1675 97 45 L.
694 1675 184 45 as;;
845 1675 65 45 18
878 1675 130 45 janvier,
975 1675 54 45 1
986 1675 43 45 p.

121 1705 70 45 in-8.
168 1705 39 45 2
176 1705 31 45 50

122 1746 116 54 23922
200 1746 142 54 FAURIEL
303 1746 129 54 (Cl.),
393 1746 77 54 un
432 1746 90 54 des
483 1746 103 54 plus
548 1746 142 54 savants
651 1746 181 54 historiens
793 1746 77 54 du
832 1746 207 54 dix-neuvième
987 1746 116 54 siècle,

126 1784 104 49 membre
199 1784 63 49 de
230 1784 156 49 l’Institut.
355 1784 94 49 L.
418 1784 63 49 a.
449 1784 104 49 s..
522 1784 52 49 1
543 1784 63 49 p.
574 1784 73 49 pl.
616 1784 94 49 in-8.
678 1784 146 49 Très-jolie
793 1784 115 49 lettre.
866 1784 146 49 Rare

1011 1814 95 39 5
1030 1814 76 39 50

125 1847 102 50 23923
193 1847 102 50 FAVRE
261 1847 136 50 (Jules),
363 1847 125 50 célèbre
454 1847 125 50 orateur
545 1847 205 50 parlementaire,
716 1847 68 50 de
750 1847 125 50 l’Acad.
841 1847 80 50 fr.
887 1847 68 50 L.
921 1847 102 50 a.
978 1847 45 50 s.

120 1887 83 44 au
162 1887 193 44 président;
313 1887 83 44 27
355 1887 110 44 août
424 1887 124 44 1833,
507 1887 69 44 1
534 1887 83 44 p.
576 1887 124 44 in-4.
659 1887 193 44 Très-belle
810 1887 138 44 pièce.
907 1887 69 44 3
921 1887 55 44 50

130 1918 114 45 23924
206 1918 164 45 FLAMSTEED
333 1918 139 45 (John),
434 1918 139 45 célèbre
535 1918 164 45 astronome
661 1918 152 45 anglais,
775 1918 177 45 adversaire
914 1918 76 45 de
939 1918 76 45 Néw-

126 1959 100 37 ton.
188 1959 113 37 P.
263 1959 113 37 a
338 1959 88 37 s.;
388 1959 113 37 1709,
463 1959 88 37 1/4
513 1959 75 37 de
551 1959 75 37 p.
588 1959 138 37 in-fol.
688 1959 113 37 Belle
763 1959 125 37 pièce.
851 1959 75 37 12
876 1959 38 37 »

121 1998 129 48 23925
206 1998 200 48 FONCEMAGNE
364 1998 114 48 (Ét.
435 1998 186 48 LAURÉAULT
578 1998 114 48 de),
650 1998 86 48 un
692 1998 100 48 des
750 1998 186 48 meilleurs
893 1998 157 48 érudits
1007 1998 86 48 de
1036 1998 71 48 son

107 2030 136 44 itemps,
205 2030 74 44 de
242 2030 136 44 l’Acad.
341 2030 86 44 fr.
390 2030 111 44 L.
464 2030 136 44 a.
563 2030 62 44 à
587 2030 123 44 l’abbé
674 2030 160 44 d’Olivet,
797 2030 62 44 1
822 2030 74 44 p.
859 2030 111 44 in-4.
920 2030 62 44 7b>

157 2064 170 48 Curieuse
284 2064 141 48 épître
383 2064 99 48 sur
440 2064 184 48 l’affaire
581 2064 184 48 Travenol.
722 2064 99 48 «La
779 2064 170 48 démarche
906 2064 99 48 que
963 2064 99 48 cet
1005 2064 99 48 homme

23 2097 82 46 a
56 2097 132 46 fait
138 2097 99 46 en
188 2097 247 46 distribuant
386 2097 115 46 ses
452 2097 198 46 mémoires
600 2097 82 46 à
633 2097 148 46 votre
732 2097 198 46 Académie
880 2097 132 46 vous
963 2097 115 46 met
1012 2097 99 46 pour
