1159 2258
561 6 102 77 —
601 6 102 77 7
622 6 61 77 —

155 74 200 74 l’Institut.
315 74 120 74 L.
395 74 80 74 a.
435 74 133 74 s.
528 74 80 74 au
568 74 147 74 docteur
674 74 173 74 Legentil;
808 74 120 74 1835,
888 74 67 74 1
914 74 80 74 p.
954 74 93 74 pl.
1008 74 120 74 in-8.
1074 74 67 74 Cu-

168 111 88 45 rieuse.
232 111 40 45 1
240 111 32 45 50

158 147 117 75 21299
236 147 156 75 GONZAGUE
352 147 117 75 (Anne
430 147 104 75 de),
495 147 104 75 plus
560 147 130 75 connue
651 147 104 75 sous
715 147 78 75 le
754 147 91 75 nom
806 147 78 75 de
845 147 207 75 princesse
1000 147 143 75 Pala

155 193 207 61 tine
324 193 143 61 célèbre
427 193 91 61 par
479 193 91 61 ses
531 193 168 61 aventures
660 193 156 61 galantes
777 193 78 61 et
816 193 91 61 par
868 193 78 61 le
907 193 104 61 rôle
972 193 143 61 qu’elle
1062 193 78 61 joua

153 223 103 56 sous
218 223 77 56 la
256 223 142 56 Fronde,
360 223 77 56 et
398 223 103 56 dont
463 223 142 56 Bossuet
566 223 155 56 prononça
682 223 168 56 l’oraison
811 223 155 56 funèbre.
927 223 116 56 L.
1005 223 77 56 a.
1031 223 103 56 s.

150 254 85 53 au
192 254 127 53 comte
277 254 85 53 de
319 254 170 53 Brienne,
447 254 71 53 1
475 254 85 53 p.
517 254 99 53 pl.
574 254 127 53 in-4,
659 254 155 53 cachets
772 254 155 53 brisés.
885 254 127 53 Jolie
969 254 155 53 lettre.
1068 254 71 53 Dé-

153 287 166 64 chirure
274 287 91 64 et
319 287 242 64 raccommodage
516 287 121 64 dans
592 287 91 64 le
637 287 121 64 fond
713 287 91 64 de
758 287 91 64 la
803 287 136 64 marge
894 287 91 64 de
939 287 166 64 gauche.
1060 287 91 64 14
1091 287 45 64 »

152 317 120 74 21300
232 317 174 74 GOSELLINI
365 317 174 74 (Julien),
499 317 147 74 célèbre
606 317 174 74 historien
739 317 93 74 des
793 317 214 74 conjurations
966 317 93 74 des
1020 317 120 74 Pazzi
1087 317 53 74 et

155 358 78 62 le
194 358 156 62 Fiesque,
311 358 104 62 jeté
376 358 104 62 dans
442 358 91 62 une
494 358 130 62 prison
585 358 91 62 par
637 358 78 62 le
676 358 91 62 duc
728 358 234 62 d’Albuquerque.
924 358 117 62 L.
1002 358 78 62 a.
1028 358 104 62 s.

147 390 87 68 au
191 390 218 68 chancelier;
366 390 218 68 Alexandrie,
540 390 87 68 17
584 390 116 68 déc.
656 390 131 68 1552,
743 390 102 68 3/4
802 390 87 68 de
845 390 87 68 p.
889 390 174 68 in-fol.,
1005 390 131 68 cachet.

157 424 104 45 Belle
227 424 69 45 et
261 424 184 45 intéressante
411 424 127 45 lettre.
503 424 58 45 4
514 424 35 45 »

155 455 129 75 21301
241 455 201 75 GOUPILLEAU
399 455 86 75 DE
442 455 173 75 MONTAIGU
572 455 115 75 (Ph.
644 455 101 75 Ch.
701 455 144 75 Aimé),
802 455 158 75 célèbre
903 455 230 75 conventionnel,

154 503 104 56 onnu
219 503 91 56 par
271 503 78 56 sa
310 503 143 56 mission
413 503 104 56 dans
478 503 78 56 le
517 503 117 56 Midi.
595 503 117 56 L.
672 503 78 56 a.
711 503 130 56 s.
802 503 91 56 (au
854 503 130 56 député
945 503 78 56 de
983 503 91 56 son
1022 503 104 56 dépar-

148 532 143 63 tement
248 532 86 63 au
291 532 158 63 conseil
406 532 100 63 des
463 532 229 63 Cinq-Cents);
650 532 186 63 Montaigu,
793 532 86 63 13
836 532 172 63 messidor
965 532 86 63 an
1008 532 86 63 V,
1051 532 72 63 4
1066 532 57 63 p.

151 560 66 44 in-4.
195 560 44 44 10
209 560 22 44 »

184 597 235 68 Très-curieuse
378 597 152 68 épître,
489 597 83 68 où
530 597 83 68 il
572 597 166 68 apprécie
696 597 83 68 la
738 597 180 68 situation
876 597 69 68 à
904 597 83 68 un
945 597 125 68 point
1028 597 83 68 de
1056 597 69 68 vue

144 621 254 68 révolutionnaire
357 621 80 68 et
398 621 80 68 se
438 621 147 68 déclare
544 621 134 68 contre
638 621 94 68 les
691 621 160 68 prêtres.
812 621 107 68 «Les
879 621 160 68 prêtres,
985 621 134 68 s’écrie-

150 667 110 62 -il,
219 667 97 62 ont
274 667 110 62 dans
343 667 110 62 tous
412 667 97 62 les
468 667 152 62 siècles
578 667 110 62 fait
647 667 83 62 le
688 667 152 62 malheur
799 667 83 62 du
840 667 138 62 monde.
937 667 97 62 Les
978 667 138 62 druides,

148 705 115 48 omme
219 705 143 48 l’abbé
319 705 143 48 Maury,
420 705 172 48 vivaient
548 705 86 48 de
591 705 129 48 leurs
677 705 200 48 impostures
835 705 86 48 et
878 705 86 48 ne
921 705 186 48 croyaient
1049 705 72 48 pas

147 736 89 51 in
192 736 104 51 mot
251 736 89 51 de
295 736 89 51 ce
340 736 148 51 qu’ils
443 736 178 51 disaient
577 736 104 51 aux
636 736 163 51 peuples
755 736 119 51 pour
829 736 104 51 les
888 736 178 51 subjuger
1021 736 74 51 à
1036 736 89 51 leur

133 764 223 63 despotisme.
311 764 119 63 J’ai
386 764 148 63 contre
489 764 104 63 eux
549 764 104 63 une
608 764 134 63 haine
697 764 104 63 qui
757 764 89 63 me
801 764 148 63 suivra
905 764 178 63 jusqu’au
1024 764 89 63 tom

129 798 147 41 eau...»

149 837 118 58 21302
227 837 210 58 GOUVERNEMENT
398 837 183 58 PROVISOIRE
542 837 79 58 DE
581 837 118 58 1848.
660 837 118 58 Pièce
738 837 105 58 sig.
804 837 314 58 Garnier-Pagès
1066 837 52 58 et

142 869 228 46 Lamartine;
337 869 119 46 (1848),
424 869 76 46 1/2
467 869 65 46 p.
500 869 98 46 in-4.
565 869 54 46 3
576 869 33 46 »

151 903 86 64 OZLAN
209 903 105 64 (Léon),
285 903 143 64 littérateur
399 903 57 64 et
428 903 95 64 poëte.
494 903 86 64 L.
552 903 57 64 a.
580 903 105 64 s.
656 903 86 64 1857,
714 903 48 64 1
733 903 57 64 p.
761 903 86 64 in-8.
818 903 48 64 1
828 903 38 64 25

149 938 101 66 ROSIER
220 938 111 66 (l’abbé
300 938 61 66 J.
331 938 81 66 B.),
381 938 101 66 savant
452 938 131 66 critique,
553 938 131 66 rédacteur
654 938 61 66 et
684 938 162 66 continuateur
806 938 40 66 de

136 980 180 72 l'Année
278 980 193 72 littéraire.
432 980 77 72 L.
470 980 77 72 a.
509 980 129 72 s.
599 980 77 72 au
637 980 103 72 cher
702 980 77 72 de
740 980 141 72 Pawlet;
843 980 129 72 Paris,
933 980 77 72 14
972 980 103 72 déc.
1023 980 90 72 1779,

138 1014 56 50 2
160 1014 67 50 p.
194 1014 78 50 pl.
238 1014 100 50 in-4,
305 1014 123 50 cachet.
394 1014 56 50 3
405 1014 45 50 50

161 1044 83 65 Il
203 1044 97 65 lui
258 1044 166 65 témoigne
383 1044 97 65 son
438 1044 250 65 mécontentement
646 1044 83 65 de
688 1044 83 65 la
730 1044 139 65 lettre
827 1044 125 65 qu’il
910 1044 97 65 lui
965 1044 69 65 a
979 1044 125 65 écrite,

127 1087 101 53 qui
184 1087 173 53 contient
314 1087 101 53 des
371 1087 216 53 expressions
544 1087 129 53 qu’il
630 1087 86 53 ne
673 1087 115 53 peut
745 1087 173 53 tolérer.
875 1087 86 53 En
904 1087 201 53 conséquence,

121 1113 83 52 il
163 1113 96 52 lui
218 1113 151 52 déclare
328 1113 110 52 qu’à
396 1113 151 52 compter
507 1113 83 52 du
548 1113 96 52 1er
603 1113 151 52 janvier
713 1113 83 52 il
754 1113 83 52 se
796 1113 138 52 retire
892 1113 83 52 de
933 1113 83 52 la
961 1113 151 52 rédaction

128 1146 66 46 du
161 1146 154 46 Journal
282 1146 66 46 de
304 1146 198 46 littérature

123 1177 115 70 21305
200 1177 166 70 GROUVELLE
328 1177 128 70 (Ph.),
417 1177 179 70 publiciste
558 1177 77 70 et
596 1177 204 70 littérateur,
762 1177 179 70 sécrétaire
903 1177 77 70 du
941 1177 141 70 Conseil
1030 1177 77 70 exé-

121 1224 126 48 cutif
205 1224 84 48 en
247 1224 112 48 1792
317 1224 84 48 et
359 1224 126 48 1793,
443 1224 98 48 qui
499 1224 98 48 fut
555 1224 140 48 chargé
653 1224 84 48 de
695 1224 112 48 lire
765 1224 70 48 à
793 1224 126 48 Louis
877 1224 98 48 XVI
933 1224 84 48 sa
961 1224 140 48 sentence

122 1254 71 54 de
158 1254 107 54 mort.
229 1254 107 54 L.
301 1254 71 54 a.
336 1254 119 54 s.
420 1254 71 54 au
455 1254 155 54 rédacteur
574 1254 71 54 du
610 1254 179 54 Courrier
753 1254 202 54 français;
919 1254 119 54 Paris,
1003 1254 71 54 21
1027 1254 71 54 nov.

124 1277 102 60 1791,
192 1277 57 60 2
214 1277 68 60 p.
248 1277 102 60 in-4.
316 1277 57 60 6
327 1277 34 60 »

150 1319 74 62 Il
187 1319 135 62 déclare
285 1319 86 62 que
334 1319 74 62 la
371 1319 172 62 Feuille
507 1319 234 62 villageoise
704 1319 86 62 n’a
753 1319 148 62 d’autres
864 1319 135 62 auteurs
963 1319 86 62 que
1012 1319 74 62 M.
1036 1319 62 62 Ce-

127 1358 110 61 rutti
200 1358 73 61 et
236 1358 97 61 lui.
297 1358 73 61 Il
334 1358 85 61 est
383 1358 97 61 donc
443 1358 122 61 obligé
529 1358 73 61 de
565 1358 146 61 démentir
675 1358 73 61 la
711 1358 146 61 nouvelle
821 1358 85 61 que
870 1358 73 61 le
894 1358 207 61 Courrier

120 1384 255 76 français
334 1384 67 76 a
361 1384 148 76 donnée,
469 1384 67 76 à
496 1384 134 76 savoir
590 1384 94 76 que
643 1384 81 76 M.
684 1384 161 76 Lequinio
805 1384 134 76 aurait
899 1384 161 76 remplacé
1006 1384 94 76 comme

123 1416 177 59 rédacteur
259 1416 82 59 de
300 1416 136 59 ladite
395 1416 149 59 feuille
504 1416 82 59 M.
545 1416 149 59 Cerutti
640 1416 122 59 malade.

115 1452 114 72 21306
191 1452 227 72 GUIOT-FLORENT,
380 1452 126 72 député
469 1452 76 72 de
507 1452 76 72 la
545 1452 164 72 Côte-d’Or
671 1452 63 72 à
696 1452 76 72 la
734 1452 189 72 Convention.
885 1452 114 72 L.
961 1452 76 72 a.
999 1452 114 72 s
1062 1452 38 72 à

118 1493 93 59 on
165 1493 187 59 collègue
305 1493 140 59 André
399 1493 171 59 Dumont;
523 1493 171 59 Amiens,
648 1493 93 59 11
694 1493 187 59 pluviôse
834 1493 93 59 an
881 1493 125 59 III,
959 1493 78 59 1
990 1493 93 59 p.
1021 1493 78 59 1/4

114 1522 102 51 in-4,
182 1522 147 51 vignette.
295 1522 57 51 5
306 1522 34 51 »

137 1564 87 64 Il
181 1564 116 64 fait
254 1564 160 64 l’éloge
370 1564 87 64 du
413 1564 145 64 peuple
515 1564 174 64 d’Amiens
645 1564 87 64 et
689 1564 102 64 lui
747 1564 160 64 annonce
863 1564 131 64 qu’il
950 1564 87 64 se
993 1564 116 64 rend
1051 1564 44 64 à

113 1586 142 68 Arras,
212 1586 85 68 où
254 1586 85 68 il
297 1586 156 68 prendra
410 1586 99 68 des
467 1586 156 68 mesures
580 1586 142 68 fermes
679 1586 85 68 et
722 1586 156 68 sévères
835 1586 142 68 contre
934 1586 99 68 les
977 1586 113 68 hommes

111 1632 91 61 qui
163 1632 143 61 veulent
267 1632 143 61 exciter
371 1632 91 61 des
423 1632 182 61 mouvements
566 1632 104 61 pour
632 1632 117 61 faire
710 1632 143 61 revenir
814 1632 117 61 ce
892 1632 91 61 bon
931 1632 156 61 temps

108 1667 97 60 «où
164 1667 97 60 ils
219 1667 181 60 mettaient
358 1667 97 60 les
414 1667 125 60 mains
497 1667 111 60 dans
566 1667 83 60 la
608 1667 125 60 poche
691 1667 83 60 de
733 1667 125 60 leurs
816 1667 153 60 voisins
927 1667 83 60 et
969 1667 111 60 puis
1025 1667 69 60 les

112 1690 193 60 envoyaient
264 1690 69 60 à
292 1690 193 60 l’échafaud
444 1690 111 60 pour
513 1690 97 60 les
568 1690 124 60 faire
637 1690 152 60 taire...»

112 1730 125 59 21307
195 1730 152 59 GUSTAVE
306 1730 97 59 IV,
361 1730 97 59 roi
417 1730 83 59 de
458 1730 138 59 Suède,
555 1730 152 59 détrôné
666 1730 83 59 en
707 1730 125 59 1810,
790 1730 83 59 et
832 1730 125 59 connu
915 1730 111 59 sous
984 1730 83 59 le
1012 1730 69 59 nom

104 1770 79 49 de
143 1770 184 49 colonel
288 1770 197 49 Gustaffson.
445 1770 79 49 L.
485 1770 79 49 a.
524 1770 131 49 s.
616 1770 79 49 au
656 1770 105 49 cher
721 1770 171 49 Desquiron
853 1770 79 49 de
879 1770 197 49 Saint

109 1798 147 54 Trieste,
219 1798 74 54 30
256 1798 98 54 août
317 1798 110 54 1815,
391 1798 61 54 3
415 1798 74 54 p.
452 1798 86 54 pl.
501 1798 110 54 in-4.
575 1798 61 54 7
587 1798 49 54 50

136 1832 106 68 «Le
196 1832 121 68 sort
272 1832 90 68 de
317 1832 90 68 la
362 1832 151 68 France
468 1832 90 68 ne
513 1832 151 68 pourra
619 1832 106 68 que
679 1832 256 68 m’intéresser,
890 1832 166 68 dit-il,
996 1832 90 68 même

99 1868 147 59 lorsque
206 1868 107 59 j’en
273 1868 134 59 serois
367 1868 147 59 éloigné
474 1868 94 59 par
527 1868 94 59 des
581 1868 174 59 intrigues
715 1868 80 59 et
755 1868 94 59 des
809 1868 228 59 persécutions.
996 1868 80 59 Il
1023 1868 67 59 est

105 1911 91 52 sûr
157 1911 91 52 que
209 1911 104 52 j’ai
274 1911 91 52 été
326 1911 156 52 sacrifié
442 1911 104 52 pour
507 1911 91 52 les
559 1911 169 52 principes
689 1911 91 52 que
741 1911 78 52 je
780 1911 195 52 déffendois.
935 1911 143 52 C’étoit
1026 1911 52 52 la

102 1940 123 59 cause
185 1940 96 59 des
239 1940 178 59 Bourbons,
377 1940 96 59 car
431 1940 110 59 elle
500 1940 123 59 étoit
582 1940 82 59 la
623 1940 123 59 cause
706 1940 82 59 de
747 1940 110 59 tous
815 1940 96 59 les
870 1940 192 59 souverains
1007 1940 69 59 lé

82 1968 197 43 gitimes...»

108 2008 119 62 21308
187 2008 132 62 HARLAY
279 2008 79 62 DE
319 2008 119 62 SANCY
398 2008 185 62 (Nicolas),
543 2008 211 62 surintendant
715 2008 92 62 des
767 2008 158 62 finances
886 2008 106 62 sous
952 2008 119 62 Henri
1018 2008 66 62 IV,

101 2043 196 54 ambassadeur
258 2043 79 54 en
297 2043 196 54 Angleterre.
454 2043 118 54 L.
533 2043 144 54 s.
638 2043 105 54 avec
703 2043 79 54 la
743 2043 183 54 souscript.
887 2043 118 54 aut.,
965 2043 79 54 au
991 2043 92 54 maré-

95 2077 109 50 chal
164 2077 82 50 de
205 2077 177 50 Bouillon;
341 2077 136 50 Paris,
437 2077 82 50 21
477 2077 123 50 avril
559 2077 123 50 1594,
641 2077 68 50 1
669 2077 82 50 p.
710 2077 150 50 in-fol.
819 2077 123 50 Toute
901 2077 123 50 cette
969 2077 109 50 lettre

95 2106 94 60 est
148 2106 81 60 en
189 2106 175 60 chiffrest
324 2106 94 60 une
377 2106 135 60 partie
472 2106 67 60 a
499 2106 94 60 une
552 2106 189 60 traduction
701 2106 242 60 interlinéaire.
903 2106 67 60 7
916 2106 54 60 50
