1196 2179
487 7 79 58 —
519 7 95 58 13
551 7 48 58 —

122 34 108 77 21382
194 34 72 77 LE
230 34 108 77 MÊME.
302 34 108 77 L.
374 34 72 77 a.
409 34 120 77 s.
493 34 84 77 aux
541 34 168 77 Invalides,
673 34 72 77 15
709 34 96 77 mars
769 34 108 77 1791,
841 34 60 77 3
864 34 72 77 p.
900 34 108 77 in-4.
960 34 144 77 Très

131 108 74 43 lettre.
185 108 34 43 2
192 108 27 43 50

129 125 105 58 21383
199 125 279 58 PARSEVAL-GRANDMAISON
444 125 93 58 (Fr.
502 125 116 58 Aug.),
584 125 116 58 poëte,
665 125 70 58 de
700 125 128 58 l’Acad.
793 125 82 58 fr.
840 125 105 58 L.
910 125 70 58 a.
933 125 93 58 s.

122 159 70 67 à
150 159 155 67 Mme...,
263 159 70 67 1
291 159 84 67 p.
333 159 98 67 1/2
389 159 127 67 in-4.
473 159 155 67 Demande
586 159 84 67 de
628 159 155 67 détails
740 159 98 67 sur
797 159 84 67 la
839 159 98 67 vie
895 159 84 67 de
923 159 183 67 Saint

1011 197 94 41 2
1030 197 75 41 50

270 235 89 48 21384
329 235 109 48 PASTEUR
408 235 89 48 (L.),
468 235 99 48 savant
537 235 128 48 chimiste,
635 235 99 48 membre
704 235 59 48 de
734 235 148 48 l’Institut.
852 235 89 48 L.
912 235 59 48 a.
941 235 99 48 s.
1000 235 30 48 à

127 287 70 38 M.
162 287 117 38 Pierre
244 287 117 38 Petit,
326 287 58 38 1
349 287 70 38 p.
384 287 82 38 pl.
431 287 105 38 in-4.
501 287 58 38 2
512 287 47 38 25

155 295 161 61 Demande
273 295 117 61 d’un
346 295 220 61 rendez-vous
522 295 117 61 pour
595 295 161 61 refaire
713 295 103 61 son
772 295 176 61 portrait
904 295 103 61 qui
962 295 132 61 n’est
1036 295 73 61 pas

115 348 273 49 très

139 359 108 71 21385
211 359 145 71 PELLETAN
320 359 157 71 (Eugène),
440 359 133 71 célèbre
537 359 169 71 publiciste
669 359 72 71 et
705 359 121 71 député
790 359 145 71 libéral.
898 359 108 71 L.
970 359 72 71 a.
995 359 108 71 s.

136 424 45 49 1
154 424 54 49 p.
181 424 80 49 in-8.
234 424 45 49 1
243 424 36 49 25

144 443 96 61 21386
208 443 117 61 PETITOT
294 443 75 61 (L.
336 443 64 61 M.
368 443 85 61 L.),
422 443 117 61 célèbre
507 443 149 61 statuaire,
625 443 107 61 membre
699 443 64 61 de
731 443 160 61 l’Institut.
859 443 96 61 L.
923 443 64 61 a.
945 443 85 61 s.

133 493 73 50 au
169 493 97 50 roi;
230 493 73 50 17
266 493 97 50 nov.
327 493 109 50 1839,
399 493 61 50 1
423 493 73 50 p.
460 493 133 50 in-fol.
556 493 61 50 2
569 493 48 50 50

165 507 133 64 Belle
254 507 162 64 lettre,
372 507 89 64 où
416 507 89 64 il
460 507 162 64 demande
579 507 103 64 une
638 507 162 64 pension
756 507 118 64 pour
830 507 89 64 le
874 507 118 64 fils
948 507 89 64 du
977 507 133 64 peintre

135 553 191 50 Prud’hon,
282 553 103 50 qui
341 553 103 50 est
400 553 118 50 dans
474 553 103 50 une
533 553 177 50 profonde
651 553 132 50 misère.

144 581 124 60 21387
227 581 124 60 PIROT
309 581 151 60 (Edme),
419 581 206 60 théologien,
584 581 192 60 chancelier
735 581 82 60 de
776 581 192 60 Notre-Dame
927 581 82 60 de
968 581 137 60 Paris,
1050 581 69 60 qui

132 618 158 64 approuva
251 618 145 64 d’abord
356 618 264 64 l'Explication
581 618 92 64 des
634 618 145 64 maximes
739 618 92 64 des
792 618 198 64 Saints,
951 618 79 64 de
977 618 132 64 Fénelon,

135 651 79 60 et
174 651 93 60 les
227 651 159 60 condamna
346 651 159 60 ensuite,
466 651 79 60 né
505 651 66 60 à
532 651 159 60 Auxerre.
651 651 119 60 L.
730 651 79 60 a.
770 651 146 60 s.
876 651 79 60 13
916 651 106 60 nov.
982 651 119 60 1712,
1048 651 66 60 3/4

147 702 61 48 de
177 702 61 48 p.
208 702 91 48 in-8.
268 702 51 48 4
279 702 30 48 »

167 698 166 79 Relative
292 698 69 79 à
320 698 83 79 un
361 698 125 79 livre
444 698 125 79 qu’on
528 698 153 79 l’avait
639 698 139 79 chargé
722 698 180 79 d’examiner.

142 761 122 53 21388
224 761 149 53 PONSARD
332 761 122 53 (F.),
413 761 122 53 poëte
494 761 203 53 dramatique,
656 761 81 53 de
696 761 149 53 l’Acad.
804 761 95 53 fr.
858 761 135 53 Billet
953 761 81 53 de
993 761 68 53 4
1007 761 108 53 lignes

139 802 90 52 aut.
195 802 102 52 sig.,
263 802 79 52 1/2
308 802 68 52 p.
342 802 113 52 in-12.
421 802 57 52 1
433 802 45 52 25

142 823 123 62 21389
224 823 150 62 POUGENS
333 823 95 62 (M.
388 823 95 62 Ch.
442 823 109 62 Jos.
510 823 109 62 de),
579 823 205 62 littérateur
742 823 82 62 et
783 823 136 62 érudit
879 823 191 62 distingué,
1015 823 109 62 membre

142 857 79 61 de
181 857 197 61 l’Institut.
339 857 118 61 L.
418 857 79 61 a.
458 857 132 61 s.
550 857 79 61 au
589 857 145 61 marquis
695 857 79 61 de
734 857 145 61 Fortin;
840 857 118 61 Rome,
919 857 79 61 18
958 857 118 61 avril
1024 857 92 61 1778,

141 891 67 66 2
167 891 81 66 p.
208 891 121 66 in-4.
289 891 229 66 Très-curieuse
478 891 148 66 lettre,
586 891 81 66 où
626 891 121 66 perce
707 891 81 66 le
747 891 243 66 découragement.
936 891 189 66 Rare

1031 924 78 40 9
1047 924 47 40 »

144 957 121 60 21390
224 957 147 60 POULARD
331 957 107 60 (Th.
398 957 134 60 Just),
492 957 134 60 évêque
585 957 254 60 constitutionnel
800 957 161 60 d’Autun,
920 957 94 60 qui
974 957 134 60 perdit
1054 957 67 60 son

152 989 109 59 siège
225 989 97 59 lors
286 989 73 59 du
322 989 170 59 Concordat,
456 989 73 59 né
492 989 61 59 à
517 989 134 59 Dieppe.
614 989 109 59 L.
687 989 73 59 a.
724 989 134 59 s.
821 989 109 59 Paris
894 989 109 59 1819,
967 989 61 59 2
991 989 73 59 p.
1016 989 109 59 in

147 1025 230 60 Très-curieuse
337 1025 135 60 lettre
431 1025 230 60 philosophique
621 1025 162 60 relative
742 1025 68 60 à
769 1025 95 60 des
824 1025 162 60 réformes
945 1025 68 60 à
972 1025 122 60 faire
1040 1025 81 60 dans

148 1079 164 43 l’Université.
283 1079 48 43 3
293 1079 29 43 »

154 1094 124 63 21391
237 1094 262 63 PRÉVOST-PARADOL
457 1094 96 63 (L.
513 1094 96 63 A),
568 1094 193 63 publiciste
719 1094 193 63 distingué,
871 1094 138 63 membre
967 1094 83 63 de
995 1094 124 63 l’Acad.

152 1142 73 47 fr.
193 1142 94 47 L.
256 1142 63 47 a.
287 1142 104 47 s.
361 1142 52 47 à
381 1142 63 47 M.
413 1142 104 47 Camus,
486 1142 52 47 1
507 1142 63 47 p.
538 1142 115 47 in-fol.
622 1142 52 47 2
632 1142 42 47 25

159 1161 121 78 21392
239 1161 134 78 QUÉLEN
333 1161 188 78 (Hyacinthe
480 1161 107 78 de),
547 1161 188 78 archevêque
694 1161 80 78 de
735 1161 134 78 Paris,
828 1161 134 78 membre
922 1161 80 78 de
962 1161 147 78 l’Acad.
1056 1161 67 78 fr.

153 1207 100 55 L.
220 1207 67 55 a.
253 1207 111 55 s.
331 1207 56 55 à
353 1207 67 55 M.
387 1207 156 55 d’Orville;
509 1207 100 55 1843,
576 1207 56 55 1
598 1207 67 55 p.
632 1207 78 55 1/4
676 1207 100 55 in-4.
743 1207 100 55 Jolie
810 1207 123 55 lettre.
899 1207 56 55 3
910 1207 45 55 50

151 1243 124 62 21393
234 1243 234 62 RADONVILLIERS
426 1243 110 62 (CI.
495 1243 96 62 Fr.
550 1243 151 62 LYSARDE
660 1243 110 62 de),
728 1243 165 62 jésuite,
852 1243 261 62 sous-précepteur
1058 1243 69 62 des

155 1272 141 58 enfants
258 1272 77 58 de
296 1272 141 58 France,
399 1272 128 58 membre
489 1272 77 58 de
528 1272 141 58 l’Acad.
630 1272 90 58 fr.
682 1272 116 58 L.
759 1272 77 58 a.
797 1272 141 58 s.
900 1272 193 58 Versailles,
1054 1272 64 58 2
1067 1272 64 58 mai

161 1324 96 55 1758,
226 1324 54 55 2
247 1324 64 55 p.
279 1324 96 55 in-4.
343 1324 54 55 4
354 1324 43 55 50

201 1315 161 83 Demande
318 1315 88 83 de
362 1315 146 83 livres
464 1315 117 83 pour
537 1315 219 83 l’éducation
712 1315 88 83 du
756 1315 102 83 duc
815 1315 88 83 de
844 1315 175 83 Bourgogne.

157 1375 101 58 21394
224 1375 101 58 RAMEL
291 1375 78 58 (J.
336 1375 89 58 P.),
392 1375 134 58 général,
492 1375 145 58 assassiné
604 1375 56 58 à
626 1375 145 58 Toulouse,
738 1375 67 58 en
772 1375 101 58 1815.
839 1375 101 58 L.
906 1375 67 58 a.
939 1375 112 58 s.
1006 1375 45 58 au

162 1418 136 61 général
261 1418 99 61 Rey;
323 1418 111 61 1808,
397 1418 62 61 1
422 1418 74 61 p.
459 1418 111 61 in-4.
533 1418 62 61 3
545 1418 50 61 50

186 1420 85 82 Il
228 1420 99 82 lui
285 1420 142 82 envoie
384 1420 99 82 des
441 1420 184 82 Espagnols
582 1420 127 82 faits
667 1420 212 82 prisonniers
837 1420 113 82 dans
908 1420 85 82 un
950 1420 142 82 combat
1049 1420 99 82 qui
1092 1420 42 82 a

159 1495 81 44 eu
200 1495 108 44 lieu
268 1495 81 44 le
295 1495 108 44 matin.

438 1491 76 84 21395
488 1491 93 84 RASPAIL
556 1491 67 84 (Fr.
598 1491 67 84 N.),
640 1491 84 84 savant
699 1491 101 84 chimiste
775 1491 51 84 et
800 1491 135 84 représentant
910 1491 51 84 du
935 1491 93 84 peuple.
994 1491 59 84 Pièce

305 1548 94 50 aut.
364 1548 106 50 sig.;
434 1548 59 50 4
458 1548 106 50 sept.
528 1548 106 50 1826,
599 1548 59 50 1
622 1548 70 50 p.
658 1548 106 50 in-4.
728 1548 141 50 Résultat
834 1548 70 50 de
869 1548 82 50 ses
916 1548 164 50 recherches
1045 1548 82 50 sur
1080 1548 59 50 les

161 1593 122 52 alcalis
250 1593 144 52 végétaux.
361 1593 55 52 3
372 1593 33 52 »

277 1604 81 74 21396
331 1604 81 74 RENAN
384 1604 81 74 (E.),
438 1604 107 74 l’auteur
519 1604 54 74 de
546 1604 54 74 la
573 1604 90 74 Vie
635 1604 54 74 de
662 1604 125 74 Jésus
761 1604 90 74 membre
823 1604 54 74 de
850 1604 134 74 l’Institut.
958 1604 63 74 L.
984 1604 72 74 a.

179 1673 61 47 s.
226 1673 30 47 3/4
244 1673 26 47 de
257 1673 26 47 p.
270 1673 39 47 in-8.
296 1673 22 47 3
300 1673 13 47 »

163 1689 106 62 21397
234 1689 152 62 RICHELIEU
351 1689 82 62 (le
398 1689 141 62 cardinal
503 1689 94 62 de),
562 1689 164 62 l’illustre
691 1689 129 62 premier
785 1689 141 62 ministre
890 1689 70 62 de
925 1689 106 62 Louis
984 1689 82 62 XIII.

165 1719 120 65 L.
245 1719 147 65 s.
351 1719 93 65 sur
405 1719 133 65 vélin;
498 1719 187 65 Royaumont,
645 1719 80 65 15
685 1719 107 65 mars
751 1719 120 65 1635,
831 1719 93 65 1/2
885 1719 80 65 p.
925 1719 147 65 in-fol.
1018 1719 120 65 oblong,

166 1775 141 46 fragment
272 1775 71 46 de
308 1775 118 46 Sceau.
390 1775 71 46 24
414 1775 35 46 »

202 1781 127 68 Pièce
286 1781 239 68 intéressante.
483 1781 197 68 Commission
638 1781 141 68 donnée
736 1781 84 68 au
778 1781 183 68 capitaine
919 1781 155 68 Regnier
1032 1781 84 68 de
1060 1781 84 68 com-

164 1824 143 57 mander
264 1824 86 57 un
307 1824 172 57 vaisseau
436 1824 86 57 et
479 1824 86 57 de
522 1824 143 57 donner
622 1824 86 57 la
666 1824 143 57 chasse
766 1824 72 57 à
795 1824 115 57 tous
866 1824 100 57 les
924 1824 186 57 corsaires
1053 1824 100 57 enne-

165 1854 117 57 mis,
239 1854 88 57 de
283 1854 103 57 les
342 1854 162 57 aborder
459 1854 88 57 et
503 1854 88 57 de
547 1854 103 57 les
606 1854 162 57 prendre
723 1854 117 57 «par
797 1854 147 57 toutes
899 1854 132 57 voyes
988 1854 162 57 d’armes
1090 1854 59 57 et

164 1907 182 44 d’hostilité.»

179 1911 130 75 21398
265 1911 174 75 RICHMOND
396 1911 116 75 (Ch.
468 1911 159 75 LENNOX,
584 1911 101 75 duc
642 1911 116 75 de),
714 1911 159 75 célèbre
830 1911 130 75 homme
916 1911 145 75 d’Etat
1003 1911 145 75 anglais,

177 1970 202 56 grand-maître
341 1970 76 56 de
379 1970 214 56 l’artillerie,
556 1970 176 56 protecteur
694 1970 88 56 des
745 1970 113 56 arts.
820 1970 113 56 L.
896 1970 76 56 a.
934 1970 139 56 s.
1035 1970 76 56 en
1060 1970 88 56 fran-

173 1995 84 58 çais,
229 1995 56 58 au
257 1995 84 58 comte
313 1995 56 58 de
341 1995 103 58 Guines;
415 1995 112 58 Goodwood
499 1995 84 58 1775,
555 1995 47 58 1
574 1995 56 58 p.
602 1995 65 58 1/2
639 1995 84 58 in-4.
686 1995 112 58 Très

188 2050 75 40 lettre.
243 2050 34 40 2
250 2050 27 40 50

174 2043 128 78 21399
259 2043 157 78 RIGAULT
373 2043 85 78 DE
416 2043 185 78 GENOUILLY
558 2043 199 78 (Charles),
715 2043 157 78 amiral,
829 2043 85 78 le
871 2043 157 78 nouveau
985 2043 171 78 ministre
1099 2043 57 78 de

175 2108 66 61 la
208 2108 121 61 marine.
296 2108 99 61 L.
361 2108 66 61 a.
394 2108 121 61 s.
482 2108 99 61 1860,
548 2108 55 61 1
570 2108 66 61 p.
603 2108 77 61 1/2
646 2108 99 61 in-8.
712 2108 55 61 2
723 2108 44 61 50
