1189 2280
593 24 82 68 —
625 24 98 68 10
658 24 49 68 —

187 75 103 87 21337
255 75 103 87 LOUIS
324 75 80 87 XVI
370 75 69 87 ET
404 75 69 87 SA
439 75 137 87 FAMILLE.
542 75 103 87 P.
610 75 126 87 s.
702 75 92 87 sig.
759 75 103 87 aussi
828 75 80 87 par
862 75 298 87 Marie

186 122 398 70 Louis-Stanislas-Xavier
547 122 121 70 (Louis
632 122 121 70 XVIII)
716 122 72 70 et
752 122 72 70 sa
788 122 108 70 femme
849 122 301 70 Marie

176 154 178 70 Louise
314 154 82 70 de
355 154 151 70 Savoie,
465 154 343 70 Charles-Philippe
767 154 124 70 comte
849 154 178 70 d’Artois,
986 154 82 70 et
1027 154 82 70 sa
1055 154 96 70 femme

180 184 268 75 Marie-Thérèse,
410 184 307 75 Elisabeth-Marie
678 184 102 75 sœur
742 184 77 75 de
781 184 115 75 Louis
857 184 102 75 XVI,
908 184 243 75 Marie

178 218 181 74 laïde
324 218 68 74 et
358 218 293 74 Victoire-Louise
618 218 113 74 filles
697 218 68 74 de
731 218 102 74 Louis
798 218 79 74 XV;
843 218 68 74 le
877 218 79 74 duc
911 218 237 74 d'Angoulème

169 250 118 76 alors
248 250 105 76 tout
313 250 144 76 enfant,
418 250 79 76 et
458 250 315 76 Mademoiselle
734 250 118 76 fille
812 250 79 76 de
852 250 118 76 Louis
931 250 92 76 XVI
983 250 79 76 et
1023 250 105 76 plus
1075 250 79 76 tard

171 283 129 73 femme
257 283 86 73 du
300 283 201 73 précédent;
458 283 129 73 (juin
544 283 144 73 1782),
644 283 72 73 1
673 283 86 73 p.
716 283 129 73 in-8,
802 283 129 73 fixée
889 283 101 73 sur
946 283 86 73 un
989 283 158 73 morceau
1090 283 57 73 de

171 316 86 50 papier
232 316 77 50 fort.
283 316 52 50 22
300 316 26 50 »

202 350 183 69 Curieuse
339 350 137 69 pièce
431 350 183 69 détachée
568 350 122 69 d’un
644 350 168 69 contrat
766 350 92 69 de
797 350 153 69 mariage.

171 385 109 85 21338
244 385 219 85 LOUIS-PHILIPPE
426 385 85 85 Ier
474 385 85 85 roi
523 385 85 85 des
571 385 158 85 Français.
693 385 109 85 L.
766 385 121 85 s.
851 385 73 85 au
887 385 109 85 card.
960 385 134 85 Soglia;
1045 385 97 85 Paris,

168 427 76 60 12
206 427 114 60 févr.
283 427 114 60 1842,
359 427 89 60 1/2
409 427 76 60 p.
447 427 152 60 in-fol.,
562 427 178 60 enveloppe.
701 427 63 60 3
714 427 38 60 »

164 467 135 64 21339
254 467 150 64 LOUISE
359 467 90 64 DE
404 467 165 64 GUZMAN,
524 467 135 64 reine
614 467 90 64 de
659 467 195 64 Portugal,
808 467 135 64 femme
898 467 90 64 de
943 467 120 64 Jean
1018 467 90 64 de
1048 467 90 64 Bra-

162 505 128 63 gance,
252 505 141 63 régente
355 505 103 63 sous
419 505 77 63 la
457 505 154 63 minorité
573 505 77 63 de
612 505 90 63 son
663 505 103 63 fils
727 505 154 63 Alphonse
843 505 90 63 VI.
894 505 116 63 L.
971 505 141 63 s.
1061 505 77 63 avec

158 543 82 60 la
199 543 192 60 souscript.
351 543 124 60 aut.,
433 543 69 60 à
461 543 124 60 Louis
543 543 110 60 XIV;
612 543 179 60 Lisbonne,
749 543 82 60 22
790 543 124 60 avril
873 543 124 60 1660,
955 543 69 60 1
983 543 82 60 p.
1010 543 124 60 in

162 558 115 52 oblong,
245 558 105 52 sceau.
319 558 63 52 14
340 558 31 52 »

151 600 125 83 21340
235 600 222 83 LOUISE-MARIE
415 600 83 83 DE
457 600 153 83 FRANCE,
568 600 195 83 religieuse
721 600 195 83 carmélite,
874 600 125 83 fille
957 600 83 83 de
999 600 125 83 Louis
1069 600 70 83 XV,

148 641 138 69 connue
245 641 110 69 sous
313 641 83 69 le
355 641 96 69 nom
410 641 83 69 de
451 641 110 69 sœur
520 641 193 69 Thérèse
671 641 83 69 de
712 641 261 69 Saint-Augustin.
933 641 83 69 L.
974 641 83 69 a.
1015 641 138 69 s.
1098 641 41 69 à

153 668 79 70 M.
192 668 132 70 Mique,
285 668 198 70 architecte;
443 668 119 70 1785,
522 668 66 70 1
549 668 79 70 p.
588 668 92 70 pl.
641 668 119 70 in-4,
720 668 119 70 trace
799 668 79 70 de
839 668 145 70 cachet.
944 668 66 70 3
957 668 40 70 »

153 699 125 80 21341
236 699 166 80 LOWENDAL
361 699 153 80 (Ulrich
472 699 125 80 Fréd.
555 699 180 80 Voldemar,
694 699 125 80 comte
777 699 111 80 de),
847 699 166 80 maréchal
971 699 83 80 de
999 699 125 80 France.

153 740 66 64 e
179 740 172 64 vainqueur
312 740 80 64 de
352 740 225 64 Berg-op-Zoom.
537 740 119 64 L.
617 740 80 64 a.
657 740 133 64 s.
750 740 66 64 à
776 740 80 64 M.
816 740 80 64 de
856 740 172 64 Spinhirn;
988 740 80 64 La
1015 740 106 64 Ferté.

146 771 60 55 8
170 771 107 55 févr.
242 771 107 55 1754,
313 771 84 55 3/4
361 771 72 55 de
397 771 72 55 p.
433 771 107 55 in-4.
504 771 60 55 3
516 771 48 55 50

149 805 85 69 21342
205 805 94 69 MAILLY
271 805 66 69 (L.
309 805 85 69 Julie
365 805 56 69 de
393 805 94 69 NESLE,
459 805 113 69 comtesse
544 805 75 69 de),
591 805 113 69 première
676 805 122 69 maîtresse
760 805 38 69 de

146 844 130 75 Louis
232 844 101 75 XV,
290 844 101 75 qui
348 844 87 75 se
392 844 101 75 vit
450 844 203 75 supplantée
609 844 261 75 successivement
826 844 101 75 par
884 844 101 75 ses
942 844 116 75 deux
1000 844 116 75 sœurs.

140 879 247 68 Reconnaissance
346 879 82 68 de
387 879 69 68 3
415 879 96 68 gr.
470 879 110 68 lig.
539 879 110 68 aut.
607 879 110 68 sig.
676 879 82 68 au
717 879 96 68 bas
772 879 110 68 d’un
841 879 165 68 Mémoire;
951 879 82 68 Ver-

146 913 129 51 sailles
240 913 106 51 1738,
311 913 82 51 3/4
358 913 71 51 de
393 913 71 51 p.
428 913 129 51 in-fol.
522 913 59 51 4
534 913 47 51 50

141 943 116 74 21343
219 943 129 74 MAILLY
309 943 116 74 (Jos.
387 943 103 74 Aug.
451 943 103 74 de),
516 943 155 74 maréchal
632 943 78 74 de
671 943 142 74 France,
775 943 129 74 chargé
865 943 90 74 par
917 943 116 74 Louis
981 943 65 74 XVI

134 980 76 76 de
172 980 76 76 la
210 980 139 76 défense
311 980 88 76 des
362 980 164 76 Tuileries
488 980 76 76 le
526 980 76 76 10
564 980 101 76 août
627 980 114 76 1792,
703 980 152 76 décapité
816 980 63 76 à
842 980 114 76 Arras
917 980 76 76 en
943 980 88 76 1794.

141 1014 98 57 L.
207 1014 66 57 a.
239 1014 109 57 s.
316 1014 66 57 au
349 1014 120 57 citoyen
436 1014 120 57 Collin;
523 1014 66 57 an
556 1014 76 57 II,
600 1014 76 57 3/4
643 1014 66 57 de
676 1014 66 57 p.
709 1014 98 57 in-4.
774 1014 55 57 3
785 1014 33 57 »

135 1047 109 89 21344
207 1047 109 89 MAINE
280 1047 85 89 (L.
328 1047 97 89 Aug.
389 1047 73 89 de
425 1047 145 89 BOURBON,
534 1047 85 89 duc
582 1047 97 89 pu),
642 1047 97 89 fils
703 1047 145 89 légitimé
812 1047 73 89 de
848 1047 109 89 Louis
920 1047 85 89 XIV
957 1047 48 89 et

134 1089 67 67 de
167 1089 78 67 Mme
212 1089 67 67 de
246 1089 157 67 Montespan,
369 1089 101 67 connu
436 1089 78 67 par
481 1089 78 67 ses
526 1089 146 67 intrigues
638 1089 90 67 sous
694 1089 67 67 la
728 1089 134 67 régence.
829 1089 101 67 L.
896 1089 67 67 a.
918 1089 90 67 s.

124 1122 73 68 à
154 1122 88 68 la
198 1122 191 68 princesse
345 1122 88 68 de
389 1122 147 68 Conti;
492 1122 162 68 Sceaux,
609 1122 88 68 23
653 1122 132 68 avril
742 1122 132 68 1712,
830 1122 73 68 1
859 1122 88 68 p.
903 1122 103 68 1/4
962 1122 132 68 in-4,
1036 1122 73 68 ca-

131 1153 91 56 chet.
191 1153 91 56 Jolie
252 1153 111 56 lettre.
333 1153 50 56 4
343 1153 40 56 50

127 1193 102 80 21345
195 1193 68 80 LE
229 1193 102 80 MÊME.
297 1193 102 80 L.
364 1193 68 80 a.
398 1193 113 80 s.
478 1193 57 80 à
500 1193 68 80 la
534 1193 102 80 même;
602 1193 102 80 Marly
670 1193 102 80 1712,
738 1193 57 80 1
761 1193 68 80 p.
795 1193 102 80 in-4,
863 1193 125 80 cachet.
953 1193 57 80 3
965 1193 45 80 25

127 1226 116 82 21346
205 1226 116 82 MAINE
282 1226 272 82 (Louise-Bénédicte
515 1226 78 82 de
554 1226 155 82 BOURBON,
671 1226 155 82 duchesse
787 1226 104 82 du),
852 1226 116 82 femme
929 1226 78 82 du
955 1226 78 82 pré-

134 1270 131 72 cédent,
230 1270 167 72 compromise
361 1270 96 72 dans
421 1270 72 72 la
457 1270 191 72 conspiration
612 1270 72 72 de
648 1270 167 72 Cellamare.
779 1270 108 72 L.
851 1270 72 72 a.
887 1270 131 72 s.
982 1270 60 72 à
994 1270 48 72 la

125 1297 184 79 princesse
267 1297 85 79 de
309 1297 142 79 Conti,
408 1297 85 79 sa
451 1297 128 79 sœur;
536 1297 255 79 Fontainebleau,
749 1297 85 79 30
791 1297 198 79 septembre,
947 1297 71 79 3
975 1297 85 79 p.
1004 1297 99 79 in

130 1328 124 55 Jolie
213 1328 152 55 lettre.
323 1328 83 55 10
351 1328 41 55 »

128 1366 95 71 21347
192 1366 63 71 LA
224 1366 95 71 MÊME.
287 1366 95 71 L.
351 1366 116 71 a.
435 1366 53 71 à
456 1366 63 71 la
488 1366 95 71 même,
551 1366 53 71 3
573 1366 63 71 p.
604 1366 74 71 1/2
647 1366 95 71 in-4.
710 1366 95 71 Jolie
774 1366 116 71 lettre.
858 1366 53 71 6
869 1366 42 71 50

123 1400 116 78 21348
200 1400 167 78 MAINTENON
329 1400 90 78 (la
380 1400 154 78 marquise
496 1400 103 78 de),
560 1400 180 78 maîtresse,
702 1400 103 78 puis
766 1400 116 78 femme
843 1400 77 78 de
882 1400 116 78 Louis
946 1400 77 78 XIV.

119 1437 104 78 L.
189 1437 116 78 a.
270 1437 139 78 paraphée
374 1437 58 78 à
397 1437 69 78 la
432 1437 150 78 princesse
548 1437 69 78 de
582 1437 139 78 Soubise,
686 1437 58 78 1
710 1437 69 78 p.
744 1437 81 78 1/2
791 1437 104 78 in-4,
860 1437 127 78 cachet.
941 1437 81 78 Très-

128 1467 94 54 jolie
190 1467 114 54 lettre.
273 1467 62 54 20
294 1467 31 54 »

112 1511 115 78 21349
189 1511 77 78 LA
228 1511 115 78 MÊME.
305 1511 115 78 L.
382 1511 115 78 a
459 1511 154 78 paraphée
574 1511 77 78 au
613 1511 154 78 commence
728 1511 103 78 ment
792 1511 77 78 et
831 1511 64 78 à
856 1511 77 78 la
895 1511 103 78 fin;
946 1511 154 78 Saint

112 1548 86 82 17
155 1548 129 82 mars,
241 1548 72 82 7
269 1548 86 82 p.
312 1548 129 82 in-4.
398 1548 100 82 Les
455 1548 115 82 deux
527 1548 172 82 derniers
656 1548 186 82 feuillets
799 1548 115 82 sont
871 1548 72 82 à
899 1548 143 82 moitié
985 1548 115 82 coupés

111 1583 75 63 en
149 1583 113 63 tête,
225 1583 75 63 ce
262 1583 88 63 qui
313 1583 151 63 n’enlève
426 1583 88 63 que
476 1583 63 63 4
501 1583 113 63 mots,
577 1583 138 63 faciles
677 1583 63 63 à
702 1583 163 63 rétablir.
828 1583 75 63 10
853 1583 38 63 »

147 1616 236 84 Très-curieuse
341 1616 139 84 lettre
439 1616 125 84 toute
522 1616 167 84 relative
647 1616 69 84 à
675 1616 180 84 Saint-Cyr
813 1616 83 84 et
855 1616 69 84 à
883 1616 97 84 ses
938 1616 139 84 sœurs,
1022 1616 69 84 sur

108 1647 200 58 lesquelles
265 1647 114 58 elle
336 1647 128 58 donne
422 1647 100 58 des
464 1647 243 58 renseignements.

116 1687 60 63 21350
156 1687 67 63 MALLET
203 1687 40 63 DU
223 1687 47 63 PAN
250 1687 93 63 (Jacques),
323 1687 67 63 fameux
370 1687 93 63 publiciste
443 1687 93 63 royaliste.
517 1687 60 63 L.
557 1687 40 63 a.
577 1687 67 63 s.
617 1687 20 63 à

104 1729 79 64 M.
143 1729 196 64 Panckoucke;
300 1729 131 64 Paris,
392 1729 79 64 12
431 1729 118 64 sept.
510 1729 118 64 1784,
588 1729 65 64 2
614 1729 79 64 p.
654 1729 92 64 3/4
706 1729 118 64 in-4.
785 1729 65 64 8
798 1729 39 64 »

131 1761 86 87 Il
174 1761 86 87 se
217 1761 143 87 plaint
317 1761 186 87 amèrement
460 1761 86 87 de
503 1761 86 87 sa
546 1761 158 87 lettre,
661 1761 115 87 dans
733 1761 172 87 laquelle
862 1761 86 87 il
905 1761 86 87 le
948 1761 143 87 traite
1034 1761 57 87 de

98 1787 142 92 Fréron
197 1787 85 92 et
240 1787 85 92 de
283 1787 156 92 Linguet
396 1787 71 92 à
425 1787 142 92 propos
524 1787 114 92 d’un
596 1787 156 92 article
709 1787 100 92 qui
766 1787 85 92 ne
809 1787 142 92 blesse
908 1787 85 92 ni
937 1787 142 92 l’honné-

100 1839 124 78 teté,
183 1839 83 78 ni
225 1839 83 78 la
266 1839 166 78 décence,
390 1839 83 78 ni
432 1839 83 78 la
473 1839 166 78 justice.
598 1839 97 78 Ces
653 1839 235 78 tracasseries,
846 1839 97 78 lui
901 1839 152 78 dit-il,
998 1839 83 78 vous

107 1868 103 80 sont
171 1868 167 80 suggérées
300 1868 90 80 par
351 1868 115 80 cette
428 1868 128 80 classe
518 1868 154 80 d’hommes
633 1868 115 80 qu’on
710 1868 141 80 appelle
800 1868 282 80 philosophes,

104 1899 93 82 qui
157 1899 107 82 sont
224 1899 107 82 plus
291 1899 200 82 intolérants
451 1899 107 82 cent
517 1899 107 82 fois
584 1899 93 82 que
638 1899 93 82 les
691 1899 214 82 théologiens.
864 1899 67 82 —
891 1899 93 82 «Je
945 1899 107 82 suis
998 1899 80 82 donc

103 1942 265 68 nébranlablement
326 1942 153 68 attaché
437 1942 70 68 à
465 1942 84 68 la
507 1942 195 68 résolution
660 1942 111 68 dont
730 1942 84 68 je
772 1942 111 68 vous
841 1942 84 68 ai
883 1942 111 68 fait
953 1942 125 68 part.
1022 1942 56 68 Ou

97 1969 205 74 laissez-moi
261 1969 82 74 la
302 1969 109 74 plus
371 1969 150 74 entière
480 1969 150 74 liberté
590 1969 82 74 du
631 1969 123 74 choix
713 1969 82 74 de
754 1969 82 74 la
795 1969 178 74 rédaction
932 1969 82 74 de
973 1969 96 74 mes
1014 1969 68 74 ar-

99 2000 136 77 ticles
195 2000 109 77 sans
263 2000 177 77 acception
399 2000 82 77 de
440 2000 191 77 personnes,
590 2000 109 77 sous
658 2000 164 77 l’unique
781 2000 82 77 et
822 2000 150 77 stricte
917 2000 164 77 obligation

89 2034 86 70 de
132 2034 186 70 n’exciter
275 2034 143 70 jamais
375 2034 100 70 des
432 2034 172 70 plaintes
561 2034 244 70 particulières
762 2034 86 70 du
805 2034 229 70 gouvernement
991 2034 86 70 ni
1020 2034 57 70 de

92 2067 193 69 reproches
241 2067 193 69 légitimes
390 2067 89 69 du
434 2067 164 69 public,
553 2067 89 69 ou
598 2067 89 69 il
643 2067 119 69 faut
717 2067 119 69 nous
777 2067 193 69 séparer...»

-7 2095 141 83 21351
88 2095 204 83 MANSFIELD
245 2095 110 83 (W.
308 2095 157 83 MURRAV
418 2095 141 83 comte
512 2095 126 83 de),
591 2095 173 83 célèbre
716 2095 267 83 jurisconsulte
937 2095 94 83 et
968 2095 110 83 homme
