<?xml version='1.0' encoding='UTF8'?>
<alto xmlns:xsi="http://www.w3.org/2001/XMLSchema-instance" xmlns="http://www.loc.gov/standards/alto/ns-v2#" xmlns:page="http://schema.primaresearch.org/PAGE/gts/pagecontent/2013-07-15" xsi:schemaLocation="http://www.loc.gov/standards/alto/ns-v2# http://www.loc.gov/standards/alto/alto.xsd">
  <Description>
    <MeasurementUnit>pixel</MeasurementUnit>
    <sourceImageInformation>
         <fileName>1867_03_LAC_N149_0015.jpg</fileName>
      </sourceImageInformation>
    <OCRProcessing ID="IdOcr">
      <ocrProcessingStep>
        <processingDateTime>2020-11-06T13:46:38.4+01:00</processingDateTime>
        <processingSoftware>
               <softwareCreator>CONTRIBUTORS</softwareCreator>
               <softwareName>pdfalto</softwareName>
               <softwareVersion>0.1</softwareVersion>
            </processingSoftware>
      </ocrProcessingStep>
    </OCRProcessing>
  </Description>
  <Styles>
     <TextStyle ID="FONT0" FONTSTYLE=""/>
     <TextStyle ID="FONT1" FONTSTYLE="bold"/>
     <TextStyle ID="FONT2" FONTSTYLE="italics"/>
</Styles>
  <Tags/>
  <Layout>
    <Page ID="Page1" PHYSICAL_IMG_NR="1" HEIGHT="2208" WIDTH="1153">
      <PrintSpace HEIGHT="2208" WIDTH="1153" VPOS="0" HPOS="0">
        <TextBlock ID="r2" HEIGHT="2114" WIDTH="977" VPOS="30" HPOS="129">
          <TextLine ID="r2l1" BASELINE="75" HEIGHT="51" WIDTH="89" VPOS="24" HPOS="568">
            <String HEIGHT="51" WIDTH="74" VPOS="24" HPOS="553" CONTENT="—" ID="r2l1_1" STYLEREFS="FONT0"/>
            <SP HEIGHT="51" WIDTH="15" VPOS="24" HPOS="627"/>
            <String HEIGHT="51" WIDTH="89" VPOS="24" HPOS="583" CONTENT="15" ID="r2l1_2" STYLEREFS="FONT0"/>
            <SP HEIGHT="51" WIDTH="15" VPOS="24" HPOS="672"/>
            <String HEIGHT="51" WIDTH="45" VPOS="24" HPOS="613" CONTENT="—" ID="r2l1_3" STYLEREFS="FONT0"/>
          </TextLine>
          <TextLine ID="r2l2" BASELINE="135" HEIGHT="65" WIDTH="963" VPOS="70" HPOS="142">
            <String HEIGHT="65" WIDTH="124" VPOS="70" HPOS="128" CONTENT="21421" ID="r2l2_1" STYLEREFS="FONT0"/>
            <SP HEIGHT="65" WIDTH="14" VPOS="70" HPOS="252"/>
            <String HEIGHT="65" WIDTH="165" VPOS="70" HPOS="211" CONTENT="VILLEROY" ID="r2l2_2" STYLEREFS="FONT0"/>
            <SP HEIGHT="65" WIDTH="14" VPOS="70" HPOS="376"/>
            <String HEIGHT="65" WIDTH="124" VPOS="70" HPOS="335" CONTENT="(Nic." ID="r2l2_3" STYLEREFS="FONT0"/>
            <SP HEIGHT="65" WIDTH="14" VPOS="70" HPOS="458"/>
            <String HEIGHT="65" WIDTH="83" VPOS="70" HPOS="417" CONTENT="de" ID="r2l2_4" STYLEREFS="FONT0"/>
            <SP HEIGHT="65" WIDTH="14" VPOS="70" HPOS="500"/>
            <String HEIGHT="65" WIDTH="193" VPOS="70" HPOS="458" CONTENT="Neufville," ID="r2l2_5" STYLEREFS="FONT0"/>
            <SP HEIGHT="65" WIDTH="14" VPOS="70" HPOS="651"/>
            <String HEIGHT="65" WIDTH="165" VPOS="70" HPOS="610" CONTENT="seigneur" ID="r2l2_6" STYLEREFS="FONT0"/>
            <SP HEIGHT="65" WIDTH="14" VPOS="70" HPOS="775"/>
            <String HEIGHT="65" WIDTH="110" VPOS="70" HPOS="734" CONTENT="de)," ID="r2l2_7" STYLEREFS="FONT0"/>
            <SP HEIGHT="65" WIDTH="14" VPOS="70" HPOS="844"/>
            <String HEIGHT="65" WIDTH="138" VPOS="70" HPOS="802" CONTENT="habile" ID="r2l2_8" STYLEREFS="FONT0"/>
            <SP HEIGHT="65" WIDTH="14" VPOS="70" HPOS="940"/>
            <String HEIGHT="65" WIDTH="193" VPOS="70" HPOS="899" CONTENT="diplomate," ID="r2l2_9" STYLEREFS="FONT0"/>
            <SP HEIGHT="65" WIDTH="14" VPOS="70" HPOS="1091"/>
            <String HEIGHT="65" WIDTH="69" VPOS="70" HPOS="1036" CONTENT="mi" SUBS_TYPE="HypPart1" SUBS_CONTENT="ministre" ID="r2l2_10" STYLEREFS="FONT0"/>
            <HYP CONTENT="-"/>
          </TextLine>
          <TextLine ID="r2l3" BASELINE="169" HEIGHT="56" WIDTH="962" VPOS="113" HPOS="141">
            <String HEIGHT="56" WIDTH="122" VPOS="113" HPOS="129" CONTENT="nistre" SUBS_TYPE="HypPart2" SUBS_CONTENT="ministre" ID="r2l3_1" STYLEREFS="FONT0"/>
            <SP HEIGHT="56" WIDTH="12" VPOS="113" HPOS="251"/>
            <String HEIGHT="56" WIDTH="97" VPOS="113" HPOS="214" CONTENT="sous" ID="r2l3_2" STYLEREFS="FONT0"/>
            <SP HEIGHT="56" WIDTH="12" VPOS="113" HPOS="311"/>
            <String HEIGHT="56" WIDTH="110" VPOS="113" HPOS="275" CONTENT="trois" ID="r2l3_3" STYLEREFS="FONT0"/>
            <SP HEIGHT="56" WIDTH="12" VPOS="113" HPOS="385"/>
            <String HEIGHT="56" WIDTH="110" VPOS="113" HPOS="348" CONTENT="rois." ID="r2l3_4" STYLEREFS="FONT0"/>
            <SP HEIGHT="56" WIDTH="12" VPOS="113" HPOS="458"/>
            <String HEIGHT="56" WIDTH="110" VPOS="113" HPOS="421" CONTENT="L." ID="r2l3_5" STYLEREFS="FONT2"/>
            <SP HEIGHT="56" WIDTH="12" VPOS="113" HPOS="531"/>
            <String HEIGHT="56" WIDTH="73" VPOS="113" HPOS="494" CONTENT="a." ID="r2l3_6" STYLEREFS="FONT2"/>
            <SP HEIGHT="56" WIDTH="12" VPOS="113" HPOS="567"/>
            <String HEIGHT="56" WIDTH="122" VPOS="113" HPOS="531" CONTENT="s." ID="r2l3_7" STYLEREFS="FONT2"/>
            <SP HEIGHT="56" WIDTH="12" VPOS="113" HPOS="652"/>
            <String HEIGHT="56" WIDTH="73" VPOS="113" HPOS="616" CONTENT="au" ID="r2l3_8" STYLEREFS="FONT0"/>
            <SP HEIGHT="56" WIDTH="12" VPOS="113" HPOS="689"/>
            <String HEIGHT="56" WIDTH="85" VPOS="113" HPOS="652" CONTENT="duc" ID="r2l3_9" STYLEREFS="FONT0"/>
            <SP HEIGHT="56" WIDTH="12" VPOS="113" HPOS="738"/>
            <String HEIGHT="56" WIDTH="73" VPOS="113" HPOS="701" CONTENT="de" ID="r2l3_10" STYLEREFS="FONT0"/>
            <SP HEIGHT="56" WIDTH="12" VPOS="113" HPOS="774"/>
            <String HEIGHT="56" WIDTH="158" VPOS="113" HPOS="738" CONTENT="Bouillon;" ID="r2l3_11" STYLEREFS="FONT0"/>
            <SP HEIGHT="56" WIDTH="12" VPOS="113" HPOS="896"/>
            <String HEIGHT="56" WIDTH="73" VPOS="113" HPOS="859" CONTENT="27" ID="r2l3_12" STYLEREFS="FONT0"/>
            <SP HEIGHT="56" WIDTH="12" VPOS="113" HPOS="933"/>
            <String HEIGHT="56" WIDTH="110" VPOS="113" HPOS="896" CONTENT="févr." ID="r2l3_13" STYLEREFS="FONT0"/>
            <SP HEIGHT="56" WIDTH="12" VPOS="113" HPOS="1006"/>
            <String HEIGHT="56" WIDTH="110" VPOS="113" HPOS="969" CONTENT="1597," ID="r2l3_14" STYLEREFS="FONT0"/>
            <SP HEIGHT="56" WIDTH="12" VPOS="113" HPOS="1079"/>
            <String HEIGHT="56" WIDTH="61" VPOS="113" HPOS="1042" CONTENT="2" ID="r2l3_15" STYLEREFS="FONT0"/>
            <SP HEIGHT="56" WIDTH="12" VPOS="113" HPOS="1103"/>
            <String HEIGHT="56" WIDTH="49" VPOS="113" HPOS="1054" CONTENT="p." ID="r2l3_16" STYLEREFS="FONT0"/>
          </TextLine>
          <TextLine ID="r2l4" BASELINE="200" HEIGHT="55" WIDTH="689" VPOS="145" HPOS="143">
            <String HEIGHT="55" WIDTH="161" VPOS="145" HPOS="128" CONTENT="in-fol." ID="r2l4_1" STYLEREFS="FONT0"/>
            <SP HEIGHT="55" WIDTH="15" VPOS="145" HPOS="290"/>
            <String HEIGHT="55" WIDTH="205" VPOS="145" HPOS="246" CONTENT="Très-belle" ID="r2l4_2" STYLEREFS="FONT0"/>
            <SP HEIGHT="55" WIDTH="15" VPOS="145" HPOS="451"/>
            <String HEIGHT="55" WIDTH="147" VPOS="145" HPOS="407" CONTENT="lettre" ID="r2l4_3" STYLEREFS="FONT0"/>
            <SP HEIGHT="55" WIDTH="15" VPOS="145" HPOS="553"/>
            <String HEIGHT="55" WIDTH="132" VPOS="145" HPOS="509" CONTENT="toute" ID="r2l4_4" STYLEREFS="FONT0"/>
            <SP HEIGHT="55" WIDTH="15" VPOS="145" HPOS="641"/>
            <String HEIGHT="55" WIDTH="205" VPOS="145" HPOS="597" CONTENT="politique." ID="r2l4_5" STYLEREFS="FONT0"/>
            <SP HEIGHT="55" WIDTH="15" VPOS="145" HPOS="803"/>
            <String HEIGHT="55" WIDTH="88" VPOS="145" HPOS="759" CONTENT="10" ID="r2l4_6" STYLEREFS="FONT0"/>
            <SP HEIGHT="55" WIDTH="15" VPOS="145" HPOS="847"/>
            <String HEIGHT="55" WIDTH="44" VPOS="145" HPOS="788" CONTENT="»" ID="r2l4_7" STYLEREFS="FONT0"/>
          </TextLine>
          <TextLine ID="r2l7" BASELINE="231" HEIGHT="49" WIDTH="954" VPOS="182" HPOS="150">
            <String HEIGHT="49" WIDTH="126" VPOS="182" HPOS="136" CONTENT="21422" ID="r2l7_1" STYLEREFS="FONT0"/>
            <SP HEIGHT="49" WIDTH="14" VPOS="182" HPOS="262"/>
            <String HEIGHT="49" WIDTH="126" VPOS="182" HPOS="220" CONTENT="VOIGT" ID="r2l7_2" STYLEREFS="FONT0"/>
            <SP HEIGHT="49" WIDTH="14" VPOS="182" HPOS="346"/>
            <String HEIGHT="49" WIDTH="154" VPOS="182" HPOS="304" CONTENT="(Jean)," ID="r2l7_3" STYLEREFS="FONT0"/>
            <SP HEIGHT="49" WIDTH="14" VPOS="182" HPOS="459"/>
            <String HEIGHT="49" WIDTH="154" VPOS="182" HPOS="417" CONTENT="célèbre" ID="r2l7_4" STYLEREFS="FONT0"/>
            <SP HEIGHT="49" WIDTH="14" VPOS="182" HPOS="571"/>
            <String HEIGHT="49" WIDTH="182" VPOS="182" HPOS="529" CONTENT="historien" ID="r2l7_5" STYLEREFS="FONT0"/>
            <SP HEIGHT="49" WIDTH="14" VPOS="182" HPOS="711"/>
            <String HEIGHT="49" WIDTH="182" VPOS="182" HPOS="669" CONTENT="allemand," ID="r2l7_6" STYLEREFS="FONT0"/>
            <SP HEIGHT="49" WIDTH="14" VPOS="182" HPOS="851"/>
            <String HEIGHT="49" WIDTH="84" VPOS="182" HPOS="809" CONTENT="le" ID="r2l7_7" STYLEREFS="FONT0"/>
            <SP HEIGHT="49" WIDTH="14" VPOS="182" HPOS="894"/>
            <String HEIGHT="49" WIDTH="182" VPOS="182" HPOS="851" CONTENT="biographe" ID="r2l7_8" STYLEREFS="FONT0"/>
            <SP HEIGHT="49" WIDTH="14" VPOS="182" HPOS="1034"/>
            <String HEIGHT="49" WIDTH="84" VPOS="182" HPOS="992" CONTENT="de" ID="r2l7_9" STYLEREFS="FONT0"/>
            <SP HEIGHT="49" WIDTH="14" VPOS="182" HPOS="1076"/>
            <String HEIGHT="49" WIDTH="84" VPOS="182" HPOS="1020" CONTENT="Gré" SUBS_TYPE="HypPart1" SUBS_CONTENT="Grégoire" ID="r2l7_10" STYLEREFS="FONT0"/>
            <HYP CONTENT="-"/>
          </TextLine>
          <TextLine ID="r2l8" BASELINE="268" HEIGHT="47" WIDTH="955" VPOS="221" HPOS="153">
            <String HEIGHT="47" WIDTH="112" VPOS="221" HPOS="141" CONTENT="goire" SUBS_TYPE="HypPart2" SUBS_CONTENT="Grégoire" ID="r2l8_1" STYLEREFS="FONT0"/>
            <SP HEIGHT="47" WIDTH="12" VPOS="221" HPOS="252"/>
            <String HEIGHT="47" WIDTH="99" VPOS="221" HPOS="215" CONTENT="VII," ID="r2l8_2" STYLEREFS="FONT0"/>
            <SP HEIGHT="47" WIDTH="12" VPOS="221" HPOS="314"/>
            <String HEIGHT="47" WIDTH="112" VPOS="221" HPOS="277" CONTENT="L." ID="r2l8_3" STYLEREFS="FONT2"/>
            <SP HEIGHT="47" WIDTH="12" VPOS="221" HPOS="389"/>
            <String HEIGHT="47" WIDTH="74" VPOS="221" HPOS="351" CONTENT="a." ID="r2l8_4" STYLEREFS="FONT2"/>
            <SP HEIGHT="47" WIDTH="12" VPOS="221" HPOS="426"/>
            <String HEIGHT="47" WIDTH="136" VPOS="221" HPOS="389" CONTENT="s." ID="r2l8_5" STYLEREFS="FONT2"/>
            <SP HEIGHT="47" WIDTH="12" VPOS="221" HPOS="525"/>
            <String HEIGHT="47" WIDTH="174" VPOS="221" HPOS="488" CONTENT="Kœnigsberg" ID="r2l8_6" STYLEREFS="FONT0"/>
            <SP HEIGHT="47" WIDTH="12" VPOS="221" HPOS="662"/>
            <String HEIGHT="47" WIDTH="112" VPOS="221" HPOS="624" CONTENT="1838," ID="r2l8_7" STYLEREFS="FONT0"/>
            <SP HEIGHT="47" WIDTH="12" VPOS="221" HPOS="736"/>
            <String HEIGHT="47" WIDTH="62" VPOS="221" HPOS="699" CONTENT="1" ID="r2l8_8" STYLEREFS="FONT0"/>
            <SP HEIGHT="47" WIDTH="12" VPOS="221" HPOS="761"/>
            <String HEIGHT="47" WIDTH="74" VPOS="221" HPOS="724" CONTENT="p." ID="r2l8_9" STYLEREFS="FONT0"/>
            <SP HEIGHT="47" WIDTH="12" VPOS="221" HPOS="798"/>
            <String HEIGHT="47" WIDTH="87" VPOS="221" HPOS="761" CONTENT="pl." ID="r2l8_10" STYLEREFS="FONT0"/>
            <SP HEIGHT="47" WIDTH="12" VPOS="221" HPOS="848"/>
            <String HEIGHT="47" WIDTH="112" VPOS="221" HPOS="810" CONTENT="in-8." ID="r2l8_11" STYLEREFS="FONT0"/>
            <SP HEIGHT="47" WIDTH="12" VPOS="221" HPOS="922"/>
            <String HEIGHT="47" WIDTH="112" VPOS="221" HPOS="885" CONTENT="Jolie" ID="r2l8_12" STYLEREFS="FONT0"/>
            <SP HEIGHT="47" WIDTH="12" VPOS="221" HPOS="996"/>
            <String HEIGHT="47" WIDTH="124" VPOS="221" HPOS="959" CONTENT="pièce." ID="r2l8_13" STYLEREFS="FONT0"/>
            <SP HEIGHT="47" WIDTH="12" VPOS="221" HPOS="1083"/>
            <String HEIGHT="47" WIDTH="62" VPOS="221" HPOS="1046" CONTENT="3" ID="r2l8_14" STYLEREFS="FONT0"/>
            <SP HEIGHT="47" WIDTH="12" VPOS="221" HPOS="1108"/>
            <String HEIGHT="47" WIDTH="50" VPOS="221" HPOS="1058" CONTENT="25" ID="r2l8_15" STYLEREFS="FONT0"/>
          </TextLine>
          <TextLine ID="r2l9" BASELINE="310" HEIGHT="58" WIDTH="956" VPOS="252" HPOS="151">
            <String HEIGHT="58" WIDTH="120" VPOS="252" HPOS="138" CONTENT="21423" ID="r2l9_1" STYLEREFS="FONT0"/>
            <SP HEIGHT="58" WIDTH="13" VPOS="252" HPOS="257"/>
            <String HEIGHT="58" WIDTH="159" VPOS="252" HPOS="217" CONTENT="VOLTAIRE" ID="r2l9_2" STYLEREFS="FONT0"/>
            <SP HEIGHT="58" WIDTH="13" VPOS="252" HPOS="377"/>
            <String HEIGHT="58" WIDTH="93" VPOS="252" HPOS="337" CONTENT="(F." ID="r2l9_3" STYLEREFS="FONT0"/>
            <SP HEIGHT="58" WIDTH="13" VPOS="252" HPOS="430"/>
            <String HEIGHT="58" WIDTH="80" VPOS="252" HPOS="390" CONTENT="M." ID="r2l9_4" STYLEREFS="FONT0"/>
            <SP HEIGHT="58" WIDTH="13" VPOS="252" HPOS="470"/>
            <String HEIGHT="58" WIDTH="133" VPOS="252" HPOS="430" CONTENT="Arouet" ID="r2l9_5" STYLEREFS="FONT0"/>
            <SP HEIGHT="58" WIDTH="13" VPOS="252" HPOS="563"/>
            <String HEIGHT="58" WIDTH="106" VPOS="252" HPOS="523" CONTENT="de)," ID="r2l9_6" STYLEREFS="FONT0"/>
            <SP HEIGHT="58" WIDTH="13" VPOS="252" HPOS="629"/>
            <String HEIGHT="58" WIDTH="80" VPOS="252" HPOS="589" CONTENT="le" ID="r2l9_7" STYLEREFS="FONT0"/>
            <SP HEIGHT="58" WIDTH="13" VPOS="252" HPOS="669"/>
            <String HEIGHT="58" WIDTH="106" VPOS="252" HPOS="629" CONTENT="plus" ID="r2l9_8" STYLEREFS="FONT0"/>
            <SP HEIGHT="58" WIDTH="13" VPOS="252" HPOS="735"/>
            <String HEIGHT="58" WIDTH="120" VPOS="252" HPOS="695" CONTENT="grand" ID="r2l9_9" STYLEREFS="FONT0"/>
            <SP HEIGHT="58" WIDTH="13" VPOS="252" HPOS="815"/>
            <String HEIGHT="58" WIDTH="120" VPOS="252" HPOS="775" CONTENT="génie" ID="r2l9_10" STYLEREFS="FONT0"/>
            <SP HEIGHT="58" WIDTH="13" VPOS="252" HPOS="895"/>
            <String HEIGHT="58" WIDTH="186" VPOS="252" HPOS="855" CONTENT="littéraire" ID="r2l9_11" STYLEREFS="FONT0"/>
            <SP HEIGHT="58" WIDTH="13" VPOS="252" HPOS="1041"/>
            <String HEIGHT="58" WIDTH="80" VPOS="252" HPOS="1001" CONTENT="du" ID="r2l9_12" STYLEREFS="FONT0"/>
            <SP HEIGHT="58" WIDTH="13" VPOS="252" HPOS="1080"/>
            <String HEIGHT="58" WIDTH="80" VPOS="252" HPOS="1027" CONTENT="dix" SUBS_TYPE="HypPart1" SUBS_CONTENT="dixhuitième" ID="r2l9_13" STYLEREFS="FONT0"/>
            <HYP CONTENT="-"/>
          </TextLine>
          <TextLine ID="r2l10" BASELINE="346" HEIGHT="57" WIDTH="967" VPOS="289" HPOS="142">
            <String HEIGHT="57" WIDTH="166" VPOS="289" HPOS="128" CONTENT="huitième" SUBS_TYPE="HypPart2" SUBS_CONTENT="dixhuitième" ID="r2l10_1" STYLEREFS="FONT0"/>
            <SP HEIGHT="57" WIDTH="14" VPOS="289" HPOS="294"/>
            <String HEIGHT="57" WIDTH="152" VPOS="289" HPOS="253" CONTENT="siècle." ID="r2l10_2" STYLEREFS="FONT0"/>
            <SP HEIGHT="57" WIDTH="14" VPOS="289" HPOS="404"/>
            <String HEIGHT="57" WIDTH="83" VPOS="289" HPOS="363" CONTENT="12" ID="r2l10_3" STYLEREFS="FONT0"/>
            <SP HEIGHT="57" WIDTH="14" VPOS="289" HPOS="446"/>
            <String HEIGHT="57" WIDTH="152" VPOS="289" HPOS="404" CONTENT="lettres" ID="r2l10_4" STYLEREFS="FONT0"/>
            <SP HEIGHT="57" WIDTH="14" VPOS="289" HPOS="556"/>
            <String HEIGHT="57" WIDTH="152" VPOS="289" HPOS="515" CONTENT="écrites" ID="r2l10_5" STYLEREFS="FONT0"/>
            <SP HEIGHT="57" WIDTH="14" VPOS="289" HPOS="667"/>
            <String HEIGHT="57" WIDTH="97" VPOS="289" HPOS="626" CONTENT="par" ID="r2l10_6" STYLEREFS="FONT0"/>
            <SP HEIGHT="57" WIDTH="14" VPOS="289" HPOS="722"/>
            <String HEIGHT="57" WIDTH="180" VPOS="289" HPOS="681" CONTENT="Vagnière," ID="r2l10_7" STYLEREFS="FONT0"/>
            <SP HEIGHT="57" WIDTH="14" VPOS="289" HPOS="860"/>
            <String HEIGHT="57" WIDTH="111" VPOS="289" HPOS="819" CONTENT="dont" ID="r2l10_8" STYLEREFS="FONT0"/>
            <SP HEIGHT="57" WIDTH="14" VPOS="289" HPOS="929"/>
            <String HEIGHT="57" WIDTH="69" VPOS="289" HPOS="888" CONTENT="5" ID="r2l10_9" STYLEREFS="FONT0"/>
            <SP HEIGHT="57" WIDTH="14" VPOS="289" HPOS="957"/>
            <String HEIGHT="57" WIDTH="152" VPOS="289" HPOS="916" CONTENT="signées" ID="r2l10_10" STYLEREFS="FONT0"/>
            <SP HEIGHT="57" WIDTH="14" VPOS="289" HPOS="1068"/>
            <String HEIGHT="57" WIDTH="83" VPOS="289" HPOS="1026" CONTENT="V." ID="r2l10_11" STYLEREFS="FONT0"/>
            <SP HEIGHT="57" WIDTH="14" VPOS="289" HPOS="1109"/>
            <String HEIGHT="57" WIDTH="55" VPOS="289" HPOS="1054" CONTENT="et" ID="r2l10_12" STYLEREFS="FONT0"/>
          </TextLine>
          <TextLine ID="r2l11" BASELINE="385" HEIGHT="57" WIDTH="961" VPOS="328" HPOS="150">
            <String HEIGHT="57" WIDTH="105" VPOS="328" HPOS="135" CONTENT="ine" ID="r2l11_1" STYLEREFS="FONT0"/>
            <SP HEIGHT="57" WIDTH="15" VPOS="328" HPOS="240"/>
            <String HEIGHT="57" WIDTH="120" VPOS="328" HPOS="195" CONTENT="avec" ID="r2l11_2" STYLEREFS="FONT0"/>
            <SP HEIGHT="57" WIDTH="15" VPOS="328" HPOS="315"/>
            <String HEIGHT="57" WIDTH="120" VPOS="328" HPOS="270" CONTENT="deux" ID="r2l11_3" STYLEREFS="FONT0"/>
            <SP HEIGHT="57" WIDTH="15" VPOS="328" HPOS="390"/>
            <String HEIGHT="57" WIDTH="150" VPOS="328" HPOS="345" CONTENT="lignes" ID="r2l11_4" STYLEREFS="FONT0"/>
            <SP HEIGHT="57" WIDTH="15" VPOS="328" HPOS="495"/>
            <String HEIGHT="57" WIDTH="135" VPOS="328" HPOS="450" CONTENT="aut.," ID="r2l11_5" STYLEREFS="FONT0"/>
            <SP HEIGHT="57" WIDTH="15" VPOS="328" HPOS="585"/>
            <String HEIGHT="57" WIDTH="195" VPOS="328" HPOS="540" CONTENT="adressées" ID="r2l11_6" STYLEREFS="FONT0"/>
            <SP HEIGHT="57" WIDTH="15" VPOS="328" HPOS="736"/>
            <String HEIGHT="57" WIDTH="75" VPOS="328" HPOS="691" CONTENT="à" ID="r2l11_7" STYLEREFS="FONT0"/>
            <SP HEIGHT="57" WIDTH="15" VPOS="328" HPOS="766"/>
            <String HEIGHT="57" WIDTH="90" VPOS="328" HPOS="721" CONTENT="M." ID="r2l11_8" STYLEREFS="FONT0"/>
            <SP HEIGHT="57" WIDTH="15" VPOS="328" HPOS="811"/>
            <String HEIGHT="57" WIDTH="165" VPOS="328" HPOS="766" CONTENT="Tiriot;" ID="r2l11_9" STYLEREFS="FONT0"/>
            <SP HEIGHT="57" WIDTH="15" VPOS="328" HPOS="931"/>
            <String HEIGHT="57" WIDTH="90" VPOS="328" HPOS="886" CONTENT="14" ID="r2l11_10" STYLEREFS="FONT0"/>
            <SP HEIGHT="57" WIDTH="15" VPOS="328" HPOS="976"/>
            <String HEIGHT="57" WIDTH="135" VPOS="328" HPOS="931" CONTENT="sept." ID="r2l11_11" STYLEREFS="FONT0"/>
            <SP HEIGHT="57" WIDTH="15" VPOS="328" HPOS="1066"/>
            <String HEIGHT="57" WIDTH="105" VPOS="328" HPOS="1006" CONTENT="1761" SUBS_TYPE="HypPart1" SUBS_CONTENT="17618" ID="r2l11_12" STYLEREFS="FONT0"/>
            <HYP CONTENT="-"/>
          </TextLine>
          <TextLine ID="r2l12" BASELINE="401" HEIGHT="48" WIDTH="508" VPOS="353" HPOS="142">
            <String HEIGHT="48" WIDTH="62" VPOS="353" HPOS="130" CONTENT="8" SUBS_TYPE="HypPart2" SUBS_CONTENT="17618" ID="r2l12_1" STYLEREFS="FONT0"/>
            <SP HEIGHT="48" WIDTH="12" VPOS="353" HPOS="192"/>
            <String HEIGHT="48" WIDTH="99" VPOS="353" HPOS="154" CONTENT="août" ID="r2l12_2" STYLEREFS="FONT0"/>
            <SP HEIGHT="48" WIDTH="12" VPOS="353" HPOS="254"/>
            <String HEIGHT="48" WIDTH="112" VPOS="353" HPOS="216" CONTENT="1770," ID="r2l12_3" STYLEREFS="FONT0"/>
            <SP HEIGHT="48" WIDTH="12" VPOS="353" HPOS="328"/>
            <String HEIGHT="48" WIDTH="74" VPOS="353" HPOS="291" CONTENT="22" ID="r2l12_4" STYLEREFS="FONT0"/>
            <SP HEIGHT="48" WIDTH="12" VPOS="353" HPOS="365"/>
            <String HEIGHT="48" WIDTH="74" VPOS="353" HPOS="328" CONTENT="p." ID="r2l12_5" STYLEREFS="FONT0"/>
            <SP HEIGHT="48" WIDTH="12" VPOS="353" HPOS="402"/>
            <String HEIGHT="48" WIDTH="87" VPOS="353" HPOS="365" CONTENT="1/2" ID="r2l12_6" STYLEREFS="FONT0"/>
            <SP HEIGHT="48" WIDTH="12" VPOS="353" HPOS="452"/>
            <String HEIGHT="48" WIDTH="99" VPOS="353" HPOS="415" CONTENT="in-4" ID="r2l12_7" STYLEREFS="FONT0"/>
            <SP HEIGHT="48" WIDTH="12" VPOS="353" HPOS="514"/>
            <String HEIGHT="48" WIDTH="74" VPOS="353" HPOS="477" CONTENT="et" ID="r2l12_8" STYLEREFS="FONT0"/>
            <SP HEIGHT="48" WIDTH="12" VPOS="353" HPOS="551"/>
            <String HEIGHT="48" WIDTH="112" VPOS="353" HPOS="514" CONTENT="in-8." ID="r2l12_9" STYLEREFS="FONT0"/>
            <SP HEIGHT="48" WIDTH="12" VPOS="353" HPOS="625"/>
            <String HEIGHT="48" WIDTH="74" VPOS="353" HPOS="588" CONTENT="40" ID="r2l12_10" STYLEREFS="FONT0"/>
            <SP HEIGHT="48" WIDTH="12" VPOS="353" HPOS="662"/>
            <String HEIGHT="48" WIDTH="37" VPOS="353" HPOS="613" CONTENT="»" ID="r2l12_11" STYLEREFS="FONT0"/>
          </TextLine>
          <TextLine ID="r2l15" BASELINE="457" HEIGHT="79" WIDTH="888" VPOS="378" HPOS="179">
            <String HEIGHT="79" WIDTH="250" VPOS="378" HPOS="165" CONTENT="Correspondance" ID="r2l15_1" STYLEREFS="FONT0"/>
            <SP HEIGHT="79" WIDTH="14" VPOS="378" HPOS="415"/>
            <String HEIGHT="79" WIDTH="111" VPOS="378" HPOS="373" CONTENT="fort" ID="r2l15_2" STYLEREFS="FONT0"/>
            <SP HEIGHT="79" WIDTH="14" VPOS="378" HPOS="484"/>
            <String HEIGHT="79" WIDTH="180" VPOS="378" HPOS="443" CONTENT="curieuse," ID="r2l15_3" STYLEREFS="FONT0"/>
            <SP HEIGHT="79" WIDTH="14" VPOS="378" HPOS="623"/>
            <String HEIGHT="79" WIDTH="153" VPOS="378" HPOS="581" CONTENT="publiée" ID="r2l15_4" STYLEREFS="FONT0"/>
            <SP HEIGHT="79" WIDTH="14" VPOS="378" HPOS="734"/>
            <String HEIGHT="79" WIDTH="83" VPOS="378" HPOS="692" CONTENT="en" ID="r2l15_5" STYLEREFS="FONT0"/>
            <SP HEIGHT="79" WIDTH="14" VPOS="378" HPOS="776"/>
            <String HEIGHT="79" WIDTH="111" VPOS="378" HPOS="734" CONTENT="1820" ID="r2l15_6" STYLEREFS="FONT0"/>
            <SP HEIGHT="79" WIDTH="14" VPOS="378" HPOS="845"/>
            <String HEIGHT="79" WIDTH="97" VPOS="378" HPOS="803" CONTENT="par" ID="r2l15_7" STYLEREFS="FONT0"/>
            <SP HEIGHT="79" WIDTH="14" VPOS="378" HPOS="901"/>
            <String HEIGHT="79" WIDTH="83" VPOS="378" HPOS="859" CONTENT="M." ID="r2l15_8" STYLEREFS="FONT0"/>
            <SP HEIGHT="79" WIDTH="14" VPOS="378" HPOS="942"/>
            <String HEIGHT="79" WIDTH="180" VPOS="378" HPOS="901" CONTENT="Jacobsen." ID="r2l15_9" STYLEREFS="FONT0"/>
            <SP HEIGHT="79" WIDTH="14" VPOS="378" HPOS="1081"/>
            <String HEIGHT="79" WIDTH="42" VPOS="378" HPOS="1025" CONTENT="—" ID="r2l15_10" STYLEREFS="FONT0"/>
          </TextLine>
          <TextLine ID="r2l17" BASELINE="476" HEIGHT="48" WIDTH="954" VPOS="428" HPOS="147">
            <String HEIGHT="48" WIDTH="83" VPOS="428" HPOS="133" CONTENT="Il" ID="r2l17_1" STYLEREFS="FONT0"/>
            <SP HEIGHT="48" WIDTH="14" VPOS="428" HPOS="216"/>
            <String HEIGHT="48" WIDTH="69" VPOS="428" HPOS="175" CONTENT="y" ID="r2l17_2" STYLEREFS="FONT0"/>
            <SP HEIGHT="48" WIDTH="14" VPOS="428" HPOS="244"/>
            <String HEIGHT="48" WIDTH="97" VPOS="428" HPOS="202" CONTENT="est" ID="r2l17_3" STYLEREFS="FONT0"/>
            <SP HEIGHT="48" WIDTH="14" VPOS="428" HPOS="299"/>
            <String HEIGHT="48" WIDTH="166" VPOS="428" HPOS="258" CONTENT="question" ID="r2l17_4" STYLEREFS="FONT0"/>
            <SP HEIGHT="48" WIDTH="14" VPOS="428" HPOS="424"/>
            <String HEIGHT="48" WIDTH="83" VPOS="428" HPOS="382" CONTENT="de" ID="r2l17_5" STYLEREFS="FONT0"/>
            <SP HEIGHT="48" WIDTH="14" VPOS="428" HPOS="465"/>
            <String HEIGHT="48" WIDTH="111" VPOS="428" HPOS="424" CONTENT="Mlle" ID="r2l17_6" STYLEREFS="FONT0"/>
            <SP HEIGHT="48" WIDTH="14" VPOS="428" HPOS="534"/>
            <String HEIGHT="48" WIDTH="166" VPOS="428" HPOS="493" CONTENT="Gaussin," ID="r2l17_7" STYLEREFS="FONT0"/>
            <SP HEIGHT="48" WIDTH="14" VPOS="428" HPOS="659"/>
            <String HEIGHT="48" WIDTH="83" VPOS="428" HPOS="617" CONTENT="de" ID="r2l17_8" STYLEREFS="FONT0"/>
            <SP HEIGHT="48" WIDTH="14" VPOS="428" HPOS="700"/>
            <String HEIGHT="48" WIDTH="207" VPOS="428" HPOS="659" CONTENT="d’Alembert," ID="r2l17_9" STYLEREFS="FONT0"/>
            <SP HEIGHT="48" WIDTH="14" VPOS="428" HPOS="866"/>
            <String HEIGHT="48" WIDTH="83" VPOS="428" HPOS="824" CONTENT="de" ID="r2l17_10" STYLEREFS="FONT0"/>
            <SP HEIGHT="48" WIDTH="14" VPOS="428" HPOS="907"/>
            <String HEIGHT="48" WIDTH="111" VPOS="428" HPOS="866" CONTENT="Mlle" ID="r2l17_11" STYLEREFS="FONT0"/>
            <SP HEIGHT="48" WIDTH="14" VPOS="428" HPOS="977"/>
            <String HEIGHT="48" WIDTH="166" VPOS="428" HPOS="935" CONTENT="Clairon," ID="r2l17_12" STYLEREFS="FONT0"/>
            <SP HEIGHT="48" WIDTH="14" VPOS="428" HPOS="1101"/>
            <String HEIGHT="48" WIDTH="55" VPOS="428" HPOS="1046" CONTENT="de" ID="r2l17_13" STYLEREFS="FONT0"/>
          </TextLine>
          <TextLine ID="r2l18" BASELINE="517" HEIGHT="50" WIDTH="957" VPOS="467" HPOS="150">
            <String HEIGHT="50" WIDTH="131" VPOS="467" HPOS="136" CONTENT="ebrun" ID="r2l18_1" STYLEREFS="FONT0"/>
            <SP HEIGHT="50" WIDTH="15" VPOS="467" HPOS="266"/>
            <String HEIGHT="50" WIDTH="174" VPOS="467" HPOS="223" CONTENT="Pindare," ID="r2l18_2" STYLEREFS="FONT0"/>
            <SP HEIGHT="50" WIDTH="15" VPOS="467" HPOS="397"/>
            <String HEIGHT="50" WIDTH="87" VPOS="467" HPOS="353" CONTENT="de" ID="r2l18_3" STYLEREFS="FONT0"/>
            <SP HEIGHT="50" WIDTH="15" VPOS="467" HPOS="440"/>
            <String HEIGHT="50" WIDTH="116" VPOS="467" HPOS="397" CONTENT="Mlle" ID="r2l18_4" STYLEREFS="FONT0"/>
            <SP HEIGHT="50" WIDTH="15" VPOS="467" HPOS="513"/>
            <String HEIGHT="50" WIDTH="203" VPOS="467" HPOS="469" CONTENT="Corneille," ID="r2l18_5" STYLEREFS="FONT0"/>
            <SP HEIGHT="50" WIDTH="15" VPOS="467" HPOS="672"/>
            <String HEIGHT="50" WIDTH="87" VPOS="467" HPOS="629" CONTENT="de" ID="r2l18_6" STYLEREFS="FONT0"/>
            <SP HEIGHT="50" WIDTH="15" VPOS="467" HPOS="716"/>
            <String HEIGHT="50" WIDTH="87" VPOS="467" HPOS="672" CONTENT="la" ID="r2l18_7" STYLEREFS="FONT0"/>
            <SP HEIGHT="50" WIDTH="15" VPOS="467" HPOS="759"/>
            <String HEIGHT="50" WIDTH="218" VPOS="467" HPOS="716" CONTENT="candidature" ID="r2l18_8" STYLEREFS="FONT0"/>
            <SP HEIGHT="50" WIDTH="15" VPOS="467" HPOS="933"/>
            <String HEIGHT="50" WIDTH="87" VPOS="467" HPOS="890" CONTENT="de" ID="r2l18_9" STYLEREFS="FONT0"/>
            <SP HEIGHT="50" WIDTH="15" VPOS="467" HPOS="977"/>
            <String HEIGHT="50" WIDTH="189" VPOS="467" HPOS="933" CONTENT="Marmontel" ID="r2l18_10" STYLEREFS="FONT0"/>
            <SP HEIGHT="50" WIDTH="15" VPOS="467" HPOS="1122"/>
            <String HEIGHT="50" WIDTH="44" VPOS="467" HPOS="1064" CONTENT="à" ID="r2l18_11" STYLEREFS="FONT0"/>
          </TextLine>
          <TextLine ID="r2l19" BASELINE="547" HEIGHT="55" WIDTH="953" VPOS="492" HPOS="147">
            <String HEIGHT="55" WIDTH="204" VPOS="492" HPOS="133" CONTENT="l’Académie," ID="r2l19_1" STYLEREFS="FONT0"/>
            <SP HEIGHT="55" WIDTH="14" VPOS="492" HPOS="338"/>
            <String HEIGHT="55" WIDTH="82" VPOS="492" HPOS="297" CONTENT="de" ID="r2l19_2" STYLEREFS="FONT0"/>
            <SP HEIGHT="55" WIDTH="14" VPOS="492" HPOS="378"/>
            <String HEIGHT="55" WIDTH="136" VPOS="492" HPOS="338" CONTENT="livres" ID="r2l19_3" STYLEREFS="FONT0"/>
            <SP HEIGHT="55" WIDTH="14" VPOS="492" HPOS="474"/>
            <String HEIGHT="55" WIDTH="150" VPOS="492" HPOS="433" CONTENT="publiés" ID="r2l19_4" STYLEREFS="FONT0"/>
            <SP HEIGHT="55" WIDTH="14" VPOS="492" HPOS="583"/>
            <String HEIGHT="55" WIDTH="109" VPOS="492" HPOS="542" CONTENT="sous" ID="r2l19_5" STYLEREFS="FONT0"/>
            <SP HEIGHT="55" WIDTH="14" VPOS="492" HPOS="651"/>
            <String HEIGHT="55" WIDTH="95" VPOS="492" HPOS="610" CONTENT="son" ID="r2l19_6" STYLEREFS="FONT0"/>
            <SP HEIGHT="55" WIDTH="14" VPOS="492" HPOS="705"/>
            <String HEIGHT="55" WIDTH="109" VPOS="492" HPOS="664" CONTENT="nom." ID="r2l19_7" STYLEREFS="FONT0"/>
            <SP HEIGHT="55" WIDTH="14" VPOS="492" HPOS="773"/>
            <String HEIGHT="55" WIDTH="82" VPOS="492" HPOS="732" CONTENT="Il" ID="r2l19_8" STYLEREFS="FONT0"/>
            <SP HEIGHT="55" WIDTH="14" VPOS="492" HPOS="814"/>
            <String HEIGHT="55" WIDTH="109" VPOS="492" HPOS="773" CONTENT="fait" ID="r2l19_9" STYLEREFS="FONT0"/>
            <SP HEIGHT="55" WIDTH="14" VPOS="492" HPOS="882"/>
            <String HEIGHT="55" WIDTH="150" VPOS="492" HPOS="841" CONTENT="l’éloge" ID="r2l19_10" STYLEREFS="FONT0"/>
            <SP HEIGHT="55" WIDTH="14" VPOS="492" HPOS="991"/>
            <String HEIGHT="55" WIDTH="109" VPOS="492" HPOS="950" CONTENT="d’un" ID="r2l19_11" STYLEREFS="FONT0"/>
            <SP HEIGHT="55" WIDTH="14" VPOS="492" HPOS="1059"/>
            <String HEIGHT="55" WIDTH="95" VPOS="492" HPOS="1005" CONTENT="jeune" ID="r2l19_12" STYLEREFS="FONT0"/>
          </TextLine>
          <TextLine ID="r2l20" BASELINE="575" HEIGHT="46" WIDTH="953" VPOS="529" HPOS="148">
            <String HEIGHT="46" WIDTH="116" VPOS="529" HPOS="134" CONTENT="omme" ID="r2l20_1" STYLEREFS="FONT0"/>
            <SP HEIGHT="46" WIDTH="14" VPOS="529" HPOS="249"/>
            <String HEIGHT="46" WIDTH="101" VPOS="529" HPOS="206" CONTENT="qui" ID="r2l20_2" STYLEREFS="FONT0"/>
            <SP HEIGHT="46" WIDTH="14" VPOS="529" HPOS="307"/>
            <String HEIGHT="46" WIDTH="144" VPOS="529" HPOS="264" CONTENT="promet" ID="r2l20_3" STYLEREFS="FONT0"/>
            <SP HEIGHT="46" WIDTH="14" VPOS="529" HPOS="408"/>
            <String HEIGHT="46" WIDTH="188" VPOS="529" HPOS="365" CONTENT="beaucoup," ID="r2l20_4" STYLEREFS="FONT0"/>
            <SP HEIGHT="46" WIDTH="14" VPOS="529" HPOS="552"/>
            <String HEIGHT="46" WIDTH="87" VPOS="529" HPOS="509" CONTENT="M." ID="r2l20_5" STYLEREFS="FONT0"/>
            <SP HEIGHT="46" WIDTH="14" VPOS="529" HPOS="596"/>
            <String HEIGHT="46" WIDTH="87" VPOS="529" HPOS="552" CONTENT="de" ID="r2l20_6" STYLEREFS="FONT0"/>
            <SP HEIGHT="46" WIDTH="14" VPOS="529" HPOS="639"/>
            <String HEIGHT="46" WIDTH="173" VPOS="529" HPOS="596" CONTENT="Laharpe," ID="r2l20_7" STYLEREFS="FONT0"/>
            <SP HEIGHT="46" WIDTH="14" VPOS="529" HPOS="769"/>
            <String HEIGHT="46" WIDTH="144" VPOS="529" HPOS="726" CONTENT="auteur" ID="r2l20_8" STYLEREFS="FONT0"/>
            <SP HEIGHT="46" WIDTH="14" VPOS="529" HPOS="870"/>
            <String HEIGHT="46" WIDTH="87" VPOS="529" HPOS="827" CONTENT="de" ID="r2l20_9" STYLEREFS="FONT0"/>
            <SP HEIGHT="46" WIDTH="14" VPOS="529" HPOS="913"/>
            <String HEIGHT="46" WIDTH="245" VPOS="529" HPOS="856" CONTENT="Warwick" ID="r2l20_10" STYLEREFS="FONT2"/>
          </TextLine>
          <TextLine ID="r2l21" BASELINE="612" HEIGHT="51" WIDTH="955" VPOS="561" HPOS="146">
            <String HEIGHT="51" WIDTH="63" VPOS="561" HPOS="133" CONTENT="l" ID="r2l21_1" STYLEREFS="FONT0"/>
            <SP HEIGHT="51" WIDTH="13" VPOS="561" HPOS="196"/>
            <String HEIGHT="51" WIDTH="126" VPOS="561" HPOS="159" CONTENT="raille" ID="r2l21_2" STYLEREFS="FONT0"/>
            <SP HEIGHT="51" WIDTH="13" VPOS="561" HPOS="284"/>
            <String HEIGHT="51" WIDTH="75" VPOS="561" HPOS="247" CONTENT="le" ID="r2l21_3" STYLEREFS="FONT0"/>
            <SP HEIGHT="51" WIDTH="13" VPOS="561" HPOS="322"/>
            <String HEIGHT="51" WIDTH="138" VPOS="561" HPOS="284" CONTENT="public," ID="r2l21_4" STYLEREFS="FONT0"/>
            <SP HEIGHT="51" WIDTH="13" VPOS="561" HPOS="422"/>
            <String HEIGHT="51" WIDTH="88" VPOS="561" HPOS="385" CONTENT="qui" ID="r2l21_5" STYLEREFS="FONT0"/>
            <SP HEIGHT="51" WIDTH="13" VPOS="561" HPOS="473"/>
            <String HEIGHT="51" WIDTH="163" VPOS="561" HPOS="435" CONTENT="applaudit" ID="r2l21_6" STYLEREFS="FONT0"/>
            <SP HEIGHT="51" WIDTH="13" VPOS="561" HPOS="598"/>
            <String HEIGHT="51" WIDTH="75" VPOS="561" HPOS="561" CONTENT="sa" ID="r2l21_7" STYLEREFS="FONT0"/>
            <SP HEIGHT="51" WIDTH="13" VPOS="561" HPOS="636"/>
            <String HEIGHT="51" WIDTH="151" VPOS="561" HPOS="598" CONTENT="tragédie" ID="r2l21_8" STYLEREFS="FONT0"/>
            <SP HEIGHT="51" WIDTH="13" VPOS="561" HPOS="749"/>
            <String HEIGHT="51" WIDTH="226" VPOS="561" HPOS="711" CONTENT="d'Adélaiïde" ID="r2l21_9" STYLEREFS="FONT2"/>
            <SP HEIGHT="51" WIDTH="13" VPOS="561" HPOS="938"/>
            <String HEIGHT="51" WIDTH="214" VPOS="561" HPOS="887" CONTENT="Duguesclin," ID="r2l21_10" STYLEREFS="FONT2"/>
          </TextLine>
          <TextLine ID="r2l22" BASELINE="639" HEIGHT="45" WIDTH="957" VPOS="594" HPOS="143">
            <String HEIGHT="45" WIDTH="113" VPOS="594" HPOS="130" CONTENT="après" ID="r2l22_1" STYLEREFS="FONT0"/>
            <SP HEIGHT="45" WIDTH="13" VPOS="594" HPOS="244"/>
            <String HEIGHT="45" WIDTH="139" VPOS="594" HPOS="206" CONTENT="l’avoir" ID="r2l22_2" STYLEREFS="FONT0"/>
            <SP HEIGHT="45" WIDTH="13" VPOS="594" HPOS="344"/>
            <String HEIGHT="45" WIDTH="139" VPOS="594" HPOS="307" CONTENT="sifflée" ID="r2l22_3" STYLEREFS="FONT0"/>
            <SP HEIGHT="45" WIDTH="13" VPOS="594" HPOS="445"/>
            <String HEIGHT="45" WIDTH="76" VPOS="594" HPOS="407" CONTENT="il" ID="r2l22_4" STYLEREFS="FONT0"/>
            <SP HEIGHT="45" WIDTH="13" VPOS="594" HPOS="483"/>
            <String HEIGHT="45" WIDTH="63" VPOS="594" HPOS="445" CONTENT="y" ID="r2l22_5" STYLEREFS="FONT0"/>
            <SP HEIGHT="45" WIDTH="13" VPOS="594" HPOS="508"/>
            <String HEIGHT="45" WIDTH="63" VPOS="594" HPOS="470" CONTENT="a" ID="r2l22_6" STYLEREFS="FONT0"/>
            <SP HEIGHT="45" WIDTH="13" VPOS="594" HPOS="533"/>
            <String HEIGHT="45" WIDTH="126" VPOS="594" HPOS="496" CONTENT="trente" ID="r2l22_7" STYLEREFS="FONT0"/>
            <SP HEIGHT="45" WIDTH="13" VPOS="594" HPOS="622"/>
            <String HEIGHT="45" WIDTH="101" VPOS="594" HPOS="584" CONTENT="ans." ID="r2l22_8" STYLEREFS="FONT0"/>
            <SP HEIGHT="45" WIDTH="13" VPOS="594" HPOS="684"/>
            <String HEIGHT="45" WIDTH="76" VPOS="594" HPOS="647" CONTENT="Il" ID="r2l22_9" STYLEREFS="FONT0"/>
            <SP HEIGHT="45" WIDTH="13" VPOS="594" HPOS="722"/>
            <String HEIGHT="45" WIDTH="76" VPOS="594" HPOS="684" CONTENT="se" ID="r2l22_10" STYLEREFS="FONT0"/>
            <SP HEIGHT="45" WIDTH="13" VPOS="594" HPOS="760"/>
            <String HEIGHT="45" WIDTH="126" VPOS="594" HPOS="722" CONTENT="défend" ID="r2l22_11" STYLEREFS="FONT0"/>
            <SP HEIGHT="45" WIDTH="13" VPOS="594" HPOS="848"/>
            <String HEIGHT="45" WIDTH="139" VPOS="594" HPOS="810" CONTENT="d’avoir" ID="r2l22_12" STYLEREFS="FONT0"/>
            <SP HEIGHT="45" WIDTH="13" VPOS="594" HPOS="949"/>
            <String HEIGHT="45" WIDTH="101" VPOS="594" HPOS="911" CONTENT="fait" ID="r2l22_13" STYLEREFS="FONT0"/>
            <SP HEIGHT="45" WIDTH="13" VPOS="594" HPOS="1012"/>
            <String HEIGHT="45" WIDTH="88" VPOS="594" HPOS="974" CONTENT="des" ID="r2l22_14" STYLEREFS="FONT0"/>
            <SP HEIGHT="45" WIDTH="13" VPOS="594" HPOS="1062"/>
            <String HEIGHT="45" WIDTH="88" VPOS="594" HPOS="1012" CONTENT="notes" ID="r2l22_15" STYLEREFS="FONT0"/>
          </TextLine>
          <TextLine ID="r2l23" BASELINE="672" HEIGHT="44" WIDTH="511" VPOS="628" HPOS="144">
            <String HEIGHT="44" WIDTH="97" VPOS="628" HPOS="130" CONTENT="sur" ID="r2l23_1" STYLEREFS="FONT0"/>
            <SP HEIGHT="44" WIDTH="14" VPOS="628" HPOS="227"/>
            <String HEIGHT="44" WIDTH="152" VPOS="628" HPOS="185" CONTENT="Fréron," ID="r2l23_2" STYLEREFS="FONT0"/>
            <SP HEIGHT="44" WIDTH="14" VPOS="628" HPOS="337"/>
            <String HEIGHT="44" WIDTH="124" VPOS="628" HPOS="296" CONTENT="qu’il" ID="r2l23_3" STYLEREFS="FONT0"/>
            <SP HEIGHT="44" WIDTH="14" VPOS="628" HPOS="420"/>
            <String HEIGHT="44" WIDTH="83" VPOS="628" HPOS="379" CONTENT="ne" ID="r2l23_4" STYLEREFS="FONT0"/>
            <SP HEIGHT="44" WIDTH="14" VPOS="628" HPOS="462"/>
            <String HEIGHT="44" WIDTH="152" VPOS="628" HPOS="420" CONTENT="connaît" ID="r2l23_5" STYLEREFS="FONT0"/>
            <SP HEIGHT="44" WIDTH="14" VPOS="628" HPOS="572"/>
            <String HEIGHT="44" WIDTH="97" VPOS="628" HPOS="531" CONTENT="pas" ID="r2l23_6" STYLEREFS="FONT0"/>
            <SP HEIGHT="44" WIDTH="14" VPOS="628" HPOS="627"/>
            <String HEIGHT="44" WIDTH="83" VPOS="628" HPOS="572" CONTENT="etc." ID="r2l23_7" STYLEREFS="FONT0"/>
          </TextLine>
          <TextLine ID="r2l24" BASELINE="716" HEIGHT="58" WIDTH="961" VPOS="658" HPOS="142">
            <String HEIGHT="58" WIDTH="120" VPOS="658" HPOS="129" CONTENT="21424" ID="r2l24_1" STYLEREFS="FONT0"/>
            <SP HEIGHT="58" WIDTH="13" VPOS="658" HPOS="249"/>
            <String HEIGHT="58" WIDTH="147" VPOS="658" HPOS="209" CONTENT="WEBSTER" ID="r2l24_2" STYLEREFS="FONT0"/>
            <SP HEIGHT="58" WIDTH="13" VPOS="658" HPOS="356"/>
            <String HEIGHT="58" WIDTH="174" VPOS="658" HPOS="316" CONTENT="(Daniel)," ID="r2l24_3" STYLEREFS="FONT0"/>
            <SP HEIGHT="58" WIDTH="13" VPOS="658" HPOS="489"/>
            <String HEIGHT="58" WIDTH="147" VPOS="658" HPOS="449" CONTENT="célèbre" ID="r2l24_4" STYLEREFS="FONT0"/>
            <SP HEIGHT="58" WIDTH="13" VPOS="658" HPOS="596"/>
            <String HEIGHT="58" WIDTH="120" VPOS="658" HPOS="556" CONTENT="homme" ID="r2l24_5" STYLEREFS="FONT0"/>
            <SP HEIGHT="58" WIDTH="13" VPOS="658" HPOS="676"/>
            <String HEIGHT="58" WIDTH="133" VPOS="658" HPOS="636" CONTENT="d’Etat" ID="r2l24_6" STYLEREFS="FONT0"/>
            <SP HEIGHT="58" WIDTH="13" VPOS="658" HPOS="769"/>
            <String HEIGHT="58" WIDTH="187" VPOS="658" HPOS="729" CONTENT="américain," ID="r2l24_7" STYLEREFS="FONT0"/>
            <SP HEIGHT="58" WIDTH="13" VPOS="658" HPOS="916"/>
            <String HEIGHT="58" WIDTH="80" VPOS="658" HPOS="876" CONTENT="un" ID="r2l24_8" STYLEREFS="FONT0"/>
            <SP HEIGHT="58" WIDTH="13" VPOS="658" HPOS="956"/>
            <String HEIGHT="58" WIDTH="93" VPOS="658" HPOS="916" CONTENT="des" ID="r2l24_9" STYLEREFS="FONT0"/>
            <SP HEIGHT="58" WIDTH="13" VPOS="658" HPOS="1010"/>
            <String HEIGHT="58" WIDTH="147" VPOS="658" HPOS="956" CONTENT="meilleurs" ID="r2l24_10" STYLEREFS="FONT0"/>
          </TextLine>
          <TextLine ID="r2l25" BASELINE="752" HEIGHT="51" WIDTH="799" VPOS="701" HPOS="148">
            <String HEIGHT="51" WIDTH="139" VPOS="701" HPOS="136" CONTENT="orateurs" ID="r2l25_1" STYLEREFS="FONT0"/>
            <SP HEIGHT="51" WIDTH="12" VPOS="701" HPOS="275"/>
            <String HEIGHT="51" WIDTH="69" VPOS="701" HPOS="241" CONTENT="de" ID="r2l25_2" STYLEREFS="FONT0"/>
            <SP HEIGHT="51" WIDTH="12" VPOS="701" HPOS="310"/>
            <String HEIGHT="51" WIDTH="81" VPOS="701" HPOS="275" CONTENT="son" ID="r2l25_3" STYLEREFS="FONT0"/>
            <SP HEIGHT="51" WIDTH="12" VPOS="701" HPOS="356"/>
            <String HEIGHT="51" WIDTH="116" VPOS="701" HPOS="322" CONTENT="temps." ID="r2l25_4" STYLEREFS="FONT0"/>
            <SP HEIGHT="51" WIDTH="12" VPOS="701" HPOS="437"/>
            <String HEIGHT="51" WIDTH="104" VPOS="701" HPOS="403" CONTENT="L." ID="r2l25_5" STYLEREFS="FONT2"/>
            <SP HEIGHT="51" WIDTH="12" VPOS="701" HPOS="507"/>
            <String HEIGHT="51" WIDTH="69" VPOS="701" HPOS="472" CONTENT="a." ID="r2l25_6" STYLEREFS="FONT2"/>
            <SP HEIGHT="51" WIDTH="12" VPOS="701" HPOS="542"/>
            <String HEIGHT="51" WIDTH="127" VPOS="701" HPOS="507" CONTENT="s." ID="r2l25_7" STYLEREFS="FONT2"/>
            <SP HEIGHT="51" WIDTH="12" VPOS="701" HPOS="634"/>
            <String HEIGHT="51" WIDTH="69" VPOS="701" HPOS="600" CONTENT="24" ID="r2l25_8" STYLEREFS="FONT0"/>
            <SP HEIGHT="51" WIDTH="12" VPOS="701" HPOS="669"/>
            <String HEIGHT="51" WIDTH="104" VPOS="701" HPOS="634" CONTENT="avril" ID="r2l25_9" STYLEREFS="FONT0"/>
            <SP HEIGHT="51" WIDTH="12" VPOS="701" HPOS="739"/>
            <String HEIGHT="51" WIDTH="104" VPOS="701" HPOS="704" CONTENT="1838," ID="r2l25_10" STYLEREFS="FONT0"/>
            <SP HEIGHT="51" WIDTH="12" VPOS="701" HPOS="808"/>
            <String HEIGHT="51" WIDTH="58" VPOS="701" HPOS="773" CONTENT="1" ID="r2l25_11" STYLEREFS="FONT0"/>
            <SP HEIGHT="51" WIDTH="12" VPOS="701" HPOS="831"/>
            <String HEIGHT="51" WIDTH="69" VPOS="701" HPOS="796" CONTENT="p." ID="r2l25_12" STYLEREFS="FONT0"/>
            <SP HEIGHT="51" WIDTH="12" VPOS="701" HPOS="866"/>
            <String HEIGHT="51" WIDTH="104" VPOS="701" HPOS="831" CONTENT="in-4." ID="r2l25_13" STYLEREFS="FONT0"/>
            <SP HEIGHT="51" WIDTH="12" VPOS="701" HPOS="935"/>
            <String HEIGHT="51" WIDTH="58" VPOS="701" HPOS="901" CONTENT="3" ID="r2l25_14" STYLEREFS="FONT0"/>
            <SP HEIGHT="51" WIDTH="12" VPOS="701" HPOS="959"/>
            <String HEIGHT="51" WIDTH="35" VPOS="701" HPOS="912" CONTENT="»" ID="r2l25_15" STYLEREFS="FONT0"/>
          </TextLine>
          <TextLine ID="r2l28" BASELINE="857" HEIGHT="57" WIDTH="955" VPOS="800" HPOS="142">
            <String HEIGHT="57" WIDTH="130" VPOS="800" HPOS="128" CONTENT="21425" ID="r2l28_1" STYLEREFS="FONT0"/>
            <SP HEIGHT="57" WIDTH="14" VPOS="800" HPOS="258"/>
            <String HEIGHT="57" WIDTH="130" VPOS="800" HPOS="214" CONTENT="AMYOT" ID="r2l28_2" STYLEREFS="FONT0"/>
            <SP HEIGHT="57" WIDTH="14" VPOS="800" HPOS="345"/>
            <String HEIGHT="57" WIDTH="203" VPOS="800" HPOS="301" CONTENT="(Jacques)," ID="r2l28_3" STYLEREFS="FONT0"/>
            <SP HEIGHT="57" WIDTH="14" VPOS="800" HPOS="504"/>
            <String HEIGHT="57" WIDTH="145" VPOS="800" HPOS="460" CONTENT="évêque" ID="r2l28_4" STYLEREFS="FONT0"/>
            <SP HEIGHT="57" WIDTH="14" VPOS="800" HPOS="605"/>
            <String HEIGHT="57" WIDTH="203" VPOS="800" HPOS="562" CONTENT="d’Auxerre," ID="r2l28_5" STYLEREFS="FONT0"/>
            <SP HEIGHT="57" WIDTH="14" VPOS="800" HPOS="764"/>
            <String HEIGHT="57" WIDTH="260" VPOS="800" HPOS="721" CONTENT="grand-aumônier" ID="r2l28_6" STYLEREFS="FONT0"/>
            <SP HEIGHT="57" WIDTH="14" VPOS="800" HPOS="981"/>
            <String HEIGHT="57" WIDTH="87" VPOS="800" HPOS="938" CONTENT="de" ID="r2l28_7" STYLEREFS="FONT0"/>
            <SP HEIGHT="57" WIDTH="14" VPOS="800" HPOS="1025"/>
            <String HEIGHT="57" WIDTH="130" VPOS="800" HPOS="967" CONTENT="France," ID="r2l28_8" STYLEREFS="FONT0"/>
          </TextLine>
          <TextLine ID="r2l29" BASELINE="901" HEIGHT="50" WIDTH="966" VPOS="851" HPOS="137">
            <String HEIGHT="50" WIDTH="180" VPOS="851" HPOS="124" CONTENT="traducteur" ID="r2l29_1" STYLEREFS="FONT0"/>
            <SP HEIGHT="50" WIDTH="13" VPOS="851" HPOS="304"/>
            <String HEIGHT="50" WIDTH="77" VPOS="851" HPOS="266" CONTENT="de" ID="r2l29_2" STYLEREFS="FONT0"/>
            <SP HEIGHT="50" WIDTH="13" VPOS="851" HPOS="343"/>
            <String HEIGHT="50" WIDTH="180" VPOS="851" HPOS="304" CONTENT="Plutarque." ID="r2l29_3" STYLEREFS="FONT0"/>
            <SP HEIGHT="50" WIDTH="13" VPOS="851" HPOS="485"/>
            <String HEIGHT="50" WIDTH="129" VPOS="851" HPOS="446" CONTENT="Pièce," ID="r2l29_4" STYLEREFS="FONT0"/>
            <SP HEIGHT="50" WIDTH="13" VPOS="851" HPOS="575"/>
            <String HEIGHT="50" WIDTH="77" VPOS="851" HPOS="536" CONTENT="en" ID="r2l29_5" STYLEREFS="FONT0"/>
            <SP HEIGHT="50" WIDTH="13" VPOS="851" HPOS="614"/>
            <String HEIGHT="50" WIDTH="129" VPOS="851" HPOS="575" CONTENT="latin," ID="r2l29_6" STYLEREFS="FONT0"/>
            <SP HEIGHT="50" WIDTH="13" VPOS="851" HPOS="704"/>
            <String HEIGHT="50" WIDTH="103" VPOS="851" HPOS="665" CONTENT="sig." ID="r2l29_7" STYLEREFS="FONT0"/>
            <SP HEIGHT="50" WIDTH="13" VPOS="851" HPOS="768"/>
            <String HEIGHT="50" WIDTH="129" VPOS="851" HPOS="729" CONTENT="Ja." ID="r2l29_8" STYLEREFS="FONT2"/>
            <SP HEIGHT="50" WIDTH="13" VPOS="851" HPOS="858"/>
            <String HEIGHT="50" WIDTH="129" VPOS="851" HPOS="820" CONTENT="Amyot," ID="r2l29_9" STYLEREFS="FONT2"/>
            <SP HEIGHT="50" WIDTH="13" VPOS="851" HPOS="948"/>
            <String HEIGHT="50" WIDTH="129" VPOS="851" HPOS="910" CONTENT="episc." ID="r2l29_10" STYLEREFS="FONT2"/>
            <SP HEIGHT="50" WIDTH="13" VPOS="851" HPOS="1039"/>
            <String HEIGHT="50" WIDTH="116" VPOS="851" HPOS="987" CONTENT="Au" ID="r2l29_11" STYLEREFS="FONT2"/>
          </TextLine>
          <TextLine ID="r2l30" BASELINE="936" HEIGHT="51" WIDTH="957" VPOS="885" HPOS="139">
            <String HEIGHT="51" WIDTH="297" VPOS="885" HPOS="126" CONTENT="tissrodorensis," ID="r2l30_1" STYLEREFS="FONT2"/>
            <SP HEIGHT="51" WIDTH="13" VPOS="885" HPOS="422"/>
            <String HEIGHT="51" WIDTH="135" VPOS="885" HPOS="382" CONTENT="magnus" ID="r2l30_2" STYLEREFS="FONT2"/>
            <SP HEIGHT="51" WIDTH="13" VPOS="885" HPOS="516"/>
            <String HEIGHT="51" WIDTH="297" VPOS="885" HPOS="476" CONTENT="eleemosynarius" ID="r2l30_3" STYLEREFS="FONT2"/>
            <SP HEIGHT="51" WIDTH="13" VPOS="885" HPOS="773"/>
            <String HEIGHT="51" WIDTH="81" VPOS="885" HPOS="732" CONTENT="11" ID="r2l30_4" STYLEREFS="FONT0"/>
            <SP HEIGHT="51" WIDTH="13" VPOS="885" HPOS="813"/>
            <String HEIGHT="51" WIDTH="108" VPOS="885" HPOS="773" CONTENT="août" ID="r2l30_5" STYLEREFS="FONT0"/>
            <SP HEIGHT="51" WIDTH="13" VPOS="885" HPOS="880"/>
            <String HEIGHT="51" WIDTH="121" VPOS="885" HPOS="840" CONTENT="1576," ID="r2l30_6" STYLEREFS="FONT0"/>
            <SP HEIGHT="51" WIDTH="13" VPOS="885" HPOS="961"/>
            <String HEIGHT="51" WIDTH="67" VPOS="885" HPOS="921" CONTENT="1" ID="r2l30_7" STYLEREFS="FONT0"/>
            <SP HEIGHT="51" WIDTH="13" VPOS="885" HPOS="988"/>
            <String HEIGHT="51" WIDTH="81" VPOS="885" HPOS="948" CONTENT="p." ID="r2l30_8" STYLEREFS="FONT0"/>
            <SP HEIGHT="51" WIDTH="13" VPOS="885" HPOS="1029"/>
            <String HEIGHT="51" WIDTH="121" VPOS="885" HPOS="975" CONTENT="in" ID="r2l30_9" STYLEREFS="FONT0"/>
          </TextLine>
          <TextLine ID="r2l31" BASELINE="961" HEIGHT="59" WIDTH="654" VPOS="902" HPOS="135">
            <String HEIGHT="59" WIDTH="136" VPOS="902" HPOS="123" CONTENT="oblong." ID="r2l31_1" STYLEREFS="FONT0"/>
            <SP HEIGHT="59" WIDTH="12" VPOS="902" HPOS="258"/>
            <String HEIGHT="59" WIDTH="74" VPOS="902" HPOS="221" CONTENT="Un" ID="r2l31_2" STYLEREFS="FONT0"/>
            <SP HEIGHT="59" WIDTH="12" VPOS="902" HPOS="295"/>
            <String HEIGHT="59" WIDTH="111" VPOS="902" HPOS="258" CONTENT="petit" ID="r2l31_3" STYLEREFS="FONT0"/>
            <SP HEIGHT="59" WIDTH="12" VPOS="902" HPOS="369"/>
            <String HEIGHT="59" WIDTH="99" VPOS="902" HPOS="332" CONTENT="trou" ID="r2l31_4" STYLEREFS="FONT0"/>
            <SP HEIGHT="59" WIDTH="12" VPOS="902" HPOS="431"/>
            <String HEIGHT="59" WIDTH="148" VPOS="902" HPOS="394" CONTENT="enlevant" ID="r2l31_5" STYLEREFS="FONT0"/>
            <SP HEIGHT="59" WIDTH="12" VPOS="902" HPOS="542"/>
            <String HEIGHT="59" WIDTH="148" VPOS="902" HPOS="505" CONTENT="quelques" ID="r2l31_6" STYLEREFS="FONT0"/>
            <SP HEIGHT="59" WIDTH="12" VPOS="902" HPOS="653"/>
            <String HEIGHT="59" WIDTH="148" VPOS="902" HPOS="616" CONTENT="lettres." ID="r2l31_7" STYLEREFS="FONT0"/>
            <SP HEIGHT="59" WIDTH="12" VPOS="902" HPOS="764"/>
            <String HEIGHT="59" WIDTH="74" VPOS="902" HPOS="727" CONTENT="12" ID="r2l31_8" STYLEREFS="FONT0"/>
            <SP HEIGHT="59" WIDTH="12" VPOS="902" HPOS="801"/>
            <String HEIGHT="59" WIDTH="37" VPOS="902" HPOS="752" CONTENT="»" ID="r2l31_9" STYLEREFS="FONT0"/>
          </TextLine>
          <TextLine ID="r2l33" BASELINE="1005" HEIGHT="67" WIDTH="932" VPOS="938" HPOS="167">
            <String HEIGHT="67" WIDTH="82" VPOS="938" HPOS="153" CONTENT="Il" ID="r2l33_1" STYLEREFS="FONT0"/>
            <SP HEIGHT="67" WIDTH="14" VPOS="938" HPOS="236"/>
            <String HEIGHT="67" WIDTH="151" VPOS="938" HPOS="194" CONTENT="déclare" ID="r2l33_2" STYLEREFS="FONT0"/>
            <SP HEIGHT="67" WIDTH="14" VPOS="938" HPOS="345"/>
            <String HEIGHT="67" WIDTH="123" VPOS="938" HPOS="304" CONTENT="avoir" ID="r2l33_3" STYLEREFS="FONT0"/>
            <SP HEIGHT="67" WIDTH="14" VPOS="938" HPOS="427"/>
            <String HEIGHT="67" WIDTH="82" VPOS="938" HPOS="386" CONTENT="vu" ID="r2l33_4" STYLEREFS="FONT0"/>
            <SP HEIGHT="67" WIDTH="14" VPOS="938" HPOS="469"/>
            <String HEIGHT="67" WIDTH="96" VPOS="938" HPOS="427" CONTENT="les" ID="r2l33_5" STYLEREFS="FONT0"/>
            <SP HEIGHT="67" WIDTH="14" VPOS="938" HPOS="523"/>
            <String HEIGHT="67" WIDTH="151" VPOS="938" HPOS="482" CONTENT="lettres" ID="r2l33_6" STYLEREFS="FONT0"/>
            <SP HEIGHT="67" WIDTH="14" VPOS="938" HPOS="633"/>
            <String HEIGHT="67" WIDTH="82" VPOS="938" HPOS="592" CONTENT="du" ID="r2l33_7" STYLEREFS="FONT0"/>
            <SP HEIGHT="67" WIDTH="14" VPOS="938" HPOS="674"/>
            <String HEIGHT="67" WIDTH="110" VPOS="938" HPOS="633" CONTENT="pape" ID="r2l33_8" STYLEREFS="FONT0"/>
            <SP HEIGHT="67" WIDTH="14" VPOS="938" HPOS="743"/>
            <String HEIGHT="67" WIDTH="164" VPOS="938" HPOS="702" CONTENT="Grégoire" ID="r2l33_9" STYLEREFS="FONT0"/>
            <SP HEIGHT="67" WIDTH="14" VPOS="938" HPOS="866"/>
            <String HEIGHT="67" WIDTH="123" VPOS="938" HPOS="825" CONTENT="XIII," ID="r2l33_10" STYLEREFS="FONT0"/>
            <SP HEIGHT="67" WIDTH="14" VPOS="938" HPOS="948"/>
            <String HEIGHT="67" WIDTH="96" VPOS="938" HPOS="907" CONTENT="qui" ID="r2l33_11" STYLEREFS="FONT0"/>
            <SP HEIGHT="67" WIDTH="14" VPOS="938" HPOS="1003"/>
            <String HEIGHT="67" WIDTH="151" VPOS="938" HPOS="948" CONTENT="accordent" ID="r2l33_12" STYLEREFS="FONT0"/>
          </TextLine>
          <TextLine ID="r2l34" BASELINE="1029" HEIGHT="37" WIDTH="960" VPOS="992" HPOS="135">
            <String HEIGHT="37" WIDTH="97" VPOS="992" HPOS="121" CONTENT="une" ID="r2l34_1" STYLEREFS="FONT0"/>
            <SP HEIGHT="37" WIDTH="14" VPOS="992" HPOS="218"/>
            <String HEIGHT="37" WIDTH="167" VPOS="992" HPOS="177" CONTENT="dispense" ID="r2l34_2" STYLEREFS="FONT0"/>
            <SP HEIGHT="37" WIDTH="14" VPOS="992" HPOS="344"/>
            <String HEIGHT="37" WIDTH="70" VPOS="992" HPOS="302" CONTENT="à" ID="r2l34_3" STYLEREFS="FONT0"/>
            <SP HEIGHT="37" WIDTH="14" VPOS="992" HPOS="372"/>
            <String HEIGHT="37" WIDTH="139" VPOS="992" HPOS="330" CONTENT="Hubert" ID="r2l34_4" STYLEREFS="FONT0"/>
            <SP HEIGHT="37" WIDTH="14" VPOS="992" HPOS="469"/>
            <String HEIGHT="37" WIDTH="83" VPOS="992" HPOS="427" CONTENT="de" ID="r2l34_5" STYLEREFS="FONT0"/>
            <SP HEIGHT="37" WIDTH="14" VPOS="992" HPOS="511"/>
            <String HEIGHT="37" WIDTH="83" VPOS="992" HPOS="469" CONTENT="La" ID="r2l34_6" STYLEREFS="FONT0"/>
            <SP HEIGHT="37" WIDTH="14" VPOS="992" HPOS="552"/>
            <String HEIGHT="37" WIDTH="153" VPOS="992" HPOS="511" CONTENT="Rivière" ID="r2l34_7" STYLEREFS="FONT0"/>
            <SP HEIGHT="37" WIDTH="14" VPOS="992" HPOS="664"/>
            <String HEIGHT="37" WIDTH="83" VPOS="992" HPOS="622" CONTENT="et" ID="r2l34_8" STYLEREFS="FONT0"/>
            <SP HEIGHT="37" WIDTH="14" VPOS="992" HPOS="705"/>
            <String HEIGHT="37" WIDTH="70" VPOS="992" HPOS="664" CONTENT="à" ID="r2l34_9" STYLEREFS="FONT0"/>
            <SP HEIGHT="37" WIDTH="14" VPOS="992" HPOS="733"/>
            <String HEIGHT="37" WIDTH="181" VPOS="992" HPOS="692" CONTENT="Madeleine" ID="r2l34_10" STYLEREFS="FONT0"/>
            <SP HEIGHT="37" WIDTH="14" VPOS="992" HPOS="872"/>
            <String HEIGHT="37" WIDTH="83" VPOS="992" HPOS="831" CONTENT="de" ID="r2l34_11" STYLEREFS="FONT0"/>
            <SP HEIGHT="37" WIDTH="14" VPOS="992" HPOS="914"/>
            <String HEIGHT="37" WIDTH="83" VPOS="992" HPOS="872" CONTENT="La" ID="r2l34_12" STYLEREFS="FONT0"/>
            <SP HEIGHT="37" WIDTH="14" VPOS="992" HPOS="956"/>
            <String HEIGHT="37" WIDTH="153" VPOS="992" HPOS="914" CONTENT="Rivière" ID="r2l34_13" STYLEREFS="FONT0"/>
            <SP HEIGHT="37" WIDTH="14" VPOS="992" HPOS="1067"/>
            <String HEIGHT="37" WIDTH="83" VPOS="992" HPOS="1012" CONTENT="pour" ID="r2l34_14" STYLEREFS="FONT0"/>
          </TextLine>
          <TextLine ID="r2l35" BASELINE="1064" HEIGHT="44" WIDTH="951" VPOS="1020" HPOS="140">
            <String HEIGHT="44" WIDTH="188" VPOS="1020" HPOS="127" CONTENT="contracter" ID="r2l35_1" STYLEREFS="FONT0"/>
            <SP HEIGHT="44" WIDTH="13" VPOS="1020" HPOS="314"/>
            <String HEIGHT="44" WIDTH="147" VPOS="1020" HPOS="274" CONTENT="mariage" ID="r2l35_2" STYLEREFS="FONT0"/>
            <SP HEIGHT="44" WIDTH="13" VPOS="1020" HPOS="421"/>
            <String HEIGHT="44" WIDTH="121" VPOS="1020" HPOS="381" CONTENT="entre" ID="r2l35_3" STYLEREFS="FONT0"/>
            <SP HEIGHT="44" WIDTH="13" VPOS="1020" HPOS="502"/>
            <String HEIGHT="44" WIDTH="107" VPOS="1020" HPOS="461" CONTENT="eux." ID="r2l35_4" STYLEREFS="FONT0"/>
            <SP HEIGHT="44" WIDTH="13" VPOS="1020" HPOS="569"/>
            <String HEIGHT="44" WIDTH="67" VPOS="1020" HPOS="528" CONTENT="—" ID="r2l35_5" STYLEREFS="FONT0"/>
            <SP HEIGHT="44" WIDTH="13" VPOS="1020" HPOS="595"/>
            <String HEIGHT="44" WIDTH="80" VPOS="1020" HPOS="555" CONTENT="On" ID="r2l35_6" STYLEREFS="FONT0"/>
            <SP HEIGHT="44" WIDTH="13" VPOS="1020" HPOS="636"/>
            <String HEIGHT="44" WIDTH="67" VPOS="1020" HPOS="595" CONTENT="a" ID="r2l35_7" STYLEREFS="FONT0"/>
            <SP HEIGHT="44" WIDTH="13" VPOS="1020" HPOS="662"/>
            <String HEIGHT="44" WIDTH="121" VPOS="1020" HPOS="622" CONTENT="joint" ID="r2l35_8" STYLEREFS="FONT0"/>
            <SP HEIGHT="44" WIDTH="13" VPOS="1020" HPOS="743"/>
            <String HEIGHT="44" WIDTH="94" VPOS="1020" HPOS="703" CONTENT="les" ID="r2l35_9" STYLEREFS="FONT0"/>
            <SP HEIGHT="44" WIDTH="13" VPOS="1020" HPOS="796"/>
            <String HEIGHT="44" WIDTH="147" VPOS="1020" HPOS="756" CONTENT="lettres" ID="r2l35_10" STYLEREFS="FONT0"/>
            <SP HEIGHT="44" WIDTH="13" VPOS="1020" HPOS="903"/>
            <String HEIGHT="44" WIDTH="80" VPOS="1020" HPOS="863" CONTENT="du" ID="r2l35_11" STYLEREFS="FONT0"/>
            <SP HEIGHT="44" WIDTH="13" VPOS="1020" HPOS="944"/>
            <String HEIGHT="44" WIDTH="94" VPOS="1020" HPOS="903" CONTENT="roi" ID="r2l35_12" STYLEREFS="FONT0"/>
            <SP HEIGHT="44" WIDTH="13" VPOS="1020" HPOS="997"/>
            <String HEIGHT="44" WIDTH="121" VPOS="1020" HPOS="957" CONTENT="Henri" ID="r2l35_13" STYLEREFS="FONT0"/>
            <SP HEIGHT="44" WIDTH="13" VPOS="1020" HPOS="1078"/>
            <String HEIGHT="44" WIDTH="67" VPOS="1020" HPOS="1024" CONTENT="III" ID="r2l35_14" STYLEREFS="FONT0"/>
          </TextLine>
          <TextLine ID="r2l36" BASELINE="1111" HEIGHT="56" WIDTH="959" VPOS="1055" HPOS="142">
            <String HEIGHT="56" WIDTH="155" VPOS="1055" HPOS="128" CONTENT="lonnées" ID="r2l36_1" STYLEREFS="FONT0"/>
            <SP HEIGHT="56" WIDTH="14" VPOS="1055" HPOS="283"/>
            <String HEIGHT="56" WIDTH="71" VPOS="1055" HPOS="241" CONTENT="à" ID="r2l36_2" STYLEREFS="FONT0"/>
            <SP HEIGHT="56" WIDTH="14" VPOS="1055" HPOS="311"/>
            <String HEIGHT="56" WIDTH="127" VPOS="1055" HPOS="269" CONTENT="Paris" ID="r2l36_3" STYLEREFS="FONT0"/>
            <SP HEIGHT="56" WIDTH="14" VPOS="1055" HPOS="396"/>
            <String HEIGHT="56" WIDTH="85" VPOS="1055" HPOS="354" CONTENT="au" ID="r2l36_4" STYLEREFS="FONT0"/>
            <SP HEIGHT="56" WIDTH="14" VPOS="1055" HPOS="438"/>
            <String HEIGHT="56" WIDTH="113" VPOS="1055" HPOS="396" CONTENT="mois" ID="r2l36_5" STYLEREFS="FONT0"/>
            <SP HEIGHT="56" WIDTH="14" VPOS="1055" HPOS="509"/>
            <String HEIGHT="56" WIDTH="85" VPOS="1055" HPOS="466" CONTENT="de" ID="r2l36_6" STYLEREFS="FONT0"/>
            <SP HEIGHT="56" WIDTH="14" VPOS="1055" HPOS="551"/>
            <String HEIGHT="56" WIDTH="155" VPOS="1055" HPOS="509" CONTENT="juillet" ID="r2l36_7" STYLEREFS="FONT0"/>
            <SP HEIGHT="56" WIDTH="14" VPOS="1055" HPOS="664"/>
            <String HEIGHT="56" WIDTH="127" VPOS="1055" HPOS="622" CONTENT="1579," ID="r2l36_8" STYLEREFS="FONT0"/>
            <SP HEIGHT="56" WIDTH="14" VPOS="1055" HPOS="748"/>
            <String HEIGHT="56" WIDTH="71" VPOS="1055" HPOS="706" CONTENT="1" ID="r2l36_9" STYLEREFS="FONT0"/>
            <SP HEIGHT="56" WIDTH="14" VPOS="1055" HPOS="777"/>
            <String HEIGHT="56" WIDTH="85" VPOS="1055" HPOS="734" CONTENT="p." ID="r2l36_10" STYLEREFS="FONT0"/>
            <SP HEIGHT="56" WIDTH="14" VPOS="1055" HPOS="819"/>
            <String HEIGHT="56" WIDTH="169" VPOS="1055" HPOS="777" CONTENT="in-fol.," ID="r2l36_11" STYLEREFS="FONT0"/>
            <SP HEIGHT="56" WIDTH="14" VPOS="1055" HPOS="946"/>
            <String HEIGHT="56" WIDTH="113" VPOS="1055" HPOS="904" CONTENT="avec" ID="r2l36_12" STYLEREFS="FONT0"/>
            <SP HEIGHT="56" WIDTH="14" VPOS="1055" HPOS="1016"/>
            <String HEIGHT="56" WIDTH="127" VPOS="1055" HPOS="974" CONTENT="sceau" ID="r2l36_13" STYLEREFS="FONT0"/>
            <SP HEIGHT="56" WIDTH="14" VPOS="1055" HPOS="1101"/>
            <String HEIGHT="56" WIDTH="56" VPOS="1055" HPOS="1045" CONTENT="en" ID="r2l36_14" STYLEREFS="FONT0"/>
          </TextLine>
          <TextLine ID="r2l37" BASELINE="1137" HEIGHT="49" WIDTH="495" VPOS="1088" HPOS="133">
            <String HEIGHT="49" WIDTH="116" VPOS="1088" HPOS="118" CONTENT="cire" ID="r2l37_1" STYLEREFS="FONT0"/>
            <SP HEIGHT="49" WIDTH="15" VPOS="1088" HPOS="235"/>
            <String HEIGHT="49" WIDTH="131" VPOS="1088" HPOS="191" CONTENT="jaune" ID="r2l37_2" STYLEREFS="FONT0"/>
            <SP HEIGHT="49" WIDTH="15" VPOS="1088" HPOS="322"/>
            <String HEIGHT="49" WIDTH="189" VPOS="1088" HPOS="279" CONTENT="relatives" ID="r2l37_3" STYLEREFS="FONT0"/>
            <SP HEIGHT="49" WIDTH="15" VPOS="1088" HPOS="468"/>
            <String HEIGHT="49" WIDTH="87" VPOS="1088" HPOS="424" CONTENT="au" ID="r2l37_4" STYLEREFS="FONT0"/>
            <SP HEIGHT="49" WIDTH="15" VPOS="1088" HPOS="512"/>
            <String HEIGHT="49" WIDTH="116" VPOS="1088" HPOS="468" CONTENT="même" ID="r2l37_5" STYLEREFS="FONT0"/>
            <SP HEIGHT="49" WIDTH="15" VPOS="1088" HPOS="584"/>
            <String HEIGHT="49" WIDTH="102" VPOS="1088" HPOS="526" CONTENT="fait." ID="r2l37_6" STYLEREFS="FONT0"/>
          </TextLine>
          <TextLine ID="r2l38" BASELINE="1181" HEIGHT="77" WIDTH="750" VPOS="1104" HPOS="134">
            <String HEIGHT="77" WIDTH="85" VPOS="1104" HPOS="125" CONTENT="21426" ID="r2l38_1" STYLEREFS="FONT0"/>
            <SP HEIGHT="77" WIDTH="9" VPOS="1104" HPOS="210"/>
            <String HEIGHT="77" WIDTH="114" VPOS="1104" HPOS="181" CONTENT="BÉRANGER" ID="r2l38_2" STYLEREFS="FONT0"/>
            <SP HEIGHT="77" WIDTH="9" VPOS="1104" HPOS="295"/>
            <String HEIGHT="77" WIDTH="66" VPOS="1104" HPOS="267" CONTENT="(P." ID="r2l38_3" STYLEREFS="FONT0"/>
            <SP HEIGHT="77" WIDTH="9" VPOS="1104" HPOS="333"/>
            <String HEIGHT="77" WIDTH="57" VPOS="1104" HPOS="305" CONTENT="J." ID="r2l38_4" STYLEREFS="FONT0"/>
            <SP HEIGHT="77" WIDTH="9" VPOS="1104" HPOS="362"/>
            <String HEIGHT="77" WIDTH="76" VPOS="1104" HPOS="333" CONTENT="de)," ID="r2l38_5" STYLEREFS="FONT0"/>
            <SP HEIGHT="77" WIDTH="9" VPOS="1104" HPOS="409"/>
            <String HEIGHT="77" WIDTH="85" VPOS="1104" HPOS="381" CONTENT="notre" ID="r2l38_6" STYLEREFS="FONT0"/>
            <SP HEIGHT="77" WIDTH="9" VPOS="1104" HPOS="466"/>
            <String HEIGHT="77" WIDTH="142" VPOS="1104" HPOS="438" CONTENT="chansonnier" ID="r2l38_7" STYLEREFS="FONT0"/>
            <SP HEIGHT="77" WIDTH="9" VPOS="1104" HPOS="580"/>
            <String HEIGHT="77" WIDTH="123" VPOS="1104" HPOS="552" CONTENT="national." ID="r2l38_8" STYLEREFS="FONT0"/>
            <SP HEIGHT="77" WIDTH="9" VPOS="1104" HPOS="675"/>
            <String HEIGHT="77" WIDTH="85" VPOS="1104" HPOS="647" CONTENT="L." ID="r2l38_9" STYLEREFS="FONT2"/>
            <SP HEIGHT="77" WIDTH="9" VPOS="1104" HPOS="732"/>
            <String HEIGHT="77" WIDTH="57" VPOS="1104" HPOS="704" CONTENT="a." ID="r2l38_10" STYLEREFS="FONT2"/>
            <SP HEIGHT="77" WIDTH="9" VPOS="1104" HPOS="761"/>
            <String HEIGHT="77" WIDTH="104" VPOS="1104" HPOS="732" CONTENT="s." ID="r2l38_11" STYLEREFS="FONT2"/>
            <SP HEIGHT="77" WIDTH="9" VPOS="1104" HPOS="837"/>
            <String HEIGHT="77" WIDTH="85" VPOS="1104" HPOS="799" CONTENT="(1828)," ID="r2l38_12" STYLEREFS="FONT0"/>
          </TextLine>
          <TextLine ID="r2l40" BASELINE="1208" HEIGHT="54" WIDTH="331" VPOS="1154" HPOS="171">
            <String HEIGHT="54" WIDTH="50" VPOS="1154" HPOS="161" CONTENT="1" ID="r2l40_1" STYLEREFS="FONT0"/>
            <SP HEIGHT="54" WIDTH="10" VPOS="1154" HPOS="211"/>
            <String HEIGHT="54" WIDTH="60" VPOS="1154" HPOS="181" CONTENT="p." ID="r2l40_2" STYLEREFS="FONT0"/>
            <SP HEIGHT="54" WIDTH="10" VPOS="1154" HPOS="241"/>
            <String HEIGHT="54" WIDTH="70" VPOS="1154" HPOS="211" CONTENT="1/2" ID="r2l40_3" STYLEREFS="FONT0"/>
            <SP HEIGHT="54" WIDTH="10" VPOS="1154" HPOS="281"/>
            <String HEIGHT="54" WIDTH="90" VPOS="1154" HPOS="251" CONTENT="in-8." ID="r2l40_4" STYLEREFS="FONT0"/>
            <SP HEIGHT="54" WIDTH="10" VPOS="1154" HPOS="342"/>
            <String HEIGHT="54" WIDTH="90" VPOS="1154" HPOS="311" CONTENT="Jolie" ID="r2l40_5" STYLEREFS="FONT0"/>
            <SP HEIGHT="54" WIDTH="10" VPOS="1154" HPOS="402"/>
            <String HEIGHT="54" WIDTH="110" VPOS="1154" HPOS="372" CONTENT="lettre." ID="r2l40_6" STYLEREFS="FONT0"/>
            <SP HEIGHT="54" WIDTH="10" VPOS="1154" HPOS="482"/>
            <String HEIGHT="54" WIDTH="50" VPOS="1154" HPOS="452" CONTENT="3" ID="r2l40_7" STYLEREFS="FONT0"/>
            <SP HEIGHT="54" WIDTH="10" VPOS="1154" HPOS="502"/>
            <String HEIGHT="54" WIDTH="40" VPOS="1154" HPOS="462" CONTENT="50" ID="r2l40_8" STYLEREFS="FONT0"/>
          </TextLine>
          <TextLine ID="r2l42" BASELINE="1240" HEIGHT="44" WIDTH="964" VPOS="1196" HPOS="135">
            <String HEIGHT="44" WIDTH="122" VPOS="1196" HPOS="121" CONTENT="21427" ID="r2l42_1" STYLEREFS="FONT0"/>
            <SP HEIGHT="44" WIDTH="14" VPOS="1196" HPOS="244"/>
            <String HEIGHT="44" WIDTH="149" VPOS="1196" HPOS="203" CONTENT="BUGEAUD" ID="r2l42_2" STYLEREFS="FONT0"/>
            <SP HEIGHT="44" WIDTH="14" VPOS="1196" HPOS="352"/>
            <String HEIGHT="44" WIDTH="109" VPOS="1196" HPOS="312" CONTENT="(Th." ID="r2l42_3" STYLEREFS="FONT0"/>
            <SP HEIGHT="44" WIDTH="14" VPOS="1196" HPOS="420"/>
            <String HEIGHT="44" WIDTH="109" VPOS="1196" HPOS="379" CONTENT="R.)," ID="r2l42_4" STYLEREFS="FONT0"/>
            <SP HEIGHT="44" WIDTH="14" VPOS="1196" HPOS="488"/>
            <String HEIGHT="44" WIDTH="95" VPOS="1196" HPOS="447" CONTENT="duc" ID="r2l42_5" STYLEREFS="FONT0"/>
            <SP HEIGHT="44" WIDTH="14" VPOS="1196" HPOS="542"/>
            <String HEIGHT="44" WIDTH="149" VPOS="1196" HPOS="502" CONTENT="d’Isly," ID="r2l42_6" STYLEREFS="FONT0"/>
            <SP HEIGHT="44" WIDTH="14" VPOS="1196" HPOS="651"/>
            <String HEIGHT="44" WIDTH="163" VPOS="1196" HPOS="610" CONTENT="maréchal" ID="r2l42_7" STYLEREFS="FONT0"/>
            <SP HEIGHT="44" WIDTH="14" VPOS="1196" HPOS="773"/>
            <String HEIGHT="44" WIDTH="81" VPOS="1196" HPOS="732" CONTENT="de" ID="r2l42_8" STYLEREFS="FONT0"/>
            <SP HEIGHT="44" WIDTH="14" VPOS="1196" HPOS="814"/>
            <String HEIGHT="44" WIDTH="136" VPOS="1196" HPOS="773" CONTENT="France" ID="r2l42_9" STYLEREFS="FONT0"/>
            <SP HEIGHT="44" WIDTH="14" VPOS="1196" HPOS="909"/>
            <String HEIGHT="44" WIDTH="81" VPOS="1196" HPOS="868" CONTENT="et" ID="r2l42_10" STYLEREFS="FONT0"/>
            <SP HEIGHT="44" WIDTH="14" VPOS="1196" HPOS="950"/>
            <String HEIGHT="44" WIDTH="190" VPOS="1196" HPOS="909" CONTENT="gouverneur" ID="r2l42_11" STYLEREFS="FONT0"/>
            <SP HEIGHT="44" WIDTH="14" VPOS="1196" HPOS="1099"/>
            <String HEIGHT="44" WIDTH="54" VPOS="1196" HPOS="1045" CONTENT="de" ID="r2l42_12" STYLEREFS="FONT0"/>
          </TextLine>
          <TextLine ID="r2l43" BASELINE="1282" HEIGHT="49" WIDTH="627" VPOS="1233" HPOS="131">
            <String HEIGHT="49" WIDTH="151" VPOS="1233" HPOS="120" CONTENT="l’Algérie." ID="r2l43_1" STYLEREFS="FONT0"/>
            <SP HEIGHT="49" WIDTH="11" VPOS="1233" HPOS="272"/>
            <String HEIGHT="49" WIDTH="97" VPOS="1233" HPOS="239" CONTENT="L." ID="r2l43_2" STYLEREFS="FONT2"/>
            <SP HEIGHT="49" WIDTH="11" VPOS="1233" HPOS="336"/>
            <String HEIGHT="49" WIDTH="65" VPOS="1233" HPOS="304" CONTENT="a." ID="r2l43_3" STYLEREFS="FONT2"/>
            <SP HEIGHT="49" WIDTH="11" VPOS="1233" HPOS="369"/>
            <String HEIGHT="49" WIDTH="119" VPOS="1233" HPOS="336" CONTENT="s." ID="r2l43_4" STYLEREFS="FONT2"/>
            <SP HEIGHT="49" WIDTH="11" VPOS="1233" HPOS="455"/>
            <String HEIGHT="49" WIDTH="130" VPOS="1233" HPOS="423" CONTENT="Exideuil" ID="r2l43_5" STYLEREFS="FONT0"/>
            <SP HEIGHT="49" WIDTH="11" VPOS="1233" HPOS="553"/>
            <String HEIGHT="49" WIDTH="97" VPOS="1233" HPOS="520" CONTENT="1838," ID="r2l43_6" STYLEREFS="FONT0"/>
            <SP HEIGHT="49" WIDTH="11" VPOS="1233" HPOS="617"/>
            <String HEIGHT="49" WIDTH="54" VPOS="1233" HPOS="585" CONTENT="1" ID="r2l43_7" STYLEREFS="FONT0"/>
            <SP HEIGHT="49" WIDTH="11" VPOS="1233" HPOS="639"/>
            <String HEIGHT="49" WIDTH="65" VPOS="1233" HPOS="607" CONTENT="p." ID="r2l43_8" STYLEREFS="FONT0"/>
            <SP HEIGHT="49" WIDTH="11" VPOS="1233" HPOS="672"/>
            <String HEIGHT="49" WIDTH="97" VPOS="1233" HPOS="639" CONTENT="in-4." ID="r2l43_9" STYLEREFS="FONT0"/>
            <SP HEIGHT="49" WIDTH="11" VPOS="1233" HPOS="736"/>
            <String HEIGHT="49" WIDTH="54" VPOS="1233" HPOS="704" CONTENT="2" ID="r2l43_10" STYLEREFS="FONT0"/>
            <SP HEIGHT="49" WIDTH="11" VPOS="1233" HPOS="758"/>
            <String HEIGHT="49" WIDTH="43" VPOS="1233" HPOS="715" CONTENT="50" ID="r2l43_11" STYLEREFS="FONT0"/>
          </TextLine>
          <TextLine ID="r2l45" BASELINE="1314" HEIGHT="48" WIDTH="955" VPOS="1266" HPOS="147">
            <String HEIGHT="48" WIDTH="123" VPOS="1266" HPOS="133" CONTENT="21428" ID="r2l45_1" STYLEREFS="FONT0"/>
            <SP HEIGHT="48" WIDTH="14" VPOS="1266" HPOS="256"/>
            <String HEIGHT="48" WIDTH="136" VPOS="1266" HPOS="215" CONTENT="CHALON" ID="r2l45_2" STYLEREFS="FONT0"/>
            <SP HEIGHT="48" WIDTH="14" VPOS="1266" HPOS="352"/>
            <String HEIGHT="48" WIDTH="123" VPOS="1266" HPOS="311" CONTENT="(Edw." ID="r2l45_3" STYLEREFS="FONT0"/>
            <SP HEIGHT="48" WIDTH="14" VPOS="1266" HPOS="433"/>
            <String HEIGHT="48" WIDTH="164" VPOS="1266" HPOS="393" CONTENT="Alfred)," ID="r2l45_4" STYLEREFS="FONT0"/>
            <SP HEIGHT="48" WIDTH="14" VPOS="1266" HPOS="556"/>
            <String HEIGHT="48" WIDTH="150" VPOS="1266" HPOS="515" CONTENT="peintre" ID="r2l45_5" STYLEREFS="FONT0"/>
            <SP HEIGHT="48" WIDTH="14" VPOS="1266" HPOS="665"/>
            <String HEIGHT="48" WIDTH="164" VPOS="1266" HPOS="625" CONTENT="anglais," ID="r2l45_6" STYLEREFS="FONT0"/>
            <SP HEIGHT="48" WIDTH="14" VPOS="1266" HPOS="788"/>
            <String HEIGHT="48" WIDTH="123" VPOS="1266" HPOS="747" CONTENT="connu" ID="r2l45_7" STYLEREFS="FONT0"/>
            <SP HEIGHT="48" WIDTH="14" VPOS="1266" HPOS="870"/>
            <String HEIGHT="48" WIDTH="96" VPOS="1266" HPOS="829" CONTENT="par" ID="r2l45_8" STYLEREFS="FONT0"/>
            <SP HEIGHT="48" WIDTH="14" VPOS="1266" HPOS="925"/>
            <String HEIGHT="48" WIDTH="96" VPOS="1266" HPOS="884" CONTENT="ses" ID="r2l45_9" STYLEREFS="FONT0"/>
            <SP HEIGHT="48" WIDTH="14" VPOS="1266" HPOS="979"/>
            <String HEIGHT="48" WIDTH="177" VPOS="1266" HPOS="938" CONTENT="portraits" ID="r2l45_10" STYLEREFS="FONT0"/>
            <SP HEIGHT="48" WIDTH="14" VPOS="1266" HPOS="1116"/>
            <String HEIGHT="48" WIDTH="41" VPOS="1266" HPOS="1061" CONTENT="à" ID="r2l45_11" STYLEREFS="FONT0"/>
          </TextLine>
          <TextLine ID="r2l46" BASELINE="1342" HEIGHT="41" WIDTH="525" VPOS="1301" HPOS="137">
            <String HEIGHT="41" WIDTH="168" VPOS="1301" HPOS="127" CONTENT="l’aquarelle." ID="r2l46_1" STYLEREFS="FONT0"/>
            <SP HEIGHT="41" WIDTH="11" VPOS="1301" HPOS="295"/>
            <String HEIGHT="41" WIDTH="95" VPOS="1301" HPOS="263" CONTENT="L." ID="r2l46_2" STYLEREFS="FONT2"/>
            <SP HEIGHT="41" WIDTH="11" VPOS="1301" HPOS="358"/>
            <String HEIGHT="41" WIDTH="63" VPOS="1301" HPOS="326" CONTENT="a." ID="r2l46_3" STYLEREFS="FONT2"/>
            <SP HEIGHT="41" WIDTH="11" VPOS="1301" HPOS="389"/>
            <String HEIGHT="41" WIDTH="116" VPOS="1301" HPOS="358" CONTENT="s." ID="r2l46_4" STYLEREFS="FONT2"/>
            <SP HEIGHT="41" WIDTH="11" VPOS="1301" HPOS="473"/>
            <String HEIGHT="41" WIDTH="95" VPOS="1301" HPOS="442" CONTENT="1844," ID="r2l46_5" STYLEREFS="FONT0"/>
            <SP HEIGHT="41" WIDTH="11" VPOS="1301" HPOS="536"/>
            <String HEIGHT="41" WIDTH="53" VPOS="1301" HPOS="505" CONTENT="1" ID="r2l46_6" STYLEREFS="FONT0"/>
            <SP HEIGHT="41" WIDTH="11" VPOS="1301" HPOS="557"/>
            <String HEIGHT="41" WIDTH="63" VPOS="1301" HPOS="526" CONTENT="p." ID="r2l46_7" STYLEREFS="FONT0"/>
            <SP HEIGHT="41" WIDTH="11" VPOS="1301" HPOS="589"/>
            <String HEIGHT="41" WIDTH="95" VPOS="1301" HPOS="557" CONTENT="in-8." ID="r2l46_8" STYLEREFS="FONT0"/>
            <SP HEIGHT="41" WIDTH="11" VPOS="1301" HPOS="652"/>
            <String HEIGHT="41" WIDTH="53" VPOS="1301" HPOS="620" CONTENT="3" ID="r2l46_9" STYLEREFS="FONT0"/>
            <SP HEIGHT="41" WIDTH="11" VPOS="1301" HPOS="673"/>
            <String HEIGHT="41" WIDTH="32" VPOS="1301" HPOS="631" CONTENT="»" ID="r2l46_10" STYLEREFS="FONT0"/>
          </TextLine>
          <TextLine ID="r2l50" BASELINE="1383" HEIGHT="43" WIDTH="960" VPOS="1340" HPOS="135">
            <String HEIGHT="43" WIDTH="117" VPOS="1340" HPOS="122" CONTENT="21429" ID="r2l50_1" STYLEREFS="FONT0"/>
            <SP HEIGHT="43" WIDTH="13" VPOS="1340" HPOS="239"/>
            <String HEIGHT="43" WIDTH="143" VPOS="1340" HPOS="200" CONTENT="CHARLET" ID="r2l50_2" STYLEREFS="FONT0"/>
            <SP HEIGHT="43" WIDTH="13" VPOS="1340" HPOS="343"/>
            <String HEIGHT="43" WIDTH="91" VPOS="1340" HPOS="304" CONTENT="(N." ID="r2l50_3" STYLEREFS="FONT0"/>
            <SP HEIGHT="43" WIDTH="13" VPOS="1340" HPOS="394"/>
            <String HEIGHT="43" WIDTH="104" VPOS="1340" HPOS="356" CONTENT="T.)," ID="r2l50_4" STYLEREFS="FONT0"/>
            <SP HEIGHT="43" WIDTH="13" VPOS="1340" HPOS="459"/>
            <String HEIGHT="43" WIDTH="143" VPOS="1340" HPOS="420" CONTENT="peintre" ID="r2l50_5" STYLEREFS="FONT0"/>
            <SP HEIGHT="43" WIDTH="13" VPOS="1340" HPOS="563"/>
            <String HEIGHT="43" WIDTH="78" VPOS="1340" HPOS="524" CONTENT="et" ID="r2l50_6" STYLEREFS="FONT0"/>
            <SP HEIGHT="43" WIDTH="13" VPOS="1340" HPOS="602"/>
            <String HEIGHT="43" WIDTH="208" VPOS="1340" HPOS="563" CONTENT="dessinateur," ID="r2l50_7" STYLEREFS="FONT0"/>
            <SP HEIGHT="43" WIDTH="13" VPOS="1340" HPOS="771"/>
            <String HEIGHT="43" WIDTH="143" VPOS="1340" HPOS="732" CONTENT="célèbre" ID="r2l50_8" STYLEREFS="FONT0"/>
            <SP HEIGHT="43" WIDTH="13" VPOS="1340" HPOS="874"/>
            <String HEIGHT="43" WIDTH="91" VPOS="1340" HPOS="836" CONTENT="par" ID="r2l50_9" STYLEREFS="FONT0"/>
            <SP HEIGHT="43" WIDTH="13" VPOS="1340" HPOS="926"/>
            <String HEIGHT="43" WIDTH="91" VPOS="1340" HPOS="887" CONTENT="ses" ID="r2l50_10" STYLEREFS="FONT0"/>
            <SP HEIGHT="43" WIDTH="13" VPOS="1340" HPOS="978"/>
            <String HEIGHT="43" WIDTH="143" VPOS="1340" HPOS="939" CONTENT="croquis" ID="r2l50_11" STYLEREFS="FONT0"/>
            <SP HEIGHT="43" WIDTH="13" VPOS="1340" HPOS="1082"/>
            <String HEIGHT="43" WIDTH="65" VPOS="1340" HPOS="1030" CONTENT="des" ID="r2l50_12" STYLEREFS="FONT0"/>
          </TextLine>
          <TextLine ID="r2l51" BASELINE="1416" HEIGHT="38" WIDTH="969" VPOS="1378" HPOS="136">
            <String HEIGHT="38" WIDTH="140" VPOS="1378" HPOS="123" CONTENT="guerres" ID="r2l51_1" STYLEREFS="FONT0"/>
            <SP HEIGHT="38" WIDTH="13" VPOS="1378" HPOS="264"/>
            <String HEIGHT="38" WIDTH="77" VPOS="1378" HPOS="225" CONTENT="de" ID="r2l51_2" STYLEREFS="FONT0"/>
            <SP HEIGHT="38" WIDTH="13" VPOS="1378" HPOS="302"/>
            <String HEIGHT="38" WIDTH="77" VPOS="1378" HPOS="264" CONTENT="la" ID="r2l51_3" STYLEREFS="FONT0"/>
            <SP HEIGHT="38" WIDTH="13" VPOS="1378" HPOS="340"/>
            <String HEIGHT="38" WIDTH="179" VPOS="1378" HPOS="302" CONTENT="Révolution" ID="r2l51_4" STYLEREFS="FONT0"/>
            <SP HEIGHT="38" WIDTH="13" VPOS="1378" HPOS="480"/>
            <String HEIGHT="38" WIDTH="77" VPOS="1378" HPOS="442" CONTENT="et" ID="r2l51_5" STYLEREFS="FONT0"/>
            <SP HEIGHT="38" WIDTH="13" VPOS="1378" HPOS="519"/>
            <String HEIGHT="38" WIDTH="77" VPOS="1378" HPOS="480" CONTENT="de" ID="r2l51_6" STYLEREFS="FONT0"/>
            <SP HEIGHT="38" WIDTH="13" VPOS="1378" HPOS="557"/>
            <String HEIGHT="38" WIDTH="166" VPOS="1378" HPOS="519" CONTENT="l’Empire." ID="r2l51_7" STYLEREFS="FONT0"/>
            <SP HEIGHT="38" WIDTH="13" VPOS="1378" HPOS="684"/>
            <String HEIGHT="38" WIDTH="115" VPOS="1378" HPOS="646" CONTENT="L." ID="r2l51_8" STYLEREFS="FONT2"/>
            <SP HEIGHT="38" WIDTH="13" VPOS="1378" HPOS="761"/>
            <String HEIGHT="38" WIDTH="77" VPOS="1378" HPOS="723" CONTENT="a." ID="r2l51_9" STYLEREFS="FONT2"/>
            <SP HEIGHT="38" WIDTH="13" VPOS="1378" HPOS="799"/>
            <String HEIGHT="38" WIDTH="128" VPOS="1378" HPOS="761" CONTENT="s." ID="r2l51_10" STYLEREFS="FONT2"/>
            <SP HEIGHT="38" WIDTH="13" VPOS="1378" HPOS="888"/>
            <String HEIGHT="38" WIDTH="77" VPOS="1378" HPOS="850" CONTENT="au" ID="r2l51_11" STYLEREFS="FONT0"/>
            <SP HEIGHT="38" WIDTH="13" VPOS="1378" HPOS="927"/>
            <String HEIGHT="38" WIDTH="115" VPOS="1378" HPOS="888" CONTENT="maire" ID="r2l51_12" STYLEREFS="FONT0"/>
            <SP HEIGHT="38" WIDTH="13" VPOS="1378" HPOS="1003"/>
            <String HEIGHT="38" WIDTH="77" VPOS="1378" HPOS="965" CONTENT="du" ID="r2l51_13" STYLEREFS="FONT0"/>
            <SP HEIGHT="38" WIDTH="13" VPOS="1378" HPOS="1041"/>
            <String HEIGHT="38" WIDTH="89" VPOS="1378" HPOS="1003" CONTENT="10e" ID="r2l51_14" STYLEREFS="FONT0"/>
            <SP HEIGHT="38" WIDTH="13" VPOS="1378" HPOS="1092"/>
            <String HEIGHT="38" WIDTH="64" VPOS="1378" HPOS="1041" CONTENT="ar" SUBS_TYPE="HypPart1" SUBS_CONTENT="arrondissement;" ID="r2l51_15" STYLEREFS="FONT0"/>
            <HYP CONTENT="-"/>
          </TextLine>
          <TextLine ID="r2l53" BASELINE="1448" HEIGHT="38" WIDTH="792" VPOS="1410" HPOS="131">
            <String HEIGHT="38" WIDTH="207" VPOS="1410" HPOS="119" CONTENT="rondissement;" SUBS_TYPE="HypPart2" SUBS_CONTENT="arrondissement;" ID="r2l53_1" STYLEREFS="FONT0"/>
            <SP HEIGHT="38" WIDTH="12" VPOS="1410" HPOS="326"/>
            <String HEIGHT="38" WIDTH="122" VPOS="1410" HPOS="289" CONTENT="Paris," ID="r2l53_2" STYLEREFS="FONT0"/>
            <SP HEIGHT="38" WIDTH="12" VPOS="1410" HPOS="411"/>
            <String HEIGHT="38" WIDTH="61" VPOS="1410" HPOS="375" CONTENT="9" ID="r2l53_3" STYLEREFS="FONT0"/>
            <SP HEIGHT="38" WIDTH="12" VPOS="1410" HPOS="436"/>
            <String HEIGHT="38" WIDTH="110" VPOS="1410" HPOS="399" CONTENT="janv." ID="r2l53_4" STYLEREFS="FONT0"/>
            <SP HEIGHT="38" WIDTH="12" VPOS="1410" HPOS="509"/>
            <String HEIGHT="38" WIDTH="110" VPOS="1410" HPOS="472" CONTENT="1835," ID="r2l53_5" STYLEREFS="FONT0"/>
            <SP HEIGHT="38" WIDTH="12" VPOS="1410" HPOS="582"/>
            <String HEIGHT="38" WIDTH="61" VPOS="1410" HPOS="545" CONTENT="1" ID="r2l53_6" STYLEREFS="FONT0"/>
            <SP HEIGHT="38" WIDTH="12" VPOS="1410" HPOS="606"/>
            <String HEIGHT="38" WIDTH="73" VPOS="1410" HPOS="570" CONTENT="p." ID="r2l53_7" STYLEREFS="FONT0"/>
            <SP HEIGHT="38" WIDTH="12" VPOS="1410" HPOS="643"/>
            <String HEIGHT="38" WIDTH="146" VPOS="1410" HPOS="606" CONTENT="in-fol.," ID="r2l53_8" STYLEREFS="FONT0"/>
            <SP HEIGHT="38" WIDTH="12" VPOS="1410" HPOS="752"/>
            <String HEIGHT="38" WIDTH="97" VPOS="1410" HPOS="716" CONTENT="tête" ID="r2l53_9" STYLEREFS="FONT0"/>
            <SP HEIGHT="38" WIDTH="12" VPOS="1410" HPOS="813"/>
            <String HEIGHT="38" WIDTH="110" VPOS="1410" HPOS="777" CONTENT="impr." ID="r2l53_10" STYLEREFS="FONT0"/>
            <SP HEIGHT="38" WIDTH="12" VPOS="1410" HPOS="886"/>
            <String HEIGHT="38" WIDTH="49" VPOS="1410" HPOS="850" CONTENT="" ID="r2l53_11" STYLEREFS="FONT0"/>
            <SP HEIGHT="38" WIDTH="12" VPOS="1410" HPOS="899"/>
            <String HEIGHT="38" WIDTH="61" VPOS="1410" HPOS="862" CONTENT="3" ID="r2l53_12" STYLEREFS="FONT0"/>
            <SP HEIGHT="38" WIDTH="12" VPOS="1410" HPOS="923"/>
            <String HEIGHT="38" WIDTH="49" VPOS="1410" HPOS="874" CONTENT="50" ID="r2l53_13" STYLEREFS="FONT0"/>
          </TextLine>
          <TextLine ID="r2l55" BASELINE="1488" HEIGHT="46" WIDTH="589" VPOS="1442" HPOS="161">
            <String HEIGHT="46" WIDTH="124" VPOS="1442" HPOS="152" CONTENT="Plaisante" ID="r2l55_1" STYLEREFS="FONT0"/>
            <SP HEIGHT="46" WIDTH="10" VPOS="1442" HPOS="275"/>
            <String HEIGHT="46" WIDTH="105" VPOS="1442" HPOS="247" CONTENT="épître," ID="r2l55_2" STYLEREFS="FONT0"/>
            <SP HEIGHT="46" WIDTH="10" VPOS="1442" HPOS="351"/>
            <String HEIGHT="46" WIDTH="86" VPOS="1442" HPOS="323" CONTENT="comme" ID="r2l55_3" STYLEREFS="FONT0"/>
            <SP HEIGHT="46" WIDTH="10" VPOS="1442" HPOS="408"/>
            <String HEIGHT="46" WIDTH="133" VPOS="1442" HPOS="380" CONTENT="commandant" ID="r2l55_4" STYLEREFS="FONT0"/>
            <SP HEIGHT="46" WIDTH="10" VPOS="1442" HPOS="513"/>
            <String HEIGHT="46" WIDTH="57" VPOS="1442" HPOS="484" CONTENT="du" ID="r2l55_5" STYLEREFS="FONT0"/>
            <SP HEIGHT="46" WIDTH="10" VPOS="1442" HPOS="541"/>
            <String HEIGHT="46" WIDTH="57" VPOS="1442" HPOS="513" CONTENT="2e" ID="r2l55_6" STYLEREFS="FONT0"/>
            <SP HEIGHT="46" WIDTH="10" VPOS="1442" HPOS="570"/>
            <String HEIGHT="46" WIDTH="124" VPOS="1442" HPOS="541" CONTENT="bataillon" ID="r2l55_7" STYLEREFS="FONT0"/>
            <SP HEIGHT="46" WIDTH="10" VPOS="1442" HPOS="665"/>
            <String HEIGHT="46" WIDTH="57" VPOS="1442" HPOS="636" CONTENT="de" ID="r2l55_8" STYLEREFS="FONT0"/>
            <SP HEIGHT="46" WIDTH="10" VPOS="1442" HPOS="693"/>
            <String HEIGHT="46" WIDTH="57" VPOS="1442" HPOS="665" CONTENT="la" ID="r2l55_9" STYLEREFS="FONT0"/>
            <SP HEIGHT="46" WIDTH="10" VPOS="1442" HPOS="722"/>
            <String HEIGHT="46" WIDTH="67" VPOS="1442" HPOS="684" CONTENT="garde" ID="r2l55_10" STYLEREFS="FONT0"/>
          </TextLine>
          <TextLine ID="r2l57" BASELINE="1522" HEIGHT="41" WIDTH="663" VPOS="1481" HPOS="131">
            <String HEIGHT="41" WIDTH="172" VPOS="1481" HPOS="118" CONTENT="nationale" ID="r2l57_1" STYLEREFS="FONT0"/>
            <SP HEIGHT="41" WIDTH="13" VPOS="1481" HPOS="290"/>
            <String HEIGHT="41" WIDTH="80" VPOS="1481" HPOS="250" CONTENT="et" ID="r2l57_2" STYLEREFS="FONT0"/>
            <SP HEIGHT="41" WIDTH="13" VPOS="1481" HPOS="330"/>
            <String HEIGHT="41" WIDTH="159" VPOS="1481" HPOS="290" CONTENT="relative" ID="r2l57_3" STYLEREFS="FONT0"/>
            <SP HEIGHT="41" WIDTH="13" VPOS="1481" HPOS="449"/>
            <String HEIGHT="41" WIDTH="66" VPOS="1481" HPOS="409" CONTENT="à" ID="r2l57_4" STYLEREFS="FONT0"/>
            <SP HEIGHT="41" WIDTH="13" VPOS="1481" HPOS="476"/>
            <String HEIGHT="41" WIDTH="186" VPOS="1481" HPOS="436" CONTENT="l’élection" ID="r2l57_5" STYLEREFS="FONT0"/>
            <SP HEIGHT="41" WIDTH="13" VPOS="1481" HPOS="622"/>
            <String HEIGHT="41" WIDTH="106" VPOS="1481" HPOS="582" CONTENT="d’un" ID="r2l57_6" STYLEREFS="FONT0"/>
            <SP HEIGHT="41" WIDTH="13" VPOS="1481" HPOS="688"/>
            <String HEIGHT="41" WIDTH="159" VPOS="1481" HPOS="635" CONTENT="capitaine." ID="r2l57_7" STYLEREFS="FONT0"/>
          </TextLine>
          <TextLine ID="r2l58" BASELINE="1570" HEIGHT="58" WIDTH="965" VPOS="1512" HPOS="129">
            <String HEIGHT="58" WIDTH="110" VPOS="1512" HPOS="117" CONTENT="21430" ID="r2l58_1" STYLEREFS="FONT0"/>
            <SP HEIGHT="58" WIDTH="12" VPOS="1512" HPOS="227"/>
            <String HEIGHT="58" WIDTH="159" VPOS="1512" HPOS="190" CONTENT="DROUINEAU" ID="r2l58_2" STYLEREFS="FONT0"/>
            <SP HEIGHT="58" WIDTH="12" VPOS="1512" HPOS="349"/>
            <String HEIGHT="58" WIDTH="171" VPOS="1512" HPOS="312" CONTENT="(Gustave)," ID="r2l58_3" STYLEREFS="FONT0"/>
            <SP HEIGHT="58" WIDTH="12" VPOS="1512" HPOS="483"/>
            <String HEIGHT="58" WIDTH="110" VPOS="1512" HPOS="447" CONTENT="poëte" ID="r2l58_4" STYLEREFS="FONT0"/>
            <SP HEIGHT="58" WIDTH="12" VPOS="1512" HPOS="557"/>
            <String HEIGHT="58" WIDTH="73" VPOS="1512" HPOS="520" CONTENT="et" ID="r2l58_5" STYLEREFS="FONT0"/>
            <SP HEIGHT="58" WIDTH="12" VPOS="1512" HPOS="593"/>
            <String HEIGHT="58" WIDTH="122" VPOS="1512" HPOS="557" CONTENT="auteur" ID="r2l58_6" STYLEREFS="FONT0"/>
            <SP HEIGHT="58" WIDTH="12" VPOS="1512" HPOS="679"/>
            <String HEIGHT="58" WIDTH="183" VPOS="1512" HPOS="642" CONTENT="dramatique." ID="r2l58_7" STYLEREFS="FONT0"/>
            <SP HEIGHT="58" WIDTH="12" VPOS="1512" HPOS="825"/>
            <String HEIGHT="58" WIDTH="110" VPOS="1512" HPOS="789" CONTENT="L." ID="r2l58_8" STYLEREFS="FONT2"/>
            <SP HEIGHT="58" WIDTH="12" VPOS="1512" HPOS="899"/>
            <String HEIGHT="58" WIDTH="73" VPOS="1512" HPOS="862" CONTENT="a." ID="r2l58_9" STYLEREFS="FONT2"/>
            <SP HEIGHT="58" WIDTH="12" VPOS="1512" HPOS="935"/>
            <String HEIGHT="58" WIDTH="122" VPOS="1512" HPOS="899" CONTENT="s." ID="r2l58_10" STYLEREFS="FONT2"/>
            <SP HEIGHT="58" WIDTH="12" VPOS="1512" HPOS="1021"/>
            <String HEIGHT="58" WIDTH="61" VPOS="1512" HPOS="984" CONTENT="à" ID="r2l58_11" STYLEREFS="FONT0"/>
            <SP HEIGHT="58" WIDTH="12" VPOS="1512" HPOS="1045"/>
            <String HEIGHT="58" WIDTH="73" VPOS="1512" HPOS="1008" CONTENT="M." ID="r2l58_12" STYLEREFS="FONT0"/>
            <SP HEIGHT="58" WIDTH="12" VPOS="1512" HPOS="1082"/>
            <String HEIGHT="58" WIDTH="61" VPOS="1512" HPOS="1033" CONTENT="Mé" SUBS_TYPE="HypPart1" SUBS_CONTENT="Méneau;" ID="r2l58_13" STYLEREFS="FONT0"/>
            <HYP CONTENT="-"/>
          </TextLine>
          <TextLine ID="r2l59" BASELINE="1602" HEIGHT="47" WIDTH="601" VPOS="1555" HPOS="129">
            <String HEIGHT="47" WIDTH="118" VPOS="1555" HPOS="116" CONTENT="neau;" SUBS_TYPE="HypPart2" SUBS_CONTENT="Méneau;" ID="r2l59_1" STYLEREFS="FONT0"/>
            <SP HEIGHT="47" WIDTH="13" VPOS="1555" HPOS="234"/>
            <String HEIGHT="47" WIDTH="131" VPOS="1555" HPOS="194" CONTENT="Paris," ID="r2l59_2" STYLEREFS="FONT0"/>
            <SP HEIGHT="47" WIDTH="13" VPOS="1555" HPOS="325"/>
            <String HEIGHT="47" WIDTH="78" VPOS="1555" HPOS="286" CONTENT="26" ID="r2l59_3" STYLEREFS="FONT0"/>
            <SP HEIGHT="47" WIDTH="13" VPOS="1555" HPOS="364"/>
            <String HEIGHT="47" WIDTH="118" VPOS="1555" HPOS="325" CONTENT="févr." ID="r2l59_4" STYLEREFS="FONT0"/>
            <SP HEIGHT="47" WIDTH="13" VPOS="1555" HPOS="443"/>
            <String HEIGHT="47" WIDTH="118" VPOS="1555" HPOS="403" CONTENT="1830," ID="r2l59_5" STYLEREFS="FONT0"/>
            <SP HEIGHT="47" WIDTH="13" VPOS="1555" HPOS="521"/>
            <String HEIGHT="47" WIDTH="65" VPOS="1555" HPOS="482" CONTENT="3" ID="r2l59_6" STYLEREFS="FONT0"/>
            <SP HEIGHT="47" WIDTH="13" VPOS="1555" HPOS="547"/>
            <String HEIGHT="47" WIDTH="78" VPOS="1555" HPOS="508" CONTENT="p." ID="r2l59_7" STYLEREFS="FONT0"/>
            <SP HEIGHT="47" WIDTH="13" VPOS="1555" HPOS="586"/>
            <String HEIGHT="47" WIDTH="91" VPOS="1555" HPOS="547" CONTENT="1/2" ID="r2l59_8" STYLEREFS="FONT0"/>
            <SP HEIGHT="47" WIDTH="13" VPOS="1555" HPOS="639"/>
            <String HEIGHT="47" WIDTH="118" VPOS="1555" HPOS="599" CONTENT="in-4." ID="r2l59_9" STYLEREFS="FONT0"/>
            <SP HEIGHT="47" WIDTH="13" VPOS="1555" HPOS="717"/>
            <String HEIGHT="47" WIDTH="65" VPOS="1555" HPOS="678" CONTENT="4" ID="r2l59_10" STYLEREFS="FONT0"/>
            <SP HEIGHT="47" WIDTH="13" VPOS="1555" HPOS="743"/>
            <String HEIGHT="47" WIDTH="39" VPOS="1555" HPOS="691" CONTENT="»" ID="r2l59_11" STYLEREFS="FONT0"/>
          </TextLine>
          <TextLine ID="r2l63" BASELINE="1626" HEIGHT="39" WIDTH="934" VPOS="1587" HPOS="166">
            <String HEIGHT="39" WIDTH="227" VPOS="1587" HPOS="153" CONTENT="Très-curieuse" ID="r2l63_1" STYLEREFS="FONT0"/>
            <SP HEIGHT="39" WIDTH="13" VPOS="1587" HPOS="379"/>
            <String HEIGHT="39" WIDTH="133" VPOS="1587" HPOS="339" CONTENT="épître" ID="r2l63_2" STYLEREFS="FONT0"/>
            <SP HEIGHT="39" WIDTH="13" VPOS="1587" HPOS="473"/>
            <String HEIGHT="39" WIDTH="93" VPOS="1587" HPOS="433" CONTENT="sur" ID="r2l63_3" STYLEREFS="FONT0"/>
            <SP HEIGHT="39" WIDTH="13" VPOS="1587" HPOS="526"/>
            <String HEIGHT="39" WIDTH="240" VPOS="1587" HPOS="486" CONTENT="Hernan" ID="r2l63_4" STYLEREFS="FONT2"/>
            <SP HEIGHT="39" WIDTH="13" VPOS="1587" HPOS="726"/>
            <String HEIGHT="39" WIDTH="80" VPOS="1587" HPOS="686" CONTENT="de" ID="r2l63_5" STYLEREFS="FONT0"/>
            <SP HEIGHT="39" WIDTH="13" VPOS="1587" HPOS="766"/>
            <String HEIGHT="39" WIDTH="133" VPOS="1587" HPOS="726" CONTENT="Victor" ID="r2l63_6" STYLEREFS="FONT0"/>
            <SP HEIGHT="39" WIDTH="13" VPOS="1587" HPOS="860"/>
            <String HEIGHT="39" WIDTH="120" VPOS="1587" HPOS="820" CONTENT="Hugo." ID="r2l63_7" STYLEREFS="FONT0"/>
            <SP HEIGHT="39" WIDTH="13" VPOS="1587" HPOS="940"/>
            <String HEIGHT="39" WIDTH="93" VPOS="1587" HPOS="900" CONTENT="«Tu" ID="r2l63_8" STYLEREFS="FONT0"/>
            <SP HEIGHT="39" WIDTH="13" VPOS="1587" HPOS="993"/>
            <String HEIGHT="39" WIDTH="80" VPOS="1587" HPOS="953" CONTENT="ne" ID="r2l63_9" STYLEREFS="FONT0"/>
            <SP HEIGHT="39" WIDTH="13" VPOS="1587" HPOS="1033"/>
            <String HEIGHT="39" WIDTH="120" VPOS="1587" HPOS="980" CONTENT="saurais" ID="r2l63_10" STYLEREFS="FONT0"/>
          </TextLine>
          <TextLine ID="r2l64" BASELINE="1665" HEIGHT="39" WIDTH="965" VPOS="1626" HPOS="135">
            <String HEIGHT="39" WIDTH="138" VPOS="1626" HPOS="121" CONTENT="croire" ID="r2l64_1" STYLEREFS="FONT0"/>
            <SP HEIGHT="39" WIDTH="14" VPOS="1626" HPOS="259"/>
            <String HEIGHT="39" WIDTH="152" VPOS="1626" HPOS="218" CONTENT="combien" ID="r2l64_2" STYLEREFS="FONT0"/>
            <SP HEIGHT="39" WIDTH="14" VPOS="1626" HPOS="369"/>
            <String HEIGHT="39" WIDTH="193" VPOS="1626" HPOS="328" CONTENT="l’intrigue" ID="r2l64_3" STYLEREFS="FONT0"/>
            <SP HEIGHT="39" WIDTH="14" VPOS="1626" HPOS="521"/>
            <String HEIGHT="39" WIDTH="124" VPOS="1626" HPOS="480" CONTENT="s’est" ID="r2l64_4" STYLEREFS="FONT0"/>
            <SP HEIGHT="39" WIDTH="14" VPOS="1626" HPOS="604"/>
            <String HEIGHT="39" WIDTH="138" VPOS="1626" HPOS="562" CONTENT="remuée" ID="r2l64_5" STYLEREFS="FONT0"/>
            <SP HEIGHT="39" WIDTH="14" VPOS="1626" HPOS="700"/>
            <String HEIGHT="39" WIDTH="110" VPOS="1626" HPOS="659" CONTENT="pour" ID="r2l64_6" STYLEREFS="FONT0"/>
            <SP HEIGHT="39" WIDTH="14" VPOS="1626" HPOS="769"/>
            <String HEIGHT="39" WIDTH="152" VPOS="1626" HPOS="728" CONTENT="grandir" ID="r2l64_7" STYLEREFS="FONT0"/>
            <SP HEIGHT="39" WIDTH="14" VPOS="1626" HPOS="879"/>
            <String HEIGHT="39" WIDTH="97" VPOS="1626" HPOS="838" CONTENT="cet" ID="r2l64_8" STYLEREFS="FONT0"/>
            <SP HEIGHT="39" WIDTH="14" VPOS="1626" HPOS="935"/>
            <String HEIGHT="39" WIDTH="165" VPOS="1626" HPOS="893" CONTENT="ouvrage," ID="r2l64_9" STYLEREFS="FONT0"/>
            <SP HEIGHT="39" WIDTH="14" VPOS="1626" HPOS="1059"/>
            <String HEIGHT="39" WIDTH="97" VPOS="1626" HPOS="1017" CONTENT="qui" ID="r2l64_10" STYLEREFS="FONT0"/>
            <SP HEIGHT="39" WIDTH="14" VPOS="1626" HPOS="1114"/>
            <String HEIGHT="39" WIDTH="41" VPOS="1626" HPOS="1059" CONTENT="a" ID="r2l64_11" STYLEREFS="FONT0"/>
          </TextLine>
          <TextLine ID="r2l65" BASELINE="1697" HEIGHT="38" WIDTH="964" VPOS="1659" HPOS="130">
            <String HEIGHT="38" WIDTH="101" VPOS="1659" HPOS="116" CONTENT="des" ID="r2l65_1" STYLEREFS="FONT0"/>
            <SP HEIGHT="38" WIDTH="14" VPOS="1659" HPOS="216"/>
            <String HEIGHT="38" WIDTH="158" VPOS="1659" HPOS="173" CONTENT="parties" ID="r2l65_2" STYLEREFS="FONT0"/>
            <SP HEIGHT="38" WIDTH="14" VPOS="1659" HPOS="331"/>
            <String HEIGHT="38" WIDTH="230" VPOS="1659" HPOS="288" CONTENT="très-belles," ID="r2l65_3" STYLEREFS="FONT0"/>
            <SP HEIGHT="38" WIDTH="14" VPOS="1659" HPOS="518"/>
            <String HEIGHT="38" WIDTH="173" VPOS="1659" HPOS="475" CONTENT="sublimes" ID="r2l65_4" STYLEREFS="FONT0"/>
            <SP HEIGHT="38" WIDTH="14" VPOS="1659" HPOS="648"/>
            <String HEIGHT="38" WIDTH="144" VPOS="1659" HPOS="605" CONTENT="mêmes," ID="r2l65_5" STYLEREFS="FONT0"/>
            <SP HEIGHT="38" WIDTH="14" VPOS="1659" HPOS="749"/>
            <String HEIGHT="38" WIDTH="115" VPOS="1659" HPOS="706" CONTENT="mais" ID="r2l65_6" STYLEREFS="FONT0"/>
            <SP HEIGHT="38" WIDTH="14" VPOS="1659" HPOS="821"/>
            <String HEIGHT="38" WIDTH="187" VPOS="1659" HPOS="777" CONTENT="tellement" ID="r2l65_7" STYLEREFS="FONT0"/>
            <SP HEIGHT="38" WIDTH="14" VPOS="1659" HPOS="965"/>
            <String HEIGHT="38" WIDTH="144" VPOS="1659" HPOS="921" CONTENT="noyées" ID="r2l65_8" STYLEREFS="FONT0"/>
            <SP HEIGHT="38" WIDTH="14" VPOS="1659" HPOS="1065"/>
            <String HEIGHT="38" WIDTH="86" VPOS="1659" HPOS="1008" CONTENT="dans" ID="r2l65_9" STYLEREFS="FONT0"/>
          </TextLine>
          <TextLine ID="r2l66" BASELINE="1734" HEIGHT="41" WIDTH="647" VPOS="1693" HPOS="454">
            <String HEIGHT="41" WIDTH="58" VPOS="1693" HPOS="444" CONTENT="un" ID="r2l66_1" STYLEREFS="FONT0"/>
            <SP HEIGHT="41" WIDTH="10" VPOS="1693" HPOS="502"/>
            <String HEIGHT="41" WIDTH="97" VPOS="1693" HPOS="473" CONTENT="déluge" ID="r2l66_2" STYLEREFS="FONT0"/>
            <SP HEIGHT="41" WIDTH="10" VPOS="1693" HPOS="570"/>
            <String HEIGHT="41" WIDTH="58" VPOS="1693" HPOS="541" CONTENT="de" ID="r2l66_3" STYLEREFS="FONT0"/>
            <SP HEIGHT="41" WIDTH="10" VPOS="1693" HPOS="599"/>
            <String HEIGHT="41" WIDTH="126" VPOS="1693" HPOS="570" CONTENT="quolibets" ID="r2l66_4" STYLEREFS="FONT0"/>
            <SP HEIGHT="41" WIDTH="10" VPOS="1693" HPOS="695"/>
            <String HEIGHT="41" WIDTH="58" VPOS="1693" HPOS="666" CONTENT="et" ID="r2l66_5" STYLEREFS="FONT0"/>
            <SP HEIGHT="41" WIDTH="10" VPOS="1693" HPOS="724"/>
            <String HEIGHT="41" WIDTH="58" VPOS="1693" HPOS="695" CONTENT="de" ID="r2l66_6" STYLEREFS="FONT0"/>
            <SP HEIGHT="41" WIDTH="10" VPOS="1693" HPOS="753"/>
            <String HEIGHT="41" WIDTH="155" VPOS="1693" HPOS="724" CONTENT="turlupinades" ID="r2l66_7" STYLEREFS="FONT0"/>
            <SP HEIGHT="41" WIDTH="10" VPOS="1693" HPOS="879"/>
            <String HEIGHT="41" WIDTH="87" VPOS="1693" HPOS="850" CONTENT="qu’en" ID="r2l66_8" STYLEREFS="FONT0"/>
            <SP HEIGHT="41" WIDTH="10" VPOS="1693" HPOS="937"/>
            <String HEIGHT="41" WIDTH="97" VPOS="1693" HPOS="908" CONTENT="vérité" ID="r2l66_9" STYLEREFS="FONT0"/>
            <SP HEIGHT="41" WIDTH="10" VPOS="1693" HPOS="1004"/>
            <String HEIGHT="41" WIDTH="58" VPOS="1693" HPOS="975" CONTENT="je" ID="r2l66_10" STYLEREFS="FONT0"/>
            <SP HEIGHT="41" WIDTH="10" VPOS="1693" HPOS="1033"/>
            <String HEIGHT="41" WIDTH="87" VPOS="1693" HPOS="1004" CONTENT="crois" ID="r2l66_11" STYLEREFS="FONT0"/>
            <SP HEIGHT="41" WIDTH="10" VPOS="1693" HPOS="1091"/>
            <String HEIGHT="41" WIDTH="48" VPOS="1693" HPOS="1053" CONTENT="que" ID="r2l66_12" STYLEREFS="FONT0"/>
          </TextLine>
          <TextLine ID="r2l68" BASELINE="1763" HEIGHT="43" WIDTH="971" VPOS="1720" HPOS="127">
            <String HEIGHT="43" WIDTH="111" VPOS="1720" HPOS="113" CONTENT="c’en" ID="r2l68_1" STYLEREFS="FONT0"/>
            <SP HEIGHT="43" WIDTH="14" VPOS="1720" HPOS="224"/>
            <String HEIGHT="43" WIDTH="97" VPOS="1720" HPOS="182" CONTENT="est" ID="r2l68_2" STYLEREFS="FONT0"/>
            <SP HEIGHT="43" WIDTH="14" VPOS="1720" HPOS="280"/>
            <String HEIGHT="43" WIDTH="111" VPOS="1720" HPOS="238" CONTENT="fait" ID="r2l68_3" STYLEREFS="FONT0"/>
            <SP HEIGHT="43" WIDTH="14" VPOS="1720" HPOS="349"/>
            <String HEIGHT="43" WIDTH="83" VPOS="1720" HPOS="307" CONTENT="du" ID="r2l68_4" STYLEREFS="FONT0"/>
            <SP HEIGHT="43" WIDTH="14" VPOS="1720" HPOS="391"/>
            <String HEIGHT="43" WIDTH="111" VPOS="1720" HPOS="349" CONTENT="goût" ID="r2l68_5" STYLEREFS="FONT0"/>
            <SP HEIGHT="43" WIDTH="14" VPOS="1720" HPOS="460"/>
            <String HEIGHT="43" WIDTH="97" VPOS="1720" HPOS="418" CONTENT="des" ID="r2l68_6" STYLEREFS="FONT0"/>
            <SP HEIGHT="43" WIDTH="14" VPOS="1720" HPOS="515"/>
            <String HEIGHT="43" WIDTH="166" VPOS="1720" HPOS="474" CONTENT="Français" ID="r2l68_7" STYLEREFS="FONT0"/>
            <SP HEIGHT="43" WIDTH="14" VPOS="1720" HPOS="640"/>
            <String HEIGHT="43" WIDTH="83" VPOS="1720" HPOS="599" CONTENT="si" ID="r2l68_8" STYLEREFS="FONT0"/>
            <SP HEIGHT="43" WIDTH="14" VPOS="1720" HPOS="682"/>
            <String HEIGHT="43" WIDTH="83" VPOS="1720" HPOS="640" CONTENT="ce" ID="r2l68_9" STYLEREFS="FONT0"/>
            <SP HEIGHT="43" WIDTH="14" VPOS="1720" HPOS="723"/>
            <String HEIGHT="43" WIDTH="111" VPOS="1720" HPOS="682" CONTENT="sont" ID="r2l68_10" STYLEREFS="FONT0"/>
            <SP HEIGHT="43" WIDTH="14" VPOS="1720" HPOS="793"/>
            <String HEIGHT="43" WIDTH="83" VPOS="1720" HPOS="751" CONTENT="là" ID="r2l68_11" STYLEREFS="FONT0"/>
            <SP HEIGHT="43" WIDTH="14" VPOS="1720" HPOS="834"/>
            <String HEIGHT="43" WIDTH="97" VPOS="1720" HPOS="793" CONTENT="les" ID="r2l68_12" STYLEREFS="FONT0"/>
            <SP HEIGHT="43" WIDTH="14" VPOS="1720" HPOS="890"/>
            <String HEIGHT="43" WIDTH="139" VPOS="1720" HPOS="848" CONTENT="pièces" ID="r2l68_13" STYLEREFS="FONT0"/>
            <SP HEIGHT="43" WIDTH="14" VPOS="1720" HPOS="987"/>
            <String HEIGHT="43" WIDTH="125" VPOS="1720" HPOS="945" CONTENT="qu’il" ID="r2l68_14" STYLEREFS="FONT0"/>
            <SP HEIGHT="43" WIDTH="14" VPOS="1720" HPOS="1070"/>
            <String HEIGHT="43" WIDTH="83" VPOS="1720" HPOS="1015" CONTENT="leur" ID="r2l68_15" STYLEREFS="FONT0"/>
          </TextLine>
          <TextLine ID="r2l69" BASELINE="1789" HEIGHT="36" WIDTH="720" VPOS="1753" HPOS="127">
            <String HEIGHT="36" WIDTH="146" VPOS="1753" HPOS="115" CONTENT="faut...»" ID="r2l69_1" STYLEREFS="FONT0"/>
            <SP HEIGHT="36" WIDTH="12" VPOS="1753" HPOS="261"/>
            <String HEIGHT="36" WIDTH="73" VPOS="1753" HPOS="225" CONTENT="Il" ID="r2l69_2" STYLEREFS="FONT0"/>
            <SP HEIGHT="36" WIDTH="12" VPOS="1753" HPOS="298"/>
            <String HEIGHT="36" WIDTH="110" VPOS="1753" HPOS="261" CONTENT="parle" ID="r2l69_3" STYLEREFS="FONT0"/>
            <SP HEIGHT="36" WIDTH="12" VPOS="1753" HPOS="371"/>
            <String HEIGHT="36" WIDTH="134" VPOS="1753" HPOS="334" CONTENT="ensuite" ID="r2l69_4" STYLEREFS="FONT0"/>
            <SP HEIGHT="36" WIDTH="12" VPOS="1753" HPOS="469"/>
            <String HEIGHT="36" WIDTH="73" VPOS="1753" HPOS="432" CONTENT="de" ID="r2l69_5" STYLEREFS="FONT0"/>
            <SP HEIGHT="36" WIDTH="12" VPOS="1753" HPOS="505"/>
            <String HEIGHT="36" WIDTH="73" VPOS="1753" HPOS="469" CONTENT="sa" ID="r2l69_6" STYLEREFS="FONT0"/>
            <SP HEIGHT="36" WIDTH="12" VPOS="1753" HPOS="542"/>
            <String HEIGHT="36" WIDTH="195" VPOS="1753" HPOS="505" CONTENT="Françoise" ID="r2l69_7" STYLEREFS="FONT2"/>
            <SP HEIGHT="36" WIDTH="12" VPOS="1753" HPOS="701"/>
            <String HEIGHT="36" WIDTH="73" VPOS="1753" HPOS="664" CONTENT="de" ID="r2l69_8" STYLEREFS="FONT2"/>
            <SP HEIGHT="36" WIDTH="12" VPOS="1753" HPOS="737"/>
            <String HEIGHT="36" WIDTH="159" VPOS="1753" HPOS="688" CONTENT="Rimin." ID="r2l69_9" STYLEREFS="FONT2"/>
          </TextLine>
          <TextLine ID="r2l70" BASELINE="1832" HEIGHT="49" WIDTH="960" VPOS="1783" HPOS="140">
            <String HEIGHT="49" WIDTH="112" VPOS="1783" HPOS="128" CONTENT="21431" ID="r2l70_1" STYLEREFS="FONT0"/>
            <SP HEIGHT="49" WIDTH="12" VPOS="1783" HPOS="240"/>
            <String HEIGHT="49" WIDTH="75" VPOS="1783" HPOS="202" CONTENT="DU" ID="r2l70_2" STYLEREFS="FONT0"/>
            <SP HEIGHT="49" WIDTH="12" VPOS="1783" HPOS="277"/>
            <String HEIGHT="49" WIDTH="112" VPOS="1783" HPOS="240" CONTENT="BOURG" ID="r2l70_3" STYLEREFS="FONT0"/>
            <SP HEIGHT="49" WIDTH="12" VPOS="1783" HPOS="352"/>
            <String HEIGHT="49" WIDTH="87" VPOS="1783" HPOS="315" CONTENT="(L." ID="r2l70_4" STYLEREFS="FONT0"/>
            <SP HEIGHT="49" WIDTH="12" VPOS="1783" HPOS="402"/>
            <String HEIGHT="49" WIDTH="75" VPOS="1783" HPOS="364" CONTENT="M." ID="r2l70_5" STYLEREFS="FONT0"/>
            <SP HEIGHT="49" WIDTH="12" VPOS="1783" HPOS="439"/>
            <String HEIGHT="49" WIDTH="75" VPOS="1783" HPOS="402" CONTENT="DU" ID="r2l70_6" STYLEREFS="FONT0"/>
            <SP HEIGHT="49" WIDTH="12" VPOS="1783" HPOS="477"/>
            <String HEIGHT="49" WIDTH="125" VPOS="1783" HPOS="439" CONTENT="MAINE," ID="r2l70_7" STYLEREFS="FONT0"/>
            <SP HEIGHT="49" WIDTH="12" VPOS="1783" HPOS="564"/>
            <String HEIGHT="49" WIDTH="137" VPOS="1783" HPOS="526" CONTENT="comte)," ID="r2l70_8" STYLEREFS="FONT0"/>
            <SP HEIGHT="49" WIDTH="12" VPOS="1783" HPOS="664"/>
            <String HEIGHT="49" WIDTH="150" VPOS="1783" HPOS="626" CONTENT="maréchal" ID="r2l70_9" STYLEREFS="FONT0"/>
            <SP HEIGHT="49" WIDTH="12" VPOS="1783" HPOS="776"/>
            <String HEIGHT="49" WIDTH="75" VPOS="1783" HPOS="738" CONTENT="de" ID="r2l70_10" STYLEREFS="FONT0"/>
            <SP HEIGHT="49" WIDTH="12" VPOS="1783" HPOS="813"/>
            <String HEIGHT="49" WIDTH="137" VPOS="1783" HPOS="776" CONTENT="France." ID="r2l70_11" STYLEREFS="FONT0"/>
            <SP HEIGHT="49" WIDTH="12" VPOS="1783" HPOS="913"/>
            <String HEIGHT="49" WIDTH="112" VPOS="1783" HPOS="876" CONTENT="L." ID="r2l70_12" STYLEREFS="FONT2"/>
            <SP HEIGHT="49" WIDTH="12" VPOS="1783" HPOS="988"/>
            <String HEIGHT="49" WIDTH="125" VPOS="1783" HPOS="950" CONTENT="s." ID="r2l70_13" STYLEREFS="FONT2"/>
            <SP HEIGHT="49" WIDTH="12" VPOS="1783" HPOS="1075"/>
            <String HEIGHT="49" WIDTH="75" VPOS="1783" HPOS="1025" CONTENT="avec" ID="r2l70_14" STYLEREFS="FONT0"/>
          </TextLine>
          <TextLine ID="r2l71" BASELINE="1867" HEIGHT="41" WIDTH="954" VPOS="1826" HPOS="130">
            <String HEIGHT="41" WIDTH="75" VPOS="1826" HPOS="115" CONTENT="2" ID="r2l71_1" STYLEREFS="FONT0"/>
            <SP HEIGHT="41" WIDTH="15" VPOS="1826" HPOS="190"/>
            <String HEIGHT="41" WIDTH="119" VPOS="1826" HPOS="145" CONTENT="mots" ID="r2l71_2" STYLEREFS="FONT0"/>
            <SP HEIGHT="41" WIDTH="15" VPOS="1826" HPOS="264"/>
            <String HEIGHT="41" WIDTH="134" VPOS="1826" HPOS="219" CONTENT="aut.," ID="r2l71_3" STYLEREFS="FONT0"/>
            <SP HEIGHT="41" WIDTH="15" VPOS="1826" HPOS="354"/>
            <String HEIGHT="41" WIDTH="75" VPOS="1826" HPOS="309" CONTENT="à" ID="r2l71_4" STYLEREFS="FONT0"/>
            <SP HEIGHT="41" WIDTH="15" VPOS="1826" HPOS="383"/>
            <String HEIGHT="41" WIDTH="89" VPOS="1826" HPOS="339" CONTENT="M." ID="r2l71_5" STYLEREFS="FONT0"/>
            <SP HEIGHT="41" WIDTH="15" VPOS="1826" HPOS="428"/>
            <String HEIGHT="41" WIDTH="89" VPOS="1826" HPOS="383" CONTENT="de" ID="r2l71_6" STYLEREFS="FONT0"/>
            <SP HEIGHT="41" WIDTH="15" VPOS="1826" HPOS="473"/>
            <String HEIGHT="41" WIDTH="89" VPOS="1826" HPOS="428" CONTENT="La" ID="r2l71_7" STYLEREFS="FONT0"/>
            <SP HEIGHT="41" WIDTH="15" VPOS="1826" HPOS="518"/>
            <String HEIGHT="41" WIDTH="134" VPOS="1826" HPOS="473" CONTENT="Cour;" ID="r2l71_8" STYLEREFS="FONT0"/>
            <SP HEIGHT="41" WIDTH="15" VPOS="1826" HPOS="607"/>
            <String HEIGHT="41" WIDTH="224" VPOS="1826" HPOS="562" CONTENT="Strasbourg," ID="r2l71_9" STYLEREFS="FONT0"/>
            <SP HEIGHT="41" WIDTH="15" VPOS="1826" HPOS="786"/>
            <String HEIGHT="41" WIDTH="89" VPOS="1826" HPOS="741" CONTENT="22" ID="r2l71_10" STYLEREFS="FONT0"/>
            <SP HEIGHT="41" WIDTH="15" VPOS="1826" HPOS="831"/>
            <String HEIGHT="41" WIDTH="104" VPOS="1826" HPOS="786" CONTENT="mai" ID="r2l71_11" STYLEREFS="FONT0"/>
            <SP HEIGHT="41" WIDTH="15" VPOS="1826" HPOS="890"/>
            <String HEIGHT="41" WIDTH="134" VPOS="1826" HPOS="846" CONTENT="1738," ID="r2l71_12" STYLEREFS="FONT0"/>
            <SP HEIGHT="41" WIDTH="15" VPOS="1826" HPOS="980"/>
            <String HEIGHT="41" WIDTH="75" VPOS="1826" HPOS="935" CONTENT="1" ID="r2l71_13" STYLEREFS="FONT0"/>
            <SP HEIGHT="41" WIDTH="15" VPOS="1826" HPOS="1009"/>
            <String HEIGHT="41" WIDTH="89" VPOS="1826" HPOS="965" CONTENT="p." ID="r2l71_14" STYLEREFS="FONT0"/>
            <SP HEIGHT="41" WIDTH="15" VPOS="1826" HPOS="1054"/>
            <String HEIGHT="41" WIDTH="89" VPOS="1826" HPOS="995" CONTENT="in" ID="r2l71_15" STYLEREFS="FONT0"/>
          </TextLine>
          <TextLine ID="r2l73" BASELINE="1898" HEIGHT="39" WIDTH="94" VPOS="1859" HPOS="133">
            <String HEIGHT="39" WIDTH="86" VPOS="1859" HPOS="125" CONTENT="cachet." ID="r2l73_1" STYLEREFS="FONT0"/>
            <SP HEIGHT="39" WIDTH="8" VPOS="1859" HPOS="211"/>
            <String HEIGHT="39" WIDTH="39" VPOS="1859" HPOS="188" CONTENT="2" ID="r2l73_2" STYLEREFS="FONT0"/>
            <SP HEIGHT="39" WIDTH="8" VPOS="1859" HPOS="227"/>
            <String HEIGHT="39" WIDTH="31" VPOS="1859" HPOS="196" CONTENT="50" ID="r2l73_3" STYLEREFS="FONT0"/>
          </TextLine>
          <TextLine ID="r2l75" BASELINE="1946" HEIGHT="62" WIDTH="865" VPOS="1884" HPOS="132">
            <String HEIGHT="62" WIDTH="96" VPOS="1884" HPOS="121" CONTENT="21432" ID="r2l75_1" STYLEREFS="FONT0"/>
            <SP HEIGHT="62" WIDTH="11" VPOS="1884" HPOS="217"/>
            <String HEIGHT="62" WIDTH="128" VPOS="1884" HPOS="185" CONTENT="FRANÇOIS" ID="r2l75_2" STYLEREFS="FONT0"/>
            <SP HEIGHT="62" WIDTH="11" VPOS="1884" HPOS="314"/>
            <String HEIGHT="62" WIDTH="85" VPOS="1884" HPOS="282" CONTENT="Ier," ID="r2l75_3" STYLEREFS="FONT0"/>
            <SP HEIGHT="62" WIDTH="11" VPOS="1884" HPOS="367"/>
            <String HEIGHT="62" WIDTH="75" VPOS="1884" HPOS="335" CONTENT="roi" ID="r2l75_4" STYLEREFS="FONT0"/>
            <SP HEIGHT="62" WIDTH="11" VPOS="1884" HPOS="410"/>
            <String HEIGHT="62" WIDTH="64" VPOS="1884" HPOS="378" CONTENT="de" ID="r2l75_5" STYLEREFS="FONT0"/>
            <SP HEIGHT="62" WIDTH="11" VPOS="1884" HPOS="442"/>
            <String HEIGHT="62" WIDTH="117" VPOS="1884" HPOS="410" CONTENT="France." ID="r2l75_6" STYLEREFS="FONT0"/>
            <SP HEIGHT="62" WIDTH="11" VPOS="1884" HPOS="527"/>
            <String HEIGHT="62" WIDTH="96" VPOS="1884" HPOS="495" CONTENT="P." ID="r2l75_7" STYLEREFS="FONT2"/>
            <SP HEIGHT="62" WIDTH="11" VPOS="1884" HPOS="591"/>
            <String HEIGHT="62" WIDTH="107" VPOS="1884" HPOS="559" CONTENT="s." ID="r2l75_8" STYLEREFS="FONT2"/>
            <SP HEIGHT="62" WIDTH="11" VPOS="1884" HPOS="666"/>
            <String HEIGHT="62" WIDTH="75" VPOS="1884" HPOS="634" CONTENT="sur" ID="r2l75_9" STYLEREFS="FONT0"/>
            <SP HEIGHT="62" WIDTH="11" VPOS="1884" HPOS="709"/>
            <String HEIGHT="62" WIDTH="107" VPOS="1884" HPOS="677" CONTENT="vélin;" ID="r2l75_10" STYLEREFS="FONT0"/>
            <SP HEIGHT="62" WIDTH="11" VPOS="1884" HPOS="783"/>
            <String HEIGHT="62" WIDTH="64" VPOS="1884" HPOS="751" CONTENT="19" ID="r2l75_11" STYLEREFS="FONT0"/>
            <SP HEIGHT="62" WIDTH="11" VPOS="1884" HPOS="815"/>
            <String HEIGHT="62" WIDTH="85" VPOS="1884" HPOS="783" CONTENT="jain" ID="r2l75_12" STYLEREFS="FONT0"/>
            <SP HEIGHT="62" WIDTH="11" VPOS="1884" HPOS="869"/>
            <String HEIGHT="62" WIDTH="96" VPOS="1884" HPOS="837" CONTENT="1536," ID="r2l75_13" STYLEREFS="FONT0"/>
            <SP HEIGHT="62" WIDTH="11" VPOS="1884" HPOS="933"/>
            <String HEIGHT="62" WIDTH="53" VPOS="1884" HPOS="901" CONTENT="1" ID="r2l75_14" STYLEREFS="FONT0"/>
            <SP HEIGHT="62" WIDTH="11" VPOS="1884" HPOS="954"/>
            <String HEIGHT="62" WIDTH="64" VPOS="1884" HPOS="922" CONTENT="p." ID="r2l75_15" STYLEREFS="FONT0"/>
            <SP HEIGHT="62" WIDTH="11" VPOS="1884" HPOS="986"/>
            <String HEIGHT="62" WIDTH="53" VPOS="1884" HPOS="944" CONTENT="in" SUBS_TYPE="HypPart1" SUBS_CONTENT="infol." ID="r2l75_16" STYLEREFS="FONT0"/>
            <HYP CONTENT="-"/>
          </TextLine>
          <TextLine ID="r2l77" BASELINE="1969" HEIGHT="39" WIDTH="377" VPOS="1930" HPOS="125">
            <String HEIGHT="39" WIDTH="97" VPOS="1930" HPOS="113" CONTENT="fol." SUBS_TYPE="HypPart2" SUBS_CONTENT="infol." ID="r2l77_1" STYLEREFS="FONT0"/>
            <SP HEIGHT="39" WIDTH="12" VPOS="1930" HPOS="210"/>
            <String HEIGHT="39" WIDTH="134" VPOS="1930" HPOS="174" CONTENT="oblong." ID="r2l77_2" STYLEREFS="FONT0"/>
            <SP HEIGHT="39" WIDTH="12" VPOS="1930" HPOS="307"/>
            <String HEIGHT="39" WIDTH="73" VPOS="1930" HPOS="271" CONTENT="Un" ID="r2l77_3" STYLEREFS="FONT0"/>
            <SP HEIGHT="39" WIDTH="12" VPOS="1930" HPOS="344"/>
            <String HEIGHT="39" WIDTH="85" VPOS="1930" HPOS="307" CONTENT="peu" ID="r2l77_4" STYLEREFS="FONT0"/>
            <SP HEIGHT="39" WIDTH="12" VPOS="1930" HPOS="393"/>
            <String HEIGHT="39" WIDTH="134" VPOS="1930" HPOS="356" CONTENT="jaunie." ID="r2l77_5" STYLEREFS="FONT0"/>
            <SP HEIGHT="39" WIDTH="12" VPOS="1930" HPOS="490"/>
            <String HEIGHT="39" WIDTH="61" VPOS="1930" HPOS="453" CONTENT="4" ID="r2l77_6" STYLEREFS="FONT0"/>
            <SP HEIGHT="39" WIDTH="12" VPOS="1930" HPOS="514"/>
            <String HEIGHT="39" WIDTH="36" VPOS="1930" HPOS="466" CONTENT="»" ID="r2l77_7" STYLEREFS="FONT0"/>
          </TextLine>
          <TextLine ID="r2l78" BASELINE="2006" HEIGHT="46" WIDTH="960" VPOS="1960" HPOS="134">
            <String HEIGHT="46" WIDTH="123" VPOS="1960" HPOS="120" CONTENT="21433" ID="r2l78_1" STYLEREFS="FONT0"/>
            <SP HEIGHT="46" WIDTH="14" VPOS="1960" HPOS="244"/>
            <String HEIGHT="46" WIDTH="165" VPOS="1960" HPOS="203" CONTENT="CAVAUDAN" ID="r2l78_2" STYLEREFS="FONT0"/>
            <SP HEIGHT="46" WIDTH="14" VPOS="1960" HPOS="367"/>
            <String HEIGHT="46" WIDTH="96" VPOS="1960" HPOS="326" CONTENT="(J." ID="r2l78_3" STYLEREFS="FONT0"/>
            <SP HEIGHT="46" WIDTH="14" VPOS="1960" HPOS="422"/>
            <String HEIGHT="46" WIDTH="82" VPOS="1960" HPOS="381" CONTENT="B." ID="r2l78_4" STYLEREFS="FONT0"/>
            <SP HEIGHT="46" WIDTH="14" VPOS="1960" HPOS="463"/>
            <String HEIGHT="46" WIDTH="178" VPOS="1960" HPOS="422" CONTENT="Sauveur)," ID="r2l78_5" STYLEREFS="FONT0"/>
            <SP HEIGHT="46" WIDTH="14" VPOS="1960" HPOS="600"/>
            <String HEIGHT="46" WIDTH="151" VPOS="1960" HPOS="559" CONTENT="célèbre" ID="r2l78_6" STYLEREFS="FONT0"/>
            <SP HEIGHT="46" WIDTH="14" VPOS="1960" HPOS="710"/>
            <String HEIGHT="46" WIDTH="137" VPOS="1960" HPOS="669" CONTENT="acteur" ID="r2l78_7" STYLEREFS="FONT0"/>
            <SP HEIGHT="46" WIDTH="14" VPOS="1960" HPOS="806"/>
            <String HEIGHT="46" WIDTH="82" VPOS="1960" HPOS="765" CONTENT="et" ID="r2l78_8" STYLEREFS="FONT0"/>
            <SP HEIGHT="46" WIDTH="14" VPOS="1960" HPOS="847"/>
            <String HEIGHT="46" WIDTH="165" VPOS="1960" HPOS="806" CONTENT="chanteur" ID="r2l78_9" STYLEREFS="FONT0"/>
            <SP HEIGHT="46" WIDTH="14" VPOS="1960" HPOS="971"/>
            <String HEIGHT="46" WIDTH="82" VPOS="1960" HPOS="929" CONTENT="de" ID="r2l78_10" STYLEREFS="FONT0"/>
            <SP HEIGHT="46" WIDTH="14" VPOS="1960" HPOS="1012"/>
            <String HEIGHT="46" WIDTH="137" VPOS="1960" HPOS="957" CONTENT="l’Opéra" SUBS_TYPE="HypPart1" SUBS_CONTENT="l’OpéraComique." ID="r2l78_11" STYLEREFS="FONT0"/>
            <HYP CONTENT="-"/>
          </TextLine>
          <TextLine ID="r2l80" BASELINE="2039" HEIGHT="42" WIDTH="879" VPOS="1997" HPOS="129">
            <String HEIGHT="42" WIDTH="153" VPOS="1997" HPOS="116" CONTENT="Comique." SUBS_TYPE="HypPart2" SUBS_CONTENT="l’OpéraComique." ID="r2l80_1" STYLEREFS="FONT0"/>
            <SP HEIGHT="42" WIDTH="13" VPOS="1997" HPOS="269"/>
            <String HEIGHT="42" WIDTH="115" VPOS="1997" HPOS="231" CONTENT="L." ID="r2l80_2" STYLEREFS="FONT2"/>
            <SP HEIGHT="42" WIDTH="13" VPOS="1997" HPOS="346"/>
            <String HEIGHT="42" WIDTH="76" VPOS="1997" HPOS="307" CONTENT="a." ID="r2l80_3" STYLEREFS="FONT2"/>
            <SP HEIGHT="42" WIDTH="13" VPOS="1997" HPOS="384"/>
            <String HEIGHT="42" WIDTH="127" VPOS="1997" HPOS="346" CONTENT="s." ID="r2l80_4" STYLEREFS="FONT2"/>
            <SP HEIGHT="42" WIDTH="13" VPOS="1997" HPOS="473"/>
            <String HEIGHT="42" WIDTH="64" VPOS="1997" HPOS="435" CONTENT="à" ID="r2l80_5" STYLEREFS="FONT0"/>
            <SP HEIGHT="42" WIDTH="13" VPOS="1997" HPOS="498"/>
            <String HEIGHT="42" WIDTH="166" VPOS="1997" HPOS="460" CONTENT="Champein;" ID="r2l80_6" STYLEREFS="FONT0"/>
            <SP HEIGHT="42" WIDTH="13" VPOS="1997" HPOS="626"/>
            <String HEIGHT="42" WIDTH="166" VPOS="1997" HPOS="588" CONTENT="Bordeaux," ID="r2l80_7" STYLEREFS="FONT0"/>
            <SP HEIGHT="42" WIDTH="13" VPOS="1997" HPOS="753"/>
            <String HEIGHT="42" WIDTH="76" VPOS="1997" HPOS="715" CONTENT="17" ID="r2l80_8" STYLEREFS="FONT0"/>
            <SP HEIGHT="42" WIDTH="13" VPOS="1997" HPOS="791"/>
            <String HEIGHT="42" WIDTH="166" VPOS="1997" HPOS="753" CONTENT="germinal," ID="r2l80_9" STYLEREFS="FONT0"/>
            <SP HEIGHT="42" WIDTH="13" VPOS="1997" HPOS="919"/>
            <String HEIGHT="42" WIDTH="64" VPOS="1997" HPOS="881" CONTENT="2" ID="r2l80_10" STYLEREFS="FONT0"/>
            <SP HEIGHT="42" WIDTH="13" VPOS="1997" HPOS="944"/>
            <String HEIGHT="42" WIDTH="76" VPOS="1997" HPOS="906" CONTENT="p." ID="r2l80_11" STYLEREFS="FONT0"/>
            <SP HEIGHT="42" WIDTH="13" VPOS="1997" HPOS="983"/>
            <String HEIGHT="42" WIDTH="76" VPOS="1997" HPOS="932" CONTENT="in" ID="r2l80_12" STYLEREFS="FONT0"/>
          </TextLine>
          <TextLine ID="r2l83" BASELINE="2070" HEIGHT="37" WIDTH="698" VPOS="2033" HPOS="136">
            <String HEIGHT="37" WIDTH="171" VPOS="2033" HPOS="124" CONTENT="Très-jolie" ID="r2l83_1" STYLEREFS="FONT0"/>
            <SP HEIGHT="37" WIDTH="12" VPOS="2033" HPOS="295"/>
            <String HEIGHT="37" WIDTH="122" VPOS="2033" HPOS="258" CONTENT="lettre" ID="r2l83_2" STYLEREFS="FONT0"/>
            <SP HEIGHT="37" WIDTH="12" VPOS="2033" HPOS="381"/>
            <String HEIGHT="37" WIDTH="86" VPOS="2033" HPOS="344" CONTENT="sur" ID="r2l83_3" STYLEREFS="FONT0"/>
            <SP HEIGHT="37" WIDTH="12" VPOS="2033" HPOS="430"/>
            <String HEIGHT="37" WIDTH="86" VPOS="2033" HPOS="393" CONTENT="ses" ID="r2l83_4" STYLEREFS="FONT0"/>
            <SP HEIGHT="37" WIDTH="12" VPOS="2033" HPOS="479"/>
            <String HEIGHT="37" WIDTH="233" VPOS="2033" HPOS="442" CONTENT="représentations" ID="r2l83_5" STYLEREFS="FONT0"/>
            <SP HEIGHT="37" WIDTH="12" VPOS="2033" HPOS="675"/>
            <String HEIGHT="37" WIDTH="61" VPOS="2033" HPOS="638" CONTENT="à" ID="r2l83_6" STYLEREFS="FONT0"/>
            <SP HEIGHT="37" WIDTH="12" VPOS="2033" HPOS="699"/>
            <String HEIGHT="37" WIDTH="159" VPOS="2033" HPOS="663" CONTENT="Bordeaux." ID="r2l83_7" STYLEREFS="FONT0"/>
            <SP HEIGHT="37" WIDTH="12" VPOS="2033" HPOS="822"/>
            <String HEIGHT="37" WIDTH="61" VPOS="2033" HPOS="785" CONTENT="3" ID="r2l83_8" STYLEREFS="FONT0"/>
            <SP HEIGHT="37" WIDTH="12" VPOS="2033" HPOS="846"/>
            <String HEIGHT="37" WIDTH="37" VPOS="2033" HPOS="797" CONTENT="»" ID="r2l83_9" STYLEREFS="FONT0"/>
          </TextLine>
          <TextLine ID="r2l84" BASELINE="2111" HEIGHT="43" WIDTH="879" VPOS="2068" HPOS="123">
            <String HEIGHT="43" WIDTH="96" VPOS="2068" HPOS="112" CONTENT="21434" ID="r2l84_1" STYLEREFS="FONT0"/>
            <SP HEIGHT="43" WIDTH="11" VPOS="2068" HPOS="209"/>
            <String HEIGHT="43" WIDTH="107" VPOS="2068" HPOS="177" CONTENT="GUÉRIN" ID="r2l84_2" STYLEREFS="FONT0"/>
            <SP HEIGHT="43" WIDTH="11" VPOS="2068" HPOS="284"/>
            <String HEIGHT="43" WIDTH="75" VPOS="2068" HPOS="252" CONTENT="(J." ID="r2l84_3" STYLEREFS="FONT0"/>
            <SP HEIGHT="43" WIDTH="11" VPOS="2068" HPOS="327"/>
            <String HEIGHT="43" WIDTH="64" VPOS="2068" HPOS="295" CONTENT="B." ID="r2l84_4" STYLEREFS="FONT0"/>
            <SP HEIGHT="43" WIDTH="11" VPOS="2068" HPOS="359"/>
            <String HEIGHT="43" WIDTH="129" VPOS="2068" HPOS="327" CONTENT="Paulin)," ID="r2l84_5" STYLEREFS="FONT0"/>
            <SP HEIGHT="43" WIDTH="11" VPOS="2068" HPOS="455"/>
            <String HEIGHT="43" WIDTH="118" VPOS="2068" HPOS="423" CONTENT="célèbre" ID="r2l84_6" STYLEREFS="FONT0"/>
            <SP HEIGHT="43" WIDTH="11" VPOS="2068" HPOS="541"/>
            <String HEIGHT="43" WIDTH="118" VPOS="2068" HPOS="509" CONTENT="peintre" ID="r2l84_7" STYLEREFS="FONT0"/>
            <SP HEIGHT="43" WIDTH="11" VPOS="2068" HPOS="627"/>
            <String HEIGHT="43" WIDTH="161" VPOS="2068" HPOS="595" CONTENT="d’histoire," ID="r2l84_8" STYLEREFS="FONT0"/>
            <SP HEIGHT="43" WIDTH="11" VPOS="2068" HPOS="755"/>
            <String HEIGHT="43" WIDTH="64" VPOS="2068" HPOS="723" CONTENT="né" ID="r2l84_9" STYLEREFS="FONT0"/>
            <SP HEIGHT="43" WIDTH="11" VPOS="2068" HPOS="788"/>
            <String HEIGHT="43" WIDTH="54" VPOS="2068" HPOS="755" CONTENT="à" ID="r2l84_10" STYLEREFS="FONT0"/>
            <SP HEIGHT="43" WIDTH="11" VPOS="2068" HPOS="809"/>
            <String HEIGHT="43" WIDTH="118" VPOS="2068" HPOS="777" CONTENT="Toulon." ID="r2l84_11" STYLEREFS="FONT0"/>
            <SP HEIGHT="43" WIDTH="11" VPOS="2068" HPOS="895"/>
            <String HEIGHT="43" WIDTH="96" VPOS="2068" HPOS="863" CONTENT="L." ID="r2l84_12" STYLEREFS="FONT2"/>
            <SP HEIGHT="43" WIDTH="11" VPOS="2068" HPOS="959"/>
            <String HEIGHT="43" WIDTH="86" VPOS="2068" HPOS="916" CONTENT="a" ID="r2l84_13" STYLEREFS="FONT2"/>
          </TextLine>
          <TextLine ID="r2l86" BASELINE="2156" HEIGHT="57" WIDTH="353" VPOS="2099" HPOS="129">
            <String HEIGHT="57" WIDTH="130" VPOS="2099" HPOS="120" CONTENT="s." ID="r2l86_1" STYLEREFS="FONT2"/>
            <SP HEIGHT="57" WIDTH="9" VPOS="2099" HPOS="250"/>
            <String HEIGHT="57" WIDTH="84" VPOS="2099" HPOS="222" CONTENT="Paris" ID="r2l86_2" STYLEREFS="FONT0"/>
            <SP HEIGHT="57" WIDTH="9" VPOS="2099" HPOS="306"/>
            <String HEIGHT="57" WIDTH="84" VPOS="2099" HPOS="278" CONTENT="1832," ID="r2l86_3" STYLEREFS="FONT0"/>
            <SP HEIGHT="57" WIDTH="9" VPOS="2099" HPOS="361"/>
            <String HEIGHT="57" WIDTH="46" VPOS="2099" HPOS="333" CONTENT="1" ID="r2l86_4" STYLEREFS="FONT0"/>
            <SP HEIGHT="57" WIDTH="9" VPOS="2099" HPOS="380"/>
            <String HEIGHT="57" WIDTH="56" VPOS="2099" HPOS="352" CONTENT="p." ID="r2l86_5" STYLEREFS="FONT0"/>
            <SP HEIGHT="57" WIDTH="9" VPOS="2099" HPOS="408"/>
            <String HEIGHT="57" WIDTH="84" VPOS="2099" HPOS="380" CONTENT="in-4." ID="r2l86_6" STYLEREFS="FONT0"/>
            <SP HEIGHT="57" WIDTH="9" VPOS="2099" HPOS="463"/>
            <String HEIGHT="57" WIDTH="46" VPOS="2099" HPOS="436" CONTENT="2" ID="r2l86_7" STYLEREFS="FONT0"/>
            <SP HEIGHT="57" WIDTH="9" VPOS="2099" HPOS="482"/>
            <String HEIGHT="57" WIDTH="37" VPOS="2099" HPOS="445" CONTENT="25" ID="r2l86_8" STYLEREFS="FONT0"/>
          </TextLine>
        </TextBlock>
      </PrintSpace>
    </Page>
  </Layout>
</alto>
