1140 2234
562 53 33 51 —
576 53 33 51 3
582 53 20 51 —

141 81 122 94 21228
222 81 189 94 BONAPARTE,
370 81 149 94 général
478 81 81 94 en
519 81 108 94 chef
586 81 81 94 de
627 81 149 94 l’armée
735 81 176 94 d’Égypte.
870 81 122 94 L.
951 81 135 94 s.
1032 81 95 94 comme

475 147 95 68 membre
542 147 57 68 de
571 147 133 68 l’Institut
675 147 57 68 et
704 147 105 68 général
780 147 57 68 en
809 147 86 68 chef;
866 147 57 68 le
894 147 86 68 Caire
951 147 57 68 an
980 147 67 68 VI,
1018 147 67 68 3/4
1056 147 57 68 de
1075 147 38 68 p.

139 167 92 40 in-fol.
206 167 42 40 6
214 167 25 40 »

147 195 93 76 21229
209 195 144 76 BONNESOEUR
322 195 72 76 (S.
363 195 62 76 J.
394 195 82 76 H.),
446 195 175 76 conventionnel
590 195 155 76 montagnard,
713 195 103 76 membre
786 195 62 76 du
806 195 62 76 con-

141 241 75 70 seil
188 241 66 70 des
225 241 141 70 Cinq-Cents,
338 241 56 70 né
366 241 47 70 à
385 241 132 70 Coutances.
488 241 85 70 L.
545 241 56 70 a.
573 241 103 70 s.
648 241 94 70 Paris,
714 241 56 70 14
742 241 94 70 nivôse
808 241 56 70 an
826 241 38 70 II

169 272 36 43 1
183 272 43 43 p.
205 272 65 43 in-4.
248 272 36 43 2
255 272 29 43 25

140 310 96 65 21230
204 310 128 65 BORROMÉE
300 310 106 65 (saint
374 310 138 65 Charles),
481 310 149 65 l’illustre
598 310 149 65 archevêque
715 310 64 65 de
746 310 106 65 Milan.
821 310 96 65 L.
885 310 64 65 s.
906 310 85 65 il

136 344 174 71 cardinal
276 344 70 71 di
310 344 116 71 sancta
392 344 197 71 Prassède
554 344 70 71 au
589 344 139 71 cardinal
693 344 162 71 Figlovili;
821 344 104 71 Rome,
890 344 70 71 30
913 344 70 71 oct.

133 374 120 79 1519,
212 374 66 79 1
239 374 80 79 p.
279 374 120 79 in-4,
359 374 146 79 cachet.
465 374 133 79 Tachée
558 374 120 79 d’eau
638 374 80 79 et
678 374 146 79 doublée
784 374 106 79 dans
851 374 93 79 les
891 374 106 79 marges

133 408 56 41 de
161 408 102 41 droite.
235 408 56 41 35
253 408 28 41 »

144 442 100 75 21231
211 442 89 75 BORY
266 442 67 75 DE
299 442 189 75 SAINT-VINCENT
455 442 78 75 (J.
499 442 67 75 B.
532 442 67 75 G.
566 442 89 75 M.),
621 442 122 75 célèbre
710 442 178 75 naturaliste.
854 442 100 75 L.
921 442 67 75 a.
943 442 89 75 s.

132 478 66 66 à
158 478 79 66 M.
198 478 144 66 Gornol,
303 478 197 66 chirurgien;
460 478 131 66 Paris,
552 478 79 66 23
591 478 118 66 janv.
670 478 118 66 1829,
749 478 66 66 3
775 478 79 66 p.
815 478 118 66 in-8.
893 478 66 66 2
906 478 53 66 25

158 514 173 63 Dirigeant
290 514 212 63 l’expédition
463 514 212 63 scientifique
636 514 80 63 de
675 514 133 63 Morée,
768 514 80 63 il
808 514 106 63 part
874 514 119 63 éette
954 514 119 63 nuit;
1020 514 80 63 mais

133 547 127 59 avant
217 547 84 59 de
259 547 211 59 s’embarquer
428 547 84 59 il
470 547 127 59 vient
555 547 84 59 le
597 547 127 59 prier
681 547 84 59 de
723 547 84 59 ne
766 547 98 59 pas
822 547 155 59 oublier
934 547 98 59 les
976 547 127 59 Crypto-

132 581 120 60 games
212 581 120 60 qu’il
292 581 134 60 pourra
386 581 161 60 trouver,
506 581 107 60 afin
573 581 80 60 de
613 581 94 60 lui
667 581 80 60 en
707 581 120 60 faire
787 581 80 60 un
827 581 120 60 envoi
907 581 107 60 dans
961 581 107 60 l’été.

133 616 118 58 21232
211 616 131 58 BOUDET
303 616 144 58 (Paul),
407 616 209 58 représentant
577 616 78 58 du
616 616 131 58 peuple
708 616 78 58 en
747 616 118 58 1848,
826 616 196 58 ex-ministre
982 616 78 58 de
1009 616 91 58 l’in-

132 650 146 62 érieur.
238 650 120 62 L.
318 650 80 62 a.
358 650 133 62 s.
451 650 67 62 à
478 650 80 62 M.
518 650 133 62 Dupin;
611 650 120 62 Paris
691 650 120 62 1865,
770 650 67 62 2
797 650 80 62 p.
837 650 93 62 1/2
890 650 120 62 in-8.
957 650 146 62 Curieuse.

1011 706 94 47 2
1030 706 75 47 50

127 716 95 71 21233
191 716 116 71 BROGLIE
275 716 74 71 (le
317 716 74 71 duc
360 716 84 71 de),
412 716 127 71 ministre
507 716 63 71 et
539 716 95 71 homme
602 716 116 71 d’État,
686 716 63 71 de
718 716 116 71 l’Acad.
803 716 74 71 fr.
845 716 95 71 L.
908 716 63 71 a.
929 716 95 71 s.

163 752 52 55 1
183 752 63 55 p.
215 752 73 55 3/4
257 752 94 55 in-4.
320 752 94 55 Belle
382 752 105 55 pièce.
456 752 52 55 2
466 752 42 55 50

128 788 106 70 21234
199 788 129 70 BROGLIE
293 788 82 70 (le
339 788 117 70 prince
422 788 117 70 Albert
504 788 94 70 de),
562 788 164 70 publiciste
691 788 70 70 et
727 788 188 70 littérateur,
879 788 70 70 de
914 788 129 70 l’Acad.
996 788 59 70 fr.

123 827 89 53 L.
183 827 60 53 a.
212 827 109 53 s.
292 827 50 53 1
312 827 60 53 p.
341 827 69 53 1/2
381 827 89 53 in-8.
441 827 89 53 Jolie
500 827 109 53 lettre.
579 827 50 53 2
589 827 40 53 25

133 857 121 66 21235
213 857 121 66 ROHAN
294 857 215 66 (Augustine),
468 857 81 66 la
509 857 202 66 spirituelle
670 857 188 66 comédienne
818 857 81 66 du
845 857 255 66 Théâtre

124 898 94 48 L.
186 898 63 48 a.
218 898 115 48 s.
301 898 73 48 1/2
343 898 63 48 p.
375 898 94 48 in-8,
437 898 105 48 papier
511 898 52 48 à
532 898 73 48 son
574 898 126 48 chiffre.
668 898 52 48 1
678 898 42 48 50

122 932 107 61 21236
193 932 119 61 BROHAN
277 932 190 61 (Madeleine),
431 932 71 61 la
467 932 155 61 charmante
586 932 131 61 actrice
681 932 71 61 du
717 932 250 61 Théâtre-Français.
919 932 131 61 L.

128 968 73 55 a.
176 968 89 55 s.
241 968 56 55 1/2
273 968 48 55 p.
297 968 73 55 in-8.
346 968 40 55 1
354 968 32 55 25

121 1004 108 63 21237
193 1004 144 63 BROUGHAM
300 1004 108 63 (lord
372 1004 96 63 H.),
432 1004 132 63 célèbre
528 1004 144 63 ministre
635 1004 144 63 anglais.
743 1004 108 63 L.
815 1004 72 63 a.
851 1004 120 63 s.
934 1004 72 63 en
958 1004 132 63 français;

129 1040 97 56 1863,
194 1040 54 56 2
216 1040 65 56 p.
248 1040 97 56 in-8.
313 1040 54 56 2
324 1040 43 56 50

115 1075 121 74 21238
195 1075 134 74 BRUEYS
289 1075 107 74 (Fr.
356 1075 134 74 Paul),
450 1075 148 74 célèbre
557 1075 215 74 vice-amiral,
732 1075 107 74 mort
799 1075 228 74 glorieusement
987 1075 81 74 au
1014 1075 81 74 com-

121 1119 82 58 bat
168 1119 105 58 naval
238 1119 163 58 d’Aboukir.
366 1119 105 58 L.
436 1119 128 58 a,
530 1119 93 58 sig.
588 1119 70 58 le
623 1119 117 58 chr
705 1119 70 58 de
740 1119 117 58 Brues,
822 1119 105 58 garde
892 1119 70 58 du
915 1119 175 58 pavillon

115 1145 71 63 à
143 1145 85 63 M.
186 1145 198 63 Desbordes;
342 1145 156 63 Toulon,
455 1145 85 63 18
498 1145 128 63 avril
583 1145 128 63 1775,
668 1145 99 63 3/4
724 1145 85 63 de
767 1145 85 63 p.
809 1145 128 63 in-4.
895 1145 128 63 Belle
965 1145 128 63 lettre.

995 1199 117 41 3
1018 1199 70 41 »

113 1208 131 73 21239
201 1208 146 73 CAMPAN
303 1208 204 73 (Henriette
463 1208 131 73 GENET
551 1208 160 73 femme),
667 1208 175 73 lectrice
798 1208 87 73 et
842 1208 131 73 femme
930 1208 87 73 de
959 1208 131 73 chambre

116 1251 78 64 de
155 1251 272 64 Marie-Antoinette,
388 1251 130 64 auteur
479 1251 233 64 d’intéressants
673 1251 246 64 Mémoires
881 1251 91 64 sur
932 1251 117 64 cette
997 1251 91 64 prin-

123 1290 114 56 esse.
199 1290 76 56 1°
237 1290 114 56 L.
313 1290 139 56 a.
415 1290 101 56 sig.
478 1290 152 56 Genet
592 1290 127 56 Campan
681 1290 165 56 ci-devant
807 1290 152 56 première
921 1290 114 56 femme
985 1290 101 56 de

122 1320 188 56 chambre
269 1320 81 56 de
310 1320 81 56 la
350 1320 175 56 ci-devant
484 1320 175 56 reine
619 1320 81 56 au
659 1320 175 56 ministre;
793 1320 121 56 Paris
874 1320 94 56 1er
928 1320 121 56 janv.
995 1320 94 56 1793,

116 1348 54 65 3
138 1348 65 65 p.
170 1348 118 65 in-fol.
256 1348 54 65 —
278 1348 65 65 2°
310 1348 118 65 Etat
396 1348 75 65 des
439 1348 118 65 meubles
525 1348 161 65 appartenant
655 1348 54 65 à
676 1348 65 65 la
708 1348 183 65 citoyenne
848 1348 151 65 Genet

119 1396 203 45 Campan
288 1396 68 45 p.
321 1396 68 45 a.
355 1396 79 45 s.;
400 1396 113 45 Paris,
479 1396 68 45 24
513 1396 101 45 févr.
580 1396 101 45 1793,
648 1396 56 45 3
670 1396 68 45 p.
704 1396 124 45 in-fol.
794 1396 68 45 12
816 1396 34 45 »

140 1418 156 60 Analyse
253 1418 85 60 de
296 1418 85 60 la
338 1418 156 60 lettre:
452 1418 113 60 Elle
522 1418 156 60 réclame
636 1418 85 60 le
678 1418 170 60 mobilier
806 1418 156 60 complet
919 1418 113 60 d’un
976 1418 113 60 appar-

117 1452 129 56 ement
202 1452 100 56 qui
260 1452 100 56 lui
317 1452 129 56 avait
403 1452 100 56 été
460 1452 129 56 prêté
546 1452 114 56 pour
617 1452 100 56 son
674 1452 114 56 mari
746 1452 71 56 à
774 1452 157 56 l’hôtel
889 1452 86 56 de
932 1452 157 56 Coigny,
1032 1452 57 56 le

108 1482 112 52 sien
178 1482 126 52 ayant
262 1482 98 52 été
318 1482 126 52 brisé
402 1482 112 52 dans
473 1482 84 52 la
515 1482 154 52 journée
627 1482 84 52 du
669 1482 84 52 10
697 1482 98 52 août.

114 1510 115 65 21240
191 1510 128 65 CARNOT
281 1510 167 65 (Lazare),
409 1510 179 65 l’illustre
550 1510 205 65 organisateur
716 1510 90 65 des
768 1510 128 65 armées
857 1510 77 65 de
896 1510 77 65 la
921 1510 167 65 République.

113 1549 103 55 L.
181 1549 68 55 a.
215 1549 114 55 s.
295 1549 57 55 à
318 1549 68 55 M.
352 1549 114 55 Sauvo;
432 1549 114 55 Paris,
512 1549 68 55 28
546 1549 103 55 avril
614 1549 103 55 1811,
683 1549 80 55 3/4
728 1549 68 55 de
762 1549 68 55 p.
797 1549 103 55 in-4.
865 1549 57 55 3
876 1549 46 55 50

137 1587 76 65 Il
175 1587 76 65 le
213 1587 152 65 remercie
327 1587 139 65 d’avoir
428 1587 126 65 inséré
516 1587 101 65 dans
580 1587 76 65 le
618 1587 240 65 Moniteur
820 1587 164 65 l’article
946 1587 88 65 sur
997 1587 76 65 la
1022 1587 63 65 dé-

111 1618 130 70 fense
197 1618 101 70 des
255 1618 145 70 places
357 1618 145 70 fortes
458 1618 159 70 «rédigé
574 1618 101 70 par
632 1618 87 70 M.
675 1618 130 70 Dupin
762 1618 203 70 (Charles),
922 1618 101 70 qui
980 1618 101 70 est
1023 1618 58 70 un

112 1652 120 58 eune
187 1652 135 58 homme
277 1652 135 58 plein
367 1652 90 58 de
412 1652 255 58 connaissances
621 1652 90 58 et
666 1652 90 58 de
696 1652 180 58 sagacité.»

109 1686 121 54 21241
189 1686 162 54 CASSELLA
311 1686 175 54 (Joseph),
446 1686 175 54 astronome
581 1686 81 54 et
621 1686 229 54 mathématicien
810 1686 148 54 italien
918 1686 81 54 du
945 1686 135 54 dix-

113 1723 112 67 tième
187 1723 137 67 siècle.
287 1723 112 67 L.
362 1723 75 67 a.
400 1723 137 67 s.
499 1723 137 67 Naples,
599 1723 75 67 29
637 1723 112 67 avril
712 1723 112 67 1795,
786 1723 62 67 1
811 1723 75 67 p.
849 1723 112 67 in-4.
924 1723 112 67 Belle
986 1723 100 67 pièce.

1000 1771 52 46 3
1010 1771 31 46 »

437 1790 52 59 21242
472 1790 52 59 CASTI
507 1790 41 59 (J.
530 1790 47 59 B.),
560 1790 64 59 célèbre
606 1790 52 59 poëte
641 1790 70 59 italien,
694 1790 58 59 auteur
734 1790 41 59 des
758 1790 105 59 Animaux
839 1790 105 59 parlants

109 1825 227 61 Dormiente,
295 1825 173 61 melodrama
429 1825 147 61 giocoso
535 1825 80 61 di
575 1825 80 61 G.
615 1825 80 61 B.
655 1825 187 61 Gast,
802 1825 173 61 manuscrit
935 1825 120 61 aut.,
1002 1825 80 61 avec

99 1866 145 53 ratures
205 1866 79 53 et
244 1866 212 53 corrections,
416 1866 79 53 31
456 1866 172 53 feuillets
588 1866 145 53 in-fol.
694 1866 66 53 —
720 1866 119 53 Cette
799 1866 119 53 pièce
879 1866 66 53 a
905 1866 93 53 été
945 1866 132 53 publiée,

114 1891 95 47 juelques
185 1891 63 47 vers
224 1891 102 47 cependant
303 1891 63 47 sont
343 1891 95 47 inédits.
414 1891 47 47 15
429 1891 24 47 »

101 1926 113 57 21243
177 1926 164 57 CATHERINE
303 1926 76 57 DE
341 1926 151 57 MÉDICIS,
454 1926 113 57 reine
530 1926 76 57 de
568 1926 139 57 France.
669 1926 113 57 L.
744 1926 76 57 a.
782 1926 126 57 s.
870 1926 76 57 au
908 1926 88 57 duc
959 1926 76 57 de
984 1926 88 57 Mont-

107 1973 153 48 ensier;
219 1973 181 48 Mézières,
358 1973 84 48 21
400 1973 112 48 juin
470 1973 125 48 1583,
553 1973 70 48 1
581 1973 84 48 p.
623 1973 167 48 in-fol.,
748 1973 139 48 écrite
846 1973 84 48 et
888 1973 139 48 signée
985 1973 98 48 sur
1027 1973 56 48 la

111 1993 85 47 marge.
170 1993 51 47 27
187 1993 25 47 »

493 2021 145 72 Très-curieuse
613 2021 94 72 lettre,
681 2021 51 72 où
706 2021 68 72 elle
749 2021 60 72 lui
783 2021 60 72 dit
817 2021 60 72 que
851 2021 51 72 le
877 2021 60 72 roi
911 2021 85 72 compte
970 2021 60 72 sur
1004 2021 51 72 sa
1021 2021 60 72 fidé-

98 2049 124 79 lité.
181 2049 111 79 Elle
250 2049 180 79 l’exhorte
389 2049 69 79 à
416 2049 83 79 se
458 2049 207 79 réconcilier
624 2049 111 79 avec
693 2049 83 79 sa
734 2049 138 79 femme.
831 2049 97 79 «Je
886 2049 111 79 vous
956 2049 83 79 en
983 2049 97 79 parle

101 2104 126 60 comme
185 2104 84 60 je
227 2104 140 60 fayrés
325 2104 70 60 à
353 2104 98 60 mon
409 2104 140 60 propre
507 2104 112 60 fils
577 2104 84 60 et
620 2104 112 60 vous
690 2104 112 60 prie
760 2104 84 60 de
802 2104 84 60 ne
844 2104 84 60 le
886 2104 140 60 trover
970 2104 98 60 mauvé

101 2138 99 58 car
158 2138 113 58 vous
228 2138 128 58 savez
313 2138 99 58 que
370 2138 85 58 je
413 2138 113 58 vous
484 2138 113 58 ayme
554 2138 85 58 et
597 2138 113 58 ayme
668 2138 113 58 tous
739 2138 99 58 les
781 2138 142 58 vôtres.»
