1311 2171
501 -1 132 54 —
553 -1 132 54 9
580 -1 79 54 —

36 30 118 110 21322
115 30 184 110 LAFONTAINE
259 30 118 110 (Jean
338 30 105 110 de),
403 30 79 110 le
443 30 118 110 grand
521 30 184 110 fabuliste.
666 30 131 110 Quitt.
758 30 79 110 de
797 30 66 110 6
823 30 144 110 grandes
915 30 105 110 lignes

137 93 98 64 aut.
198 93 110 64 sig.;
272 93 74 64 10
308 93 98 64 oct.
369 93 110 64 1661,
443 93 61 64 1
468 93 74 64 p.
504 93 98 64 in-8
566 93 135 64 oblong.
664 93 110 64 Jolie
737 93 123 64 pièce.
823 93 74 64 27
847 93 37 64 »

41 113 125 96 21323
125 113 83 96 LA
166 113 195 96 MEILLERAIE
319 113 111 96 (Ch.
389 113 83 96 de
431 113 83 96 LA
472 113 139 96 PORTE,
570 113 97 96 duc
625 113 111 96 de),
695 113 167 96 maréchal
820 113 83 96 de
862 113 153 96 France.
959 113 153 96 L.

151 145 115 92 a.
228 145 127 92 s.
317 145 76 92 au
355 145 89 92 duc
406 145 76 92 de
444 145 166 92 Bouillon;
571 145 127 92 Paris,
661 145 76 92 18
699 145 102 92 mars
762 145 115 92 1636,
839 145 64 92 1
864 145 76 92 p.
903 145 89 92 pl.
953 145 153 92 in-fol.,
1055 145 64 92 ca-

150 221 86 47 chets.
202 221 43 47 30»

176 212 86 87 Il
219 212 86 87 ne
262 212 115 87 sait
333 212 115 87 quel
405 212 143 87 emploi
505 212 86 87 on
548 212 158 87 donnera
663 212 86 87 au
706 212 115 87 duc,
777 212 115 87 mais
849 212 86 87 le
892 212 143 87 prince
978 212 143 87 d’Orange

156 243 87 88 ne
200 243 189 88 souffrira
345 243 145 88 jamais
447 243 131 88 qu’il
534 243 102 88 ait
592 243 116 88 seul
665 243 87 88 le
708 243 232 88 commandement
897 243 87 88 de
940 243 87 88 la
969 243 160 88 Hollande,

161 286 117 76 arce
234 286 102 76 que
293 286 102 76 son
351 286 146 76 humeur
453 286 88 76 ne
497 286 190 76 s’accorde
643 286 102 76 pas
701 286 117 76 avec
774 286 88 76 la
804 286 131 76 sienne.

156 327 97 83 21324
221 327 140 83 LAMENNAIS
328 327 75 83 (F.
371 327 86 83 de),
425 327 150 83 l’illustre
543 327 140 83 écrivain.
650 327 97 83 L.
715 327 107 83 a.
790 327 54 83 à
811 327 97 83 M...;
876 327 107 83 Paris,
951 327 64 83 11
972 327 54 83 mai

168 386 103 58 1850,
236 386 57 58 2
259 386 68 58 p.
293 386 80 58 1/4
339 386 103 58 in-8.
407 386 57 58 3
418 386 46 58 50

194 360 177 107 Charmante
331 360 136 107 épître
426 360 95 107 sur
481 360 95 107 les
535 360 191 107 événements
685 360 82 107 de
726 360 177 107 l’époque.
862 360 82 107 Il
903 360 95 107 est
958 360 136 107 triste
1053 360 82 107 de
1080 360 55 107 ce

163 416 119 95 qu’il
242 416 106 95 voit
308 416 79 95 et
347 416 79 95 de
387 416 79 95 ce
427 416 119 95 qu’il
506 416 158 95 prévoit.
625 416 106 95 «Vos
690 416 119 95 roses
770 416 79 95 et
809 416 92 95 vos
862 416 119 95 lilas
941 416 185 95 rappellent
1073 416 66 95 ces

167 446 146 97 fleurs
270 446 175 97 d’Orient
401 446 102 97 qui
460 446 190 97 parfument
606 446 88 97 la
649 446 131 97 mort,
737 446 102 97 aux
795 446 175 97 contrées
927 446 88 97 où
971 446 175 97 naissent
1088 446 58 97 la

176 479 123 98 peste
258 479 82 98 et
299 479 82 98 le
340 479 164 98 choléra.
463 479 82 98 La
503 479 164 98 patience
626 479 82 98 du
667 479 136 98 peuple
762 479 164 98 surpasse
885 479 109 98 tout
953 479 82 98 ce
994 479 123 98 qu’on
1062 479 82 98 peut

176 515 171 90 imaginer
304 515 86 90 de
347 515 114 90 plus
418 515 200 90 admirable,
575 515 114 90 mais
646 515 100 90 ses
703 515 171 90 éternels
831 515 157 90 ennemis
945 515 100 90 ont
1002 515 143 90 résolu
1088 515 57 90 de

173 593 82 52 la
201 593 164 52 lasser...»

183 558 103 123 21325
251 558 115 123 LARREY
332 558 80 123 (J.
378 558 92 123 D.),
435 558 126 123 célèbre
527 558 161 123 chirurgien
653 558 69 123 de
687 558 126 123 l’armée
779 558 149 123 d’Égypte.
894 558 103 123 P.
962 558 69 123 a.
997 558 126 123 s.
1077 558 69 123 sig.

181 626 102 87 aussi
249 626 79 87 par
294 626 226 87 Sabatier;
486 626 113 87 Paris,
565 626 68 87 21
599 626 113 87 juill.
678 626 102 87 1791,
746 626 57 87 1
769 626 68 87 p.
803 626 79 87 1/2
848 626 124 87 in-fol.
938 626 57 87 4
950 626 45 87 50

208 633 152 110 Curieux
319 633 152 110 rapport
429 633 97 110 sur
485 633 97 110 une
540 633 180 110 opération
678 633 124 110 faite
761 633 97 110 sur
816 633 83 110 un
858 633 138 110 soldat
941 633 124 110 blessé.

182 697 109 81 21326
255 697 146 81 LATOUCHE
364 697 85 81 (H.
412 697 97 81 de),
473 697 121 81 poëte,
558 697 134 81 éditeur
655 697 134 81 d’André
752 697 146 81 Chénier.
862 697 109 81 L.
934 697 73 81 a.
971 697 121 81 s.
1044 697 36 81 à

187 756 140 61 Mme...,
289 756 64 61 1
314 756 76 61 p.
353 756 89 61 1/4
403 756 114 61 in-8.
480 756 165 61 Charmante
607 756 140 61 épître.
708 756 64 61 1
721 756 51 61 25

185 754 131 106 21327
273 754 145 106 LATOUR
375 754 204 106 D’AUVERGNE
535 754 145 106 CORRET
636 754 116 106 (Th.
709 754 116 106 Malo
782 754 116 106 de),
855 754 145 106 érudit
956 754 160 106 Breton,
1058 754 102 106 brave

187 795 77 100 et
226 795 141 100 modeste
328 795 166 100 guerrier,
455 795 77 100 le
494 795 179 100 premier
634 795 166 100 grenadier
762 795 77 100 de
800 795 77 100 la
839 795 179 100 République
966 795 192 100 française

192 840 80 78 mort
242 840 171 78 glorieusement
383 840 50 78 à
403 840 60 78 la
433 840 121 78 bataille
524 840 60 78 de
554 840 131 78 Neubourg.
654 840 90 78 L.
714 840 111 78 a.
795 840 80 78 sig.
845 840 90 78 L.
905 840 60 78 T.
935 840 60 78 d.
956 840 90 78 c.

196 880 62 80 à
220 880 75 80 M.
258 880 224 80 Lachauvetière;
445 880 75 80 15
482 880 125 80 juill.
569 880 112 80 1788,
644 880 62 80 1
669 880 75 80 p.
706 880 112 80 in-8.
781 880 75 80 13
806 880 37 80 »

225 882 70 105 Il
260 882 70 105 le
295 882 140 105 remercie
400 882 82 105 des
447 882 152 105 nouvelles
564 882 93 105 dont
622 882 70 105 il
657 882 82 105 lui
703 882 58 105 a
727 882 93 105 fait
785 882 105 105 part.
855 882 105 105 Elles
913 882 117 105 semblent

204 929 170 93 promettre
335 929 105 93 plus
400 929 78 93 de
439 929 209 93 tranquillité
609 929 105 93 dans
675 929 92 93 les
727 929 144 93 esprits
832 929 209 93 relativement
1002 929 92 93 aux
1041 929 131 93 affaires

201 996 86 60 de
244 996 214 60 l’intérieur
415 996 86 60 du
443 996 143 60 royaume.

209 1003 79 90 21328
262 1003 123 90 LAVALLETTE
358 1003 97 90 (Émilie
429 1003 140 90 BEAUHARNAIS,
543 1003 97 90 femme),
613 1003 88 90 connue
675 1003 61 90 par
710 1003 61 90 son
736 1003 79 90 dévoue-

209 1059 67 75 ment
250 1059 67 75 pour
292 1059 58 75 son
325 1059 67 75 mari
367 1059 50 75 en
392 1059 75 75 1816.
442 1059 75 75 L.
491 1059 75 75 a
541 1059 67 75 s.i.
583 1059 42 75 a
599 1059 50 75 sa
624 1059 75 75 mère;
674 1059 42 75 4
691 1059 67 75 août
733 1059 75 75 1815,
782 1059 42 75 1
791 1059 33 75 p.

213 1116 74 49 in-4.
262 1116 41 49 6
270 1116 25 49 »

238 1083 116 112 Elle
311 1083 102 112 lui
369 1083 131 112 mande
456 1083 102 112 que
515 1083 102 112 son
573 1083 116 112 mari
645 1083 102 112 est
703 1083 174 112 toujours
834 1083 87 112 en
878 1083 160 112 prison,
994 1083 189 112 demandant
1125 1083 58 112 ur

215 1124 172 103 jugement.
347 1124 106 103 Elle
413 1124 145 103 termine
519 1124 79 103 en
558 1124 145 103 donnant
664 1124 66 103 à
691 1124 79 103 sa
730 1124 106 103 mère
796 1124 93 103 des
849 1124 172 103 nouvelles
981 1124 79 103 de
1021 1124 93 103 ses
1061 1124 132 103 enfants.

212 1170 116 95 21329
289 1170 103 95 LAYS
354 1170 103 95 (Fr.
418 1170 103 95 LAY,
482 1170 116 95 dit),
559 1170 154 95 chanteur
675 1170 167 95 distingué
803 1170 77 95 de
842 1170 154 95 l’Opéra,
958 1170 116 95 connu
1035 1170 90 95 par
1086 1170 77 95 la
1112 1170 77 95 cha-

216 1194 87 105 leur
271 1194 163 105 patriotique
401 1194 87 105 avec
456 1194 131 105 laquelle
554 1194 65 105 il
586 1194 109 105 chanta
663 1194 65 105 la
695 1194 250 105 Marseillaise
913 1194 65 105 en
946 1194 98 105 1792.
1011 1194 98 105 L.
1076 1194 65 105 a.
1098 1194 98 105 s.

220 1260 65 67 à
246 1260 207 67 Pixérécourt;
414 1260 65 67 8
440 1260 90 67 mai
492 1260 116 67 1826,
569 1260 65 67 1
595 1260 78 67 p.
634 1260 116 67 in-4.
711 1260 65 67 5
724 1260 39 67 »

244 1264 123 91 C’est
326 1264 109 91 avec
395 1264 82 91 un
435 1264 177 91 véritable
572 1264 150 91 plaisir
681 1264 123 91 qu’il
763 1264 137 91 aurait
859 1264 177 91 contribué
995 1264 68 91 à
1023 1264 82 91 la
1050 1264 150 91 représen-

225 1297 148 100 tation
329 1297 104 100 que
388 1297 281 100 l’Opéra-Comique
625 1297 89 100 va
669 1297 148 100 donner
773 1297 89 100 au
817 1297 178 100 bénéfice
950 1297 104 100 des
1010 1297 148 100 frères
1098 1297 104 100 Fran-

225 1327 127 100 coni.
310 1327 127 100 «Mais
394 1327 99 100 mon
451 1327 113 100 zèle
522 1327 85 100 ne
564 1327 141 100 suffit
663 1327 113 100 pas.
734 1327 99 100 Les
790 1327 141 100 essais
889 1327 99 100 que
946 1327 85 100 je
988 1327 127 100 viens
1073 1327 85 100 de
1101 1327 99 100 faire

227 1364 110 100 pour
296 1364 69 100 y
324 1364 151 100 réussir
434 1364 165 100 viennent
558 1364 83 100 de
599 1364 83 100 me
640 1364 193 100 convaincre
792 1364 83 100 de
833 1364 262 100 l’impossibilité
1054 1364 83 100 où
1095 1364 83 100 je
1122 1364 83 100 suis

229 1443 80 51 de
269 1443 80 51 le
308 1443 173 51 tenter...
428 1443 40 51 »

226 1418 134 121 21330
316 1418 254 121 LEDRU-ROLLIN,
525 1418 164 121 célèbre
644 1418 164 121 avocat,
763 1418 149 121 membre
868 1418 90 121 du
913 1418 239 121 gouvernement
1092 1418 119 121 provi-

233 1497 95 76 soire
296 1497 63 76 en
327 1497 95 76 1848.
390 1497 95 76 L.
453 1497 63 76 a.
485 1497 116 76 s.
569 1497 53 76 1
590 1497 63 76 p.
621 1497 95 76 in-8.
684 1497 53 76 3
695 1497 32 76 »

241 1513 97 86 21331
306 1513 118 86 LEJEUNE
392 1513 75 86 (le
435 1513 118 86 baron),
521 1513 118 86 général
607 1513 65 86 et
640 1513 118 86 peintre
726 1513 65 86 de
758 1513 151 86 batailles.
876 1513 97 86 L.
941 1513 65 86 a.
973 1513 118 86 s.
1049 1513 75 86 Paris

244 1585 100 49 1810,
311 1585 56 49 1
333 1585 67 49 p.
366 1585 100 49 in-4.
433 1585 56 49 1
444 1585 45 49 50

245 1571 97 105 21332
310 1571 118 105 LELEWEL
396 1571 150 105 (Joachim),
514 1571 118 105 célèbre
600 1571 140 105 historien
707 1571 64 105 et
739 1571 140 105 numismate
847 1571 140 105 polonais.
954 1571 97 105 L.
1019 1571 64 105 a.
1040 1571 97 105 s.

241 1607 76 100 en
279 1607 164 100 français,
406 1607 63 100 à
431 1607 76 100 M.
469 1607 126 100 Ducas;
558 1607 177 100 Bruxelles,
697 1607 63 100 7
722 1607 114 100 sept.
798 1607 114 100 1835,
874 1607 63 100 3
899 1607 76 100 p.
937 1607 89 100 pl.
988 1607 114 100 in-8.
1063 1607 63 100 3
1076 1607 38 100 »

276 1647 220 88 Très-curieuse
457 1647 129 88 épître
548 1647 91 88 sur
600 1647 78 88 la
638 1647 194 88 publication
794 1647 78 88 de
832 1647 91 88 ses
884 1647 155 88 ouvrages
1001 1647 78 88 et
1040 1647 91 88 son
1078 1647 78 88 état

242 1728 86 47 de
270 1728 144 47 fortune.

243 1693 118 118 21333
322 1693 144 118 LESSEPS
426 1693 184 118 (Ferdinand
571 1693 105 118 de),
636 1693 131 118 habile
728 1693 170 118 diplomate
859 1693 79 118 et
899 1693 131 118 savant
990 1693 184 118 ingénieur,
1122 1693 52 118 le

262 1738 165 103 romoteur
386 1738 82 103 du
427 1738 179 103 percement
565 1738 82 103 de
606 1738 165 103 l’isthme
729 1738 82 103 de
771 1738 124 103 Suez.
853 1738 124 103 L.
935 1738 82 103 a.
977 1738 151 103 s.
1073 1738 151 103 Compiègne

258 1824 102 52 1865,
325 1824 56 52 1
348 1824 68 52 p.
382 1824 79 52 1/2
427 1824 102 52 in-8.
495 1824 56 52 1
506 1824 45 52 50

250 1798 122 119 21334
332 1798 149 119 LESUEUR
440 1798 95 119 (J.
495 1798 109 119 F.),
562 1798 149 119 célèbre
671 1798 203 119 compositeur
834 1798 81 119 de
874 1798 163 119 musique,
996 1798 136 119 membre
1091 1798 81 119 de
1118 1798 109 119 l’Ins-

256 1841 125 111 titut.
343 1841 112 111 L.
418 1841 75 111 a.
455 1841 125 111 s.
543 1841 62 111 à
568 1841 137 111 Picard;
668 1841 112 111 Passy
743 1841 112 111 1808,
818 1841 62 111 1
843 1841 75 111 p.
880 1841 112 111 in-8,
955 1841 100 111 tête
1018 1841 112 111 impr.
1093 1841 150 111 Relative
1193 1841 37 111 à

266 1927 64 58 son
302 1927 82 58 opéra
357 1927 164 58 d'Adam
494 1927 46 58 2
503 1927 37 58 75

261 1915 102 102 21335
329 1915 114 102 LITTRÉ
409 1915 102 102 (E.),
477 1915 125 102 célèbre
568 1915 137 102 écrivain
670 1915 68 102 et
704 1915 125 102 érudit,
795 1915 114 102 membre
875 1915 68 102 de
909 1915 171 102 l’Institut.
1046 1915 102 102 L.
1114 1915 68 102 a.
1137 1915 102 102 s.

237 1957 374 96 1863,
487 1957 208 96 1
570 1957 249 96 p.
694 1957 415 96 in-12.
985 1957 208 96 2
1026 1957 125 96 »

262 1981 126 104 21336
346 1981 154 104 LITTROW
459 1981 112 104 (Ch.
529 1981 126 104 Louis
613 1981 112 104 de),
683 1981 140 104 savant
782 1981 183 104 astronome
922 1981 183 104 allemand,
1062 1981 183 104 directeur
1189 1981 56 104 de

260 2024 229 90 l’Observatoire
451 2024 76 90 de
489 2024 140 90 Vienne.
591 2024 115 90 L.
667 2024 76 90 a.
706 2024 127 90 s.
795 2024 76 90 au
833 2024 178 90 professeur
973 2024 204 90 Boguslawski;
1125 2024 115 90 Vienne,

257 2070 76 84 24
295 2070 101 84 mars
358 2070 114 84 1844,
434 2070 63 84 3
460 2070 76 84 p.
497 2070 88 84 pl.
548 2070 114 84 in-4,
624 2070 139 84 cachet.
725 2070 114 84 Belle
801 2070 139 84 lettre.
902 2070 63 84 3
914 2070 51 84 25
