1173 2214
560 31 32 67 —
572 31 32 67 4
579 31 19 67 —

144 77 111 84 21244
218 77 136 84 CATINAT
316 77 172 84 (Nicolas),
452 77 148 84 illustre
563 77 148 84 maréchal
673 77 74 84 de
710 77 136 84 France.
809 77 111 84 L.
883 77 123 84 s.
969 77 62 84 à
994 77 74 84 M.
1018 77 99 84 Faurc;

135 133 228 54 Saint-Gratien,
325 133 76 54 16
363 133 127 54 juill.
452 133 114 54 1706,
528 133 63 54 1
553 133 76 54 p.
591 133 89 54 1/2
642 133 114 54 in-4,
718 133 139 54 cachet.
819 133 63 54 3
832 133 38 54 »

140 166 124 63 21245
223 166 137 63 CHABOT
319 166 110 63 (Ph.
388 166 110 63 de),
456 166 165 63 seigneur
580 166 82 63 de
621 166 137 63 Bryon,
717 166 137 63 amiral
814 166 82 63 de
855 166 151 63 France,
951 166 165 63 gouverneur

135 201 86 59 de
178 201 187 59 Bourgogne
322 201 86 59 et
365 201 86 59 de
408 201 201 59 Normandie,
566 201 173 59 illustre
696 201 173 59 guerrier
825 201 86 59 du
868 201 173 59 seizième
984 201 129 59 siècle.

141 235 114 61 L.
217 235 76 61 s.
255 235 177 61 Brion
394 235 76 61 au
432 235 89 61 duc
483 235 76 61 de
521 235 126 61 Milan;
609 235 126 61 Dijon,
698 235 164 61 septembre
824 235 101 61 ...,
887 235 63 61 1
913 235 76 61 p.
951 235 152 61 in-fol.,
1052 235 63 61 ca-

142 281 116 46 chet.
220 281 129 46 Jaunie
310 281 77 46 et
349 281 194 46 raccommodée
503 281 77 46 en
542 281 116 46 tête.
619 281 65 46 4
632 281 39 46 »

144 295 119 70 21246
223 295 185 70 CHAMILLART
368 295 145 70 (Michel
474 295 106 70 de),
540 295 159 70 ministre
659 295 79 70 de
699 295 79 70 la
738 295 132 70 guerre
831 295 106 70 sous
897 295 119 70 Louis
963 295 79 70 XIV,

142 340 166 56 créature
266 340 83 56 de
308 340 97 56 Mme
363 340 83 56 de
404 340 193 56 Maintenon.
556 340 124 56 L.
639 340 83 56 a.
680 340 138 56 s.
777 340 69 56 à
805 340 83 56 M.
846 340 152 56 Lebret;
943 340 179 56 Courcelles,

145 376 56 64 7
167 376 113 64 juill.
246 376 101 64 1715,
314 376 79 64 3/4
359 376 68 64 de
392 376 68 64 p.
426 376 101 64 in-4.
494 376 56 64 2
505 376 45 64 50

139 395 142 69 CHARLES
243 395 91 69 II,
294 395 91 69 roi
346 395 220 69 d’Angleterre.
527 395 117 69 P.
605 395 129 69 s.
696 395 78 69 en
735 395 117 69 tête,
812 395 91 69 sur
864 395 129 69 vélin,
955 395 155 69 contres.
1058 395 65 69 par

149 455 159 49 Vill.
268 455 199 49 Morice
427 455 185 49 Whitehall,
572 455 79 49 31
612 455 119 49 janv.
691 455 119 49 1664,
771 455 66 49 1
797 455 79 49 p.
837 455 106 49 in-4
903 455 146 49 oblong,
996 455 119 49 cachet.

142 491 100 54 Jolie
208 491 66 54 et
241 491 177 54 intéressante
385 491 111 54 pièce.
463 491 66 54 10
485 491 33 54 »

150 497 107 78 21248
222 497 239 78 CHARLES-EMMANUEL
424 497 95 78 Ier,
484 497 83 78 duc
532 497 72 78 de
567 497 131 78 Savoie,
663 497 83 78 dit
711 497 107 78 le
782 497 119 78 Grand.
866 497 72 78 L.
901 497 72 78 a.
937 497 119 78 s.
1021 497 60 78 à
1033 497 83 78 l’in-

143 558 111 53 fante
217 558 74 53 sa
254 558 111 53 sœur;
328 558 74 53 26
365 558 99 53 oct.
426 558 111 53 1589,
500 558 62 53 1
525 558 74 53 p.
562 558 136 53 in-fol.
661 558 111 53 Belle
735 558 136 53 lettre.
833 558 62 53 7
846 558 49 53 50

148 587 121 66 21249
228 587 148 66 CHARLES
336 587 94 66 (le
390 587 162 66 prince),
511 587 162 66 archiduc
633 587 202 66 d’Autriche,
795 587 162 66 illustre
902 587 216 66 généralissime,

149 634 76 44 un
187 634 89 44 des
238 634 102 44 plus
302 634 191 44 redoutables
455 634 191 44 adversaires
608 634 76 44 de
646 634 153 44 Napoléon
760 634 102 44 Ier.
824 634 115 44 L.
901 634 140 44 s.
1002 634 76 44 en
1028 634 89 44 fran-

151 653 126 58 jais,
235 653 112 58 avec
305 653 84 58 la
348 653 197 58 souscript.
502 653 126 58 aut.,
586 653 70 58 à
614 653 84 58 M.
657 653 140 58 Viton;
755 653 154 58 Vienne,
867 653 84 58 31
909 653 98 58 mai
966 653 126 58 1810,
1050 653 70 58 1
1064 653 56 58 p.

155 701 92 48 in-4.
216 701 92 48 Jolie
278 701 113 48 lettre.
360 701 51 48 3
370 701 31 48 »

150 704 123 77 21250
232 704 232 77 CHATEAUBRIAND
423 704 96 77 (le
478 704 178 77 vicomte),
615 704 164 77 écrivain
738 704 178 77 illustre,
874 704 137 77 membre
970 704 82 77 de
997 704 123 77 l’Acad.

152 772 55 55 fr.
184 772 71 55 L.
231 772 47 55 a.
254 772 87 55 s.
317 772 71 55 Paris
365 772 71 55 1828,
412 772 39 55 2
427 772 47 55 p.
451 772 55 55 pl.
482 772 71 55 in-8.
530 772 39 55 4
538 772 31 55 50

155 783 126 73 21251
239 783 168 73 CHATRIAN
365 783 140 73 (Ch.),
462 783 182 73 romancier
602 783 196 73 populaire,
756 783 238 73 collaborateur
937 783 182 73 d’Erckmann.

148 834 127 52 Les
237 834 152 52 Amoureux
351 834 76 52 de
389 834 228 52 Catherine
580 834 114 52 chap.
656 834 89 52 II,
706 834 101 52 mss.
770 834 114 52 aut.,
846 834 101 52 sig.
897 834 228 52 Erchmann

157 866 247 55 Chatrian
367 866 74 55 12
404 866 74 55 p.
441 866 86 55 1/2
490 866 111 55 in-4.
564 866 111 55 Léger
638 866 198 55 raccommodage
799 866 62 55 à
824 866 62 55 2
848 866 173 55 feuillets.
984 866 62 55 4
997 866 49 55 50

153 894 123 61 21252
236 894 178 61 CHÉRUBINI
373 894 123 61 (L.),
455 894 151 61 célèbre
565 894 206 61 compositeur
729 894 82 61 de
770 894 165 61 musique,
894 894 137 61 membre
990 894 82 61 de
1017 894 110 61 l’Ins-

157 935 111 56 titut.
235 935 100 56 L.
302 935 67 56 a.
335 935 111 56 s.
413 935 56 56 à
435 935 67 56 M.
469 935 123 56 Picard;
558 935 111 56 Paris,
636 935 67 56 15
669 935 100 56 avril
736 935 100 56 1812,
803 935 56 56 1
825 935 67 56 p.
858 935 100 56 in-4.
925 935 56 56 4
936 935 45 56 50

188 957 162 69 Relative
309 957 68 69 à
336 957 95 69 son
390 957 122 69 opéra
471 957 135 69 les
566 957 203 69 Abencerages
728 957 81 69 ou
768 957 189 69 l’Etendard
917 957 81 69 de
944 957 176 69 Grenade

151 1006 112 56 dont
221 1006 84 56 il
263 1006 153 56 demande
374 1006 84 56 la
416 1006 112 56 mise
486 1006 84 56 en
514 1006 181 56 répétition.

154 1039 118 56 21253
233 1039 158 56 CHIFFLET
351 1039 92 56 (P.
404 1039 105 56 F.),
470 1039 158 56 jésuite,
588 1039 184 56 hébraïsant
733 1039 211 56 conservateur
904 1039 92 56 des
957 1039 171 56 médailles
1075 1039 53 56 de

157 1072 68 52 la
191 1072 182 52 bibliothèque
339 1072 68 52 du
373 1072 91 52 roi.
430 1072 102 52 L.
498 1072 68 52 a.
532 1072 125 52 s.
623 1072 68 52 18
657 1072 91 52 juin
714 1072 102 52 1676,
782 1072 57 52 1
805 1072 68 52 p.
839 1072 102 52 in-8.
907 1072 57 52 4
919 1072 34 52 »

161 1100 113 73 21254
237 1100 138 73 LARETIE
337 1100 150 73 (Jules),
449 1100 163 73 romancier
574 1100 75 73 et
612 1100 188 73 journaliste
762 1100 175 73 distingué.
900 1100 125 73 Les
975 1100 150 73 Poèmes

158 1149 138 50 vrais,
264 1149 64 50 la
296 1149 138 50 Paix
402 1149 117 50 article
487 1149 85 50 aut.
540 1149 95 50 sig.,
604 1149 85 50 avec
657 1149 117 50 ratures
742 1149 64 50 et
774 1149 170 50 corrections,
912 1149 53 50 2
933 1149 64 50 p.
954 1149 53 50 pl.

158 1196 72 40 in-8.
206 1196 40 40 2
214 1196 24 40 »

156 1192 126 80 21255
240 1192 154 80 CLAUZEL
353 1192 98 80 (le
409 1192 126 80 comte
493 1192 197 80 Bertrand),
648 1192 169 80 maréchal
774 1192 84 80 de
816 1192 154 80 France,
928 1192 197 80 gouverneur
1069 1192 56 80 de

151 1248 159 70 l’Algérie.
276 1248 102 70 L.
344 1248 68 70 a.
378 1248 114 70 s.
458 1248 68 70 au
492 1248 171 70 général...;
628 1248 125 70 Venise,
719 1248 57 70 2
742 1248 148 70 décembre,
855 1248 57 70 2
878 1248 68 70 p.
912 1248 102 70 in-4.
981 1248 57 70 5
992 1248 34 70 »

185 1286 153 58 Annonce
296 1286 83 58 de
338 1286 181 58 l’arrivée
477 1286 83 58 de
519 1286 195 58 l’Empereur
671 1286 69 58 à
699 1286 153 58 Venise.
810 1286 83 58 Il
852 1286 111 58 sort
922 1286 111 58 tous
991 1286 97 58 les
1033 1286 97 58 jours

193 1312 83 64 et
235 1312 166 64 s’occupe
359 1312 111 64 plus
428 1312 277 64 particulièrement
664 1312 97 64 des
719 1312 249 64 établissements
926 1312 194 64 maritimes.
1065 1312 69 64 «Sa

154 1347 150 54 Majesté
263 1347 109 54 doit
331 1347 109 54 être
400 1347 259 54 très-satisfaite
617 1347 82 54 du
658 1347 136 54 peuple
754 1347 177 54 vénitien,
890 1347 82 54 on
931 1347 82 54 ne
972 1347 109 54 peut
1040 1347 82 54 le
1067 1347 68 54 re-

146 1379 152 63 cevoir
252 1379 121 63 dans
328 1379 136 63 aucun
419 1379 121 63 pays
494 1379 121 63 avec
570 1379 152 63 autant
676 1379 91 63 de
722 1379 273 63 démonstrations
949 1379 91 63 de
995 1379 136 63 joie.
1070 1379 61 63 On

154 1425 127 44 n’est
238 1425 99 44 pas
295 1425 141 44 maître
393 1425 183 44 d’arrêter
534 1425 99 44 les
591 1425 197 44 mouvements
746 1425 99 44 que
802 1425 85 44 sa
844 1425 169 44 présence
957 1425 169 44 excite...»

166 1443 117 67 21256
244 1443 130 67 COBDEN
335 1443 182 67 (Richard),
478 1443 182 67 économiste
621 1443 156 67 anglais,
737 1443 182 67 l’illustre
880 1443 169 67 promoteur
1010 1443 78 67 du
1036 1443 91 67 libre

155 1484 151 67 échange.
269 1484 113 67 L.
344 1484 75 67 a.
382 1484 126 67 s.
470 1484 63 67 à
495 1484 75 67 M.
533 1484 101 67 ...;
596 1484 189 67 Manchester,
747 1484 75 67 14
784 1484 113 67 sept.
860 1484 113 67 1855,
935 1484 63 67 4
960 1484 75 67 p.
998 1484 88 67 pl.
1036 1484 88 67 in

1041 1519 78 36 8
1057 1519 47 36 »

194 1539 185 68 Très-belle
339 1539 145 68 lettre,
444 1539 158 68 relative
563 1539 66 68 à
589 1539 79 68 la
629 1539 171 68 politique
761 1539 79 68 et
800 1539 92 68 aux
853 1539 171 68 relations
985 1539 66 68 à
998 1539 132 68 entrete-

156 1594 94 53 nir
209 1594 108 53 avec
277 1594 94 53 les
331 1594 162 53 diverses
438 1594 135 53 nations.

155 1602 123 83 21257
237 1602 136 83 COCHON
333 1602 191 83 (Charles),
483 1602 123 83 comte
564 1602 82 83 de
605 1602 191 83 Lapparent,
755 1602 232 83 conventionnel
946 1602 191 83 montagnard
1082 1602 55 83 et

155 1661 167 56 ministre
280 1661 83 56 de
322 1661 83 56 la
364 1661 153 56 police.
475 1661 111 56 Deux
544 1661 139 56 ordres
642 1661 83 56 de
683 1661 111 56 mise
753 1661 83 56 en
794 1661 153 56 liberté
906 1661 111 56 aut.
975 1661 111 56 sig.
1031 1661 97 56 comme

159 1688 150 60 membre
264 1688 90 60 du
309 1688 150 60 Comité
414 1688 105 60 des
473 1688 225 60 recherches;
653 1688 90 60 22
698 1688 105 60 mai
758 1688 135 60 1791,
848 1688 105 60 3/4
907 1688 90 60 de
952 1688 90 60 p.
997 1688 120 60 in-4
1057 1688 75 60 ca-

159 1742 67 37 chet.
203 1742 37 37 3
210 1742 30 37 50

169 1749 127 63 21258
253 1749 183 63 COETLOGON
394 1749 281 63 (Alain-Emmanucl,
633 1749 155 63 marquis
745 1749 112 63 de),
816 1749 141 63 amiral
914 1749 84 63 et
956 1749 169 63 maréchal
1069 1749 56 63 de

166 1794 144 49 France,
271 1794 79 49 un
310 1794 92 49 des
363 1794 171 49 meilleurs
494 1794 131 49 marins
586 1794 79 49 du
625 1794 131 49 siècle
717 1794 79 49 de
756 1794 118 49 Louis
835 1794 105 49 XIV.
901 1794 118 49 L.
980 1794 79 49 a.
1019 1794 131 49 s.
1098 1794 39 49 à

162 1833 74 54 M.
199 1833 123 54 Alain;
285 1833 86 54 1er
334 1833 111 54 sept.
408 1833 111 54 1727,
482 1833 62 54 2
506 1833 74 54 p.
543 1833 111 54 in-4.
617 1833 62 54 6
629 1833 37 54 »

159 1846 117 77 21259
237 1846 143 77 COLLINA
341 1846 195 77 (Boniface),
497 1846 169 77 religieux
627 1846 182 77 camaldule,
771 1846 195 77 littérateur
927 1846 143 77 italien
1031 1846 78 77 du
1057 1846 78 77 dix-

159 1900 134 62 huitième
259 1900 123 62 siècle.
349 1900 101 62 L.
416 1900 67 62 a.
449 1900 123 62 s.
539 1900 112 62 Rimini
617 1900 101 62 1727,
684 1900 56 62 6
706 1900 67 62 p.
740 1900 123 62 in-fol.
829 1900 56 62 4
840 1900 34 62 »

156 1916 116 84 21260
234 1916 129 84 COMITÉ
324 1916 77 84 DE
363 1916 129 84 SURETÉ
453 1916 168 84 GÉNÉRALE.
582 1916 129 84 Arrêté
672 1916 103 84 aut.
737 1916 103 84 sig.
801 1916 77 84 de
840 1916 258 84 Monmayou
1047 1916 77 84 sig.

160 1972 117 57 aussi
238 1972 91 57 par
290 1972 221 57 Reverchon,
472 1972 143 57 Bourdon
576 1972 78 57 de
615 1972 143 57 l’Oise,
718 1972 156 57 Clauzel,
835 1972 156 57 Reubell,
939 1972 195 57 Levasseur

166 2005 83 56 de
208 2005 83 56 la
249 2005 179 56 Meurthe),
387 2005 207 56 Mathieu,
552 2005 165 56 Méaulle,
676 2005 165 56 Harmand,
800 2005 207 56 Garnier
965 2005 96 56 (de
1006 2005 124 56 l’Aube)

160 2035 75 66 et
198 2035 327 66 Lesage-Senault;
487 2035 75 66 13
525 2035 151 66 brumaire
638 2035 75 66 an
676 2035 101 66 III,
739 2035 63 66 1
764 2035 75 66 p.
802 2035 151 66 in-fol.,
915 2035 113 66 vig.,
991 2035 101 66 tête
1041 2035 88 66 impr.

159 2090 55 50 et
186 2090 101 50 cachet.
260 2090 46 50 5
269 2090 37 50 50

193 2101 84 62 Le
235 2101 139 62 Comité
332 2101 139 62 arrête
430 2101 98 62 que
486 2101 84 62 le
528 2101 153 62 citoyen
639 2101 153 62 Raisson
751 2101 112 62 sera
820 2101 98 62 mis
876 2101 84 62 en
918 2101 181 62 détention
1043 2101 84 62 dans

144 2152 85 58 la
186 2152 141 58 maison
285 2152 85 58 du
314 2152 141 58 Plessis.
