1189 2162
470 -3 124 47 —
520 -3 149 47 16
570 -3 75 47 —

121 30 117 81 21435
199 30 130 81 HARLAY
290 30 156 81 (Achille
407 30 91 81 Ier
459 30 104 81 de),
524 30 143 81 premier
627 30 169 81 président
757 30 78 81 au
796 30 169 81 Parlement
926 30 78 81 de
965 30 130 81 Paris,
1043 30 52 81 le

117 84 110 56 plus
186 84 165 56 illuetre
310 84 179 56 magistrat
447 84 82 56 de
488 84 96 56 son
543 84 137 56 temps.
639 84 137 56 Quitt.
736 84 124 56 sig.;
818 84 137 56 Paris,
914 84 69 56 8
942 84 110 56 mars
997 84 96 56 1611,

122 131 79 47 1/2
167 131 68 47 p.
201 131 124 47 in-fol.
291 131 101 47 Belle
358 131 113 47 pièce.
437 131 56 47 3
448 131 34 47 »

122 144 122 69 21436
204 144 135 69 HUBNER
299 144 203 69 (Alexandre,
461 144 122 69 baron
542 144 108 69 de),
610 144 135 69 habile
705 144 176 69 diplomate
841 144 203 69 autrichien,
990 144 108 69 ambas-

120 187 125 57 sadeur
208 187 75 57 en
246 187 138 57 France,
346 187 75 57 un
384 187 88 57 des
434 187 188 57 signataires
584 187 75 57 du
622 187 125 57 traité
710 187 75 57 de
747 187 113 57 Paris
823 187 75 57 en
860 187 113 57 1856.
923 187 138 57 L.

125 225 112 50 a.
199 225 137 50 s.
299 225 75 50 en
337 225 162 50 français,
462 225 62 50 2
487 225 75 50 p.
524 225 112 50 in-4.
599 225 112 50 Belle
674 225 75 50 et
711 225 150 50 curieuse
824 225 137 50 épître.
924 225 62 50 »
949 225 62 50 3
961 225 50 50 25

123 256 103 65 21437
191 256 125 65 LAHARPE
282 256 80 65 (J.
328 256 80 65 Fr.
373 256 91 65 de),
430 256 125 65 célèbre
522 256 137 65 critique
624 256 68 65 et
658 256 148 65 écrivain,
772 256 68 65 de
807 256 125 65 l’Acad.
898 256 80 65 fr.
943 256 103 65 L.
1000 256 103 65 a.

133 300 84 50 sig.
185 300 94 50 L.
248 300 115 50 h.
332 300 73 50 (an
374 300 94 50 VII),
437 300 52 50 1
458 300 63 50 p.
489 300 94 50 in-8.
552 300 94 50 Jolie
615 300 115 50 lettre.
699 300 52 50 3
710 300 31 50 »

123 324 108 65 21438
195 324 72 65 LE
231 324 108 65 MÊME.
303 324 96 65 Reçu
364 324 96 65 aut.
424 324 108 65 sig.;
496 324 60 65 8
520 324 96 65 août
580 324 108 65 1795,
652 324 84 65 1/2
701 324 72 65 p.
737 324 108 65 in-4.
809 324 60 65 2
821 324 48 65 50

133 369 64 62 21439
176 369 64 62 LOUIS
218 369 50 62 XV,
247 369 50 62 roi
275 369 43 62 de
297 369 78 62 France.
354 369 64 62 P.
397 369 78 62 s.
454 369 57 62 avec
489 369 43 62 le
511 369 50 62 mot
539 369 114 62 paiés
632 369 57 62 aut.
667 369 64 62 1753,
710 369 50 62 1/2
731 369 29 62 p.

132 409 135 62 in-fol.
230 409 123 62 Légère
316 409 159 62 déchirure
438 409 98 62 dans
500 409 74 62 le
537 409 98 62 bas.
598 409 61 62 2
610 409 37 62 »

134 432 89 76 21440
194 432 119 76 OLLIVIER
283 432 119 76 (Émile),
372 432 139 76 publiciste
481 432 59 76 et
511 432 109 76 député.
590 432 89 76 L.
650 432 59 76 a.
679 432 109 76 s.
759 432 89 76 1863,
818 432 50 76 1
838 432 59 76 p.
858 432 79 76 in

1023 470 91 48 1
1041 470 73 48 50

132 498 93 75 21441
194 498 144 75 PETIT-PIED
307 498 144 75 (Nicolas),
421 498 103 75 savant
493 498 134 75 canoniste
596 498 62 75 du
627 498 165 75 dix-septième
761 498 114 75 siècle.
833 498 83 75 Quitt.

124 560 100 51 aut.
186 560 112 51 sig.,
260 560 87 51 sur
310 560 124 51 vélin;
397 560 112 51 1677,
472 560 62 51 1
497 560 75 51 p.
534 560 100 51 in-8
596 560 137 51 oblong.
696 560 62 51 1
708 560 50 51 50

136 579 102 69 21442
204 579 136 69 PROUDHON
305 579 79 69 (P.
351 579 90 69 J.),
407 579 68 69 le
441 579 124 69 célèbre
531 579 136 69 écrivain
633 579 170 69 socialiste.
769 579 102 69 L.
837 579 68 69 a.
871 579 113 69 s.
950 579 57 69 à
972 579 68 69 M.
995 579 113 69 Lenoble;

127 624 316 69 Ixelles-lez-Bruxelles,
406 624 73 69 25
443 624 109 69 avril
515 624 109 69 1860,
588 624 61 69 1
612 624 73 69 p.
649 624 85 69 3/4
697 624 109 69 in-8.
770 624 73 69 12
795 624 36 69 »

165 657 192 61 Très-curieuse
323 657 113 61 épître
402 657 79 61 qui
448 657 91 61 fait
504 657 68 61 le
538 657 91 61 plus
595 657 102 61 grand
662 657 124 61 honneur
753 657 68 61 au
787 657 147 61 caractère
889 657 45 61 de

133 692 183 61 Proudhon.
273 692 70 61 —
301 692 84 61 Il
344 692 112 61 doit
414 692 84 61 de
456 692 169 61 l’argent
582 692 70 61 à
610 692 84 61 M.
653 692 169 61 Lenoble,
779 692 84 61 et
821 692 98 61 son
877 692 140 61 procès
976 692 84 61 et
1018 692 84 61 sa
1046 692 70 61 re-

133 724 136 61 traite
229 724 82 61 en
270 724 164 61 Belgique
393 724 123 61 l’ont
475 724 150 61 empêché
584 724 82 61 de
625 724 136 61 solder
720 724 123 61 cette
802 724 136 61 dette.
898 724 82 61 Il
939 724 82 61 le
980 724 109 61 prie
1034 724 82 61 donc

130 760 110 54 avec
199 760 83 54 la
240 760 110 54 plus
309 760 138 54 grande
406 760 207 54 délicatesse
571 760 83 54 de
612 760 83 54 se
654 760 207 54 transporter
819 760 110 54 dans
888 760 96 54 son
943 760 165 54 logement
1053 760 55 54 de

132 805 81 44 la
172 805 95 44 rue
226 805 149 44 d’Enfer
334 805 81 44 et
375 805 81 44 de
415 805 149 44 choisir
523 805 122 44 parmi
604 805 95 44 les
658 805 135 44 objets
753 805 95 44 qui
807 805 68 44 y
834 805 149 44 restent
942 805 81 44 ce
982 805 122 44 qu’il
1050 805 68 44 ju-

136 819 113 69 gera
207 819 198 69 convenable
362 819 127 69 comme
447 819 184 69 paiement,
589 819 99 69 car
646 819 85 69 il
688 819 142 69 désire
787 819 142 69 savoir
886 819 113 69 s’il
957 819 99 69 est
1000 819 113 69 quitte

133 855 150 57 envers
238 855 120 57 lui.
314 855 135 57 «Nous
404 855 120 57 n’en
479 855 150 57 serons
584 855 105 57 pas
645 855 135 57 moins
735 855 120 57 bons
810 855 135 57 amis,
900 855 120 57 cher
961 855 150 57 Monsieur

137 890 169 56 Lenoble,
263 890 127 56 parce
348 890 98 56 que
404 890 84 56 je
446 890 84 56 ne
488 890 127 56 serai
573 890 112 56 plus
643 890 127 56 votre
713 890 169 56 débiteur.»

137 929 123 55 21443
219 929 150 55 REGNARD
328 929 95 55 (J.
383 929 123 55 Fr.),
464 929 150 55 célèbre
573 929 123 55 poëte
655 929 163 55 comique.
778 929 123 55 Pièce
859 929 123 55 aut.,
941 929 109 55 avec
995 929 123 55 ratures

147 977 44 46 1
165 977 53 46 p.
191 977 79 46 in-4.
244 977 44 46 2
253 977 35 46 50

143 997 109 57 21444
216 997 122 57 REILLE
301 997 85 57 (H.
349 997 85 57 Ch.
398 997 73 57 M.
434 997 109 57 Jos.,
507 997 134 57 comte),
605 997 146 57 maréchal
714 997 73 57 de
750 997 134 57 France.
848 997 109 57 L.
921 997 73 57 a.
957 997 122 57 s.
1030 997 85 57 1826,

145 1051 49 40 1
165 1051 58 40 p.
194 1051 87 40 in-4.
252 1051 49 40 2
262 1051 29 40 »

139 1053 141 65 21445
233 1053 141 65 RÉNAU
327 1053 250 65 D’ÉLICAGARAY
530 1053 219 65 (Bernard),
702 1053 172 65 célèbre
827 1053 141 65 marin
921 1053 94 65 du
968 1053 156 65 siècle
1061 1053 63 65 de

138 1096 138 57 Louis
230 1096 123 57 XIV,
307 1096 200 57 inventeur
461 1096 108 57 des
522 1096 185 57 galiotes
661 1096 77 57 à
691 1096 169 57 bombes,
814 1096 154 57 membre
922 1096 200 57 honoraire
1060 1096 62 57 de

147 1130 136 52 l’Acad.
245 1130 86 52 des
295 1130 160 52 sciences.
418 1130 111 52 L.
492 1130 74 52 a.
529 1130 123 52 s.
615 1130 62 52 à
640 1130 74 52 M.
677 1130 210 52 Desclouseaux,
850 1130 62 52 à
875 1130 123 52 Brest;
949 1130 160 52 Versailles.

142 1169 69 52 27
176 1169 92 52 août
233 1169 103 52 1695,
302 1169 57 52 2
325 1169 69 52 p.
359 1169 80 52 pl.
405 1169 103 52 in-4.
474 1169 183 52 Rare
623 1169 57 52 8
635 1169 34 52 »

173 1193 81 64 Il
214 1193 95 64 lui
268 1193 149 64 annonce
377 1193 122 64 qu’on
458 1193 95 64 est
513 1193 68 64 à
540 1193 81 64 la
580 1193 136 64 veille
675 1193 122 64 d’une
757 1193 136 64 grande
852 1193 149 64 affaire
960 1193 81 64 en
987 1193 136 64 Flandre.

150 1228 106 68 «Nos
216 1228 159 68 troupes,
335 1228 146 68 dit-il,
441 1228 106 68 sont
508 1228 106 68 plus
574 1228 133 68 belles
667 1228 159 68 qu’elles
786 1228 119 68 n’ont
866 1228 133 68 jamais
959 1228 93 68 été
1012 1228 80 68 et
1038 1228 93 68 n’ont

153 1281 125 49 amais
237 1281 84 49 eu
278 1281 111 49 tant
348 1281 153 49 d’envie
459 1281 84 49 de
501 1281 84 49 se
529 1281 139 49 battre.»

147 1300 107 63 21446
219 1300 119 63 SPENER
302 1300 167 63 (Jacques),
433 1300 131 63 célèbre
528 1300 167 63 théologien
660 1300 167 63 protestant
791 1300 72 63 du
826 1300 143 63 seizième
922 1300 107 63 siècle.

146 1347 99 53 L.
212 1347 66 53 a.
245 1347 121 53 s.
334 1347 66 53 en
367 1347 110 53 latin,
444 1347 55 53 à
466 1347 143 53 Schilter;
576 1347 155 53 Francfort,
698 1347 66 53 24
731 1347 99 53 janv.
797 1347 99 53 1583,
863 1347 55 53 6
885 1347 66 53 p.
919 1347 88 53 pet.
963 1347 77 53 in

152 1387 82 48 cachet.
211 1387 119 48 Rare
308 1387 45 48 25
323 1387 22 48 »

177 1403 204 68 Très-curieuse
345 1403 120 68 épître
429 1403 108 68 toute
501 1403 144 68 relative
609 1403 84 68 aux
657 1403 144 68 affaires
765 1403 180 68 religieuses
909 1403 72 68 du
933 1403 96 68 temps.

154 1453 144 48 Détails
259 1453 302 48 très-circonstanciés
521 1453 79 48 et
561 1453 105 48 fort
613 1453 171 48 importants.

151 1474 111 67 21447
225 1474 161 67 STANISLAS
349 1474 87 67 Ier
398 1474 173 67 LECZINSKI,
535 1474 87 67 roi
584 1474 74 67 de
621 1474 136 67 Pologne
720 1474 74 67 et
757 1474 87 67 duc
807 1474 74 67 de
844 1474 161 67 Lorraine.
968 1474 111 67 L.
1030 1474 99 67 s.

147 1525 98 49 aux
203 1525 182 49 religieux
343 1525 84 49 de
385 1525 238 49 Saint-Benoît;
582 1525 196 49 Lunéville,
736 1525 84 49 19
778 1525 112 49 déc.
848 1525 126 49 1757,
933 1525 98 49 3/4
989 1525 84 49 de
1031 1525 84 49 p.
1059 1525 70 49 in-

157 1570 89 40 fol.,
216 1570 99 40 sceau.
286 1570 49 40 4
295 1570 30 40 »

162 1585 89 62 21448
222 1585 109 62 SUFFREN
301 1585 69 62 (le
340 1585 99 62 bailli
410 1585 79 62 de),
459 1585 59 62 un
489 1585 69 62 des
529 1585 79 62 plus
578 1585 129 62 illustres
677 1585 99 62 marins
747 1585 59 62 du
766 1585 139 62 dix

159 1632 110 45 siècle.
239 1632 90 45 L.
299 1632 60 45 a.
329 1632 110 45 s.
409 1632 90 45 1784,
469 1632 50 45 2
489 1632 60 45 p.
519 1632 90 45 in-4.
579 1632 50 45 4
589 1632 40 45 50

158 1652 93 67 21449
220 1652 144 67 TALLEYRAND
333 1652 72 67 (le
374 1652 103 67 prince
446 1652 82 67 de),
498 1652 62 67 le
529 1652 113 67 célèbre
611 1652 144 67 diplomate.
724 1652 72 67 Bon
765 1652 62 67 de
796 1652 52 67 3
807 1652 82 67 lignes

154 1701 103 56 aut.
218 1701 115 56 sig.;
295 1701 154 56 Valençay
411 1701 115 56 1837,
487 1701 90 56 1/2
539 1701 77 56 p.
577 1701 103 56 in-8
641 1701 141 56 oblong.
744 1701 64 56 2
757 1701 38 56 »

178 1859 346 67 L’authenticité
474 1859 115 67 des
540 1859 247 67 Autographes
738 1859 115 67 est
788 1859 247 67 garantie.

103 1913 86 73 Le
146 1913 186 73 Catalogue
288 1913 114 73 sera
360 1913 143 73 envoyé
460 1913 71 73 à
488 1913 143 73 toutes
588 1913 100 73 les
645 1913 186 73 personnes
788 1913 100 73 qui
845 1913 86 73 en
888 1913 143 73 feront
988 1913 86 73 la
1017 1913 129 73 demande

70 1981 211 52 Affranchir)

299 2084 219 63 Strasbourg,
474 2084 219 63 typographie
649 2084 88 63 de
693 2084 88 63 G.
722 2084 190 63 Silbermann,
