1147 2191
481 -5 86 66 —
515 -5 103 66 11
550 -5 52 66 —

129 52 124 73 d’Etat
215 52 149 73 anglais,
327 52 173 73 chancelier
463 52 74 73 de
500 52 198 73 l’Echiquier.
661 52 111 73 L.
735 52 74 73 a.
773 52 124 73 s.
859 52 74 73 en
896 52 149 73 français
1008 52 87 73 (au
1045 52 62 73 duc

129 107 218 41 d’Aiguillon);
309 107 154 41 Londres,
425 107 77 41 24
463 107 90 41 mai
514 107 116 41 1776,
592 107 64 41 2
617 107 77 41 p.
656 107 116 41 in-4.
733 107 64 41 3
746 107 51 41 50

163 137 79 54 Il
202 137 92 54 est
255 137 79 54 on
295 137 79 54 ne
335 137 106 54 peut
401 137 106 54 plus
467 137 172 54 satisfait
599 137 79 54 de
638 137 79 54 la
678 137 145 54 justice
784 137 92 54 qui
837 137 92 54 lui
889 137 66 54 a
916 137 92 54 été
969 137 145 54 rendue,
1061 137 53 54 et

132 164 81 59 il
172 164 94 59 lui
226 164 161 59 témoigne
347 164 121 59 toute
428 164 81 59 la
468 164 108 59 joie
535 164 94 59 que
589 164 215 59 l’Angleterre
750 164 135 59 partage.

133 208 118 51 21352
211 208 118 51 MARIE
290 208 78 51 DE
329 208 157 51 MÉDICIS,
447 208 118 51 reine
525 208 78 51 et
564 208 144 51 régente
669 208 78 51 de
708 208 144 51 France.
812 208 118 51 L.
891 208 78 51 a.
930 208 131 51 s.
1022 208 78 51 au
1048 208 65 51 roi

135 248 92 49 son
187 248 105 49 fils
253 248 132 49 (Louis
345 248 132 49 XIII);
437 248 132 49 Blois,
529 248 66 49 2
556 248 118 49 janv.
635 248 118 49 1618,
713 248 66 49 2
740 248 79 49 p.
779 248 158 49 in-fol.,
898 248 145 49 cachets
990 248 118 49 brisés.

997 285 138 42 28
1043 285 69 42 »

152 309 118 56 Elle
226 309 103 56 lui
285 309 148 56 envoie
388 309 89 56 un
433 309 221 56 gentilhomme
610 309 118 56 pour
683 309 207 56 l’informer
846 309 89 56 de
890 309 89 56 sa
934 309 148 56 santé.
1023 309 89 56 Elle

138 350 148 48 supplie
245 350 108 48 Dieu
313 350 81 48 de
353 350 121 48 bénir
434 350 94 48 «le
488 350 121 48 désir
569 350 94 48 que
623 350 108 48 vous
690 350 108 48 avés
758 350 81 48 de
798 350 108 48 voir
865 350 81 48 ma
906 350 121 48 fille
987 350 67 48 à
1000 350 108 48 Saint-

138 381 116 56 Germain
223 381 63 56 et
255 381 63 56 de
286 381 63 56 me
318 381 95 56 faire
381 381 127 56 bientost
476 381 84 56 gran
529 381 84 56 mère
582 381 95 56 comme
645 381 84 56 l’on
698 381 74 56 m’a
729 381 106 56 dict...»

144 417 87 55 21353
203 417 175 55 MARIE-CLOTILDE
348 417 58 55 DE
377 417 107 55 FRANCE,
455 417 87 55 reine
513 417 58 55 de
543 417 136 55 Sardaigne,
649 417 78 55 sœur
698 417 58 55 de
727 417 87 55 Louis
776 417 58 55 XVI,

136 452 92 45 femme
197 452 61 45 de
228 452 204 45 Charles-Emmanuel
402 452 72 45 IV,
442 452 123 45 déclarée
534 452 133 45 vénérable
637 452 72 45 par
677 452 61 45 le
708 452 82 45 pape
759 452 72 45 Pie
790 452 51 45 VII

139 490 78 40 en
178 490 117 40 1808.
256 490 117 40 L.
334 490 78 40 a.
373 490 130 40 s.
464 490 65 40 à
490 490 78 40 la
529 490 156 40 marquise
646 490 156 40 d’Usson;
763 490 195 40 Moncallier,
919 490 78 40 24
958 490 104 40 août
1010 490 91 40 1783,

165 520 52 44 2
185 520 62 44 p.
217 520 93 44 in-4.
279 520 104 44 Cachet
352 520 125 44 frustre.
445 520 52 44 6
455 520 42 44 50

169 554 139 55 Très-belle
278 554 99 55 lettre
348 554 69 55 sur
387 554 60 55 la
417 554 79 55 mort
467 554 89 55 d’une
526 554 60 55 de
556 554 69 55 ses
596 554 109 55 tantes,
675 554 79 55 dont
725 554 79 55 elle
765 554 89 55 raconte

139 586 87 55 es
183 586 174 55 derniers
314 586 160 55 moments
430 586 87 55 en
474 586 145 55 termes
561 586 174 55 touchants.

135 627 112 58 21354
209 627 149 58 MARMONT,
321 627 87 58 duc
371 627 75 58 de
408 627 137 58 Raguse,
507 627 149 58 maréchal
619 627 75 58 de
657 627 137 58 France.
756 627 112 58 L.
831 627 75 58 a.
868 627 124 58 s.
955 627 62 58 à
980 627 75 58 M.
1005 627 99 58 Goupy;

139 657 164 55 Florence,
265 657 76 55 11
303 657 101 55 oct.
366 657 113 55 1845,
442 657 63 55 1
467 657 76 55 p.
504 657 88 55 1/2
555 657 113 55 in-8,
630 657 138 55 cachet.
731 657 63 55 4
744 657 50 55 50

296 704 106 43 21355
367 704 129 43 MARRAST
461 704 153 43 (Armand),
578 704 129 43 célèbre
672 704 176 43 publiciste,
813 704 153 43 président
931 704 71 43 de
954 704 153 43 l’Assemblée

125 726 188 47 onstituante

309 733 75 37 en
347 733 113 37 1848.
422 733 113 37 L.
498 733 75 37 a.
535 733 125 37 s.
623 733 63 37 à
648 733 125 37 Nestor
736 733 176 37 Roqueplan,
874 733 63 37 1
899 733 75 37 p.
936 733 113 37 in-8,
999 733 113 37 en

147 763 41 43 du
168 763 138 43 National
285 763 34 43 3
292 763 28 43 50

320 801 83 43 21356
375 801 74 43 MARS
421 801 101 43 (Mlle),
495 801 101 43 célèbre
568 801 101 43 actrice
642 801 55 43 de
669 801 55 43 la
697 801 202 43 Comédie-Française.
872 801 83 43 L.
927 801 55 43 a.
955 801 92 43 s.
1019 801 46 43 à
1038 801 55 43 M.
1056 801 46 43 Le-

142 831 56 45 clerc,
182 831 39 45 1/2
204 831 34 45 p.
221 831 50 45 in-8.
255 831 28 45 2
260 831 17 45 »

313 870 89 47 21357
372 870 118 47 MARTINET
461 870 138 47 (Achille),
569 870 98 47 habile
638 870 118 47 graveur,
727 870 98 47 membre
796 870 59 47 de
825 870 148 47 l’Institut.
943 870 89 47 L.
1003 870 59 47 a.
1022 870 79 47 s.

137 908 70 52 2
165 908 84 52 p.
207 908 97 52 1/4
262 908 125 52 in-8.
346 908 167 52 Relative
471 908 70 52 à
499 908 97 52 son
555 908 181 52 portrait,
694 908 139 52 auquel
792 908 84 52 il
833 908 111 52 faut
903 908 125 52 faire
973 908 139 52 quelques

130 942 147 41 retouches.
245 942 53 41 2
256 942 32 41 »

131 976 132 44 21358
219 976 176 44 MARTINEZ
351 976 88 44 DE
395 976 88 44 LA
439 976 117 44 ROSA
512 976 146 44 (Fr.),
614 976 132 44 homme
702 976 146 44 d’État
805 976 176 44 espagnol
936 976 88 44 et
980 976 117 44 l’un
1039 976 73 44 des

137 1016 165 43 neilleurs
264 1016 165 43 écrivains
391 1016 76 43 de
429 1016 76 43 sa
467 1016 139 43 nation.
568 1016 114 43 L.
645 1016 76 43 a.
683 1016 127 43 s.
771 1016 76 43 en
809 1016 165 43 espagnol;
936 1016 127 43 Madrid
1012 1016 89 43 1848,

137 1043 55 51 4
159 1043 66 51 p.
192 1043 99 51 in-8.
258 1043 99 51 Belle
324 1043 121 51 lettre.
412 1043 55 51 3
423 1043 33 51 »

139 1061 122 72 21359
221 1061 149 72 MATHIEU
329 1061 190 72 (Jacques),
478 1061 136 72 député
573 1061 81 72 du
614 1061 163 72 Bas-Rhin
736 1061 68 72 à
763 1061 203 72 l’Assemblée
912 1061 190 72 législative,

136 1119 101 33 puis
199 1119 176 33 diplomate.
338 1119 113 33 L.
413 1119 76 33 a.
451 1119 126 33 s.
539 1119 76 33 au
577 1119 126 33 Comité
665 1119 76 33 de
703 1119 126 33 sûreté
791 1119 164 33 générale;
917 1119 126 33 Paris,
1005 1119 76 33 28
1030 1119 76 33 ven-

137 1150 136 45 démiaire
239 1150 68 45 an
273 1150 91 45 III,
329 1150 57 45 2
352 1150 68 45 p.
386 1150 79 45 pl.
432 1150 125 45 in-fol.
522 1150 57 45 5
534 1150 45 45 50

163 1160 166 69 Curieuse
288 1160 152 69 épître,
399 1160 83 69 où
440 1160 83 69 il
482 1160 152 69 raconte
593 1160 152 69 comment
703 1160 83 69 il
745 1160 69 69 a
773 1160 125 69 passé
856 1160 139 69 treize
953 1160 111 69 mois
1008 1160 97 69 caché

126 1209 120 57 sous
201 1209 90 57 un
246 1209 120 57 toit
320 1209 164 57 pendant
440 1209 90 57 la
485 1209 179 57 Terreur,
619 1209 90 57 et
664 1209 164 57 demande
783 1209 134 57 qu’on
873 1209 105 57 lui
933 1209 164 57 délivre
1037 1209 75 57 une

126 1247 118 42 carte
191 1247 131 42 civique.

532 1265 71 75 21360
579 1265 71 75 MAURY
627 1265 55 75 (le
658 1265 95 75 cardinal
729 1265 47 75 J.
753 1265 63 75 S.),
792 1265 87 75 célèbre
855 1265 87 75 orateur
919 1265 47 75 et
942 1265 126 75 constituant,
1037 1265 63 75 membre

135 1319 68 40 de
169 1319 125 40 l’Acad.
259 1319 79 40 fr.
305 1319 102 40 L.
372 1319 113 40 a.
452 1319 57 40 à
474 1319 79 40 Mme
520 1319 68 40 de
554 1319 170 40 Saint-Ange,
690 1319 79 40 1/2
735 1319 68 40 p.
769 1319 102 40 in-8.
837 1319 57 40 2
848 1319 34 40 »

475 1335 81 72 21361
529 1335 81 72 MENOU
583 1335 63 72 (J.
620 1335 72 72 Fr.,
665 1335 81 72 baron
719 1335 72 72 de),
764 1335 109 72 général,
846 1335 127 72 successeur
945 1335 54 72 de
972 1335 90 72 Kléber
1036 1335 72 72 dans
1072 1335 36 72 le

477 1393 148 51 ommandement
596 1393 59 51 en
625 1393 79 51 chef
675 1393 59 51 de
704 1393 109 51 l’armée
783 1393 128 51 d’Egypte,
882 1393 79 51 puis
931 1393 138 51 gouverneur
1040 1393 59 51 de
1060 1393 49 51 Ve-

488 1423 57 53 nise.
526 1423 57 53 L.
564 1423 38 53 a.
583 1423 70 53 s.
633 1423 76 53 Florence
690 1423 57 53 1809,
728 1423 32 53 1
741 1423 38 53 p.
760 1423 70 53 in-fol.
810 1423 89 53 Très-belle
880 1423 63 53 pièce.
924 1423 32 53 3
931 1423 25 53 50

565 1452 58 60 21362
603 1452 52 60 MÉRY
635 1452 84 60 (Joseph),
700 1452 71 60 célèbre
751 1452 64 60 poëte.
796 1452 58 60 L.
835 1452 39 60 a.
854 1452 64 60 s.
899 1452 32 60 à
912 1452 39 60 M.
932 1452 90 60 Désarbres,
1002 1452 32 60 1
1015 1452 39 60 p.
1035 1452 45 60 pl.
1054 1452 45 60 in

1024 1496 75 39 2
1039 1496 60 39 50

164 1505 71 60 Il
200 1505 83 60 lui
247 1505 130 60 demande
342 1505 83 60 une
389 1505 118 60 petite
472 1505 95 60 loge
531 1505 95 60 pour
591 1505 71 60 la
626 1505 225 60 Favorite
816 1505 107 60 qu’il
887 1505 59 60 a
910 1505 71 60 eu
934 1505 166 60 l’imprudence

128 1547 83 68 de
170 1547 195 68 promettre.
323 1547 97 68 «Si
379 1547 111 68 elle
448 1547 83 68 ne
490 1547 167 68 m’arrive
615 1547 111 68 pas,
685 1547 83 68 je
726 1547 125 68 serai
810 1547 83 68 le
852 1547 125 68 Vatel
935 1547 83 68 de
963 1547 139 68 l’Opéra:

139 1592 156 47 j’attends
259 1592 120 47 l’épée
342 1592 60 47 à
366 1592 72 47 la
402 1592 132 47 main...
486 1592 36 47 »

515 1614 73 57 21363
564 1614 106 57 MEYERBEER
645 1614 73 57 (G.),
694 1614 98 57 illustre
768 1614 122 57 compositeur
866 1614 49 57 de
890 1614 98 57 musique,
963 1614 82 57 membre
1020 1614 49 57 de
1037 1614 65 57 l’Ins-

518 1661 64 49 titut.
562 1661 57 49 L.
601 1661 38 49 a.
620 1661 70 49 s.
671 1661 38 49 en
690 1661 77 49 français
747 1661 32 49 à
760 1661 70 49 M.....;
811 1661 38 49 11
830 1661 51 49 mars
862 1661 57 49 1857,
900 1661 32 49 4
913 1661 38 49 p.
932 1661 57 49 in-8.
970 1661 32 49 6
977 1661 19 49 »

514 1697 95 35 Très-belle
589 1697 75 35 lettre,
643 1697 41 35 où
664 1697 41 35 il
684 1697 95 35 recommande
759 1697 54 35 avec
793 1697 75 35 chaleur
847 1697 41 35 la
868 1697 54 35 Dlle
895 1697 102 35 Marray

137 1723 97 53 our
193 1723 97 53 son
248 1723 180 53 admission
387 1723 83 53 au
428 1723 208 53 Grand-Opéra
594 1723 83 53 de
636 1723 139 53 Paris,
733 1723 83 53 et
774 1723 111 53 fait
844 1723 180 53 remarquer
968 1723 125 53 qu’elle

132 1760 70 45 à
160 1760 112 45 déjà
230 1760 112 45 joué
300 1760 84 45 un
342 1760 126 45 grand
426 1760 140 45 nombre
524 1760 84 45 de
566 1760 126 45 rôles
651 1760 98 45 sur
707 1760 98 45 les
763 1760 140 45 grands
861 1760 168 45 théâtres
987 1760 84 45 de
1015 1760 84 45 Lon-

138 1794 120 49 dres,
218 1794 80 49 de
258 1794 293 49 Saint--Pétersbourg
497 1794 80 49 etc.

584 1824 57 57 21364
622 1824 89 57 MIACZINSKI
692 1824 83 57 (Joseph),
755 1824 70 57 célèbre
806 1824 70 57 général
857 1824 83 57 polonais,
921 1824 76 57 décapité
978 1824 38 57 en
991 1824 38 57 1793

1009 1863 81 49 .
1025 1863 81 49 1/4

129 1870 106 37 comme
200 1870 142 37 complice
306 1870 71 37 de
342 1870 165 37 Dumouriez.
471 1870 106 37 L.
542 1870 71 37 a.
577 1870 118 37 s.
660 1870 59 37 à
684 1870 118 37 M....;
766 1870 59 37 2
790 1870 83 37 mai
837 1870 106 37 1791,
908 1870 59 37 1
931 1870 71 37 p.
955 1870 59 37 1/4

127 1897 68 47 in-4.
172 1897 120 47 Rare
269 1897 38 47 4
277 1897 23 47 »

152 1933 85 43 Il
194 1933 184 43 sollicite
335 1933 99 43 son
392 1933 198 43 témoignage
547 1933 113 43 pour
618 1933 155 43 pouvoir
731 1933 85 43 se
773 1933 127 43 faire
858 1933 198 43 rembourser
1013 1933 85 43 de
1042 1933 56 43 ce

128 1965 118 44 qu’il
207 1965 66 44 a
233 1965 144 44 dépensé
338 1965 170 44 lorsqu’il
469 1965 118 44 était
547 1965 66 44 à
574 1965 79 44 la
613 1965 105 44 tête
678 1965 79 44 de
718 1965 79 44 la
757 1965 223 44 confédération
941 1965 79 44 de
967 1965 131 44 Pologne.

123 1994 121 53 21365
203 1994 134 53 MOMORO
297 1994 121 53 (Ant.
378 1994 121 53 Fr.),
459 1994 188 53 imprimeur,
607 1994 108 53 l’un
674 1994 94 53 des
728 1994 148 53 membres
835 1994 94 53 les
889 1994 108 53 plus
956 1994 148 53 exaltés
1050 1994 54 53 de

127 2035 69 44 la
162 2035 127 44 Société
254 2035 81 44 des
301 2035 150 44 Jacobins,
416 2035 115 44 ardent
497 2035 173 44 hébertiste,
635 2035 139 44 décapité
739 2035 69 44 en
774 2035 104 44 1794.
843 2035 104 44 L.
913 2035 69 44 a.
936 2035 92 44 s.

124 2073 54 40 à
146 2073 75 40 ses
189 2073 150 40 collègues;
307 2073 118 40 (1793),
392 2073 54 40 1
414 2073 64 40 p.
446 2073 75 40 pl.
489 2073 118 40 in-fol.
575 2073 172 40 Rare
714 2073 54 40 7
725 2073 32 40 »

159 2094 84 53 Il
201 2094 98 53 les
257 2094 112 53 prie
327 2094 84 53 de
369 2094 140 53 placer
467 2094 126 53 comme
551 2094 140 53 garçon
649 2094 84 53 de
691 2094 140 53 bureau
789 2094 84 53 le
831 2094 154 53 citoyen
943 2094 140 53 Huyot,
1027 2094 70 53 vi
