1207 2308
628 42 32 51 —
640 42 32 51 2
647 42 19 51 —

226 88 236 78 Très-curieuse
420 88 153 78 épître,
531 88 83 78 où
573 88 83 78 il
615 88 153 78 réclame
726 88 236 78 énergiquement
920 88 83 78 la
948 88 222 78 responsabilité

186 128 87 67 de
230 128 189 67 certaines
375 128 160 67 paroles
491 128 131 67 qu’il
579 128 73 67 a
608 128 189 67 adressées
753 128 87 67 au
796 128 145 67 peuple
898 128 116 67 dans
971 128 87 67 la
1014 128 160 67 journée
1116 128 58 67 du

200 163 76 67 15
238 163 89 67 mai
289 163 76 67 et
327 163 114 67 qu’on
404 163 152 67 attribue
518 163 102 67 bien
581 163 64 67 à
607 163 102 67 tort
670 163 64 67 à
696 163 114 67 Louis
772 163 127 67 Blanc.
861 163 114 67 Ce
937 163 102 67 cher
1001 163 76 67 et
1026 163 140 67 digne

191 201 238 63 citoyen
389 201 93 63 n’a
442 201 106 63 même
508 201 93 63 pas
561 201 106 63 paru
627 201 66 63 à
654 201 278 63 l’Hôtel-de-Ville.
892 201 79 63 Il
932 201 146 63 termine
1038 201 79 63 en
1064 201 106 63 deman-

189 233 115 60 dant
260 233 172 60 pourquoi
389 233 100 60 les
446 233 186 60 bourgeois
589 233 86 60 ne
632 233 229 60 trouveraient
818 233 100 60 pas
876 233 86 60 un
919 233 86 60 de
962 233 100 60 ces
1019 233 129 60 élans
1090 233 72 60 qui

190 264 167 67 portèrent
318 264 115 67 jadis
395 264 90 67 les
447 264 115 67 chefs
524 264 77 67 de
562 264 77 67 la
601 264 154 67 noblesse
716 264 64 67 à
742 264 167 67 sacrifier
870 264 103 67 dans
934 264 77 67 la
973 264 103 67 nuit
1037 264 77 67 du
1075 264 64 67 4
1088 264 77 67 août

192 303 122 56 leurs
274 303 135 56 titres
368 303 81 56 de
409 303 189 56 propriété.
557 303 149 56 «Alors,
665 303 230 56 s’écrie-t-il,
854 303 108 56 nous
922 303 243 56 redeviendrions
1111 303 54 56 la

185 328 156 68 France,
298 328 99 68 et,
355 328 85 68 au
398 328 114 68 lieu
469 328 156 68 d’avoir
582 328 71 68 à
611 328 128 68 tirer
696 328 85 68 le
738 328 128 68 canon
823 328 114 68 dans
894 328 99 68 nos
951 328 128 68 rues,
1036 328 114 68 nous
1093 328 71 68 mè-

184 366 159 76 nerions
299 366 87 76 le
342 366 130 76 monde
429 366 115 76 vers
501 366 130 76 cette
587 366 173 76 destinée
717 366 87 76 de
760 366 202 76 fraternité
919 366 115 76 dont
991 366 130 76 notre
1063 366 101 76 chère

188 396 136 49 patrie
284 396 109 49 doit
352 396 109 49 être
420 396 82 49 la
460 396 136 49 grande
542 396 163 49 ouvrière.»

178 434 127 69 21215
262 434 141 69 BARÈRE
361 434 85 69 DE
403 434 155 69 VIEUZAC
516 434 211 69 (Bertrand),
685 434 254 69 conventionnel,
896 434 85 69 le
939 434 155 69 célèbre
1037 434 127 69 rappor-

179 469 110 62 teur
248 469 83 62 du
289 469 138 62 Comité
386 469 83 62 de
427 469 124 62 salut
509 469 151 62 public.
619 469 124 62 L.
702 469 83 62 a.
743 469 138 62 s.
840 469 69 62 à
867 469 83 62 M.
908 469 138 62 Moreau
1005 469 83 62 de
1032 469 124 62 Jonnès;

186 502 141 53 larbes,
289 502 77 53 21
327 502 103 53 mars
391 502 115 53 1838,
468 502 64 53 3
494 502 77 53 p.
533 502 103 53 in-4
597 502 64 53 à
622 502 154 53 mi-page.
738 502 64 53 4
751 502 51 53 50

212 538 175 67 Désirant
343 538 189 67 concourir
489 538 116 67 pour
562 538 87 67 le
605 538 116 67 prix
678 538 175 67 Montyon,
809 538 87 67 il
853 538 145 67 envoie
954 538 87 67 la
983 538 175 67 traduction

175 572 119 65 faite
254 572 92 65 par
307 572 92 65 lui
359 572 105 65 d’un
425 572 119 65 livre
504 572 171 65 intitulé:
636 572 119 65 La
715 572 198 65 Philosophie
873 572 132 65 morale
966 572 92 65 par
1005 572 145 65 Emma

177 601 110 49 nuel
247 601 150 49 Thesauro

177 639 123 69 21216
259 639 151 69 BARNAVE
369 639 123 69 (Ant.
451 639 82 69 P.
492 639 82 69 J.
533 639 110 69 M.),
602 639 164 69 illustre
725 639 219 69 constituant,
903 639 164 69 décapité
1027 639 82 69 en
1054 639 96 69 1793.

171 670 112 53 Notes
245 670 112 53 aut.;
320 670 112 53 (déc.
394 670 124 53 1791),
481 670 62 53 2
506 670 74 53 p.
543 670 112 53 in-4.
617 670 62 53 5
630 670 37 53 »

202 707 175 66 Curieuses
336 707 135 66 notes,
430 707 81 66 où
471 707 108 66 l’on
538 707 135 66 trouve
632 707 121 66 entre
713 707 135 66 autres
807 707 121 66 cette
888 707 135 66 phrase
982 707 67 66 :
1009 707 121 66 «J’ai
1077 707 67 66 in-

176 736 104 74 flué
241 736 104 74 deux
306 736 104 74 fois
372 736 91 74 sur
424 736 91 74 les
476 736 157 74 affaires
594 736 78 74 en
633 736 91 74 90.
685 736 104 74 J’ai
750 736 104 74 tout
816 736 104 74 fait
881 736 104 74 pour
946 736 144 74 retenir
1051 736 78 74 la
1077 736 65 74 ré-

172 779 172 57 volution
301 779 115 57 dans
373 779 86 57 sa
416 779 144 57 ligne,
516 779 86 57 en
559 779 115 57 1791
631 779 115 57 pour
703 779 86 57 la
732 779 172 57 terminer.»

167 807 127 69 21217
252 807 184 69 BASSVILLE
393 807 141 69 (Hugou
492 807 113 69 de),
563 807 212 69 littérateur
733 807 85 69 et
775 807 198 69 diplomate,
931 807 141 69 envoyé
1030 807 71 69 à
1044 807 99 69 Rome,

162 849 75 58 où
199 849 75 58 il
236 849 87 58 fut
286 849 162 58 assassiné
410 849 75 58 en
448 849 112 58 1793.
522 849 112 58 L.
597 849 75 58 a.
634 849 124 58 s.
721 849 62 58 à
746 849 75 58 M.
783 849 174 58 d’Hangard;
920 849 137 58 Genève,
1020 849 75 58 16
1045 849 99 58 juill.

170 874 103 69 1785,
238 874 57 69 2
261 874 69 69 p.
295 874 80 69 pl.
341 874 103 69 in-4,
410 874 126 69 cachet,
501 874 103 69 Belle
570 874 69 69 et
604 874 183 69 intéressante
752 874 126 69 lettre.
844 874 183 69 Rare
992 874 57 69 9
1004 874 34 69 »

167 915 121 72 21218
247 915 148 72 BAUSSET
354 915 94 72 (L.
408 915 107 72 Fr.,
475 915 161 72 cardinal
596 915 107 72 de),
663 915 134 72 évêque
757 915 148 72 d’Alet,
864 915 174 72 historien
998 915 81 72 de
1025 915 121 72 Bossuet

160 949 76 67 et
198 949 76 67 de
236 949 152 67 Fénelon,
350 949 126 67 membre
439 949 76 67 de
476 949 139 67 l’Acad.
578 949 89 67 fr.
628 949 114 67 L.
704 949 76 67 a.
742 949 126 67 s.
831 949 63 67 à
856 949 76 67 la
894 949 164 67 citoyenne
1008 949 126 67 Joubert;

170 982 101 60 1795,
237 982 56 60 1
260 982 67 60 p.
293 982 79 60 pl.
338 982 101 60 in-8.
406 982 101 60 Jolie
473 982 124 60 lettre.
563 982 56 60 2
574 982 45 60 50

160 1010 113 82 21219
236 1010 189 82 BEAUHARNAIS
387 1010 126 82 (Fanny
475 1010 101 82 de),
538 1010 189 82 romancière,
690 1010 113 82 tante
765 1010 76 82 de
803 1010 214 82 l’impératrice
967 1010 88 82 José-

163 1059 111 56 phine.
241 1059 100 56 L.
307 1059 67 56 a.
340 1059 122 56 s.
429 1059 67 56 16
462 1059 111 56 juill.
540 1059 100 56 1806,
606 1059 55 56 1
628 1059 67 56 p.
662 1059 78 56 1/2
706 1059 100 56 in-4.
773 1059 100 56 Jolie
839 1059 122 56 lettre.
928 1059 55 56 3
939 1059 33 56 »

160 1092 109 71 21220
232 1092 145 71 BEAULIEU
341 1092 84 71 (J.
389 1092 84 71 B.,
437 1092 109 71 baron
510 1092 97 71 de),
570 1092 133 71 célèbre
667 1092 133 71 général
763 1092 72 71 en
800 1092 97 71 chef
860 1092 181 71 autrichien,
993 1092 72 71 l’un

157 1127 82 59 des
204 1127 176 59 adversaires
345 1127 70 59 de
380 1127 152 59 Bonaparte
497 1127 70 59 en
532 1127 129 59 Italie.
626 1127 105 59 L.
696 1127 70 59 a.
732 1127 141 59 s.,
837 1127 70 59 en
872 1127 152 59 français,
989 1127 59 59 1
1001 1127 47 59 p.

161 1158 82 53 in-8
212 1158 113 53 oblong,
294 1158 113 53 cachet.
376 1158 164 53 Rare
510 1158 62 53 10
530 1158 31 53 »

152 1194 108 68 21221
224 1194 132 68 BEAUVAU
320 1194 96 68 (Ch.
380 1194 84 68 J.,
428 1194 120 68 prince
512 1194 96 68 de),
572 1194 144 68 maréchal
680 1194 72 68 de
716 1194 132 68 France,
812 1194 120 68 membre
896 1194 72 68 de
920 1194 108 68 l'Acad.

146 1227 78 65 fr.
190 1227 100 65 L.
257 1227 67 65 a.
291 1227 111 65 s.
369 1227 56 65 à
391 1227 67 65 M.
424 1227 67 65 de
458 1227 145 65 Beaumont;
569 1227 167 65 Versailles,
703 1227 56 65 5
725 1227 100 65 avril
792 1227 100 65 1766,
859 1227 56 65 2
881 1227 67 65 p.
915 1227 78 65 1/2
948 1227 67 65 pet.

148 1261 69 39 in-4.
195 1261 39 39 3
202 1261 31 39 50

146 1297 113 67 21222
222 1297 113 67 BEKER
298 1297 88 67 (L.
348 1297 126 67 Nic.),
436 1297 113 67 comte
512 1297 76 67 de
550 1297 113 67 Mons,
625 1297 139 67 célèbre
726 1297 151 67 général,
839 1297 88 67 qui
890 1297 164 67 conduisit
1003 1297 63 67 Na-

145 1338 137 64 poléon
241 1338 68 64 à
268 1338 178 64 Rochefort
405 1338 82 64 en
446 1338 123 64 1815.
528 1338 123 64 L.
610 1338 82 64 a.
651 1338 137 64 s.
746 1338 68 64 à
774 1338 82 64 M.
815 1338 232 64 Sainte-Croix;
992 1338 137 64 Breslau,

139 1367 62 47 3
163 1367 150 47 octobre,
276 1367 62 47 1
301 1367 75 47 p.
338 1367 87 47 1/2
388 1367 112 47 in-4.
463 1367 62 47 3
476 1367 37 47 »

171 1399 90 81 Si
216 1399 90 81 la
261 1399 149 81 guerre
365 1399 90 81 se
410 1399 179 81 déclare,
544 1399 90 81 il
589 1399 90 81 se
634 1399 105 81 met
694 1399 75 81 à
724 1399 90 81 la
769 1399 224 81 disposition
948 1399 90 81 du
978 1399 149 81 maréchal

128 1413 155 62 Masséna.

521 1480 77 63 21223
582 1480 120 63 BELLEGARDE
676 1480 86 63 (Roger
736 1480 69 63 de),
779 1480 138 63 grand-écuyer
891 1480 52 63 de
917 1480 86 63 France
977 1480 69 63 sous
1020 1480 77 63 Henri
1071 1480 52 63 IV
1089 1480 34 63 et

132 1506 116 66 Louis
210 1506 116 66 XIII,
287 1506 116 66 amant
365 1506 78 66 de
403 1506 168 66 Gabrielle
533 1506 181 66 d’Estrées.
675 1506 116 66 L.
752 1506 78 66 a.
791 1506 129 66 s.
881 1506 65 66 à
907 1506 78 66 M.
933 1506 181 66 Bouthillier;

143 1535 152 73 lamecy,
254 1535 69 73 6
281 1535 110 73 août
350 1535 124 73 1635,
433 1535 69 73 1
461 1535 83 73 p.
502 1535 166 73 in-fol.,
627 1535 152 73 cachets
737 1535 152 73 brisés.
848 1535 124 73 Belle
930 1535 152 73 lettre.
1041 1535 83 73 15
1069 1535 41 73 »

134 1571 109 76 21224
207 1571 121 76 BENOIT
292 1571 85 76 XIV
340 1571 146 76 (Prosper
449 1571 194 76 LAMBERTINI),
607 1571 97 76 pape
667 1571 158 76 illustre.
789 1571 109 76 L.
861 1571 121 76 s.
946 1571 97 76 avec
1007 1571 61 76 4
1019 1571 97 76 lignes

140 1609 80 47 aut.;
193 1609 97 47 Ancône,
264 1609 44 47 4
282 1609 62 47 mai
317 1609 80 47 1709,
370 1609 44 47 2
388 1609 53 47 p.
414 1609 97 47 in-fol.
485 1609 44 47 4
494 1609 35 47 50

138 1638 112 77 21225
212 1638 112 77 BERRI
286 1638 112 77 (Jean
361 1638 74 77 de
398 1638 136 77 France,
497 1638 87 77 duc
547 1638 99 77 de),
609 1638 99 77 fils
671 1638 74 77 du
708 1638 87 77 roi
758 1638 99 77 Jean
820 1638 74 77 et
857 1638 112 77 frère
931 1638 74 77 de
969 1638 136 77 Charles
1055 1638 50 77 V,

133 1680 89 65 ami
184 1680 89 65 des
235 1680 102 65 arts
298 1680 76 65 et
336 1680 89 65 des
387 1680 152 65 lettres,
502 1680 76 65 le
540 1680 190 65 bibliophile
692 1680 76 65 le
730 1680 102 65 plus
794 1680 165 65 distingué
921 1680 76 65 de
959 1680 89 65 son
997 1680 114 65 siècle.

131 1712 118 67 L.
210 1712 131 67 s.
301 1712 66 67 à
328 1712 105 67 Jean
393 1712 79 67 de
432 1712 184 67 Bonnebaut,
577 1712 92 67 son
629 1712 197 67 chambellan;
786 1712 131 67 Paris,
878 1712 79 67 21
917 1712 157 67 juillet,
1035 1712 66 67 1
1049 1712 52 67 p.

129 1742 158 67 in-fol.
244 1742 158 67 oblong,
359 1742 173 67 fragment
488 1742 86 67 de
531 1742 158 67 cachet.
647 1742 129 67 Cette
733 1742 129 67 pièce
819 1742 101 67 est
862 1742 245 67 malheureusement

128 1781 84 69 en
170 1781 154 69 mauvais
282 1781 126 69 état;
367 1781 112 69 elle
437 1781 70 69 a
465 1781 98 69 été
521 1781 154 69 rognée,
634 1781 112 69 mais
704 1781 84 69 le
746 1781 126 69 texte
830 1781 126 69 n’est
914 1781 98 69 pas
957 1781 140 69 atteint.

1000 1831 129 40 20
1043 1831 65 40 »

158 1833 87 77 Il
202 1833 102 77 lui
260 1833 160 77 ordonne
377 1833 87 77 de
420 1833 175 77 remettre
551 1833 131 77 entre
639 1833 102 77 les
697 1833 131 77 mains
784 1833 87 77 du
828 1833 102 77 duc
886 1833 87 77 de
929 1833 160 77 Bourbon
1031 1833 73 77 les

118 1860 165 79 châteaux
242 1860 82 79 et
283 1860 206 79 forteresses
448 1860 82 79 de
489 1860 82 79 la
530 1860 124 79 terre
613 1860 82 79 de
654 1860 206 79 Combraille,
819 1860 110 79 pour
887 1860 165 79 laquelle
1011 1860 82 79 le
1038 1860 69 79 duc

120 1906 102 57 lui
179 1906 73 57 a
208 1906 131 57 rendu
296 1906 102 57 foi
354 1906 88 57 et
383 1906 146 57 hommage.

124 1946 125 63 21226
207 1946 125 63 BLANC
290 1946 166 63 (Louis),
415 1946 152 63 célèbre
526 1946 194 63 historien,
678 1946 139 63 membre
775 1946 83 63 du
817 1946 222 63 gouvernement
983 1946 111 63 provi.

124 1981 109 65 soire
197 1981 73 65 en
233 1981 109 65 1848.
306 1981 109 65 L.
379 1981 73 65 a.
416 1981 122 65 s.
501 1981 73 65 (à
537 1981 134 65 Furne);
635 1981 146 65 Londres,
744 1981 85 65 1er
793 1981 85 65 mai
842 1981 109 65 1858,
915 1981 61 65 1
939 1981 73 65 p.
975 1981 85 65 1/2
1012 1981 85 65 in

121 2011 155 51 Charmante
240 2011 131 51 épître.
335 2011 60 51 4
347 2011 36 51 »

122 2052 110 59 21227
195 2052 172 59 BONAPARTE,
330 2052 135 59 général
428 2052 74 59 de
465 2052 147 59 brigade,
575 2052 110 59 alors
649 2052 74 59 en
686 2052 221 59 disponibilité.
869 2052 110 59 P.
943 2052 74 59 s.
967 2052 123 59 Buo

119 2091 233 60 naparte
315 2091 74 60 au
352 2091 86 60 bas
401 2091 98 60 d’un
463 2091 135 60 rapport
561 2091 98 60 aut.
622 2091 98 60 sig.
684 2091 74 60 de
720 2091 246 60 Courtois
929 2091 98 60 sig.
990 2091 111 60 aussi
1052 2091 49 60 de

116 2122 152 66 Calès,
233 2122 187 66 Sevestre
385 2122 70 66 et
420 2122 234 66 Pemartin;
619 2122 58 66 6
643 2122 140 66 messidor
748 2122 70 66 an
783 2122 94 66 III,
842 2122 58 66 1
865 2122 70 66 p.
900 2122 140 66 in-fol.,
1005 2122 94 66 vig.
1052 2122 47 66 et

117 2151 83 49 tête
168 2151 93 49 impr.
231 2151 52 49 8
241 2151 31 49 »
