1228 2234
520 -1 91 69 —
556 -1 91 69 8
574 -1 55 69 —

139 54 201 82 Nouvelles;
297 54 187 82 diverses.
441 54 86 82 Le
484 54 101 82 roi
542 54 115 82 veut
614 54 173 82 assiéger
743 54 288 82 Château-Thierry.
973 54 101 82 Lesdi

106 91 159 84 guières
221 91 130 84 vient
307 91 173 84 d’entrer
437 91 87 84 en
480 91 187 84 Provence.
625 91 173 84 Demandes
754 91 87 84 du
798 91 101 84 duc
855 91 87 84 de
899 91 159 84 Mayenne
999 91 87 84 etc.

109 118 131 94 21309
197 118 160 94 HARMAND
313 118 102 94 (J.
371 118 116 94 B.),
443 118 145 94 député
545 118 87 94 de
588 118 87 94 la
632 118 131 94 Meuse
719 118 73 94 à
748 118 87 94 la
791 118 218 94 Convention,
951 118 145 94 fougueux

116 163 173 81 réacteur.
249 163 186 81 Tableau
395 163 80 81 de
435 163 80 81 la
474 163 159 81 conduite
594 163 173 81 politique
727 163 80 81 et
767 163 133 81 morale
860 163 80 81 de
900 163 80 81 J.
940 163 80 81 B.
966 163 133 81 Har

114 194 162 85 mand,
236 194 176 85 ex-député
371 194 95 85 par
425 194 81 85 le
466 194 203 85 département
628 194 81 85 de
669 194 81 85 la
709 194 135 85 Meuse,
804 194 135 85 depuis
898 194 81 85 la
925 194 176 85 Révolu

119 240 179 71 tion
264 240 145 71 manuscrit
376 240 89 71 aut.
432 240 101 71 sig.,
499 240 56 71 3
521 240 67 71 p.
555 240 78 71 3/4
599 240 123 71 in-fol.
689 240 101 71 Pièce
756 240 89 71 fort
812 240 190 71 intéressante.
968 240 56 71 6
979 240 34 71 »

120 263 122 84 21310
202 263 136 84 HÉBERT
297 263 272 84 (Michel-Pierre),
529 263 150 84 célèbre
637 263 150 84 avocat,
746 263 286 84 procureur-général
991 263 109 84 près
1046 263 54 84 la

122 306 100 72 Cour
184 306 75 72 de
221 306 125 72 Paris,
309 306 150 72 ministre
421 306 75 72 de
458 306 237 72 Louis-Philippe.
658 306 112 72 L.
733 306 75 72 a.
770 306 125 72 s.
857 306 62 72 à
882 306 75 72 M.
920 306 137 72 Mauroy;
1007 306 50 72 28

124 362 95 60 août
184 362 107 60 1842,
255 362 60 60 2
279 362 72 60 p.
315 362 84 60 1/2
363 362 107 60 in-4.
434 362 60 60 2
446 362 48 60 50

162 363 123 93 Curieuse
254 363 102 93 épître
325 363 72 93 sur
366 363 133 93 plusieurs
468 363 123 93 affaires
560 363 164 93 judiciaires,
693 363 92 93 entre
755 363 102 93 autres
816 363 51 93 sur

126 422 96 63 un
174 422 159 63 procès
285 422 175 63 intenté
413 422 96 63 au
461 422 175 63 journal
588 422 96 63 le
636 422 271 63 Temps

128 437 112 92 21311
202 437 112 92 HENRI
277 437 100 92 III,
340 437 87 92 roi
390 437 75 92 de
427 437 137 92 France.
527 437 112 92 L.
602 437 75 92 a.
639 437 125 92 s.
727 437 112 92 àison
802 437 112 92 oncle
877 437 75 92 le
914 437 87 92 duc
964 437 75 92 de
989 437 125 92 Montpen-

129 495 129 62 sier;
215 495 143 62 Paris,
315 495 86 62 21
358 495 129 62 sept.
443 495 157 62 (1575),
558 495 100 62 3/4
615 495 86 62 de
658 495 86 62 p.
701 495 157 62 in-fol.
815 495 86 62 18
844 495 43 62 »

154 491 161 92 Relative
274 491 67 92 à
301 491 81 92 la
341 491 148 92 révolte
449 491 81 92 de
489 491 94 92 son
543 491 121 92 frère
623 491 81 92 le
664 491 94 92 duc
717 491 148 92 d’Anjou
825 491 134 92 contre
919 491 107 92 lui.
986 491 81 92 Il
1026 491 94 92 est
1066 491 54 92 si

142 543 143 80 pressé
242 543 143 80 d’être
342 543 158 80 secouru
457 543 86 80 de
500 543 115 80 tous
572 543 115 80 ceux
643 543 100 80 qui
700 543 172 80 l’aiment
829 543 129 80 qu’il
915 543 86 80 le
958 543 115 80 prie
1030 543 86 80 de
1059 543 57 80 se

143 588 123 69 hâter
225 588 82 69 de
266 588 123 69 venir
348 588 109 69 avec
416 588 95 69 les
471 588 136 69 forces
566 588 123 69 qu’il
648 588 95 69 lui
689 588 109 69 mande.

134 591 123 97 21312
216 591 260 97 HENRIETTE-MARIE
435 591 82 97 DE
476 591 150 97 FRANCE,
586 591 123 97 reine
668 591 232 97 d’Angleterre,
859 591 123 97 fille
941 591 82 97 de
982 591 123 97 Henri
1051 591 68 97 IV,

138 643 117 84 femme
216 643 78 84 de
255 643 142 84 Charles
358 643 104 84 Ier,
423 643 104 84 dont
488 643 142 84 Bossuet
591 643 155 84 prononça
708 643 168 84 l’oraison
837 643 155 84 funèbre.
954 643 117 84 L.
1018 643 104 84 a.

143 683 63 71 à
169 683 75 71 la
206 683 100 71 sœur
269 683 126 71 Marie,
357 683 75 71 de
395 683 163 71 Chaillot,
520 683 75 71 1.
558 683 75 71 p.
596 683 88 71 1/2
646 683 113 71 in-4,
721 683 138 71 cachets
822 683 138 71 brisés.
922 683 75 71 12
947 683 38 71 »

178 708 110 86 Elle
247 708 96 86 est
302 708 110 86 bien
370 708 137 86 fâchée
466 708 82 86 de
507 708 82 86 ne
548 708 151 86 pouvoir
658 708 123 86 aller
740 708 68 86 à
767 708 178 86 Chaillot,
904 708 151 86 attendu
1013 708 96 86 que
1055 708 68 86 les

146 742 110 86 eaux
215 742 110 86 sont
283 742 82 86 si
324 742 151 86 grandes
434 742 123 86 qu’il
516 742 96 86 lui
571 742 96 86 est
625 742 192 86 impossible
776 742 82 86 de
817 742 137 86 passer
913 742 96 86 par
968 742 82 86 en
1009 742 110 86 bas,
1064 742 68 86 «et

152 777 97 84 par
207 777 83 84 en
249 777 124 84 haut,
331 777 179 84 dit-elle,
469 777 97 84 mon
524 777 152 84 escurie
635 777 124 84 n’est
717 777 97 84 pas
773 777 124 84 assez
855 777 124 84 forte
938 777 110 84 pour
1007 777 83 84 me
1035 777 97 84 tirer

156 842 96 53 du
204 842 175 53 mauvais
316 842 159 53 chemin.»

157 819 116 112 21313
234 819 154 112 HOSPITAL
350 819 167 112 (François
479 819 77 112 de
517 819 103 112 L’),
582 819 116 112 comte
659 819 77 112 du
698 819 154 112 Hallier,
813 819 142 112 d’abord
916 819 129 112 évêque
1006 819 77 112 de
1032 819 103 112 Meaux,

157 878 117 94 puis
231 878 176 94 maréchal
363 878 88 94 de
407 878 161 94 France,
524 878 88 94 un
568 878 103 94 des
627 878 191 94 meilleurs
773 878 205 94 capitaines
935 878 88 94 de
979 878 103 94 son
1023 878 117 94 temps,

161 923 101 72 époux
228 923 67 72 de
262 923 67 72 la
296 923 124 72 célèbre
386 923 101 72 Marie
453 923 124 72 Mignot.
543 923 112 72 Pièce.
622 923 101 72 sig.;
689 923 112 72 Paris,
768 923 79 72 1er
813 923 90 72 août
858 923 67 72 1648

182 959 74 70 /2
219 959 74 70 p.
255 959 135 70 in-fol.
354 959 172 70 Légèrement
489 959 123 70 tachée
575 959 86 70 sur
624 959 86 70 les
673 959 123 70 bords.
760 959 61 70 4
772 959 49 70 50

195 992 125 69 Compromis
291 992 86 69 entre
349 992 58 69 la
378 992 125 69 révérende
474 992 77 69 mère
522 992 77 69 Anne
570 992 58 69 de
599 992 144 69 L’Hospital,
714 992 106 69 abbesse
782 992 38 69 de

171 1015 197 73 Montiviller
329 1015 289 73 (Seine-Inférieure)
578 1015 79 73 et
618 1015 105 73 Jean
683 1015 79 73 Le
723 1015 158 73 Maistre,
841 1015 184 73 conseiller
985 1015 92 73 élu
1038 1015 79 73 en
1064 1015 79 73 l’é-

166 1077 160 56 léction
283 1077 87 56 de
312 1077 160 56 Caudebec.

175 1075 82 89 21314
230 1075 73 89 HUGO
276 1075 119 89 (Victor),
367 1075 128 89 l’illustre
468 1075 82 89 poëte
523 1075 55 89 et
550 1075 110 89 écrivain
633 1075 55 89 de
660 1075 110 89 l’Acad.,
743 1075 64 89 fr.
779 1075 82 89 L.
834 1075 55 89 a.
862 1075 92 89 s.
917 1075 27 89 à

173 1115 68 81 M.
207 1115 68 81 de
241 1115 182 81 Pongerville;
389 1115 68 81 La
423 1115 148 81 Terrasse,
537 1115 68 81 30
572 1115 80 81 mai
617 1115 103 81 7840,
686 1115 57 81 2
708 1115 68 81 p.
743 1115 80 81 1/2
788 1115 103 81 in-8.
845 1115 80 81 Très-

169 1183 120 56 aimable
256 1183 164 56 invitation.
387 1183 55 56 2
398 1183 44 56 50

183 1174 83 92 21315
238 1174 92 92 ISABEY
302 1174 83 92 père,
358 1174 101 92 célèbre
431 1174 101 92 peintre
505 1174 55 92 de
533 1174 129 92 portraits.
634 1174 83 92 L.
689 1174 55 92 a.
717 1174 92 92 s.
781 1174 46 92 à
800 1174 55 92 M.
827 1174 101 92 Picard;
892 1174 64 92 1812,

208 1258 42 46 1
224 1258 50 46 p.
249 1258 59 46 pl.
283 1258 75 46 in-8.
333 1258 42 46 3
342 1258 33 46 50

216 1246 74 85 Il
253 1246 148 85 s’excuse
363 1246 74 85 de
400 1246 74 85 ne
437 1246 135 85 pouvoir
536 1246 98 85 être
597 1246 135 85 présent
696 1246 62 85 à
720 1246 185 85 l’assemblée
868 1246 74 85 du
905 1246 98 85 jury
966 1246 74 85 de
991 1246 86 85 pein-

181 1284 104 91 ture
246 1284 78 91 vu
285 1284 91 91 que
338 1284 78 91 le
377 1284 104 91 jour
442 1284 131 91 choisi
534 1284 91 91 est
586 1284 118 91 celui
664 1284 78 91 de
703 1284 78 91 la
742 1284 118 91 leçon
821 1284 78 91 de
860 1284 78 91 Sa
899 1284 144 91 Majesté
991 1284 91 91 l’Im

178 1349 152 57 pératrice.

539 1347 44 84 21316
569 1347 69 84 JACQUEMONT
623 1347 64 84 (Victor),
672 1347 29 84 le
687 1347 54 84 célèbre
726 1347 64 84 voyageur.
775 1347 44 84 L.
805 1347 54 84 a.
844 1347 39 84 sig.
868 1347 88 84 Victor
937 1347 15 84 à

189 1387 90 81 M.
234 1387 179 81 Porphyre
368 1387 224 81 Jacquemont;
548 1387 284 81 Port-au-Prince,
787 1387 90 81 23
832 1387 135 81 avril
922 1387 135 81 1827,
1011 1387 105 81 3/4
1071 1387 90 81 de
1101 1387 60 81 p.

201 1465 64 41 in-4.
244 1465 36 41 4
251 1465 21 41 »

222 1447 167 88 Curieuse
348 1447 153 88 épître,
459 1447 84 88 où
501 1447 84 88 il
543 1447 153 88 raconte
655 1447 98 88 son
710 1447 153 88 arrivée
822 1447 70 88 à
836 1447 237 88 Port

189 1488 106 88 21317
260 1488 106 88 JALEY
330 1488 82 88 (L.
378 1488 71 88 L.
413 1488 118 88 Nic.),
495 1488 118 88 habile
578 1488 165 88 sculpteur,
707 1488 118 88 membre
789 1488 71 88 de
825 1488 177 88 l’Institut.
966 1488 106 88 L.
1037 1488 71 88 a.
1060 1488 106 88 s.

202 1556 108 60 1865,
274 1556 60 60 2
298 1556 72 60 p.
334 1556 84 60 1/2
382 1556 108 60 in-8.
454 1556 108 60 Jolie
526 1556 132 60 lettre.
622 1556 60 60 3
634 1556 36 60 »

200 1559 110 92 21318
273 1559 122 92 JASMIN
359 1559 171 92 (Jacques),
493 1559 134 92 célèbre
591 1559 110 92 poëte
664 1559 171 92 provençal,
798 1559 147 92 surnommé
908 1559 110 92 le
982 1559 134 92 dernier
1067 1559 110 92 des

200 1596 243 81 troubadours.
405 1596 77 81 L.
443 1596 77 81 a.
482 1596 128 81 s.
571 1596 64 81 à
597 1596 90 81 son
648 1596 102 81 cher
712 1596 128 81 Louis;
802 1596 115 81 Agen,
879 1596 77 81 26
917 1596 102 81 mars
981 1596 115 81 1850,
1058 1596 64 81 2
1083 1596 77 81 p.
1109 1596 64 81 pl.

211 1676 66 46 in-8.
255 1676 37 46 4
262 1676 22 46 »

230 1665 187 92 Très-jolie
376 1665 147 92 lettre,
483 1665 107 92 dans
550 1665 160 92 laquelle
670 1665 80 92 il
710 1665 120 92 parle
790 1665 107 92 d’un
857 1665 133 92 voyage
950 1665 120 92 qu’il
1030 1665 80 92 va
1070 1665 120 92 faire
1137 1665 40 92 à

204 1736 126 50 Paris
288 1736 112 50 pour
358 1736 98 50 ses
399 1736 140 50 poésies.

204 1734 113 94 21319
280 1734 150 94 KLAGMANN
392 1734 150 94 (Jules),
505 1734 163 94 l’éminent
631 1734 175 94 sculpteur,
768 1734 100 94 mort
831 1734 175 94 récemment.
969 1734 113 94 L.
1044 1734 75 94 a.
1069 1734 113 94 s.

214 1812 106 47 1866,
285 1812 59 47 2
309 1812 71 47 p.
344 1812 106 47 in-8.
415 1812 59 47 3
427 1812 35 47 »

107 1804 134 105 21320
196 1804 178 105 KREUTZER
330 1804 223 105 (Rodolphe),
508 1804 163 105 célèbre
626 1804 208 105 violoniste
790 1804 89 105 et
834 1804 223 105 compositeur
1012 1804 89 105 de
1042 1804 148 105 musique.

215 1858 97 75 L.
280 1858 65 75 a.
312 1858 108 75 s.
388 1858 54 75 à
410 1858 65 75 M.
442 1858 119 75 Picard;
528 1858 65 75 14
561 1858 108 75 juill.
636 1858 97 75 1809,
701 1858 54 75 3
723 1858 65 75 p.
755 1858 97 75 in-4.
820 1858 54 75 3
831 1858 43 75 50

131 1896 175 77 Curieuse
262 1896 146 77 épître
364 1896 102 77 sur
423 1896 102 77 son
481 1896 131 77 opéra
569 1896 131 77 la
656 1896 117 77 Mort
714 1896 190 77 d’Abel

118 1919 121 96 21321
198 1919 162 96 LAFFITTE
320 1919 189 96 (Jacques),
468 1919 81 96 le
508 1919 121 96 grand
589 1919 189 96 financier.
737 1919 121 96 L.
818 1919 81 96 a.
859 1919 148 96 s.
966 1919 121 96 comme
1034 1919 148 96 assesseui

218 1953 91 85 du
263 1953 121 85 juge
339 1953 91 85 de
384 1953 121 85 paix
460 1953 91 85 de
506 1953 91 85 la
551 1953 167 85 section
672 1953 91 85 du
718 1953 227 85 Mont-Blanc,
899 1953 106 85 aux
960 1953 167 85 membres
1081 1953 91 85 du
1111 1953 76 85 Co-

134 1986 92 88 «1—
186 1986 105 88 mité
252 1986 79 88 de
292 1986 132 88 sûreté
384 1986 171 88 générale;
516 1986 132 88 Paris,
608 1986 79 88 17
647 1986 158 88 frimaire
766 1986 79 88 an
805 1986 92 88 II,
858 1986 66 88 1
884 1986 79 88 p.
924 1986 145 88 in-fol.
1016 1986 171 88 Rare

571 2021 772 62 8
725 2021 463 62 »

114 2040 146 106 —5—Il
211 2040 179 106 réclame
341 2040 97 106 la
390 2040 130 106 mise
471 2040 97 106 en
520 2040 179 106 liberté
649 2040 130 106 d’un
731 2040 195 106 Anglais,
877 2040 146 106 nommé
974 2040 179 106 Charles
1088 2040 97 106 Clar

223 2107 130 66 mont,
309 2107 115 66 dont
381 2107 87 66 le
425 2107 115 66 cœur
497 2107 101 66 est
554 2107 115 66 tout
626 2107 72 66 à
655 2107 87 66 la
684 2107 130 66 France.
