1575 2957
120 137 257 84 adressée
312 137 107 84 à
355 137 129 84 M.
419 137 129 84 le
484 137 300 84 chancelier
719 137 150 84 Hue
805 137 129 84 de
869 137 321 84 Miromesnil,
1126 137 129 84 et
1191 137 193 84 datée
1319 137 129 84 de
1362 137 150 84 Mont-

121 219 223 59 pellier,
289 219 111 59 le
344 219 111 59 14
400 219 204 59 juillet
549 219 167 59 1757,
660 219 111 59 au
716 219 167 59 sujet
828 219 111 59 de
883 219 316 59 l'attentat
1143 219 223 59 horrible
1292 219 223 59 commis

117 266 188 65 par
249 266 113 65 un
305 266 207 65 monstre
456 266 188 65 contre
587 266 113 65 la
644 266 226 65 personne
813 266 188 65 sacrée
945 266 113 65 de
1001 266 113 65 Sa
1058 266 414 65 Majesté......
1415 266 94 65 2
1434 266 75 65 p.

122 311 229 56 in-fol.
289 311 125 56 En
351 311 166 56 tête
455 311 125 56 se
517 311 249 56 trouvent
704 311 146 56 six
787 311 208 56 lignes
933 311 166 56 aut.
1037 311 125 56 de
1099 311 125 56 M.
1162 311 312 56 Miromesnil.
1411 311 104 56 3
1432 311 83 56 50

72 356 183 63 2980.
194 356 346 63 Aubert
478 356 183 63 (Mlle
600 356 224 63 Anaïs),
763 356 224 63 actrice
925 356 122 63 du
986 356 427 63 Théâtre-Français.
1352 356 122 63 L.
1393 356 122 63 aut.

102 408 298 51 sig.
288 408 223 51 26
399 408 409 51 février
697 408 335 51 1837.
920 408 186 51 1
994 408 223 51 p.
1106 408 372 51 in-12.
1366 408 186 51 2
1403 408 112 51 »

72 451 178 69 2981.
191 451 316 69 Auger
448 451 218 69 (l’abbé
606 451 277 69 Athanase),
824 451 198 69 membre
962 451 119 69 de
1022 451 218 69 l’Acad.
1180 451 138 69 des
1239 451 277 69 inscriptions

121 503 114 56 et
178 503 362 56 belles-lettres.
483 503 190 56 Traité
616 503 152 56 aut.
711 503 152 56 sig.
806 503 133 56 par
883 503 114 56 le
940 503 229 56 libraire
1111 503 152 56 Nyon
1206 503 209 56 l’aîné,
1359 503 114 56 et
1397 503 114 56 sig.

119 563 150 53 par
204 563 215 53 l’abbé
355 563 215 53 Auger,
505 563 172 53 pour
612 563 129 53 la
676 563 236 53 cession
848 563 129 53 du
912 563 279 53 manuscrit
1127 563 129 53 de
1191 563 129 53 sa
1234 563 279 53 composition

122 609 229 54 intitulé:
299 609 264 54 Discours
510 609 159 54 tirés
616 609 123 54 des
686 609 247 54 principaux
880 609 247 54 historiens
1074 609 247 54 grecs
1267 609 176 54 Paris,
1391 609 106 54 23
1426 609 88 54 fé-

84 646 477 58 vrier
402 646 477 58 1787.
720 646 265 58 1
826 646 318 58 p.
984 646 477 58 in-4.
1302 646 265 58 3
1355 646 159 58 »

70 688 178 75 2982.
189 688 198 75 Ave
327 688 257 75 Maria
525 688 257 75 (Pétition
723 688 119 75 de
782 688 336 75 quarante-cinq
1059 688 297 75 religieuses
1296 688 119 75 de
1356 688 158 75 cœur
1435 688 79 75 et

121 739 193 56 trois
249 739 300 56 converses,
485 739 129 56 en
549 739 129 56 la
613 739 214 56 maison
763 739 129 56 de
828 739 171 56 l’),
935 739 214 56 située
1085 739 150 56 rue
1170 739 150 56 des
1256 739 236 56 Barres,
1406 739 107 56 pa-

118 801 208 50 roisse
264 801 313 50 Saint-Paul,
514 801 104 50 à
556 801 208 50 Paris,
702 801 250 50 adressée
889 801 104 50 à
931 801 313 50 l’Assemblée
1181 801 292 50 nationale,
1389 801 125 50 pour

117 836 250 57 réclamer
305 836 313 57 l’exécution
555 836 125 57 du
618 836 208 57 décret
763 836 125 57 du
826 836 104 57 8
868 836 229 57 octobre
1034 836 167 57 1790
1139 836 146 57 qui
1222 836 167 57 fixe
1326 836 125 57 le
1368 836 146 57 trai-

119 893 218 51 tement
272 893 153 51 des
359 893 349 51 religieuses.
643 893 196 51 Cette
773 893 218 51 pièce,
926 893 196 51 datée
1057 893 131 51 de
1122 893 218 51 Paris,
1275 893 131 51 le
1341 893 131 51 26
1384 893 131 51 jan-

116 944 167 56 vier
221 944 188 56 1792,
346 944 146 56 est
430 944 230 56 revêtue
597 944 125 56 de
660 944 125 56 la
722 944 272 56 signature
932 944 272 56 originale
1141 944 146 56 des
1203 944 314 56 quarante

103 977 578 65 religieuses.
573 977 181 65 2
645 977 253 65 gr.
789 977 217 65 p.
898 977 253 65 pl.
1042 977 397 65 in-fol.
1331 977 217 65 10
1404 977 108 65 »

166 1028 326 50 «.....Elles
427 1028 239 50 étoient
601 1028 326 50 mendiantes.
862 1028 196 50 Elles
993 1028 239 50 avoient
1167 1028 152 50 des
1254 1028 218 50 frères
1384 1028 131 50 qué

118 1077 212 61 «teurs
266 1077 212 61 auprès
414 1077 233 61 d’elles
584 1077 148 61 qui
669 1077 360 61 sollicitoient
965 1077 148 61 les
1050 1077 233 61 secours
1219 1077 127 61 du
1283 1077 212 61 public
1410 1077 106 61 qui

117 1124 229 53 «leurs
278 1124 275 53 venoient
484 1124 367 53 abondamment.
782 1124 229 53 Depuis
943 1124 161 53 600
1034 1124 161 53 ans
1126 1124 206 53 elles
1241 1124 275 53 existoient

118 1177 244 55 «ainsi.
295 1177 133 55 La
362 1177 289 55 mendicité
584 1177 111 55 a
628 1177 155 55 été
717 1177 311 55 supprimée,
961 1177 200 55 leurs
1094 1177 222 55 frères
1250 1177 266 55 quéteurs
1427 1177 89 55 se

121 1223 188 53 «sont
246 1223 250 53 retirés.
434 1223 188 53 Elles
559 1223 229 53 avoient
725 1223 229 53 environ
892 1223 188 53 8,000
1017 1223 208 53 livres
1163 1223 125 53 de
1225 1223 188 53 rente
1350 1223 125 53 de
1392 1223 125 53 fon-

119 1269 262 55 «dation:
316 1269 153 55 dés
403 1269 131 55 le
468 1269 153 55 1er
556 1269 240 55 janvier
730 1269 196 55 4790,
861 1269 131 55 le
927 1269 262 55 payement
1123 1269 131 55 en
1189 1269 109 55 a
1232 1269 153 55 été
1298 1269 218 55 arrêté.»

71 1315 186 62 2983.
195 1315 413 62 Baciocchi
546 1315 248 62 (Félix),
732 1315 165 62 mari
835 1315 124 62 de
897 1315 124 62 la
959 1315 268 62 princesse
1165 1315 186 62 Elisa
1268 1315 248 62 Bonaparte.

122 1365 116 51 L.
180 1365 155 51 sig.
277 1365 330 51 Félix
548 1365 116 51 au
606 1365 136 51 duc
684 1365 116 51 de
742 1365 213 51 Feltre.
897 1365 175 51 Pise,
1014 1365 97 51 6
1053 1365 213 51 janvier
1208 1365 175 51 1813.
1305 1365 213 51 Demi

24 1415 1264 48 in-fol.
943 1415 575 48 2
1058 1415 460 48 50

72 1445 188 79 2984.
198 1445 419 79 Baciocchi
553 1445 251 79 (Jules),
742 1445 188 79 maire
867 1445 356 79 d’Alexandrie.
1160 1445 126 79 L.
1223 1445 167 79 aut.
1328 1445 188 79 sig.,
1432 1445 84 79 au

118 1520 334 53 commissaire
385 1520 156 53 des
474 1520 245 53 guerres
652 1520 245 53 Salmon.
830 1520 311 53 Alexandrie
1074 1520 356 53 (département
1363 1520 133 53 de
1408 1520 111 53 Ma-

120 1552 248 54 rengo),
301 1552 135 54 28
369 1552 271 54 novembre
572 1552 203 54 1813.
707 1552 113 54 2
752 1552 135 54 p.
820 1552 158 54 pl.
911 1552 135 54 et
978 1552 203 54 demie
1114 1552 203 54 in-4.
1249 1552 181 54 Tête
1339 1552 181 54 impri-

-30 1603 1375 55 mée.
830 1603 859 55 4
1001 1603 516 55 »

71 1647 203 62 2985.
207 1647 316 62 Barbier
456 1647 136 62 du
523 1647 362 62 Boccage,
817 1647 249 62 savant.
998 1647 136 62 L.
1066 1647 113 62 à
1111 1647 136 62 M.
1156 1647 362 62 Choiseul-

124 1691 163 58 fier.
232 1691 145 58 Aut.
323 1691 163 58 sig.,
431 1691 108 58 de
485 1691 126 58 ses
558 1691 235 58 initiales
738 1691 163 58 B.
847 1691 217 58 D.B
1009 1691 90 58 3
1045 1691 108 58 p.
1099 1691 126 58 pl.
1172 1691 108 58 et
1226 1691 163 58 quart
1334 1691 163 58 in-4.
1443 1691 90 58 5
1461 1691 54 58 »

167 1742 218 58 Lettre
320 1742 349 58 intéressante
603 1742 153 58 sur
690 1742 153 58 les
777 1742 305 58 antiquités
1017 1742 261 58 grecques
1213 1742 283 58 récemment
1409 1742 109 58 re-

123 1785 273 64 cueillies,
317 1785 117 64 etc.

78 1819 166 78 2986.
188 1819 351 78 Barbier,
484 1819 333 78 bibliothécaire
762 1819 111 78 du
817 1819 203 78 Louvre,
965 1819 185 78 auteur
1095 1819 111 78 du
1132 1819 388 78 Dictionnaire

123 1888 194 51 des
258 1888 329 51 Anonymes
529 1888 155 51 etc.
626 1888 116 51 L.
684 1888 155 51 aut.
781 1888 174 51 sig.,
897 1888 97 51 à
935 1888 135 51 M..
1013 1888 194 51 Paris,
1148 1888 116 51 21
1206 1888 155 51 juin
1303 1888 174 51 1823.
1419 1888 97 51 1
1439 1888 77 51 p.

121 1938 148 68 pl.
206 1938 127 68 et
269 1938 191 68 demie
396 1938 191 68 in-4.
523 1938 191 68 Envoi
650 1938 127 68 du
714 1938 169 68 tome
819 1938 106 68 2
862 1938 127 68 de
925 1938 148 68 son
1010 1938 360 68 dictionnaire,
1306 1938 169 68 etc.
1412 1938 106 68 2
1433 1938 85 68 50

72 1971 185 69 2987.
196 1971 350 69 Barère
484 1971 308 69 (Bertrand),
731 1971 370 69 conventionnel.
1039 1971 123 69 L.
1101 1971 165 69 aut.
1204 1971 185 69 sig.,
1327 1971 103 69 à
1347 1971 165 69 M.....

111 2034 319 60 Paris,
335 2034 160 60 6
398 2034 351 60 octobre
654 2034 287 60 1810.
845 2034 160 60 2
909 2034 224 60 gr.
1037 2034 224 60 pl.
1165 2034 287 60 in-4.
1356 2034 192 60 10
1420 2034 96 60 »

171 2074 112 62 Il
227 2074 187 62 reçoit
358 2074 150 62 avec
452 2074 206 62 plaisir
602 2074 112 62 le
658 2074 131 62 don
733 2074 225 62 précieux
901 2074 112 62 de
957 2074 112 62 sa
1014 2074 431 62 Napoléonide
1388 2074 112 62 il
1425 2074 94 62 l’a

120 2126 178 51 déjà
231 2126 289 51 parcourue
453 2126 355 51 avidement...
742 2126 200 51 Votre
875 2126 200 51 héros
1008 2126 155 51 est
1097 2126 200 51 celui
1230 2126 133 51 du
1297 2126 200 51 genre
1408 2126 111 51 hu-

121 2180 252 68 main...
304 2180 206 68 C’est
442 2180 390 68 glorieusement
763 2180 138 68 se
832 2180 344 68 naturaliser
1107 2180 138 68 en
1175 2180 252 68 France,
1359 2180 160 68 que
1427 2180 92 68 de

120 2222 245 53 chanter
298 2222 134 53 la
365 2222 223 53 gloire
520 2222 134 53 de
587 2222 156 53 son
676 2222 200 53 grand
787 2222 245 53 empereur.

74 2259 191 73 2988.
201 2259 383 73 Barras,
520 2259 383 73 conventionnel,
839 2259 213 73 membre
988 2259 128 73 du
1051 2259 319 73 Directoire.
1285 2259 234 73 Apostille

123 2317 121 54 de
183 2317 162 54 huit
285 2317 223 54 petites
447 2317 202 54 lignes
588 2317 162 54 aut.
689 2317 182 54 sig.,
811 2317 121 54 en
871 2317 182 54 marge
993 2317 182 54 d’une
1114 2317 243 54 pétition
1296 2317 121 54 du
1337 2317 182 54 citoyen

121 2363 279 52 Clairval
330 2363 279 52 adressée
540 2363 140 52 au
610 2363 373 52 représentant
913 2363 163 52 du,
1006 2363 233 52 peuple
1169 2363 256 52 Savary.
1355 2363 140 52 An
1402 2363 116 52 VI.

17 2409 1377 65 in-fol.
1018 2409 626 65 3
1143 2409 376 65 »

73 2448 191 65 2989.
200 2448 361 65 Barrot
498 2448 340 65 (Ferdinand),
774 2448 255 65 ministre
965 2448 128 65 de
1029 2448 340 65 l’intérieur,
1284 2448 234 65 sénateur.

122 2508 127 56 L.
185 2508 169 56 aut.
291 2508 191 56 sig.,
418 2508 106 56 à
461 2508 148 56 son
545 2508 212 56 ancien
693 2508 275 56 collègue.
905 2508 106 56 5
947 2508 254 56 novembre
1138 2508 191 56 1850.
1265 2508 106 56 1
1307 2508 127 56 p.
1371 2508 127 56 et
1413 2508 106 56 de-

38 2560 740 50 mie
461 2560 951 50 in-8.
1095 2560 528 50 2
1201 2560 317 50 »

76 2590 178 71 2990.
195 2590 336 71 Barrot
472 2590 277 71 (Adolphe),
689 2590 277 71 diplomate,
907 2590 178 71 frère
1026 2590 237 71 d’Odilon
1204 2590 218 71 Barrot.
1362 2590 119 71 L.
1401 2590 119 71 aut.

121 2665 194 45 sig.,
251 2665 108 45 à
294 2665 172 45 M...
401 2665 129 45 Le
466 2665 215 45 Caire,
616 2665 129 45 19
681 2665 172 45 mars
788 2665 194 45 1849.
918 2665 108 45 1
961 2665 151 45 gr.
1047 2665 129 45 p.
1111 2665 129 45 et
1176 2665 194 45 demie
1305 2665 194 45 in-4.
1434 2665 108 45 2
1455 2665 65 45 »

74 2692 183 85 2991.
196 2692 366 85 Barruel
501 2692 264 85 chimiste.
704 2692 264 85 Quittance
908 2692 163 85 aut.
1009 2692 163 85 sig.
1111 2692 203 85 Paris,
1254 2692 122 85 31
1315 2692 142 85 mai
1376 2692 142 85 1824.

119 2745 320 83 Demi-page
365 2745 221 83 in-4,
513 2745 197 83 avec
636 2745 148 83 la
710 2745 197 83 sig.
833 2745 148 83 de
906 2745 148 83 M.
980 2745 492 83 Landré-Beauvais.
1398 2745 123 83 4
1423 2745 98 83 50
