1574 2840
650 28 245 76 327
755 28 105 76 —

48 116 170 89 près
154 116 128 89 de
218 116 320 89 l’Empereur.
474 116 128 89 De
538 116 192 89 Rome,
666 116 128 89 le
730 116 170 89 jour
836 116 128 89 de
900 116 170 89 Noël
1007 116 234 89 (1536).
1177 116 107 89 3
1220 116 149 89 gr;
1305 116 128 89 p.
1347 116 107 89 pl.

49 184 147 63 gr.
133 184 231 63 in-fol.
301 184 189 63 Trace
426 184 126 63 de
489 184 231 63 cachet.
657 184 273 63 Déchirure
867 184 147 63 par
951 184 147 63 les
1035 184 210 63 souris
1181 184 126 63 au
1244 184 147 63 bas
1328 184 126 63 de
1370 184 84 63 la

51 241 194 52 marge
181 241 324 52 extérieure,
440 241 259 52 touchant
634 241 151 52 les
721 241 194 52 trois
850 241 281 52 dernières
1066 241 216 52 lignes
1217 241 130 52 de
1282 241 130 52 la
1325 241 130 52 pre-

46 279 230 62 mière
200 279 205 62 page
328 279 153 62 et
404 279 153 62 la
481 279 307 62 dernière
711 279 256 62 lettre
890 279 153 62 de
967 279 153 62 la
1044 279 358 62 signature.
1325 279 153 62 60
1376 279 77 62 »

92 330 192 57 Belle
220 330 128 57 et
283 330 298 57 importante
518 330 213 57 lettre
667 330 277 57 politique
880 330 128 57 au
944 330 192 57 sujet
1072 330 128 57 de
1135 330 277 57 l’arrivée
1327 330 128 57 pro-

49 366 220 69 chaine
203 366 132 69 de
269 366 308 69 l’Empereur
510 366 110 69 à
554 366 198 69 Rome.
686 366 242 69 Opinion
862 366 132 69 du
928 366 176 69 pape
1038 366 154 69 sur
1125 366 220 69 l’état
1257 366 198 69 présent

49 417 137 55 des
128 417 255 55 affaires,
304 417 118 55 etc.

4 452 198 78 3971.
136 452 198 78 Du
267 452 241 78 Cambout
443 452 132 78 de
509 452 329 78 Coislin
772 452 241 78 (Pierre
948 452 176 78 IV),
1058 452 220 78 évêque
1190 452 263 78 d’Orléans,

49 511 249 66 assista
230 511 113 66 à
276 511 317 66 l’élection
525 511 136 66 de
593 511 249 66 Clément
774 511 158 66 XI.
864 511 226 66 Quitt.
1023 511 181 66 sig.
1136 511 181 66 (sur
1227 511 226 66 parch.).

-83 555 1383 62 1663.
839 555 768 62 2
993 555 461 62 »

8 590 186 86 3972.
132 590 372 86 Ducasse
443 590 414 86 (Jean-Baptiste),
794 590 227 86 célèbre
960 590 207 86 marin.
1104 590 186 86 Nommé
1208 590 248 86 gouverneur

53 654 124 65 de
115 654 372 65 Saint-Domingue
425 654 124 65 en
487 654 186 65 1691,
611 654 144 65 et,
693 654 103 65 à
735 654 124 65 la
796 654 165 65 tête
900 654 165 65 d’un
1003 654 186 65 corps
1127 654 124 65 de
1168 654 289 65 flibustiers,

49 698 139 63 il
118 698 162 63 fit
211 698 277 63 éprouver
418 698 139 63 de
488 698 254 63 grandes
672 698 231 63 pertes
834 698 162 63 aux
926 698 277 63 Anglais.
1134 698 185 63 Mort
1249 698 139 63 en
1295 698 162 63 1715.

52 753 130 57 L.
117 753 194 57 sig.,
247 753 108 57 à
290 753 173 57 M...
398 753 259 57 Léogane,
593 753 130 57 ce
657 753 130 57 28
722 753 238 57 juillet
895 753 194 57 1697.
1025 753 108 57 3
1068 753 130 57 p.
1133 753 151 57 pl.
1219 753 194 57 in-4.
1349 753 108 57 7
1371 753 86 57 50

74 807 210 77 Lettre
221 807 335 77 intéressante
493 807 126 77 au
556 807 189 77 sujet
682 807 126 77 de
745 807 272 77 l’attaque
954 807 126 77 de
1017 807 126 77 la
1080 807 251 77 colonie,
1268 807 126 77 la
1310 807 147 77 prise

52 845 126 64 de
115 845 273 64 plusieurs
325 845 294 64 vaisseaux,
535 845 126 64 etc.

10 881 183 69 3973.
132 881 326 69 Dueis
397 881 408 69 (Jean-François),
744 881 183 69 poëte
866 881 306 69 dramatique,
1110 881 204 69 membre
1253 881 122 69 de
1294 881 163 69 l’aca

55 949 183 54 démie
177 949 285 54 française.
401 949 122 54 1°
462 949 163 54 Note
563 949 163 54 aut.
665 949 142 54 sur
747 949 122 54 la
808 949 265 54 nécessité
1011 949 122 54 de
1072 949 122 54 la
1133 949 285 54 dissipline
1337 949 122 54 pour

54 995 124 53 la
116 995 330 53 conservation
384 995 124 53 de
446 995 124 53 la
508 995 165 53 Foi,
611 995 165 53 etc.
714 995 103 53 1
756 995 124 53 p.
818 995 186 53 in-8.
941 995 103 53 —
983 995 124 53 2°
1044 995 124 53 L.
1106 995 124 53 a.
1168 995 144 53 s.,
1251 995 103 53 à
1292 995 124 53 M.
1333 995 124 53 Mer-

55 1025 183 72 cier.
177 1025 245 72 Auteuil,
360 1025 122 72 30
421 1025 224 72 janvier
585 1025 183 72 1781.
707 1025 102 72 2
748 1025 122 72 p.
809 1025 183 72 in-4.
931 1025 224 72 Cachet.
1094 1025 183 72 Belle
1216 1025 122 72 et
1257 1025 204 72 intéres-

0 1077 693 64 sante
462 1077 846 64 lettre.
1077 1077 462 64 12
1231 1077 231 64 »

12 1117 176 85 3974.
130 1117 313 85 Ducos
384 1117 293 85 (Théodore),
618 1117 234 85 ministre
794 1117 117 85 de
852 1117 117 85 la
911 1117 215 85 marine.
1067 1117 117 85 L.
1126 1117 156 85 aut.
1224 1117 156 85 sig.
1302 1117 156 85 Paris,

23 1176 256 64 9
125 1176 410 64 mars
382 1176 462 64 1851.
690 1176 256 64 1
792 1176 308 64 p.
946 1176 462 64 in-4.
1254 1176 256 64 2
1305 1176 154 64 »

14 1213 183 77 3975.
136 1213 224 77 Edit
299 1213 122 77 du
360 1213 245 77 Roi,
544 1213 122 77 en
605 1213 183 77 forme
727 1213 122 77 de
788 1213 326 77 déclaration,
1053 1213 122 77 en
1114 1213 204 77 faveur
1257 1213 122 77 du
1298 1213 163 77 clergé

54 1270 132 69 de
120 1270 242 69 France,
296 1270 132 69 et
362 1270 242 69 lettres
538 1270 132 69 de
604 1270 330 69 surannation
867 1270 132 69 de
933 1270 198 69 1636.
1065 1270 308 69 Expédition
1285 1270 176 69 signée

58 1319 147 71 par
142 1319 126 71 le
205 1319 147 71 Roi
289 1319 126 71 (à
352 1319 294 71 Chantilly,
583 1319 126 71 au
646 1319 168 71 mois
751 1319 231 71 d’Avril
918 1319 210 71 1636),
1065 1319 126 71 de
1128 1319 147 71 cet
1212 1319 168 71 édit
1296 1319 168 71 impor-

60 1359 165 78 tant
163 1359 144 78 qui
246 1359 185 78 règle
369 1359 144 78 les
451 1359 206 78 droits
596 1359 123 78 de
657 1359 247 78 l’Eglise
843 1359 288 78 catholique
1069 1359 165 78 pour
1172 1359 288 78 l’exercice
1378 1359 82 78 du

57 1412 213 71 culte,
206 1412 128 71 et
270 1412 256 71 proscrit
462 1412 192 71 toute
589 1412 341 71 intervention
866 1412 213 71 laïque
1016 1412 170 71 dans
1122 1412 170 71 tout
1229 1412 128 71 ce
1293 1412 149 71 qui
1378 1412 107 71 y
1399 1412 64 71 a

58 1457 263 66 rapport;
256 1457 198 66 règle
387 1457 198 66 aussi
519 1457 132 66 ce
585 1457 154 66 qui
673 1457 110 66 a
717 1457 241 66 rapport
892 1457 132 66 au
958 1457 198 66 culte
1090 1457 329 66 protestant,
1331 1457 132 66 etc.

53 1503 169 68 16
137 1503 197 68 gr.
250 1503 169 68 p.
335 1503 310 68 in-fol.
560 1503 254 68 Belle
729 1503 254 68 pièce
898 1503 197 68 sur
1011 1503 395 68 parchemin.
1321 1503 169 68 50
1377 1503 85 68 »

15 1555 198 68 3976.
147 1555 549 68 Eschassériaux,
630 1555 220 68 jeune,
783 1555 395 68 conventionnel.
1113 1555 132 68 L.
1179 1555 198 68 sig.,
1288 1555 176 68 signée

59 1606 201 66 aussi
193 1606 156 66 par
282 1606 201 66 David
416 1606 156 66 (de
505 1606 268 66 l’Aube),
706 1606 134 66 et
773 1606 223 66 Durand
929 1606 290 66 Maillane,
1152 1606 201 66 comme
1264 1606 201 66 membres

59 1654 124 66 du
121 1654 207 66 eomité
266 1654 124 66 de
328 1654 331 66 législation.
596 1654 124 66 20
658 1654 207 66 nivôse
803 1654 124 66 an
865 1654 165 66 III,
968 1654 103 66 1
1010 1654 124 66 p.
1072 1654 124 66 et
1133 1654 186 66 demie
1257 1654 186 66 in-4.
1381 1654 103 66 4
1402 1654 62 66 »

19 1703 175 70 3977.
135 1703 331 70 Estève
408 1703 136 70 (le
485 1703 253 70 vicomte),
680 1703 253 70 trésorier
874 1703 117 70 de
933 1703 117 70 la
991 1703 233 70 couronne
1166 1703 156 70 sous
1244 1703 214 70 l’Empire.

57 1743 139 67 L.
126 1743 185 67 aut.
242 1743 185 67 sig.
357 1743 347 67 Hendicourt,
634 1743 139 67 21
704 1743 208 67 janv.
842 1743 208 67 1813.
981 1743 300 67 Demi-page
1212 1743 208 67 in-4.
1351 1743 116 67 1
1374 1743 92 67 50

19 1800 183 58 3978.
141 1800 326 58 Fesch
406 1800 143 58 (le
487 1800 285 58 cardinal),
712 1800 183 58 oncle
834 1800 122 58 de
895 1800 285 58 l’Empereur
1119 1800 265 58 Napoléon.
1303 1800 163 58 Lettre

57 1841 340 69 (imprimée)
324 1841 218 69 sig.,
469 1841 218 69 comme
615 1841 437 69 grand-aumonier
979 1841 146 69 de
1052 1841 315 69 l’empire.
1270 1841 194 69 Paris,

31 1897 247 56 3
129 1897 445 56 sept.
426 1897 445 56 1810.
723 1897 247 56 1
821 1897 297 56 p.
970 1897 445 56 in-4.
1266 1897 247 56 2
1316 1897 148 56 »

21 1944 166 59 3979.
131 1944 296 59 Féval
372 1944 203 59 (Paul),
520 1944 240 59 romancier
705 1944 111 59 et
760 1944 185 59 auteur
890 1944 277 59 dramatique.
1112 1944 111 59 Né
1167 1944 92 59 à
1186 1944 277 59 Rennes

61 1984 454 68 (Ille-et-Vilaine).
454 1984 124 68 L.
515 1984 165 68 aut.
619 1984 186 68 sig.,
743 1984 103 68 à
784 1984 124 68 M.
846 1984 186 68 Henri
970 1984 248 68 Calland.
1155 1984 124 68 15
1217 1984 186 68 janv.
1321 1984 144 68 1849.

45 2029 193 75 1
122 2029 231 75 p.
237 2029 270 75 pl.
391 2029 231 75 et
507 2029 347 75 demie
738 2029 347 75 in-8.
969 2029 424 75 Charge.
1277 2029 193 75 2
1315 2029 154 75 50

111 2100 229 40 Curieuse
283 2100 191 40 lettre
416 2100 115 40 au
474 2100 172 40 sujet
588 2100 115 40 de
645 2100 115 40 la
703 2100 172 40 vente
817 2100 115 40 de
874 2100 134 40 son
951 2100 191 40 roman:
1084 2100 191 40 Bel
1199 2100 267 40 Demonio

20 2127 186 83 3980.
145 2127 352 83 Flamen
434 2127 331 83 (Guillaume),
704 2127 311 83 apothicaire
952 2127 124 83 du
1014 2127 166 83 roi.
1118 2127 207 83 Quitt.
1263 2127 166 83 sig.
1346 2127 124 83 (sur

11 2176 876 69 parch.).
668 2176 657 69 1641.
1106 2176 365 69 1
1179 2176 292 69 50

22 2235 189 53 3981.
148 2235 378 53 Floncel
463 2235 462 53 (Albert-François),
863 2235 210 53 avocat
1010 2235 126 53 au
1073 2235 294 53 parlement,
1283 2235 189 53 censeur

66 2284 220 48 royal,
220 2284 220 48 membre
374 2284 132 48 de
439 2284 286 48 plusieurs
659 2284 286 48 académies
879 2284 286 48 d’Italie.
1099 2284 132 48 Il
1164 2284 286 48 possédait
1362 2284 110 48 une

65 2316 358 71 bibliothèque
355 2316 358 71 considérable
646 2316 179 71 dont
758 2316 134 71 le
825 2316 291 71 catalogue
1049 2316 112 71 a
1094 2316 179 71 paru
1206 2316 134 71 en
1273 2316 201 71 1774,
1385 2316 89 71 en

66 2374 103 59 2
108 2374 165 59 vol.
211 2374 186 59 in-4.
335 2374 124 59 L.
397 2374 165 59 aut.
500 2374 186 59 sig.,
624 2374 103 59 à
665 2374 124 59 M.
727 2374 248 59 Vaudras.
913 2374 206 59 Paris,
1057 2374 124 59 19
1119 2374 186 59 avril
1243 2374 186 59 1761.
1367 2374 103 59 2
1387 2374 83 59 p.

69 2410 192 76 in-4.
197 2410 235 76 Cachet.
368 2410 278 76 Curieuse.
581 2410 171 76 Joli
688 2410 256 76 portrait
880 2410 128 76 de
944 2410 278 76 Duvignon,
1158 2410 192 76 gravé
1286 2410 149 76 par
1350 2410 128 76 Fes-

4 2467 780 61 sard,
524 2467 866 61 in-18.
1131 2467 433 61 5
1217 2467 260 61 »

26 2503 198 70 3982.
158 2503 373 70 Formey
465 2503 308 70 secrétaire
707 2503 286 70 perpétuel
927 2503 132 70 de
993 2503 308 70 l’académie
1234 2503 132 70 de
1278 2503 198 70 Berlin.

69 2553 139 74 L.
138 2553 185 74 aut.
254 2553 208 74 sig.,
393 2553 116 74 à
439 2553 185 74 M...
554 2553 254 74 Berlin,
739 2553 139 74 30
809 2553 254 74 octobre
994 2553 208 74 1756.
1132 2553 116 74 1
1178 2553 139 74 p.
1248 2553 208 74 in-4.
1387 2553 116 74 3
1410 2553 69 74 »

29 2600 174 74 3983.
145 2600 310 74 Fould
397 2600 271 74 (Achille),
610 2600 213 74 député,
765 2600 232 74 ministre
939 2600 213 74 d’Etat.
1094 2600 116 74 L.
1152 2600 155 74 aut.
1249 2600 155 74 sig.
1326 2600 155 74 Paris,

54 2651 252 67 19
180 2651 504 67 décembre
558 2651 378 67 1843.
809 2651 210 67 1
893 2651 252 67 p.
1019 2651 378 67 in-4.
1271 2651 210 67 2
1313 2651 168 67 50

25 2691 226 102 3984.
176 2691 352 102 Foureau
452 2691 151 102 de
528 2691 478 102 Beauregard
930 2691 277 102 médecin
1131 2691 151 102 de
1181 2691 302 102 l’Empereur
