1615 2965
666 43 183 84 —
740 43 256 84 334
849 43 110 84 —

99 136 183 86 4079.
221 136 407 86 Sébastien
566 136 203 86 (Don),
709 136 142 86 roi
790 136 122 86 de
851 136 264 86 Portugal.
1054 136 122 86 L.
1115 136 163 86 aut.
1217 136 163 86 sig.
1318 136 142 86 (en
1379 136 163 86 portu

145 192 215 80 gais),
295 192 129 80 au
359 192 150 80 roi
445 192 301 80 d’Espagne.
682 192 129 80 15
746 192 193 80 avril
875 192 172 80 1578
982 192 215 80 (année
1133 192 129 80 de
1197 192 129 80 sa
1262 192 215 80 mort).
1412 192 107 80 1
1434 192 107 80 gr.

144 240 133 72 p.
210 240 156 72 pl.
299 240 244 72 in-fol.
477 240 244 72 Cachet.
655 240 289 72 Déchirure
877 240 133 72 en
944 240 200 72 tête,
1077 240 178 72 mais
1188 240 133 72 ne
1255 240 267 72 touchant
1433 240 111 72 pas

79 300 1290 59 l’écriture.
1111 300 516 59 50
1283 300 258 59 »

193 342 259 68 Relative
388 342 108 68 à
431 342 151 68 son
517 342 302 68 expédition
754 342 129 68 en
797 342 216 68 Afrique.

101 405 178 62 4080.
220 405 335 62 Sicard
496 405 256 62 (l’abbé),
693 405 296 62 instituteur
930 405 138 62 des
1009 405 197 62 sourds
1147 405 118 62 et
1206 405 197 62 muets.
1344 405 118 62 L.
1403 405 118 62 a.
1442 405 99 62 s.,

144 431 109 83 à
188 431 175 83 M...
297 431 153 83 Aux
385 431 306 83 Célestins,
626 431 131 83 le
691 431 131 83 17
757 431 197 83 avril
888 431 197 83 1791.
1020 431 109 83 3
1063 431 153 83 gr.
1151 431 131 83 p.
1217 431 153 83 pl.
1304 431 197 83 in-4.
1436 431 109 83 7
1457 431 88 83 50

195 494 126 61 Il
258 494 126 61 le
321 494 169 61 prie
427 494 126 61 de
490 494 148 61 lui
574 494 211 61 servir
722 494 337 61 d’interprète
996 494 211 61 auprès
1143 494 126 61 de
1207 494 126 61 M.
1270 494 126 61 de
1312 494 232 61 Pastoret,

148 529 133 65 en
214 529 156 65 lui
303 529 244 65 faisant
481 529 289 65 connaître
703 529 133 65 la
770 529 222 65 pureté
926 529 133 65 de
992 529 156 65 ses
1081 529 333 65 intentions.
1348 529 133 65 Il
1392 529 156 65 s’est

147 580 222 74 montré
302 580 178 74 hier
413 580 111 74 à
458 580 155 74 lui
546 580 178 74 avec
657 580 200 74 toute
790 580 133 74 la
857 580 289 74 franchise
1079 580 133 74 de
1146 580 155 74 son
1234 580 311 74 caractère.
1456 580 89 74 Il

145 640 137 53 ne
214 640 252 53 demande
397 640 160 53 que
489 640 298 53 l’honneur
718 640 229 53 d’être
878 640 229 53 utile,
1038 640 183 53 sans
1153 640 344 53 honoraires,
1405 640 137 53 sans

151 674 215 71 titre,
302 674 172 71 sans
410 674 172 71 même
517 674 194 71 qu’on
646 674 108 71 y
689 674 194 71 fasse
818 674 301 71 attention.
1055 674 194 71 Qu’on
1184 674 129 71 le
1249 674 215 71 laisse
1378 674 172 71 conti-

148 726 187 73 nuer
264 726 187 73 dans
381 726 140 73 la
451 726 187 73 plus
568 726 234 73 grande
732 726 327 73 obscurité,
988 726 163 73 une
1082 726 210 73 bonne
1222 726 210 73 œuvre
1362 726 187 73 dont
1456 726 93 73 la

145 770 266 82 sublime
338 770 339 82 découverte
605 770 242 82 repose
774 770 460 82 malheureusement
1162 770 169 82 sur
1258 770 145 82 sa
1331 770 218 82 tête,
1452 770 97 82 ce

146 823 207 73 qu’il
284 823 161 73 n’a
376 823 138 73 pu
445 823 345 73 communiquer
721 823 230 73 encore
881 823 115 73 à
927 823 299 73 personne.
1157 823 230 73 «Qu’on
1295 823 253 73 m’oublie,

151 868 200 68 «s’il
284 868 155 68 est
373 868 289 68 possible,
595 868 178 68 pour
706 868 133 68 ne
772 868 133 68 se
839 868 266 68 souvenir
1039 868 155 68 que
1127 868 155 68 des
1216 868 311 68 infortunés
1438 868 111 68 qui

147 921 226 65 «n’ont
306 921 158 65 que
396 921 158 65 moi
486 921 181 65 pour
599 921 203 65 faire
735 921 203 65 d’eux
870 921 158 65 des
961 921 203 65 êtres
1096 921 384 65 raisonnables.
1390 921 158 65 Qu’on

150 968 156 69 «ne
239 968 244 69 craigne
416 968 156 69 pas
505 968 156 69 les
594 968 289 69 principes
817 968 200 69 d’une
950 968 311 69 conscience
1194 968 244 69 timorée
1372 968 178 69 dont
1461 968 89 69 la

149 1030 285 51 «suprême
363 1030 285 51 religion
576 1030 166 51 est
671 1030 142 51 de
742 1030 332 51 travailler
1003 1030 142 51 au
1075 1030 261 51 bonheur
1264 1030 166 51 des
1335 1030 214 51 hommes,

154 1068 151 59 «et
240 1068 151 59 qui
326 1068 129 59 ne
390 1068 237 59 connaît
562 1068 151 59 que
648 1068 172 59 pour
756 1068 280 59 elle-même
971 1068 194 59 cette
1100 1068 280 59 austérité
1315 1068 129 59 de
1358 1068 194 59 princi-

154 1114 167 62 «pes
258 1114 167 62 qui,
363 1114 167 62 dans
467 1114 146 62 des
550 1114 188 62 têtes
675 1114 271 62 exaltées,
884 1114 167 62 fait
988 1114 167 62 tant
1092 1114 125 62 de
1155 1114 146 62 mal
1238 1114 125 62 en
1280 1114 271 62 multipliant

156 1172 169 73 «les
262 1172 296 73 prédicants
494 1172 317 73 fanatiques.
748 1172 190 73 Cette
875 1172 317 73 institution
1128 1172 296 73 naissante,
1361 1172 148 73 cet
1424 1172 127 73 éta-

152 1222 327 60 «blissement
414 1222 131 60 ne
479 1222 283 60 ressemble
697 1222 109 60 à
741 1222 196 60 aucun
871 1222 218 60 autre,
1024 1222 196 60 etc.,
1154 1222 174 60 etc.
1242 1222 65 60 »

104 1243 192 70 4081.
232 1243 448 70 Talleyrand
615 1243 149 70 (le
700 1243 213 70 prince
850 1243 234 70 Auguste
1020 1243 171 70 de),
1127 1243 298 70 chambellan
1361 1243 128 70 de
1404 1243 149 70 l’Em-

152 1299 215 75 pereur
303 1299 280 75 Napoléon.
519 1299 129 75 La
583 1299 409 75 Ferté-St-Aubin,
928 1299 108 75 6
971 1299 172 75 juin
1078 1299 194 75 1807.
1208 1299 108 75 3
1251 1299 129 75 p.
1315 1299 194 75 in-4.
1444 1299 108 75 2
1466 1299 86 75 50

106 1356 186 68 4082.
230 1356 434 68 Taschereau
603 1356 248 68 (Jules),
789 1356 331 68 littérateur,
1058 1356 269 68 directeur
1264 1356 124 68 de
1327 1356 124 68 la
1368 1356 186 68 Biblio-

155 1393 212 67 thèque
303 1393 297 67 impériale.
536 1393 127 67 L.
600 1393 170 67 aut.
706 1393 170 67 sig.
812 1393 212 67 Paris,
960 1393 127 67 23
1024 1393 254 67 janvier.
1215 1393 106 67 1
1257 1393 127 67 p.
1321 1393 191 67 in-8.
1448 1393 106 67 1
1469 1393 85 67 50

111 1456 164 57 4083.
220 1456 292 57 Tasse
458 1456 146 57 (le)
549 1456 274 57 Torquato
768 1456 256 57 Tasso
969 1456 183 57 Sonnet
1097 1456 146 57 aut.
1189 1456 146 57 sig.
1280 1456 238 57 (Quatorze
1444 1456 110 57 vers

153 1493 138 70 en
222 1493 299 70 italien),
452 1493 184 70 pour
567 1493 138 70 la
636 1493 345 70 sérénissime
912 1493 322 70 Marguerite
1165 1493 138 70 de
1234 1493 299 70 Gonzague,
1441 1493 115 70 du-

159 1550 225 53 chesse
316 1550 135 53 de
383 1550 270 53 Ferrare,
586 1550 247 53 adressé
766 1550 112 53 à
811 1550 202 53 Marco
946 1550 270 53 Montano,
1148 1550 112 53 à
1193 1550 225 53 Urbin.
1351 1550 112 53 1
1396 1550 135 53 p.
1441 1550 112 53 pl.

155 1599 151 65 gr.
242 1599 194 65 in-4.
371 1599 237 65 Cachet.
543 1599 280 65 (Quelques
758 1599 388 65 raccommodages,
1081 1599 172 65 mais
1189 1599 172 65 bien
1297 1599 215 65 faits,
1426 1599 129 65 for-

143 1650 371 87 tement
403 1650 371 87 jaunie
663 1650 260 87 par
811 1650 223 87 le
923 1650 408 87 temps).
1220 1650 186 87 8
1331 1650 260 87 600
1443 1650 111 87 »

117 1838 546 104 CURAUHUR
553 1838 436 104 OIOALACI
880 1838 218 104 DI
953 1838 582 104 DhRAINGHR.

158 1968 178 92 Les
259 1968 305 92 éditeurs
488 1968 153 92 de
564 1968 153 92 la
641 1968 458 92 Correspondance
1022 1968 153 92 de
1098 1968 305 92 Béranger
1302 1968 254 92 viennent

111 2034 322 72 d’adresser
364 2034 161 72 aux
456 2034 276 72 journaux
663 2034 138 72 la
732 2034 230 72 lettre
870 2034 253 72 suivante:

997 2129 187 77 Paris,
1128 2129 112 77 le
1185 2129 112 77 26
1241 2129 206 77 février
1372 2129 131 77 1859.

344 2197 296 108 MONSIEUR
566 2197 148 108 LE
615 2197 296 108 RÉDACTEUR,

158 2301 178 80 Nous
269 2301 222 80 devons
424 2301 178 80 bien
536 2301 156 80 des
625 2301 356 80 remerciments
913 2301 156 80 aux
1002 2301 311 80 rédacteurs
1247 2301 133 80 et
1314 2301 156 80 aux
1380 2301 178 80 direc-

114 2356 210 69 teurs
254 2356 163 69 des
347 2356 280 69 journaux
557 2356 163 69 qui
651 2356 163 69 ont
744 2356 303 69 reproduit
977 2356 187 69 avec
1094 2356 187 69 tant
1187 2356 374 69 d’empressement

113 2403 204 74 notre
249 2403 317 74 circulaire
498 2403 136 74 du
566 2403 136 74 20
634 2403 272 74 décembre
838 2403 272 74 relative
1041 2403 113 74 à
1087 2403 136 74 la
1155 2403 340 74 publication
1426 2403 136 74 de
1471 2403 91 74 la

112 2455 430 67 CORRESPONDANCE
470 2455 287 67 GÉNÉRALE
685 2455 143 67 DE
733 2455 263 67 BÉRANGER.

162 2479 174 94 Nous
271 2479 240 94 disions
446 2479 174 94 dans
555 2479 196 94 cette
686 2479 327 94 circulaire:
947 2479 153 94 «Ce
1035 2479 196 94 n’est
1165 2479 153 94 pas
1253 2479 131 94 la
1318 2479 196 94 seule
1427 2479 131 94 his-

117 2545 215 69 «toire
268 2545 129 69 du
333 2545 194 69 poëte
462 2545 151 69 que
548 2545 151 69 ces
635 2545 237 69 lettres
807 2545 345 69 contiennent.
1087 2545 302 69 L’histoire
1324 2545 172 69 même
1432 2545 129 69 de
1475 2545 86 69 la

119 2593 244 78 «France
296 2593 133 78 et
363 2593 133 78 de
429 2593 155 78 ses
518 2593 288 78 meilleurs
740 2593 266 78 citoyens
940 2593 111 78 y
984 2593 266 78 trouvera
1184 2593 178 78 plus
1295 2593 200 78 d’une
1406 2593 155 78 belle

118 2651 191 62 «page
245 2651 106 62 à
287 2651 318 62 recueillir.
542 2651 339 62 Littérature,
817 2651 339 62 philosophie,
1093 2651 297 62 politique,
1326 2651 191 62 cette
1432 2651 127 62 cor-

118 2686 366 71 «respondance
416 2686 298 71 précieuse
645 2686 275 71 embrasse
851 2686 183 71 tout
966 2686 137 71 ce
1034 2686 160 71 qui
1126 2686 115 71 a
1172 2686 160 71 été
1263 2686 252 71 pendant
1424 2686 137 71 près

117 2734 196 76 «d’un
248 2734 327 76 demi-siècle
510 2734 131 76 la
576 2734 196 76 force
707 2734 131 76 et
772 2734 284 76 l’orgueil
990 2734 131 76 de
1056 2734 131 76 la
1121 2734 240 76 France;
1296 2734 131 76 et
1362 2734 196 76 c’est
1471 2734 87 76 au
