1692 2894
720 19 249 85 35
803 19 125 85 —

69 121 286 78 «honneur
284 121 191 78 pour
403 121 143 78 le
474 121 191 78 plus
593 121 214 78 élèvé
736 121 262 78 d’entre
927 121 214 78 nous,
1069 121 214 78 comme
1212 121 191 78 pour
1331 121 143 78 le
1379 121 143 78 plus

76 181 270 47 «humble,
278 181 247 47 d’avoir
457 181 157 47 été
547 181 202 47 l’ami
682 181 135 47 ou
749 181 135 47 le
817 181 382 47 correspondant
1131 181 180 47 d’un
1243 181 157 47 tel
1311 181 202 47 homme.»

117 223 133 61 Et
183 223 178 61 nous
295 223 311 61 ajoutions:
539 223 200 61 «Nous
673 223 311 61 remercions
917 223 267 61 d’ayance
1118 223 156 61 les
1207 223 289 61 personnes
1407 223 111 61 qui

69 267 288 73 «voudront
291 267 200 73 bien,
424 267 178 73 soit
535 267 178 73 nous
646 267 244 73 confier
823 267 377 73 momentanément
1134 267 155 73 les
1200 267 311 73 autographes,

72 320 187 59 «soit
197 320 166 59 nous
301 320 250 59 adresser
488 320 146 59 les
572 320 208 59 copies
717 320 291 59 certifiées
946 320 146 59 des
1029 320 208 59 écrits
1175 320 250 59 qu’elles
1342 320 166 59 possè-

74 371 226 55 «dent,
232 371 135 55 et
300 371 113 55 y
345 371 271 55 joindre,
548 371 135 55 en
616 371 158 55 cas
706 371 135 55 de
774 371 248 55 besoin,
955 371 158 55 les
1045 371 451 55 éclaircissements
1406 371 113 55 que

63 418 176 55 «ces
173 418 220 55 pièces
328 418 331 55 comportent.
592 418 220 55 Aucune
746 418 220 55 lettre
901 418 198 55 n’est
1033 418 265 55 inutile;
1231 418 132 55 et
1298 418 198 55 celle
1408 418 110 55 qui

69 465 253 70 «paraît
253 465 253 70 n’avoir
437 465 138 70 en
505 465 161 70 soi
597 465 230 70 aucune
758 465 345 70 importance,
1034 465 276 70 souvent,
1240 465 207 70 donne
1378 465 138 70 de
1424 465 92 70 la

63 511 261 73 «valeur
253 511 119 73 à
301 511 166 73 une
372 511 214 73 autre.»

105 553 195 63 Notre
235 553 195 63 appel
365 553 108 63 a
409 553 152 63 été
495 553 238 63 entendu
668 553 130 63 et
733 553 152 63 nos
820 553 303 63 espérances
1058 553 303 63 dépassées.
1296 553 130 63 De
1340 553 173 63 toutes

70 609 198 60 parts
202 609 154 60 les
290 609 286 60 adhésions
510 609 154 60 les
598 609 176 60 plus
708 609 396 60 encourageantes
1037 609 132 60 et
1103 609 154 60 les
1169 609 352 60 communications

73 656 148 55 les
157 656 169 55 plus
263 656 296 55 précieuses
496 656 169 55 nous
602 656 275 55 arrivent.
814 656 169 55 Nous
919 656 212 55 allons
1068 656 275 55 atteindre
1279 656 127 55 le
1322 656 190 55 chiffre

74 703 126 66 de
137 703 168 66 2200
242 703 230 66 lettres
409 703 335 66 recueillies.
681 703 126 66 Et
744 703 126 66 ee
807 703 188 66 n’est
933 703 209 66 qu’une
1079 703 209 66 partie
1226 703 126 66 de
1289 703 126 66 ce
1351 703 188 66 qu’on
1456 703 63 66 a

67 753 178 59 bien
178 753 200 59 voulu
311 753 178 59 nous
422 753 289 59 promettre
644 753 133 59 et
711 753 133 59 de
777 753 133 59 ce
844 753 155 59 que
933 753 178 59 nous
1022 753 266 59 attendons.

116 794 197 59 C’est
247 794 371 59 non-seulement
553 794 175 59 avec
662 794 393 59 l’empressement
990 794 131 59 le
1055 794 175 59 plus
1165 794 175 59 vif,
1274 794 197 59 c’est
1383 794 131 59 avec

71 849 134 57 la
138 849 335 57 délicatesse
406 849 134 57 la
473 849 179 57 plus
585 849 246 57 marquée
764 849 157 57 que
853 849 224 57 chacun
1010 849 112 57 a
1054 849 201 57 voulu
1189 849 246 57 prendre
1367 849 179 57 part
1457 849 67 57 à

74 896 197 63 cette
206 896 329 63 entreprise.
468 896 175 63 Nous
578 896 219 63 serons
731 896 263 63 heureux,
928 896 131 63 en
994 896 263 63 publiant
1191 896 131 63 le
1257 896 241 63 Recueil
1410 896 110 63 que

77 942 185 54 toute
201 942 124 54 la
263 942 206 54 France
407 942 165 54 nous
510 942 103 54 a
551 942 185 54 aidés
675 942 103 54 à
716 942 206 54 faire,
861 942 124 54 de
922 942 165 54 dire
1025 942 165 54 quel
1128 942 103 54 a
1170 942 144 54 été
1252 942 124 54 le
1293 942 227 54 caractere

73 989 138 67 de
142 989 161 67 son
211 989 253 67 concours.

115 1013 133 78 Il
181 1013 178 78 nous
293 1013 200 78 reste
426 1013 111 78 à
471 1013 200 78 prier
604 1013 156 78 les
693 1013 289 78 personnes
915 1013 156 78 qui
1004 1013 156 78 ont
1093 1013 222 78 encore
1249 1013 156 78 des
1316 1013 200 78 lettres

69 1093 320 56 autographes
325 1093 107 56 à
367 1093 171 56 nous
474 1093 235 56 confier
645 1093 128 56 ou
709 1093 149 56 des
794 1093 213 56 copies
944 1093 128 56 de
1008 1093 235 56 lettres
1179 1093 107 56 à
1221 1093 171 56 nous
1307 1093 213 56 envoyer,

78 1137 129 53 de
142 1137 172 53 nous
249 1137 150 53 les
335 1137 193 53 faire
464 1137 258 53 parvenir
658 1137 129 53 le
722 1137 172 53 plus
829 1137 150 53 tôt
915 1137 279 53 possible.
1130 1137 172 53 Nous
1238 1137 215 53 sommes
1367 1137 150 53 pres-

74 1179 151 63 sés
161 1179 280 63 d’arriver
376 1179 108 63 à
420 1179 129 63 la
484 1179 151 63 fin
571 1179 129 63 de
635 1179 194 63 notre
765 1179 216 63 tâche;
916 1179 173 63 mais
1024 1179 194 63 comme
1153 1179 151 63 les
1240 1179 280 63 matériaux
1434 1179 86 63 se

71 1232 305 78 présentent
311 1232 174 78 avec
420 1232 153 78 une
507 1232 283 78 abondance
725 1232 262 78 toujours
921 1232 174 78 plus
1030 1232 240 78 grande,
1205 1232 153 78 les
1270 1232 240 78 difficul-

73 1276 147 52 tés
157 1276 126 52 de
220 1276 190 52 cette
347 1276 190 52 tâche
473 1276 316 52 grandissent
726 1276 211 52 chaque
853 1276 147 52 jour.

107 1306 175 76 Nous
216 1306 131 76 ne
282 1306 175 76 nous
391 1306 306 76 attendions
632 1306 131 76 ni
698 1306 109 76 à
741 1306 241 76 trouver
916 1306 241 76 partout
1091 1306 175 76 tant
1201 1306 131 76 de
1245 1306 262 76 collabora-

79 1364 193 63 teurs
207 1364 129 63 ni
272 1364 107 63 à
314 1364 300 63 recueillir
550 1364 129 63 de
615 1364 129 63 si
679 1364 300 63 nombreuses
915 1364 236 63 lettres
1086 1364 129 63 1.
1151 1364 172 63 Nous
1258 1364 214 63 savons
1386 1364 129 63 com-

74 1424 181 62 bien
187 1424 136 62 le
255 1424 271 62 concours
459 1424 136 62 de
526 1424 136 62 la
594 1424 226 62 presse
752 1424 181 62 nous
866 1424 113 62 a
911 1424 158 62 été
1001 1424 226 62 utile.
1159 1424 203 62 Aussi
1295 1424 181 62 nous
1385 1424 136 62 vous

76 1472 280 64 demandons
292 1472 173 64 avec
400 1472 280 64 confiance
616 1472 129 64 de
681 1472 280 64 fortifier
896 1472 129 64 de
961 1472 194 64 votre
1090 1472 280 64 publicité
1306 1472 129 64 ce
1349 1472 173 64 nouvel

78 1520 197 75 appel
209 1520 153 75 que
297 1520 350 75 l’importance
581 1520 131 75 de
647 1520 153 75 nos
734 1520 241 75 travaux
909 1520 131 75 et
975 1520 284 75 l'intérêt
1194 1520 175 75 même
1303 1520 131 75 du
1347 1520 175 75 public

73 1568 156 61 ont
162 1568 201 61 rendu
273 1568 290 61 nécessaire.

120 1623 274 78 Veuillez
326 1623 183 78 nous
440 1623 252 78 croire,
623 1623 274 78 Monsieur
829 1623 137 78 la
898 1623 320 78 Rédacteur,
1149 1623 183 78 avec
1241 1623 274 78 reconnais

44 1661 201 92 sance,

118 1733 153 94 Vos
205 1733 349 94 très-humbles
467 1733 284 94 serviteurs,

149 1857 374 92 PERROTIN,

981 1853 254 87 Paul
1108 1853 318 87 BOITEAU,

897 1937 139 65 108,
984 1937 122 65 rue
1053 1937 104 65 du
1106 1937 296 65 Cherche-Midi,
1349 1937 87 65 à
1367 1937 139 65 Paris.

72 1912 238 96 XÉCUTEUR
250 1912 337 96 TESTAMENTAIRE
528 1912 119 96 DE
567 1912 218 96 BÉRANGER,

177 1979 125 67 41,
249 1979 125 67 rue
302 1979 339 67 Fontaine

106 2078 102 52 1.
157 2078 119 52 Les
225 2078 102 52 2,
276 2078 119 52 200
344 2078 170 52 pièces
464 2078 119 52 que
532 2078 136 52 nous
617 2078 153 52 avons
719 2078 153 52 entre
821 2078 119 52 les
889 2078 170 52 mains,
1008 2078 136 52 vont
1094 2078 102 52 de
1145 2078 136 52 1808
1230 2078 85 52 à
1247 2078 119 52 1857.

615 2286 235 75 SOUS
732 2286 265 75 PRESSE:

857 2341 147 49 meint

76 2376 344 56 <b>Catalogue
356 2376 194 56 d’une
485 2376 194 56 belle
614 2376 301 56 Collection
851 2376 129 56 de
916 2376 237 56 Lettres
1088 2376 409 56 autographes</b>
1410 2376 108 56 Ma-

121 2429 240 51 nuscrits,
305 2429 240 51 Documents
489 2429 295 51 historiques,
729 2429 166 51 etc.,
840 2429 148 51 dont
932 2429 111 51 la
987 2429 166 51 vente
1098 2429 148 51 aura
1190 2429 148 51 lieu
1282 2429 111 51 au
1338 2429 148 51 mois
1411 2429 111 51 d’a-

115 2478 154 58 vril
211 2478 250 58 prochain,
403 2478 135 58 rue
480 2478 135 58 des
557 2478 327 58 Bons-Enfants,
826 2478 115 58 no
884 2478 135 58 28,
961 2478 192 58 maison
1076 2478 231 58 Silvestre.

113 2620 165 81 <i>N.
222 2620 183 81 B.</i>
350 2620 110 81 M.
405 2620 219 81 LAVERDET
570 2620 128 81 est
643 2620 146 81 chez
735 2620 128 81 lui
808 2620 110 81 de
863 2620 91 81 1
899 2620 165 81 heure
1009 2620 91 81 à
1045 2620 110 81 4,
1100 2620 128 81 les
1174 2620 238 81 dimanchés
1356 2620 110 81 et
1393 2620 128 81 fêtes

80 2682 241 62 exceptés,
266 2682 111 62 et
321 2682 111 62 du
377 2682 111 62 15
433 2682 167 62 avril
544 2682 111 62 au
599 2682 111 62 15
655 2682 222 62 octobre,
822 2682 130 62 les
896 2682 241 62 mersredis
1081 2682 111 62 et
1137 2682 204 62 samedis
1267 2682 222 62 seulement.
