1585 2975
622 62 178 97 —
658 62 178 97 398

53 151 192 93 4854.
181 151 449 93 Miromesnil
566 151 171 93 (Hue
672 151 171 93 de),
779 151 192 93 garde
908 151 150 93 des
993 151 235 93 sceaux.
1164 151 128 93 L.
1228 151 171 93 aut.
1335 151 192 93 sig.,
1442 151 64 93 à

99 218 128 72 S.
163 218 128 72 A.
227 218 341 72 Sérénissime,
504 218 277 72 madame...
717 218 320 72 Versailles,
973 218 128 72 14
1037 218 192 72 sept.
1165 218 192 72 1778.
1293 218 107 72 3
1314 218 192 72 petites

15 287 639 51 p.
334 287 958 51 in-4.
973 287 532 51 2
1079 287 426 51 50

52 318 190 71 4855.
178 318 337 71 Monge
452 318 168 71 (Mme
557 318 232 71 veuve),
726 318 253 71 comtesse
915 318 126 71 de
979 318 232 71 Péluse.
1147 318 190 71 Trois
1273 318 190 71 lett.
1379 318 126 71 aut.

96 365 183 71 sig.
211 365 183 71 (une
325 365 115 71 à
371 365 137 71 M.
440 365 275 71 Ternaux,
646 365 137 71 et
714 365 183 71 deux
829 365 115 71 à
875 365 160 71 Mme
966 365 137 71 la
1035 365 275 71 comtesse
1218 365 275 71 Lemercier)

77 433 346 50 1815
293 433 216 50 à
380 433 390 50 1839.
639 433 216 50 3
726 433 260 50 p.
856 433 346 50 pet.
1072 433 390 50 in-8.
1332 433 216 50 5
1375 433 130 50 »

52 466 196 82 4856.
183 466 391 82 Monglat
509 466 304 82 (Françoise
748 466 130 82 de
813 466 282 82 Longueix,
1030 466 261 82 marquise
1226 466 174 82 de),
1312 466 196 82 gouver-

101 517 192 64 nante
229 517 149 64 des
314 517 235 64 enfants
484 517 128 64 de
548 517 235 64 France.
719 517 213 64 Quitt.
868 517 128 64 de
932 517 171 64 deux
1039 517 213 64 lignes
1188 517 171 64 aut.
1295 517 171 64 sig.
1380 517 128 64 (sur

46 570 875 60 parch.).
703 570 657 60 1618.
1140 570 365 60 2
1213 570 292 60 50

51 597 193 90 4857.
179 597 365 90 Monnet
480 597 493 90 (Antoine-Grimoald),
908 597 279 90 chimiste,
1123 597 214 90 ancien
1252 597 257 90 inspecteur

98 652 243 74 général
274 652 132 74 au
340 652 198 74 corps
473 652 198 74 royal
605 652 154 74 des
693 652 220 74 mines.
848 652 132 74 Né
914 652 110 74 à
958 652 419 74 Champrix
1289 652 220 74 (Puy-

102 720 203 57 Dôme),
244 720 122 57 en
305 720 183 57 1734.
427 720 163 57 Mort
528 720 102 57 à
569 720 183 57 Paris
691 720 122 57 en
752 720 183 57 1817.
874 720 122 57 L.
935 720 163 57 aut.
1037 720 183 57 sig.:
1159 720 244 57 Votre
1321 720 183 57 chy

100 757 251 63 miste
288 757 314 63 Monnet
539 757 105 63 à
581 757 125 63 M.
644 757 125 63 de
706 757 335 63 Malesherbes.
978 757 125 63 21
1041 757 167 63 août
1146 757 188 63 1769.
1271 757 105 63 2
1313 757 125 63 p.
1355 757 146 63 in

58 817 721 46 Cachet.
583 817 852 46 Curieuse.
1239 817 328 46 3
1304 817 197 46 »

55 840 199 73 4858.
188 840 509 73 Montalembert
630 840 155 73 (le
719 840 199 73 comte
851 840 177 73 de),
962 840 243 73 député,
1139 840 177 73 pair
1250 840 133 73 de
1294 840 199 73 France,

98 903 179 57 L.
188 903 239 57 aut.
337 903 269 57 sig.,
517 903 150 57 à
577 903 209 57 son
696 903 389 57 cousin...
995 903 150 57 3
1055 903 179 57 p.
1145 903 299 57 in-12.
1354 903 150 57 2
1384 903 120 57 50

54 945 206 71 4859.
192 945 413 71 Montesquieu
536 945 138 71 de
605 945 367 71 Secondat
903 945 183 71 (Mme
1017 945 183 71 de).
1132 945 138 71 L.
1201 945 183 71 aut.
1316 945 206 71 sig.,
1430 945 69 71 à

105 1010 131 51 M.
171 1010 174 51 ....
280 1010 196 51 Agen,
410 1010 196 51 1769.
541 1010 109 51 1
585 1010 131 51 p.
650 1010 153 51 pl.
737 1010 131 51 et
803 1010 218 51 demie.
955 1010 196 51 in-4.
1086 1010 305 51 Très-belle
1304 1010 196 51 lettre.

-10 1047 1235 64 Rare.
813 1047 823 64 20
1087 1047 412 64 »

155 1109 128 48 Au
219 1109 192 48 sujet
347 1109 128 48 de
411 1109 128 48 sa
475 1109 192 48 terre
603 1109 128 48 de
667 1109 342 48 Montesquieu,
945 1109 171 48 pour
1052 1109 256 48 laquelle
1244 1109 128 48 on
1308 1109 149 48 lui
1372 1109 128 48 fait

106 1142 152 63 des
193 1142 217 63 procès
345 1142 217 63 depuis
498 1142 152 63 dix
585 1142 174 63 ans.
693 1142 196 63 Arrêt
824 1142 130 63 du
889 1142 283 63 parlement
1107 1142 130 63 de
1172 1142 261 63 Toulouse
1346 1142 152 63 cassé

107 1202 155 53 par
195 1202 133 53 le
262 1202 288 53 parlement
483 1202 133 53 de
550 1202 221 53 Pau...
705 1202 133 53 M.
771 1202 199 53 Huard
904 1202 133 53 du
971 1202 177 53 Parc
1081 1202 155 53 est
1170 1202 155 53 son
1258 1202 244 53 avocat,
1413 1202 89 53 et

110 1247 121 55 M.
170 1247 121 55 de
231 1247 202 55 Meulan
372 1247 222 55 Dablois
533 1247 141 55 qui
614 1247 141 55 est
695 1247 141 55 son
775 1247 282 55 rapporteur
997 1247 121 55 ne
1057 1247 161 55 peut
1158 1247 161 55 rien
1259 1247 121 55 si
1299 1247 202 55 l’avocat

108 1298 152 59 «ne
195 1298 305 59 travaille,
435 1298 218 59 aurois
587 1298 174 59 vous
696 1298 261 59 monsieur
892 1298 131 59 la
957 1298 196 59 bonté
1088 1298 131 59 de
1153 1298 152 59 lui
1240 1298 218 59 parler
1370 1298 131 59 pour

108 1343 196 60 «moy,
239 1343 130 60 et
304 1343 152 60 lui
391 1343 283 60 témoigner
608 1343 152 60 que
695 1343 174 60 vous
804 1343 217 60 prenés
956 1343 413 60 quelqu’intérest
1304 1343 109 60 à
1348 1343 130 60 ce
1391 1343 109 60 qui

112 1383 157 60 «me
201 1383 269 60 regarde,
403 1383 202 60 c’est
538 1383 247 60 lunique
717 1383 202 60 moyen
852 1383 157 60 que
941 1383 179 60 jai,
1053 1383 179 60 pour
1166 1383 135 60 me
1233 1383 269 60 délivrer
1412 1383 90 60 de

109 1443 165 70 «ce
204 1443 236 70 dragon
369 1443 165 70 qui
463 1443 212 70 motte
605 1443 236 70 depuis
770 1443 142 70 si
841 1443 307 70 longtemps
1076 1443 165 70 mon
1171 1443 259 70 aisance
1359 1443 142 70 et
1407 1443 94 70 ma

89 1483 447 57 «tranquillité.....»

64 1529 190 64 4860.
191 1529 423 64 Montmorin
550 1529 169 64 (Mme
656 1529 190 64 Morin
783 1529 169 64 de).
889 1529 127 64 L.
952 1529 169 64 aut.
1058 1529 190 64 sig.,
1185 1529 106 64 à
1227 1529 190 64 M....
1333 1529 169 64 Paris,

93 1584 242 56 30
214 1584 363 56 avril
456 1584 363 56 1779.
698 1584 202 56 1
778 1584 242 56 p.
899 1584 282 56 pl.
1060 1584 363 56 in-4.
1302 1584 202 56 2
1343 1584 161 56 50

65 1629 180 63 4861.
185 1629 360 63 Morelli
485 1629 280 63 (Jacques),
705 1629 220 63 célèbre
864 1629 360 63 bibliothécaire
1164 1629 120 63 de
1224 1629 300 63 Saint-Marc,
1444 1629 60 63 à

113 1677 225 57 Venise.
276 1677 123 57 L.
338 1677 164 57 aut.
440 1677 164 57 sig.
542 1677 143 57 (en
624 1677 266 57 italien),
829 1677 102 57 à
870 1677 123 57 M.
931 1677 225 57 Chardon
1095 1677 123 57 de
1156 1677 123 57 La
1218 1677 266 57 Rochette,
1402 1677 102 57 sa-

111 1723 172 66 vant
218 1723 365 66 très-renommé,
518 1723 150 66 rue
604 1723 322 66 St-Jacques,
862 1723 193 66 n°36,
991 1723 107 66 à
1034 1723 215 66 Paris.
1184 1723 236 66 Venise,
1356 1723 129 66 15
1399 1723 107 66 dé-

113 1764 221 66 cembre
268 1764 199 66 1804.
400 1764 110 66 4
444 1764 155 66 gr.
533 1764 133 66 p.
599 1764 199 66 in-4.
732 1764 309 66 Littéraire
975 1764 133 66 et
1041 1764 442 66 Bibliographique.
1417 1764 110 66 6
1439 1764 66 66 »

68 1818 193 63 4862.
196 1818 407 63 Muratori
539 1818 193 63 (P.),
667 1818 321 63 petit-neveu
925 1818 129 63 de
989 1818 364 63 Louis-Antoine
1267 1818 236 63 Muratori.

116 1869 126 56 L.
179 1869 168 56 aut.
284 1869 189 56 sig.,
410 1869 105 56 à
452 1869 126 56 M.
515 1869 273 56 Renouard,
725 1869 273 56 libraire.
936 1869 252 56 Avignon,
1125 1869 126 56 22
1188 1869 252 56 décembre
1356 1869 147 56 1817.

63 1917 361 81 3
207 1917 505 81 gr.
496 1917 433 81 p.
712 1917 649 81 in-4.
1145 1917 361 81 3
1217 1917 289 81 50

165 1975 314 50 Proposition
416 1975 272 50 d’échange
626 1975 126 50 de
689 1975 126 50 43
752 1975 251 50 ouvrages
940 1975 168 50 dont
1045 1975 126 50 il
1108 1975 251 50 détaille
1296 1975 126 50 le
1338 1975 168 50 titre,

118 2014 128 57 le
182 2014 214 57 format
331 2014 128 57 et
396 2014 128 57 la
460 2014 299 57 condition,
695 2014 214 57 contre
844 2014 150 57 une
930 2014 299 57 collection
1165 2014 150 57 des
1251 2014 257 57 gravures
1422 2014 86 57 de

118 2060 262 60 l’édition
319 2060 121 60 de
380 2060 242 60 Voltaire
561 2060 181 60 qu’il
662 2060 181 60 publie.

72 2110 182 56 4863.
193 2110 344 56 Naudet
476 2110 526 56 (J.-B.-Julien-Marcel),
942 2110 202 56 acteur
1083 2110 121 56 du
1124 2110 384 56 Théâtre

117 2155 133 70 N.
183 2155 199 70 1743.
316 2155 133 70 M.
382 2155 199 70 18...
515 2155 133 70 L.
581 2155 177 70 aut.
692 2155 199 70 sig.,
825 2155 133 70 au
891 2155 243 70 citoyen
1068 2155 310 70 Duvergier.
1311 2155 155 70 1er
1377 2155 133 70 flo-

118 2213 312 49 réal.....
358 2213 120 49 1
406 2213 144 49 p.
478 2213 168 49 pl.
574 2213 216 49 in-4.
718 2213 240 49 (Coll.
885 2213 144 49 du
957 2213 216 49 baron
1101 2213 144 49 de
1173 2213 312 49 Trémont).
1413 2213 120 49 3
1437 2213 72 49 »

72 2241 178 73 4864.
191 2241 375 73 Noailles
506 2241 158 73 (Mme
605 2241 118 73 la
664 2241 256 73 maréchale
861 2241 158 73 de).
960 2241 118 73 L.
1019 2241 158 73 aut.
1118 2241 158 73 sig.
1216 2241 99 73 à
1256 2241 118 73 M.
1315 2241 118 73 de
1354 2241 158 73 Saint

104 2301 422 59 Jullien.
420 2301 352 59 Paris,
667 2301 211 59 29
772 2301 317 59 juin.
983 2301 176 59 1
1054 2301 211 59 p.
1159 2301 317 59 in-4.
1370 2301 176 59 3
1405 2301 106 59 »

78 2342 187 67 4865.
203 2342 354 67 Notre-Dame
494 2342 125 67 de
556 2342 291 67 Grâce,
785 2342 187 67 ou
910 2342 125 67 du
972 2342 166 67 bout
1076 2342 125 67 du
1139 2342 187 67 pont,
1243 2342 270 67 légende

125 2397 481 58 Villeneuvaise
548 2397 135 58 par
625 2397 135 58 Th.
702 2397 462 58 Wains-des-Fontaines,
1106 2397 269 58 d’Alençon.
1318 2397 154 58 aut.
1395 2397 115 58 sig.

55 2445 428 59 5
227 2445 514 59 p.
484 2445 943 59 in-fol.
1169 2445 428 59 5
1255 2445 257 59 »

76 2490 177 67 4866.
194 2490 355 67 Nourrit
490 2490 276 67 (Adolphe),
707 2490 236 67 chanteur
884 2490 118 67 de
943 2490 236 67 l’Opéra.
1120 2490 197 67 Billet
1258 2490 158 67 aut.
1356 2490 177 67 sig.,
1455 2490 59 67 à

88 2544 329 59 M.
253 2544 494 59 Luzv.
582 2544 274 59 1
691 2544 329 59 p.
856 2544 548 59 in-18.
1240 2544 274 59 1
1295 2544 219 59 50

76 2586 180 65 4867.
196 2586 400 65 Offenbach
536 2586 280 65 (Jacques),
756 2586 360 65 violoncelliste
1057 2586 120 65 et
1117 2586 320 65 compositeur,
1357 2586 160 65 direc

128 2638 363 63 teur-fondateur
430 2638 141 63 des
511 2638 444 63 Bouffes-Parisiens.
894 2638 202 63 Billet
1035 2638 161 63 aut.
1136 2638 161 63 sig.
1237 2638 181 63 Trois
1338 2638 181 63 charges

78 2694 392 52 et
274 2694 522 52 deux
600 2694 849 52 imprimés.
1253 2694 326 52 3
1318 2694 196 52 »

78 2743 180 57 4868.
198 2743 420 57 Paisiello,
558 2743 320 57 compositeur.
819 2743 120 57 L.
879 2743 160 57 aut.
979 2743 160 57 sig.
1079 2743 120 57 (à
1139 2743 120 57 la
1199 2743 120 57 3e
1259 2743 260 57 personne,
1439 2743 80 57 en

114 2783 397 63 italien).
420 2783 183 63 22
511 2783 458 63 germinal...
878 2783 183 63 1.
969 2783 183 63 p.
1061 2783 214 63 pl.
1183 2783 275 63 in-8.
1366 2783 183 63 10
1427 2783 92 63 »
