1625 3037
580 115 443 100 PUBLICATION

346 200 145 88 De
418 200 145 88 la
491 200 434 88 correspondance
853 200 265 88 inédite
1046 200 145 88 de
1094 200 217 88 Buffon.

154 304 121 89 La
214 304 262 89 librairie
416 304 242 89 Hachette
597 304 121 89 et
658 304 161 89 Cie,
759 304 141 89 rue
839 304 403 89 Pierre-Sarrazin,
1182 304 141 89 14,
1263 304 222 89 prépare
1424 304 121 89 en
1464 304 81 89 ce

101 379 206 58 moment
246 379 144 58 une
328 379 309 58 publication
576 379 124 58 du
638 379 165 58 plus
741 379 165 58 haut
844 379 247 58 intérêt,
1029 379 186 58 la
1133 379 412 58 correspondance

105 425 284 60 inédite
328 425 122 60 de
389 425 305 60 Buffon
633 425 183 60 Grâce
754 425 122 60 au
815 425 244 60 concours
998 425 122 60 de
1059 425 122 60 M.
1120 425 203 60 Nadaud
1262 425 122 60 de
1323 425 223 60 Buffon,
1465 425 81 60 un

110 472 285 59 descendant
334 472 122 59 de
395 472 285 59 l'Illustre
619 472 265 59 écrivain,
822 472 143 59 qui
904 472 224 59 possède
1067 472 143 59 une
1148 472 285 59 très-riche
1352 472 183 59 collec-

102 521 165 60 tion
206 521 124 60 de
268 521 145 60 ses
350 521 248 60 lettres,
536 521 145 60 les
619 521 248 60 éditeurs
805 521 165 60 sont
908 521 165 60 déjà
1012 521 103 60 à
1053 521 165 60 même
1156 521 248 60 d’offrir
1342 521 124 60 au
1384 521 165 60 püblic

104 573 124 55 un
166 573 228 55 recueil
332 573 187 55 digne
457 573 124 55 de
519 573 187 55 fixer
643 573 145 55 son
726 573 290 55 attention.
954 573 166 55 Mais
1058 573 124 55 le
1120 573 187 55 désir
1245 573 124 55 de
1286 573 249 55 l’enrichir

105 616 226 61 encore,
270 616 165 61 s’il
373 616 144 61 est
455 616 267 61 possible,
661 616 144 61 les
743 616 267 61 détermine
949 616 103 61 à
990 616 185 61 faire
1113 616 185 61 appel
1237 616 103 61 à
1257 616 288 61 l’obligeance

102 666 145 66 des
185 666 270 66 personnes
393 666 166 66 qui,
497 666 270 66 possédant
704 666 145 66 des
787 666 228 66 lettres
954 666 311 66 autographes
1203 666 125 66 de
1265 666 228 66 Buffon,
1410 666 125 66 con-

95 715 310 67 sentiraient
343 715 103 67 à
385 715 145 67 les
467 715 165 67 leur
571 715 331 67 communiquer,
839 715 124 67 et
901 715 145 67 ils
984 715 124 67 se
1046 715 207 67 feront
1191 715 124 67 un
1253 715 227 67 plaisir
1397 715 145 67 comme

104 765 131 57 un
170 765 218 57 devoir
322 765 131 57 de
387 765 240 57 marquer
562 765 174 57 leur
671 765 283 57 gratitude
888 765 109 57 à
932 765 174 57 tous
1041 765 174 57 ceux
1150 765 152 57 qui
1237 765 261 57 voudront
1411 765 131 57 bien

97 814 160 59 les
188 814 205 59 aider
325 814 182 59 dans
439 814 182 59 leur
553 814 228 59 tâche,
713 814 137 59 en
781 814 342 59 mentionnant
1055 814 205 59 leurs
1192 814 182 59 noms
1306 814 182 59 dans
1397 814 137 59 leur

87 863 294 76 important
291 863 226 76 recueil,

1095 1080 108 69 42

588 1123 263 109 SOUS
720 1123 296 109 PRESSE.

223 1216 367 100 Catalogue
521 1216 138 100 de
590 1216 138 100 la
659 1216 206 100 belle
796 1216 138 100 et
865 1216 298 100 nombreuse
1094 1216 321 100 Collection
1323 1216 92 100 de

69 1336 529 136 LETTRES
485 1336 605 136 AUTOGRAPHES,
939 1336 605 136 HANUSCRIES

435 1493 212 111 DU
541 1493 317 111 COMTE
752 1493 212 111 DE
823 1493 353 111 MIRABEAU

302 1640 591 98 DOCUMENTS
710 1640 591 98 HISTORIQUES

73 1753 235 73 Sur
237 1753 141 73 la
307 1753 493 73 Saint-Barthélemy,
730 1753 141 73 la
801 1753 235 73 Ligue,
965 1753 141 73 la
1036 1753 352 73 Révolution,
1294 1753 235 73 etc

380 1876 184 100 DE
472 1876 215 100 FEU
595 1876 184 100 M.
687 1876 276 100 LUCAS
872 1876 184 100 DE
933 1876 307 100 MONTIGNY

1250 1941 63 47 237

1263 1978 123 54 tITRE
1332 1978 82 54 EgeR

349 1973 252 85 Conseiller
547 1973 108 85 de
601 1973 252 85 Préfecture
799 1973 108 85 du
852 1973 270 85 département
1068 1973 108 85 de
1122 1973 108 85 la
1158 1973 126 85 Seine

129 2048 184 88 Dont
244 2048 138 88 la
313 2048 207 88 vente
452 2048 184 88 aura
567 2048 184 88 lieu
682 2048 277 88 (pendant
890 2048 207 88 seize
1028 2048 323 88 vacations)
1281 2048 138 88 au
1351 2048 184 88 mois
1443 2048 92 88 de

80 2109 241 67 février
255 2109 197 67 1860,
387 2109 153 67 rue
474 2109 153 67 des
562 2109 372 67 Bons-Enfants,
868 2109 219 67 maison
999 2109 263 67 Silvestre.

88 2160 135 76 Ce
155 2160 292 76 Catalogue
379 2160 292 76 raisonné,
604 2160 157 76 qui
694 2160 314 76 comprendra
940 2160 180 76 plus
1053 2160 135 76 de
1120 2160 157 76 six
1210 2160 202 76 mille
1322 2160 202 76 pièces,

77 2210 205 66 depuis
221 2210 123 66 la
283 2210 144 66 fin
365 2210 123 66 du
426 2210 164 66 XIVe
529 2210 205 66 siècle
673 2210 226 66 jusqu’à
837 2210 144 66 nos
919 2210 205 66 jours,
1063 2210 123 66 et
1124 2210 144 66 qui
1207 2210 226 66 formera
1371 2210 123 66 un
1412 2210 123 66 fort

85 2264 219 61 volume
239 2264 197 61 in-8,
370 2264 132 61 en
436 2264 197 61 petit
567 2264 219 61 texte,
721 2264 175 61 sera
830 2264 132 61 du
896 2264 175 61 prix
1006 2264 132 61 de
1072 2264 153 61 six
1159 2264 241 61 FRANCS,
1335 2264 197 61 franc
1444 2264 88 61 de

81 2311 168 68 port
186 2311 168 68 pour
291 2311 126 68 la
354 2311 210 68 France
501 2311 126 68 et
543 2311 273 68 l’Etranger.

121 2354 132 62 Il
187 2354 132 62 ne
253 2354 175 62 sera
362 2354 219 62 envoyé
516 2354 175 62 qu’à
626 2354 175 62 ceux
735 2354 175 62 qui,
845 2354 197 62 avant
977 2354 132 62 le
1042 2354 132 62 31
1108 2354 285 62 décembre,
1306 2354 219 62 adresse-

84 2406 150 58 ront
178 2406 94 58 à
216 2406 113 58 M.
272 2406 244 58 LAVERDET,
460 2406 131 58 rue
535 2406 319 58 Saint-Lazare,
798 2406 131 58 24,
873 2406 113 58 et
929 2406 225 58 franc
1098 2406 113 58 de
1154 2406 244 58 port
1342 2406 113 58 un
1380 2406 150 58 mandat

81 2460 130 81 de
146 2460 194 81 cette
276 2460 194 81 somme
405 2460 151 81 sur
492 2460 130 81 la
557 2460 216 81 poste,
708 2460 130 81 ou
773 2460 108 81 à
816 2460 151 81 vue
902 2460 151 81 sur
967 2460 173 81 Paris.

87 2627 154 73 N.
190 2627 171 73 B
309 2627 103 73 M.
361 2627 205 73 Laverdet
515 2627 120 73 est
583 2627 137 73 chez
669 2627 120 73 lui
737 2627 103 73 de
789 2627 86 73 1
823 2627 154 73 heure
926 2627 86 73 à
960 2627 103 73 4,
1011 2627 120 73 les
1080 2627 223 73 dimanches
1251 2627 103 73 et
1302 2627 154 73 fêtes
1388 2627 137 73 excep-

123 2685 155 79 tés;
219 2685 116 79 et
277 2685 116 79 du
335 2685 116 79 15
393 2685 174 79 avril
509 2685 116 79 au
567 2685 116 79 15
625 2685 232 79 octobre,
799 2685 135 79 les
876 2685 251 79 mercredis
1069 2685 116 79 et
1127 2685 212 79 samedis
1262 2685 232 79 seulement.

393 2818 176 89 Paris.
517 2818 88 89 —
552 2818 141 89 Typ.
640 2818 106 89 de
693 2818 211 89 Gaittet,
851 2818 123 89 rue
921 2818 282 89 Git-le-Cœur,
1133 2818 70 89 7.
