2139 3475
715 403 227 109 —
805 403 227 109 7
851 403 136 109 —

385 487 158 132 M.
464 487 211 132 GÉNY
596 487 396 132 (ALEXANRE),
912 487 211 132 à
1018 487 316 132 Nancy

189 608 209 117 70.
309 608 359 117 Portrait
578 608 179 117 de
667 608 149 117 M
727 608 179 117 le
817 608 269 117 baron
996 608 418 117 d’A.......
1295 608 239 117 (aqua

411 696 212 79 relle).

198 765 153 92 71.
285 765 327 92 Idem
547 765 131 92 de
613 765 196 92 Mlles
722 765 218 92 D.......

201 842 152 96 72.
288 842 325 96 Idem
548 842 130 96 de
613 842 173 96 Mlle
699 842 195 96 B......

222 931 164 105 M.
304 931 300 105 GEORGES
522 931 355 105 (VICTOR),
795 931 273 105 rue
986 931 519 105 Notre-Dame
1396 931 109 105 9.

201 1114 178 105 73.
302 1114 330 105 Portraits
556 1114 152 105 de
633 1114 152 105 M.
709 1114 152 105 et
785 1114 203 105 Mlle
912 1114 152 105 de
963 1114 254 105 V.......

197 1190 187 91 74.
304 1190 320 91 Portrait
544 1190 160 91 de
624 1190 240 91 Henry
784 1190 160 91 de
838 1190 240 91 L......

197 1255 209 102 75.
317 1255 448 102 L’Adoration
675 1255 209 102 des
794 1255 298 102 Mages,
1003 1255 179 102 de
1092 1255 239 102 Paul
1212 1255 328 102 Véronèze,

390 1356 294 89 d’après
604 1356 187 89 une
684 1356 267 89 gravure.

419 1438 157 95 M.
497 1438 287 95 GÉRARD,
706 1438 261 95 rue
889 1438 157 95 de
967 1438 339 95 Metz
1202 1438 130 95 22.

203 1533 178 103 76.
304 1533 305 103 Portrait
533 1533 152 103 de
609 1533 152 103 M.
685 1533 152 103 de
736 1533 229 103 J......

203 1619 188 104 77.
311 1619 215 104 Sœur
445 1619 296 104 Urgueth
661 1619 215 104 dite
795 1619 323 104 Petelot,
1038 1619 242 104 scène
1172 1619 377 104 d’intérieur.

329 1729 177 82 M.
417 1729 177 82 DE
505 1729 531 82 SAINT-GERMAIN,
947 1729 236 82 à
1065 1729 354 82 Nancy

200 1805 193 106 78.
311 1805 276 106 Partie
504 1805 386 106 supérieure
807 1805 165 106 du
890 1805 303 106 village
1110 1805 165 106 de
1165 1805 386 106 Lorèche

389 1903 265 92 Bains,
575 1903 265 92 canton
761 1903 159 92 de
841 1903 265 92 Valais
1000 1903 292 92 (Suisse).

432 1990 166 101 M.
515 1990 221 101 PAUL
654 1990 304 101 GOMIEN,
875 1990 221 101 à
986 1990 332 101 Paris

202 2093 190 97 79.
310 2093 326 97 Portrait
555 2093 163 97 de
636 2093 190 97 Mme
744 2093 244 97 Maria
907 2093 298 97 D......
1097 2093 380 97 (miniature).

210 2183 147 79 80.
294 2183 314 79 Idem
545 2183 126 79 de
608 2183 126 79 M.
671 2183 126 79 le
734 2183 230 79 vicomte
901 2183 209 79 C.....
1027 2183 251 79 id

201 2261 203 92 81.
317 2261 436 92 Idem
666 2261 174 92 de
753 2261 203 92 Mme
869 2261 174 92 C.
956 2261 319 92 B......
1188 2261 407 92 (miniature
1479 2261 87 92 à

393 2331 255 96 l’huile).

333 2428 232 99 Mlle
478 2428 289 99 SOPHIE
680 2428 376 99 GRIMBLOT,
970 2428 232 99 à
1086 2428 347 99 Nancy

563 2515 267 105 Elève
763 2515 134 105 de
830 2515 134 105 M.
875 2515 334 105 Hussenot

541 2618 64 78 82.
578 2618 92 78 Judith
642 2618 55 78 et
670 2618 129 78 Holopherne
771 2618 111 78 (d'après
854 2618 55 78 le
882 2618 101 78 tableau
946 2618 37 78 de

514 2691 141 100 M.
585 2691 236 100 Horace
726 2691 236 100 Vernet).
