2117 3441
1101 360 122 90 10

818 460 154 109 M.
895 460 309 109 MARMIER,
1127 460 232 109 de
1256 460 283 109 Metz

495 569 229 104 118.
638 569 171 104 Un
724 569 257 104 Pavot
867 569 400 104 (aquarelle).

502 660 172 91 119.
609 660 322 91 Clochettes,
845 660 301 91 idem

496 737 201 79 120.
621 737 150 79 La
697 737 201 79 Tour
822 737 326 79 d’Hermann
1073 737 201 79 (vue
1198 737 150 79 de
1273 737 301 79 Suisse),
1474 737 351 79 idem

493 823 224 100 121.
633 823 335 100 Environs
884 823 168 100 de
968 823 307 100 Handeek
1192 823 363 100 (Suisse),
1443 823 224 100 sépia.

498 905 185 112 122.
614 905 185 112 Dans
730 905 139 112 la
799 905 232 112 plaine
961 905 139 112 de
1031 905 139 112 la
1100 905 185 112 Hart
1216 905 301 112 (Alsace),
1425 905 324 112 idem

794 996 152 113 M.
870 996 354 113 MENESSIER,
1148 996 227 113 de
1274 996 278 113 Metz

490 1098 245 92 123.
613 1098 491 92 L’Escarmouche.

493 1170 210 96 124.
624 1170 236 96 Effet
781 1170 157 96 du
860 1170 236 96 soir,
1017 1170 262 96 entrée
1201 1170 236 96 d’une
1332 1170 210 96 forêt.

492 1261 216 84 125.
627 1261 325 84 Souvenir
871 1261 189 84 des
979 1261 243 84 bords
1141 1261 162 84 de
1222 1261 162 84 la
1276 1261 271 84 Moselle.

489 1340 226 94 126.
630 1340 311 94 Village
856 1340 198 94 aux
970 1340 339 94 environs
1196 1340 226 94 d’Ems.

487 1433 238 90 127.
636 1433 357 90 Paysage,
874 1433 297 90 composé.

760 1513 163 106 M.
841 1513 379 106 MILGREDER,
1139 1513 217 106 à
1248 1513 325 106 Nancy

491 1611 224 95 128.
631 1611 504 95 L’Annonciation
1051 1611 336 95 (d’après
1302 1611 196 95 une
1386 1611 308 95 gravure).

738 1716 154 102 M.
815 1716 154 102 DE
892 1716 308 102 MIRBECK,
1123 1716 205 102 à
1226 1716 410 102 Saint

494 1797 216 85 129.
629 1797 162 85 Le
710 1797 350 85 Viatique,
979 1797 243 85 sujet
1114 1797 377 85 d’intérieur.

873 1891 306 96 Mlle
1026 1891 420 96 MONTFORT.

491 1995 187 96 129
598 1995 214 96 bis.
732 1995 321 96 Portrait
972 1995 160 96 de
1052 1995 160 96 M.
1106 1995 240 96 N......

488 2090 202 116 Mlle
614 2090 151 116 J.
690 2090 252 116 NEBEL,
866 2090 328 116 petite
1118 2090 177 116 rue
1219 2090 177 116 des
1320 2090 277 116 Carmes,
1522 2090 126 116 à
1547 2090 303 116 Nancy

488 2196 212 103 130.
621 2196 318 103 Portrait
860 2196 159 103 de
940 2196 212 103 Mlle
1072 2196 318 103 D......,
1285 2196 318 103 aquarelle.

495 2282 159 99 131.
594 2282 297 99 Idem
832 2282 119 99 de
891 2282 159 99 Mlle
991 2282 119 99 de
1050 2282 218 99 V.....,
1189 2282 277 99 idem

496 2381 148 84 M.
570 2381 295 84 OLIVIER,
792 2381 369 84 peintre,
1087 2381 197 84 quai
1210 2381 320 84 Voltaire,
1456 2381 148 84 5,
1530 2381 123 84 à
1555 2381 295 84 Paris

487 2492 216 84 132.
622 2492 323 84 Portrait
864 2492 162 84 de
945 2492 189 84 Mme
1053 2492 270 84 F.....
1215 2492 377 84 (aquarelle).

495 2558 161 93 133.
595 2558 301 93 Idem
836 2558 120 93 de
897 2558 120 93 M.
957 2558 120 93 et
1017 2558 161 93 Mlle
1117 2558 181 93 B...,
1218 2558 281 93 idem

730 2644 260 116 (Les
919 2644 355 116 accessoires
1203 2644 189 116 sont
1321 2644 142 116 de
1392 2644 142 116 M.
1439 2644 355 116 Guérard)
