2091 3447
783 395 110 78 11

381 487 195 116 Mlle
502 487 243 116 PAIGNÉ
672 487 365 116 (OCTAViIe),
964 487 195 116 à
1062 487 267 116 Metz

179 596 207 111 134.
308 596 258 111 Sainte
489 596 310 111 Brigitte
696 596 284 111 (pastel).

400 690 236 97 (Un
565 690 189 97 ange
683 690 306 97 travaille
919 690 118 97 à
966 690 141 97 sa
1037 690 283 97 broderie
1226 690 306 97 pendant

474 759 280 92 qu’elle
694 759 140 92 est
774 759 120 92 en
813 759 280 92 extase)

179 830 206 90 135.
308 830 154 90 La
385 830 257 90 Petite
565 830 231 90 Fille
719 830 154 90 au
796 830 309 90 chapelet
1002 830 283 90 (pastel).

394 910 379 101 (Paysanne
702 910 142 101 de
773 910 142 101 la
845 910 284 101 Lorraine
1034 910 403 101 allemande)

196 1004 219 88 136.
332 1004 164 88 La
414 1004 464 88 Moissonneuse,
769 1004 301 88 (pastel.)

394 1071 380 99 (Paysanne
703 1071 142 99 de
774 1071 142 99 la
845 1071 285 99 Lorraine
1035 1071 403 99 française)

474 1187 152 94 M.
550 1187 356 94 PELLETIER,
829 1187 229 94 de
956 1187 280 94 Metz

175 1278 216 78 137.
310 1278 350 78 Souvenirs
579 1278 189 78 des
687 1278 269 78 Vosges
849 1278 377 78 (aquarelle).

178 1380 191 71 138.
298 1380 287 71 Souvenir
513 1380 167 71 des
608 1380 215 71 bords
751 1380 143 71 du
823 1380 215 71 Rhin,
943 1380 334 71 idem

183 1458 179 88 139.
294 1458 335 88 Idem
562 1458 156 88 des
652 1458 201 88 bords
786 1458 134 88 de
853 1458 134 88 la
920 1458 268 88 Moselle,
1121 1458 179 88 près
1233 1458 134 88 de
1277 1458 246 88 Coblentz,

334 1525 368 91 (aquarelle).

179 1604 188 102 140.
296 1604 164 102 Les
390 1604 211 102 Bords
530 1604 141 102 du
601 1604 211 102 Rhin,
718 1604 328 102 idem

174 1691 215 101 141.
309 1691 269 101 Etudes
497 1691 135 101 à
551 1691 161 101 la
605 1691 215 101 sépia.

178 1773 175 91 142.
288 1773 328 91 Idem
550 1773 131 91 au
594 1773 197 91 crayon.

177 1851 174 96 143.
286 1851 326 96 Idem
547 1851 109 96 à
591 1851 131 96 la
634 1851 174 96 plume.

625 1948 231 88 M.
702 1948 347 88 PELTRE,

282 2016 421 104 Demeurant
624 2016 132 104 à
676 2016 342 104 Chambrey,
913 2016 500 104 arrondissement

556 2098 187 103 de
660 2098 437 103 Château

164 2196 230 96 144.
308 2196 288 96 Isaura
509 2196 316 96 (épouse
739 2196 173 96 du
826 2196 259 96 comte
998 2196 173 96 de
1085 2196 316 96 Modène,
1286 2196 230 96 récla

377 2282 207 82 mant
507 2282 285 82 justice
714 2282 130 82 à
766 2282 363 82 l’empereur
1051 2282 233 82 Othon
1206 2282 207 82 III,
1336 2282 155 82 en
1387 2282 130 82 lui

359 2366 377 78 présentant
655 2366 161 78 la
736 2366 215 78 tête
870 2366 161 78 de
951 2366 188 78 son
1059 2366 269 78 époux,
1220 2366 296 78 assassiné

380 2452 185 73 par
485 2452 185 73 les
591 2452 264 73 ordres
776 2452 158 73 de
855 2452 370 73 l’empereur
1145 2452 185 73 sur
1225 2452 290 73 l’injuste

379 2523 363 86 accusation
664 2523 155 86 de
716 2523 440 86 l’impératrice).

630 2619 220 80 M.
704 2619 329 80 PICHOT.

166 2684 219 111 145.
302 2684 246 111 Diane
467 2684 164 111 au
549 2684 219 111 bain
685 2684 301 111 (dessin
904 2684 301 111 d’après
1123 2684 191 111 une
1205 2684 301 111 gravure).
