2165 3471
1110 396 128 88 12

923 506 201 110 M.
1024 506 302 110 RAUCH
1192 506 268 110 (CH.).

507 619 227 102 146.
648 619 198 102 Vue
762 619 340 102 générale
1017 619 170 102 de
1073 619 312 102 Liverdun.

508 710 193 90 146
619 710 221 90 bis.
757 710 166 90 La
840 710 221 90 Tour
978 710 221 90 nord
1116 710 166 90 du
1199 710 304 90 château
1420 710 166 90 de
1475 710 387 90 Pierrefonts,

704 792 210 85 près
835 792 158 85 de
914 792 342 85 Compiègne
1177 792 263 85 (effet
1361 792 158 85 de
1440 792 237 85 clair
1597 792 158 85 de
1650 792 210 85 lune).

512 876 217 105 147.
648 876 272 105 Restes
838 876 163 105 de
919 876 326 105 l’ancien
1164 876 299 105 couvent
1381 876 163 105 et
1463 876 163 105 de
1544 876 163 105 la
1626 876 244 105 porte
1761 876 109 105 de

670 963 388 85 Long

513 1044 217 76 148.
649 1044 163 76 Le
730 1044 245 76 cours
893 1044 163 76 du
975 1044 245 76 Rhône
1138 1044 217 76 (vue
1274 1044 245 76 prise
1437 1044 190 76 des
1546 1044 326 76 hauteurs
1763 1044 109 76 du

733 1125 263 74 vieux
908 1125 321 74 château
1141 1125 175 74 de
1229 1125 321 74 Vienne,
1462 1125 175 74 en
1521 1125 350 74 Dauphiné).

512 1199 231 82 149.
657 1199 347 82 Environs
917 1199 174 82 de
1004 1199 289 82 Vargo,
1206 1199 231 82 près
1351 1199 174 82 de
1409 1199 318 82 Grenoble.

697 1337 204 105 Mlle
824 1337 281 105 ROUSSEL
1028 1337 332 105 (ÉMÉLIE),
1283 1337 204 105 à
1385 1337 306 105 Paris

517 1438 235 100 150.
634 1438 206 100 Séïd.

519 1532 220 97 151.
656 1532 165 97 Le
739 1532 303 97 Mouleur
931 1532 330 97 figuriste.

520 1615 231 85 152.
664 1615 260 85 Brune
838 1615 173 85 et
895 1615 260 85 Blonde.

524 1676 216 99 153.
659 1676 244 99 Pâtre
822 1676 189 99 des
930 1676 271 99 Alpes,
1119 1676 216 99 (C.)
1255 1676 325 99 (d’après
1498 1676 216 99 Léon
1606 1676 271 99 Cognet).

527 1785 214 80 154.
661 1785 294 80 Grouppe
875 1785 374 80 d’enfants,
1169 1785 214 80 (C.)
1302 1785 321 80 (d’après
1516 1785 267 80 Rioult).

723 1913 157 105 M.
801 1913 209 105 RYAN
932 1913 366 105 (CHARLES),
1193 1913 523 105 sourd

529 2018 222 94 155.
668 2018 334 94 Portrait
918 2018 167 94 au
974 2018 250 94 crayon.

529 2094 193 77 156.
650 2094 387 77 Idem
964 2094 145 77 au
1037 2094 266 77 crayon,
1230 2094 145 77 de
1303 2094 145 77 M.
1351 2094 290 77 Richardin.

860 2203 149 110 M.
935 2203 298 110 SALZARD,
1158 2203 224 110 de
1283 2203 273 110 Metz

533 2335 227 90 157.
675 2335 398 90 Musicienne
987 2335 369 90 ambulante
1243 2335 312 90 (pastel).

829 2444 159 99 M.
908 2444 344 99 SCHWITER,
1172 2444 211 99 à
1278 2444 317 99 Paris

537 2565 219 86 158.
674 2565 329 86 Portrait
920 2565 164 86 de
1002 2565 164 86 M.
1084 2565 164 86 le
1166 2565 246 86 baron
1331 2565 164 86 D.
1385 2565 274 86 Charlus.

548 2640 175 84 159.
658 2640 329 84 Idem
921 2640 131 84 de
986 2640 175 84 Mlle
1074 2640 219 84 deT.....
