2131 3449
863 420 650 95 SUPPLÉMENT

859 675 154 119 M.
936 675 257 119 DAVAL,
1116 675 231 119 de
1245 675 308 119 Nancy

521 790 249 77 174.
676 790 311 77 Quatre
894 790 342 77 dessins
1142 790 186 77 au
1236 790 342 77 crayon,
1484 790 249 77 sous
1639 790 186 77 le
1702 790 186 77 même

679 878 306 78 numéro.

736 979 171 95 M.
821 979 427 95 FOUILHOUSE,
1162 979 256 95 de
1304 979 370 95 St

523 1076 230 104 175.
667 1076 202 104 Vue
782 1076 173 104 du
869 1076 288 104 Valtin
1041 1076 317 104 (Vosges.)

527 1173 186 100 176.
643 1173 280 100 Environs
853 1173 140 100 de
923 1173 256 100 St-Dié,
1086 1173 326 100 idem

649 1282 166 89 M.
732 1282 388 89 PELLETIER,
1038 1282 361 89 (LAURENT)
1315 1282 250 89 de
1454 1282 305 89 Metz

524 1398 235 93 177.
671 1398 206 93 Une
788 1398 265 93 Forêt
965 1398 324 93 (dessin
1200 1398 176 93 au
1259 1398 294 93 crayon).

521 1488 217 67 178.
657 1488 217 67 Deux
792 1488 271 67 cadres
982 1488 353 67 contenant
1254 1488 136 67 4
1308 1488 271 67 études
1471 1488 271 67 (sépia).

518 1558 225 96 179.
659 1558 507 96 St-Gourhausen,
1081 1558 197 96 sur
1194 1558 169 96 le
1278 1558 225 96 Rhin
1391 1558 394 96 (aquarelle).

802 1670 157 104 M.
880 1670 366 104 MENESSIER,
1168 1670 235 104 de
1298 1670 288 104 Metz

521 1776 224 138 180.
661 1776 224 138 Deux
801 1776 280 138 cadres
997 1776 364 138 contenant
1277 1776 140 138 4
1333 1776 336 138 paysages
1557 1776 280 138 (sépia).

925 1893 245 79 M.
1007 1893 448 79 WAULTRIN.

522 2003 242 81 181.
673 2003 303 81 Entrée
885 2003 182 81 de
976 2003 727 81 St.-Nicolas-de-Port.
1612 2003 273 81 Route
1764 2003 121 81 de

718 2078 282 72 Nancy.
915 2078 197 72 (Un
1028 2078 226 72 jour
1169 2078 169 72 de
1225 2078 367 72 Pentecôte).

522 2153 238 90 182.
671 2153 208 90 Rue
790 2153 178 90 de
879 2153 178 90 la
968 2153 297 90 Douane
1147 2153 297 90 (Nancy).

524 2235 227 85 183.
666 2235 341 85 Lyverdun
921 2235 227 85 (sur
1064 2235 171 85 la
1120 2235 313 85 Moselle).

902 2329 138 94 M.
971 2329 208 94 VIAN,
1110 2329 208 94 de
1225 2329 277 94 Nancy

524 2453 237 67 184.
672 2453 266 67 Trois
850 2453 296 67 cadres
1057 2453 237 67 sous
1205 2453 177 67 le
1293 2453 237 67 même
1441 2453 325 67 numéro,
1648 2453 237 67 conte

718 2523 213 93 nant
852 2523 187 93 des
958 2523 373 93 miniatures
1252 2523 160 93 et
1305 2523 347 93 aquarelles.

591 2620 163 87 M.
672 2620 326 87 GUERARD,
917 2620 299 87 quai
1134 2620 326 87 Voltaire
1379 2620 163 87 5,
1461 2620 136 87 à
1488 2620 326 87 Paris

531 2724 217 96 185.
667 2724 244 96 L’eau
829 2724 298 96 bénite,
1019 2724 353 96 (aquarelle)
