2125 3447
756 757 868 112 OBSERVATIONS

595 864 175 106 Les
695 864 300 106 tableaux
920 864 125 106 à
969 864 300 106 l’huile,
1194 864 225 106 ainsi
1344 864 175 106 que
1444 864 175 106 les
1544 864 300 106 pastels,
1743 864 150 106 sont

527 948 266 93 placés
714 948 213 93 dans
847 948 160 93 la
927 948 319 93 première
1166 948 266 93 salle,
1353 948 160 93 en
1406 948 266 93 entrantx

594 1024 196 107 Les
706 1024 420 107 miniatures,
1042 1024 420 107 aquarelles,
1377 1024 308 107 dessins
1601 1024 140 107 à
1657 1024 168 107 la
1713 1024 224 107 plume-

527 1133 157 81 au
605 1133 289 81 crayon,
815 1133 236 81 etc.,
973 1133 210 81 sont
1104 1133 472 81 principalement
1497 1133 262 81 placés
1681 1133 184 81 sur
1760 1133 131 81 les

523 1207 319 86 panneaux
763 1207 160 86 du
842 1207 213 86 fond
975 1207 160 86 de
1055 1207 239 86 cette
1215 1207 319 86 première
1427 1207 213 86 salle.

586 1308 312 119 Nota
839 1308 117 119 Le
897 1308 156 119 (C).
995 1308 175 119 placé
1112 1308 97 119 à
1151 1308 117 119 la
1209 1308 175 119 suite
1326 1308 117 119 de
1384 1308 117 119 la
1443 1308 292 119 désignation
1677 1308 214 119 indique
1813 1308 78 119 le

540 1406 96 75 mot
582 1406 206 75 copie

1082 1852 248 87 AVIS.

588 1946 154 72 Les
676 1946 287 72 personnes
897 1946 154 72 qui
985 1946 353 72 désireraient
1272 1946 176 72 être
1382 1946 132 72 de
1448 1946 132 72 la
1514 1946 243 72 Société
1668 1946 221 72 lorraine

535 2040 161 66 des
627 2040 184 66 amis
742 2040 161 66 des
834 2040 207 66 arts,
973 2040 138 66 et
1042 2040 392 66 conséquemment
1364 2040 299 66 concourir
1595 2040 115 66 à
1618 2040 276 66 l’acquisi-

534 2104 184 55 tion
649 2104 138 55 de
718 2104 276 55 tableaux
925 2104 138 55 et
994 2104 230 55 autres
1155 2104 230 55 objets
1316 2104 230 55 d’arts
1477 2104 253 55 faisant
1661 2104 230 55 partie
1799 2104 92 55 de

534 2170 361 82 l’exposition,
831 2170 234 82 peuvent
1001 2170 297 82 s’inscrire
1235 2170 149 82 sur
1320 2170 127 82 le
1383 2170 255 82 registre
1574 2170 212 82 déposé
1723 2170 106 82 à
1744 2170 149 82 l’en-

539 2237 167 67 trée
643 2237 146 67 des
727 2237 209 67 salles
852 2237 313 67 d’exposition.

596 2309 228 85 Chaque
756 2309 228 85 action
915 2309 160 85 est
1007 2309 137 85 de
1075 2309 137 85 10
1121 2309 205 85 francs.

543 2399 196 76 Les
680 2399 196 76 objets
817 2399 196 76 acquis
954 2399 196 76 seront
1091 2399 215 76 ensuite
1248 2399 176 76 tirés
1365 2399 117 76 au
1424 2399 156 76 sort
1521 2399 176 76 entre
1639 2399 156 76 tous
1717 2399 176 76 les

1058 2483 310 76 actionnaires
