2081 3441
241 428 784 116 SOCIÉTÉ
740 428 713 116 LORRAINE

462 565 303 85 DES
674 565 242 85 AMIS
825 565 212 85 DES
916 565 333 85 ARTS.

328 764 681 138 EXPOSITION
889 764 240 138 DE
969 764 441 138 1843.

635 1035 336 111 Septième
859 1035 224 111 Année.

190 1309 159 94 M.
270 1309 266 94 ANDRÉ,
456 1309 399 94 peintre,
775 1309 186 94 rue
881 1309 186 94 des
988 1309 292 94 Carmes,
1200 1309 133 94 à
1227 1309 319 94 Nancy

227 1405 159 99 1.
307 1405 319 99 Portrait
546 1405 159 99 de
626 1405 159 99 M.
705 1405 159 99 D.
785 1405 292 99 V......
971 1405 292 99 (pastel).

232 1494 115 100 2.
289 1494 288 100 Idem
520 1494 115 100 de
578 1494 115 100 M.
636 1494 115 100 C.
693 1494 192 100 J....,
809 1494 269 100 idem

229 1575 135 82 3.
296 1575 292 82 L’Aumône,
498 1575 315 82 idem

232 1662 134 78 4.
299 1662 268 78 Portrait
499 1662 134 78 de
566 1662 134 78 M.
633 1662 223 78 C....,
767 1662 312 78 idem

230 1726 124 108 5.
292 1726 311 108 Idem
541 1726 124 108 de
603 1726 124 108 M.
666 1726 228 108 H.....,
811 1726 290 108 idem

226 1817 125 91 6.
289 1817 125 91 La
351 1817 271 91 Sorcière.
539 1817 292 91 idem

260 1900 195 87 «Le
372 1900 195 87 roi
483 1900 167 87 de
567 1900 279 87 trèfle
762 1900 223 87 vous
901 1900 307 87 annonce
1124 1900 167 87 un
1208 1900 223 87 beau
1319 1900 223 87 brun.»

221 1962 161 106 7.
302 1962 321 106 Portrait
542 1962 161 106 de
623 1962 321 106 M.......
837 1962 294 106 (pastel.)

546 2072 228 108 M.
660 2072 341 108 ANDRÉ
850 2072 303 108 JEUNE,

189 2171 418 97 professeur
534 2171 148 97 de
608 2171 246 97 dessin
780 2171 148 97 de
854 2171 320 97 machines,
1100 2171 172 97 11,
1198 2171 172 97 rue
1297 2171 148 97 de
1346 2171 197 97 la

711 2239 316 82 Pépinière

224 2315 161 99 8.
305 2315 375 99 Locomotive
600 2315 295 99 (dessin
814 2315 161 99 au
868 2315 241 99 lavis).

228 2402 129 90 9.
292 2402 258 90 Machine,
464 2402 300 90 idem

190 2486 201 87 10.
305 2486 229 87 Pont
448 2486 172 87 de
506 2486 315 87 Suresnes.

191 2566 210 79 11.
311 2566 180 79 La
401 2566 361 79 Chapelle
672 2566 180 79 de
762 2566 511 79 Notre-de-Dame
1182 2566 210 79 des
1273 2566 270 79 flammes

374 2631 346 83 (environs
640 2631 159 83 de
720 2631 292 83 Paris),
933 2631 372 83 construite
1225 2631 186 83 sur
1331 2631 159 83 le
1385 2631 159 83 lieu

372 2698 234 78 même
518 2698 175 78 de
606 2698 439 78 l’évènement
957 2698 175 78 du
1044 2698 146 78 8
1074 2698 175 78 mai.
