2121 3445
830 480 158 96 M.
909 480 315 96 BASTIEN,
1145 480 236 96 de
1276 480 289 96 Metz

515 562 200 96 12.
630 562 342 96 Portrait
886 562 171 96 de
972 562 200 96 Mme
1058 562 228 96 N.....

522 650 157 110 13.
611 650 336 110 Idem
880 650 134 110 de
947 650 134 110 M.
992 650 201 110 N......

678 747 171 127 M.
764 747 171 127 DE
850 747 486 127 ST-BEAUSSANT,
1250 747 229 127 à
1364 747 343 127 Nancy

916 836 311 95 Paysages
1165 836 124 95 au
1207 836 270 95 pastel

510 905 197 130 14.
622 905 197 130 Vue
735 905 253 130 d’une
904 905 253 130 ville
1072 905 197 130 des
1185 905 337 130 environs
1438 905 169 130 de
1494 905 225 130 Gènes.

508 1002 197 112 15.
620 1002 197 112 Une
733 1002 338 112 Chapelle
987 1002 282 112 ruinée
1184 1002 366 112 (environs
1465 1002 169 112 de
1522 1002 253 112 Gènes).

506 1090 208 90 16.
625 1090 208 90 Vue
744 1090 178 90 du
833 1090 327 90 château
1041 1090 327 90 d’Aulnoy.

503 1178 200 97 17.
618 1178 200 97 Vue
732 1178 258 97 prise
904 1178 200 97 sur
1018 1178 200 97 les
1133 1178 286 97 plages
1333 1178 172 97 de
1419 1178 172 97 la
1476 1178 401 97 Méditerranée

709 1233 243 92 (effet
879 1233 146 92 du
927 1233 194 92 soir).

503 1298 196 116 18.
615 1298 196 116 Vue
727 1298 251 116 d’une
894 1298 279 116 partie
1090 1298 168 116 de
1174 1298 168 116 la
1257 1298 363 116 Yungfrau,
1537 1298 251 116 prise
1704 1298 168 116 de
1760 1298 112 116 la

696 1395 265 88 vallée
881 1395 397 88 d’Unterseen
1199 1395 265 88 (effet
1384 1395 159 88 du
1437 1395 238 88 matin).

499 1474 200 87 19.
614 1474 200 87 Vue
728 1474 171 87 de
814 1474 171 87 la
899 1474 286 87 vallée
1099 1474 171 87 de
1156 1474 343 87 Meyringen.

499 1543 196 113 20.
611 1543 196 113 Vue
723 1543 168 113 du
807 1543 224 113 fond
946 1543 168 113 du
1030 1543 196 113 lac
1142 1543 168 113 de
1226 1543 280 113 Thunn,
1422 1543 280 113 vallée
1589 1543 280 113 d’Inter

695 1614 234 89 laken
851 1614 286 89 (soleil
1033 1614 312 89 couchant).

496 1686 196 88 21.
608 1686 196 88 Vue
720 1686 196 88 des
833 1686 337 88 environs
1085 1686 168 88 du
1169 1686 196 88 lac
1281 1686 168 88 de
1338 1686 252 88 Zurich.

501 1763 196 91 22.
613 1763 196 91 Vue
725 1763 168 91 du
809 1763 252 91 phare
977 1763 168 91 et
1061 1763 196 91 des
1173 1763 336 91 remparts
1424 1763 168 91 de
1508 1763 252 91 Gènes
1648 1763 224 91 (effet

700 1848 158 84 du
779 1848 263 84 soleil
936 1848 315 84 couchant).

501 1910 199 114 23.
614 1910 199 114 Vue
728 1910 256 114 prise
899 1910 199 114 sur
1013 1910 199 114 les
1126 1910 484 114 Hautes-Alpes,
1525 1910 228 114 près
1667 1910 171 114 de
1724 1910 142 114 Ro

672 1996 266 72 senlaui.

806 2074 199 104 Mlle
930 2074 298 104 BIRGLIN,
1154 2074 199 104 à
1253 2074 298 104 Nancy

492 2163 204 105 24.
608 2163 291 105 Oiseau
812 2163 320 105 (nature
1016 2163 262 105 morte).

492 2259 216 87 25.
585 2259 216 87 Geai.

892 2298 259 118 M.
978 2298 475 118 BONAMOUR.

489 2398 210 90 26.
579 2398 449 90 Saint

758 2495 230 84 M.
873 2495 383 84 VICTOR
1141 2495 230 84 DE
1218 2495 383 84 BOUILLÉ.

498 2564 194 125 27.
609 2564 250 125 Cadre
776 2564 388 125 renfermant
1080 2564 277 125 divers
1247 2564 277 125 croquis.

491 2674 193 97 28.
602 2674 165 97 Un
684 2674 276 97 enfant
877 2674 276 97 (terre
1043 2674 248 97 cuite).
