2117 3463
724 437 227 87 —
814 437 227 87 5
860 437 136 87 —

325 497 145 117 M.
397 497 242 117 CASSE,
567 497 363 117 peintre,
858 497 170 117 rue
955 497 436 117 Stanislas
1294 497 121 117 20.

191 613 190 100 29.
299 613 163 100 Le
381 613 271 100 Christ
570 613 244 100 (C.),
706 613 379 100 (miniature).

197 693 161 100 30.
289 693 298 100 Portraits
518 693 161 100 des
610 693 252 100 enfants
794 693 138 100 de
862 693 138 100 M.
931 693 252 100 B.....,
1092 693 321 100 idem

190 784 183 102 31.
294 784 392 102 Idem
608 784 157 102 de
686 784 183 102 Mme
791 784 235 102 C...,
947 784 157 102 de
1026 784 183 102 MM.
1130 784 287 102 M.....,
1313 784 235 102 B.....,

395 870 264 107 G......
587 870 288 107 C.......
780 870 336 107 (miniature).

459 957 188 103 Mme
567 957 349 103 CHARMEIL,
835 957 242 103 de
970 957 295 103 Metz

196 1052 190 103 32.
304 1052 299 103 Bouquet
522 1052 163 103 de
603 1052 326 103 pensées,
820 1052 380 103 (aquarelle).

202 1131 138 83 33.
281 1131 297 83 Idem
519 1131 297 83 d’anémones,
736 1131 277 83 idem

395 1208 175 84 Mme
495 1208 225 84 ADELE
645 1208 275 84 C.....,
845 1208 200 84 à
944 1208 400 84 Lunéville

195 1291 216 87 Neuf
330 1291 324 87 tableaux
572 1291 162 87 de
653 1291 270 87 fleurs
842 1291 431 87 (aquarelle),
1193 1291 216 87 sous
1327 1291 189 87 les
1408 1291 135 87 nos

257 1380 208 78 34,
376 1380 208 78 35,
495 1380 208 78 36,
615 1380 208 78 37,
734 1380 208 78 38,
853 1380 208 78 39,
972 1380 208 78 40,
1091 1380 179 78 41
1181 1380 179 78 et
1240 1380 149 78 42.

379 1460 151 88 M.
454 1460 226 88 CRAS,
605 1460 251 88 rue
781 1460 351 88 Chapelrue,
1057 1460 126 88 à
1082 1460 276 88 Metz

195 1542 200 94 43.
310 1542 172 94 Le
396 1542 257 94 Repos
567 1542 200 94 des
653 1542 286 94 bandits.

196 1631 188 110 44.
304 1631 242 110 Scène
465 1631 162 110 du
546 1631 269 110 bateau
734 1631 135 110 à
788 1631 296 110 vapeur,
1004 1631 162 110 le
1084 1631 162 110 18
1165 1631 296 110 octobre
1354 1631 188 110 1841,

390 1698 146 72 à
419 1698 205 72 Metz.

318 1772 158 87 M.
397 1772 289 87 DEDOME,
607 1772 263 87 rue
791 1772 368 87 St-Julien,
1080 1772 131 87 à
1106 1772 315 87 Nancy

194 1865 187 94 45.
301 1865 320 94 Portrait
541 1865 160 94 en
621 1865 213 94 pied
755 1865 160 94 de
835 1865 213 94 Mlle
942 1865 213 94 P.....

203 1947 159 94 46.
294 1947 342 94 Idem
568 1947 137 94 de
636 1947 137 94 M.
704 1947 159 94 Ed.
773 1947 159 94 P....

197 2027 193 88 47.
308 2027 330 88 Portrait
555 2027 165 88 de
638 2027 165 88 M.
693 2027 248 88 O......

206 2107 154 96 48.
294 2107 329 96 Idem
557 2107 132 96 de
623 2107 132 96 M.
667 2107 198 96 S......

203 2180 159 107 M.
282 2180 317 107 DEMANGE,
520 2180 449 107 Grande-Rue
890 2180 264 107 (ville
1074 2180 449 107 vieille),
1418 2180 132 107 76.

204 2296 178 86 49.
305 2296 229 86 Copie
458 2296 229 86 d’une
611 2296 204 86 tête
739 2296 153 86 de
815 2296 357 86 vieillard,
1095 2296 204 86 (C.)
1197 2296 357 86 (miniature.)

207 2373 162 70 50.
300 2373 209 70 Tête,
439 2373 255 70 d’après
624 2373 255 70 Rubens,
810 2373 185 70 (C.)
902 2373 325 70 idem

209 2450 155 96 51.
298 2450 200 96 Etude
431 2450 133 96 de
497 2450 288 96 vieillard
719 2450 177 96 (C.)
808 2450 310 96 idem

208 2533 158 79 52.
299 2533 271 79 Portrait
502 2533 135 79 de
570 2533 135 79 M.
637 2533 226 79 D.....
773 2533 316 79 idem

198 2612 170 86 53.
295 2612 365 86 Idem
587 2612 146 86 de
660 2612 170 86 Mme
757 2612 146 86 la
830 2612 292 86 comtesse
1049 2612 146 86 de
1121 2612 194 86 L...
1243 2612 194 86 (C.)
1340 2612 219 86 d’après

379 2709 169 67 un
463 2709 311 67 tableau
689 2709 141 67 à
746 2709 311 67 l’huile
972 2709 169 67 du
1056 2709 254 67 Musée
1226 2709 169 67 de
1282 2709 226 67 Nancy.
