1169 2189
551 15 47 55 —
569 15 47 55 7
579 15 28 55 —

21 77 133 49 21734
110 77 251 49 GARNIER-PAGÈS
317 77 118 49 (Ét.
391 77 118 49 Jos.
465 77 163 49 Louis),
583 77 163 49 célèbre
701 77 148 49 député
804 77 89 49 et
849 77 163 49 orateur
952 77 148 49 libéral;

128 123 75 39 un
165 123 87 39 des
215 123 112 39 chefs
290 123 75 39 du
327 123 112 39 parti
402 123 187 39 républicain
552 123 100 39 sous
615 123 237 39 Louis-Philippe.
815 123 112 39 L.
890 123 75 39 a.
927 123 125 39 s.
1015 123 75 39 au
1040 123 62 39 ré-

131 157 115 41 dacteur
214 157 63 41 du
246 157 210 41 Moniteur
424 157 84 41 sig.
476 157 94 41 aussi
539 157 73 41 par
581 157 168 41 Cabet
717 157 63 41 et
749 157 241 41 Laboissière;
958 157 63 41 29
990 157 84 41 août
1032 157 73 41 1832,

119 188 118 41 3/4
186 188 101 41 de
237 188 101 41 p.
287 188 151 41 in-4.
388 188 151 41 Belle
489 188 168 41 pièce.
607 188 84 41 4
624 188 50 41 »

131 220 116 56 21735
208 220 129 56 GOETHE
299 220 90 56 (J.
350 220 103 56 W.),
415 220 77 56 un
453 220 90 56 des
505 220 103 56 plus
569 220 129 56 grands
660 220 129 56 génies
750 220 193 56 littéraires
905 220 77 56 de
930 220 181 56 l’Allemagne.

119 262 114 36 L.
195 262 139 36 s.
296 262 101 36 avec
360 262 76 36 la
398 262 177 36 souscript.
537 262 114 36 aut.;
613 262 139 36 Weimar,
714 262 63 36 9
739 262 114 36 févr.
815 262 114 36 1819,
891 262 63 36 1
916 262 76 36 p.
954 262 114 36 in-4.
1017 262 89 36 Belle

99 295 491 43 lettre.
457 295 268 43 11
546 295 134 43 »

131 322 125 46 21736
214 322 152 46 GOUVION
325 322 97 46 (J.
380 322 111 46 B.),
450 322 235 46 major-général
643 322 83 46 de
685 322 83 46 la
726 322 125 46 garde
809 322 180 46 nationale
948 322 83 46 de
989 322 125 46 Paris
1059 322 55 46 en

132 360 111 43 1789,
206 360 123 43 député
292 360 62 43 à
317 360 185 43 l’Assemblée
465 360 197 43 législative,
625 360 86 43 tué
674 360 74 43 en
711 360 111 43 1792.
785 360 111 43 L.
859 360 74 43 a.
896 360 123 43 s.
983 360 62 43 à
995 360 111 43 Palloy;

127 401 73 39 19
163 401 109 39 févr.
236 401 109 39 1792,
309 401 61 39 2
333 401 73 39 p.
370 401 109 39 in-4.
442 401 109 39 Belle
515 401 134 39 lettre.
612 401 61 39 3
625 401 36 39 »

133 432 122 44 21737
215 432 135 44 GREUZE
309 432 95 44 (J.
363 432 108 44 B.),
431 432 81 44 un
472 432 95 44 des
526 432 162 44 peintres
647 432 95 44 les
701 432 108 44 plus
769 432 162 44 célèbres
891 432 81 44 du
918 432 189 44 dix

122 472 160 46 siècle.
239 472 145 46 Dessin
341 472 189 46 original,
486 472 73 46 à
515 472 87 46 la
559 472 145 46 plume,
660 472 233 46 représentant
849 472 160 46 l’amour
951 472 160 46 vainqueur

135 505 62 44 de
166 505 62 44 la
197 505 103 44 force,
269 505 93 44 in-4.
331 505 62 44 12
352 505 31 44 »

124 535 125 44 21738
207 535 125 44 GRIMM
291 535 278 44 (Jacques-Louis),
527 535 83 44 un
569 535 97 44 des
625 535 111 44 plus
694 535 139 44 grands
791 535 209 44 philologues
958 535 83 44 de
986 535 125 44 l’Alle-

126 565 131 48 magne,
218 565 144 48 associé
323 565 157 48 étranger
440 565 79 48 de
480 565 197 48 l’Institut.
637 565 118 48 L.
716 565 79 48 a.
755 565 131 48 s.
847 565 66 48 à
873 565 79 48 M.
912 565 144 48 Gœdeke;
1017 565 66 48 7
1030 565 79 48 mars

127 611 117 48 1851,
205 611 65 48 2
231 611 78 48 p.
270 611 91 48 3/4
322 611 117 48 in-4,
400 611 143 48 cachet.
505 611 208 48 Rare
674 611 65 48 9
687 611 39 48 »

154 636 167 50 Superbe
276 636 91 50 et
321 636 244 50 intéressante
519 636 167 50 épître,
641 636 137 50 toute
732 636 183 50 relative
869 636 107 50 aux
930 636 183 50 légendes
1052 636 61 50 du

124 684 117 42 moyen
202 684 91 42 âge
254 684 104 42 dont
319 684 91 42 lui
371 684 78 42 et
409 684 91 42 son
461 684 117 42 frère
539 684 130 42 surent
630 684 130 42 tirer,
721 684 104 42 dans
786 684 117 42 leurs
864 684 246 42 Contes,
1058 684 52 42 un

126 711 77 50 si
165 711 168 50 excellent
281 711 103 50 parti.

134 731 129 63 21739.
225 731 116 63 GRIMM
302 731 142 63 (Guill.
405 731 116 63 Ch.),
483 731 129 63 savant
573 731 181 63 philologue
715 731 168 63 allemand,
845 731 116 63 frère
922 731 78 63 du
948 731 155 63 précédent,

123 788 99 45 avec
184 788 123 45 lequel
270 788 74 45 il
307 788 123 45 publia
394 788 86 45 les
443 788 160 45 Contes
566 788 74 45 de
603 788 172 45 l’enfance.
739 788 74 45 L.
775 788 74 45 a.
812 788 135 45 s.
911 788 135 45 Berlin,
1009 788 74 45 22
1034 788 74 45 déc.

128 820 103 40 1850,
196 820 80 40 1/2
242 820 69 40 p.
276 820 103 40 in-8.
345 820 114 40 Peu
425 820 171 40 commun
562 820 57 40 4
573 820 46 40 50

132 851 122 46 21740
214 851 135 46 GUÉRIN
308 851 203 46 (François),
471 851 189 46 professeur
620 851 203 46 d’éloquence
782 851 81 46 au
823 851 149 46 collège
931 851 81 46 de
958 851 149 46 Beauvais,

132 891 184 44 raducteur
273 891 85 44 de
315 891 184 44 Tite-Live
457 891 85 44 et
499 891 85 44 de
541 891 155 44 Tacite,
654 891 85 44 né
697 891 85 44 en
739 891 184 44 Touraine.
880 891 113 44 Reçu
951 891 113 44 aut.
1007 891 99 44 sig.:

130 923 109 45 Paris
203 923 109 45 1730,
275 923 61 45 1
300 923 73 45 p.
336 923 97 45 in-8
396 923 133 45 oblong.
493 923 61 45 2
506 923 48 45 50

133 959 130 40 21741
219 959 187 40 HAHNEMANN
363 959 187 40 (Samuel),
507 959 158 40 célèbre
622 959 158 40 médecin
738 959 187 40 allemand,
882 959 187 40 fondateur
1026 959 86 40 de
1054 959 58 40 la

125 992 148 46 doctrine
236 992 222 46 homœopathique.
421 992 111 46 L.
495 992 74 46 a.
532 992 136 46 s.
630 992 173 46 Eilenburg,
766 992 62 46 8
790 992 123 46 juill.
877 992 111 46 1803,
951 992 86 46 1/2
1000 992 74 46 p.
1025 992 86 46 in

129 1026 96 48 Jolie
194 1026 107 48 pièce.
269 1026 161 48 Rare
397 1026 54 48 7
408 1026 32 48 »

137 1059 114 47 21742.
217 1059 103 47 HALES
285 1059 160 47 (Étienne),
411 1059 137 47 illustre
514 1059 149 47 physicien
629 1059 69 47 et
663 1059 172 47 naturaliste
800 1059 137 47 anglais.
903 1059 103 47 L.
972 1059 69 47 a.
1006 1059 114 47 s.
1075 1059 34 47 à

130 1102 84 37 M.
172 1102 140 37 Byrch;
270 1102 210 37 Reddington,
437 1102 84 37 27
479 1102 112 37 juin
549 1102 126 37 1753,
633 1102 70 37 2
661 1102 84 37 p.
703 1102 126 37 in-4.
787 1102 196 37 Très-belle
940 1102 84 37 et
968 1102 140 37 intéres-

119 1131 213 42 sante
261 1131 260 42 lettre.
451 1131 379 42 Rare
759 1131 142 42 12
806 1131 71 42 »

123 1172 122 35 21743
205 1172 149 35 HERSENT
314 1172 163 35 (Louis),
436 1172 149 35 célèbre
545 1172 149 35 peintre
653 1172 204 35 d’histoire,
816 1172 136 35 membre
911 1172 82 35 de
938 1172 177 35 l’Institut.

125 1205 115 40 L.
202 1205 76 40 a.
240 1205 127 40 s.
329 1205 64 40 à
354 1205 178 40 Brascassat
494 1205 89 40 (le
545 1205 140 40 célèbre
647 1205 140 40 peintre
749 1205 191 40 d’animaux);
901 1205 127 40 Paris,
990 1205 76 40 28
1016 1205 89 40 févr.

135 1236 104 45 1858,
205 1236 58 45 1
228 1236 69 45 p.
263 1236 81 45 pl.
309 1236 116 45 in-8.»
390 1236 58 45 2
402 1236 46 45 25

129 1268 123 48 21744
211 1268 164 48 HOFFMANN
334 1268 95 48 (E.
388 1268 95 48 Th.
443 1268 164 48 Guill.),
566 1268 150 48 célèbre
675 1268 164 48 écrivain
797 1268 177 48 allemand,
934 1268 164 48 l’auteur
1043 1268 68 48 des

131 1305 181 42 Contes.
273 1305 77 42 L.
312 1305 77 42 a.
351 1305 129 42 s.
441 1305 65 42 à
467 1305 77 42 M.
505 1305 181 42 Villmanns;
647 1305 142 42 Berlin,
751 1305 77 42 12
789 1305 116 42 févr.
867 1305 103 42 1822
931 1305 77 42 (4
970 1305 103 42 mois
1022 1305 90 42 avant

134 1339 70 50 sa
169 1339 117 50 mort),
251 1339 59 50 1
275 1339 70 50 p.
310 1339 82 50 pl.
357 1339 105 50 in-4.
427 1339 105 50 Belle
498 1339 129 50 lettre.
591 1339 70 50 10
615 1339 35 50 »

137 1375 107 45 21745
209 1375 143 45 HOUCHARD
316 1375 83 45 (J.
364 1375 119 45 Nié.),
447 1375 131 45 célèbre
543 1375 131 45 général
638 1375 72 45 en
674 1375 95 45 chef
733 1375 72 45 de
769 1375 131 45 l’armée
865 1375 72 45 du
889 1375 83 45 Rhin,

133 1416 136 36 décapité
235 1416 68 36 en
269 1416 102 36 1793.
337 1416 102 36 L.
405 1416 113 36 s.
484 1416 68 36 au
518 1416 159 36 cit.Nestor
643 1416 136 36 Merriau;
745 1416 159 36 Gaverelle,
870 1416 79 36 1er
904 1416 79 36 sept.

125 1446 145 42 1793,
221 1446 113 42 3/4
286 1446 97 42 de
334 1446 97 42 p.
382 1446 145 42 in-4.
479 1446 145 42 Belle
576 1446 177 42 lettre.
704 1446 258 42 Rare
914 1446 80 42 7
930 1446 48 42 »

132 1471 109 51 21746
205 1471 122 51 HOUDIN
290 1471 158 51 (Robert),
412 1471 73 51 le
448 1471 134 51 célèbre
545 1471 255 51 prestidigitateur.
764 1471 109 51 L.
837 1471 73 51 a.
874 1471 134 51 s.
971 1471 61 51 1
995 1471 73 51 p.
1020 1471 97 51 in

542 1512 574 43 1
657 1512 459 43 75

140 1547 120 51 21747
220 1547 107 51 HUET
286 1547 174 51 (Daniel),
420 1547 80 51 le
460 1547 133 51 savant
553 1547 133 51 évêque
647 1547 214 51 d’Avranches,
820 1547 133 51 membre
914 1547 80 51 de
954 1547 147 51 l’Acad.
1047 1547 67 51 fr.

134 1582 104 46 L.
204 1582 69 46 a.
238 1582 116 46 s.
319 1582 69 46 (à
354 1582 139 46 Ménage);
458 1582 116 46 Aunay,
539 1582 69 46 27
574 1582 92 46 août
632 1582 104 46 1684,
701 1582 58 46 3
724 1582 69 46 p.
759 1582 81 46 1/2
805 1582 92 46 pet.
863 1582 104 46 in-4.
932 1582 69 46 32
955 1582 35 46 »

138 1624 172 40 Très-belle
273 1624 123 40 lettre
359 1624 86 40 qui
409 1624 135 40 respire
507 1624 74 40 la
544 1624 111 40 bonté
618 1624 74 40 et
655 1624 74 40 la
692 1624 123 40 raison
778 1624 74 40 de
815 1624 111 40 Huet,
888 1624 74 40 et
925 1624 74 40 où
950 1624 49 40 il

137 1659 167 45 intercède
265 1659 128 45 auprès
355 1659 77 45 de
394 1659 128 45 Ménage
484 1659 77 45 en
522 1659 128 45 faveur
612 1659 103 45 d’un
676 1659 77 45 M.
715 1659 77 45 de
753 1659 180 45 Monchamps,
894 1659 90 45 son
933 1659 64 45 dé-

131 1692 130 44 biteur.
226 1692 71 44 Il
261 1692 83 44 lui
308 1692 106 44 donne
379 1692 130 44 ensuite
474 1692 83 44 des
521 1692 154 44 nouvelles
639 1692 189 44 littéraires,
793 1692 71 44 et
828 1692 83 44 lui
876 1692 106 44 parle
935 1692 47 44 de

135 1727 121 45 leur
210 1727 106 45 ami
271 1727 91 45 Du
316 1727 166 45 Périer,
437 1727 91 45 de
482 1727 91 45 M.
528 1727 166 45 Lemoyne
633 1727 91 45 etc.

131 1766 124 42 21748
214 1766 151 42 HUMBERT
324 1766 220 42 (Sébastien),
503 1766 138 42 député
599 1766 83 42 de
641 1766 83 42 la
682 1766 124 42 Meuse
765 1766 69 42 à
792 1766 83 42 la
834 1766 207 42 Convention,
999 1766 110 42 puis
1054 1766 55 42 au

139 1792 140 54 Conseil
241 1792 89 54 des
292 1792 190 54 Cinq-Cents.
444 1792 114 54 L.
520 1792 76 54 a.
558 1792 127 54 s.
647 1792 63 54 à
673 1792 76 54 un
711 1792 76 54 de
749 1792 89 54 ses
800 1792 178 54 collègues;
939 1792 127 54 Paris,
1028 1792 63 54 9
1041 1792 76 54 mes-

136 1833 111 53 sidor
210 1833 74 53 an
247 1833 87 53 II,
297 1833 62 53 1
321 1833 74 53 p.
359 1833 111 53 in-4.
420 1833 50 53 3»

956 1854 158 53 plusieurs

171 1841 171 74 Curieuse
299 1841 157 74 épître,
413 1841 85 74 où
455 1841 85 74 il
498 1841 100 74 lui
555 1841 157 74 annonce
669 1841 85 74 la
712 1841 114 74 mise
783 1841 85 74 en
825 1841 157 74 liberté
925 1841 57 74 de

139 1897 108 53 bons
206 1897 175 53 patriotes
341 1897 81 53 de
381 1897 256 53 Bar-sur-Ornain,
596 1897 81 53 et
637 1897 94 53 lui
691 1897 108 53 fait
758 1897 108 53 part
825 1897 81 53 de
866 1897 81 53 la
906 1897 121 53 prise
987 1897 81 53 de
1014 1897 94 53 Char

121 1944 104 42 leroi.

127 1945 110 72 21749
200 1945 122 72 JASMIN
286 1945 171 72 (Jacques),
420 1945 73 72 le
457 1945 134 72 célèbre
555 1945 110 72 poëte
628 1945 134 72 d’Agen.
726 1945 110 72 L.
799 1945 73 72 a.
836 1945 122 72 s.
921 1945 61 72 à
946 1945 73 72 M.
983 1945 98 72 ...;
1031 1945 86 72 Agen,

139 2010 60 47 6
163 2010 96 47 oct.
223 2010 108 47 1856,
295 2010 60 47 1
319 2010 72 47 p.
356 2010 84 47 pl.
404 2010 108 47 in-8.
476 2010 60 47 4
488 2010 36 47 »

166 2037 87 57 Il
209 2037 87 57 le
252 2037 174 57 remercie
383 2037 87 57 de
426 2037 101 57 lui
484 2037 130 57 avoir
571 2037 130 57 dédié
658 2037 87 57 un
702 2037 159 57 morceau
818 2037 87 57 de
861 2037 174 57 musique,
992 2037 116 57 bien
1050 2037 72 57 que

136 2081 84 38 le
178 2081 97 38 nom
234 2081 125 38 d’une
317 2081 97 38 des
373 2081 153 38 grandes
484 2081 237 38 illustrations
679 2081 84 38 de
721 2081 125 38 Paris
805 2081 97 38 eût
860 2081 97 38 été
916 2081 111 38 plus
986 2081 125 38 digne
1055 2081 56 38 de

132 2107 86 52 sa
175 2107 171 52 dédicace
303 2107 114 52 «que
374 2107 86 52 le
417 2107 100 52 nom
474 2107 114 52 d’un
546 2107 143 52 simple
646 2107 129 52 poëte
731 2107 186 52 populaire
874 2107 86 52 de
917 2107 86 52 la
946 2107 171 52 province.»
