1187 2202
556 11 92 60 —
592 11 92 60 9
611 11 55 60 —

141 61 124 60 21764
224 61 192 60 MACPHERSON
375 61 165 60 (James),
498 61 206 60 littérateur
663 61 165 60 écossais
787 61 82 60 du
828 61 220 60 dix-huitième
992 61 124 60 siècle;

142 124 137 39 célèbre
241 124 87 39 par
291 124 75 39 la
328 124 187 39 publication
478 124 87 39 des
527 124 162 39 Poèmes
652 124 162 39 d’Ossian.
776 124 75 39 L.
814 124 75 39 a.
851 124 124 39 s.
938 124 62 39 à
963 124 75 39 M.
1001 124 75 39 J.
1025 124 100 39 Black-

147 147 100 46 burn;
214 147 56 46 9
236 147 89 46 déc.
292 147 100 46 1783,
359 147 78 46 3/4
403 147 67 46 de
437 147 67 46 p.
470 147 100 46 in-4.
537 147 234 46 Très-rare
737 147 67 46 25
760 147 33 46 »

148 173 116 55 21765
226 173 116 55 MANIN
303 173 168 55 (Daniel),
433 173 155 55 illustre
549 173 155 55 patriote
665 173 168 55 vénitien,
795 173 168 55 promoteur
924 173 78 55 de
963 173 142 55 l’unité
1053 173 78 55 ila-

143 223 142 49 lienne.
247 223 117 49 L.
324 223 78 49 a.
363 223 129 49 s.
454 223 78 49 au
493 223 78 49 Dr
531 223 168 49 Bernardi;
661 223 78 49 17
700 223 104 49 juin
764 223 117 49 1839,
842 223 65 49 1
868 223 78 49 p.
907 223 91 49 pl.
959 223 117 49 in-8.
1023 223 104 49 Légère

154 255 89 47 tache.
217 255 81 47 Jolie
270 255 98 47 lettre.
342 255 143 47 Rare
458 255 54 47 15
476 255 27 47 »

149 269 115 66 21766
226 269 115 66 MARIE
302 269 178 66 LECZINSKA,
442 269 115 66 reine
519 269 76 66 de
557 269 140 66 France,
659 269 115 66 femme
735 269 76 66 de
773 269 115 66 Louis
850 269 89 66 XV.
901 269 115 66 L.
977 269 127 66 a.
1066 269 64 66 à
1079 269 51 66 la

148 326 183 40 dluchesse
288 326 84 40 de
331 326 197 40 Ventadour;
485 326 84 40 ce
527 326 98 40 24,
583 326 70 40 1
611 326 84 40 p.
654 326 126 40 in-4,
738 326 154 40 cachets
850 326 84 40 et
892 326 140 40 soies.
991 326 84 40 Le
1019 326 112 40 papier

147 363 115 49 blanc
224 363 128 49 enlevé
313 363 179 49 au-dessous
454 363 77 49 de
492 363 77 49 la
530 363 153 49 dernière
645 363 115 49 ligne
722 363 77 49 de
760 363 77 49 la
798 363 89 49 1re
850 363 115 49 page.
926 363 77 49 12
952 363 38 49 »

175 399 200 40 Très-jolie
332 399 157 40 lettre.
446 399 72 40 —
475 399 114 40 Elle
547 399 72 40 a
575 399 100 40 une
632 399 86 40 de
675 399 100 40 ses
733 399 157 40 petites
847 399 157 40 malade.
961 399 100 40 «On
1019 399 100 40 n’a
1061 399 72 40 que

145 432 108 51 des
206 432 154 51 peines
314 432 123 51 dans
391 432 92 51 ce
437 432 154 51 vilain
545 432 154 51 monde,
653 432 123 51 mais
730 432 123 51 Dieu
807 432 139 51 merci
900 432 123 51 nous
977 432 92 51 ne
1008 432 123 51 sommes

155 468 116 52 point
233 468 103 52 fait
297 468 103 52 pour
362 468 65 52 i
375 468 155 52 rester...»

152 481 122 62 21767
234 481 122 62 MARIO
316 481 163 62 (Joseph,
438 481 150 62 marquis
547 481 82 62 de
587 481 150 62 CAndIA,
696 481 122 62 dit),
778 481 150 62 célèbre
886 481 163 62 chanteur
995 481 136 62 italien.

142 547 152 44 L.
244 547 102 44 a.
294 547 186 44 s.
430 547 152 44 1846,
531 547 85 44 1
565 547 102 44 p.
616 547 152 44 in-8.
717 547 85 44 3
751 547 85 44 »

149 576 112 38 21768
223 576 150 38 MARMONT,
336 576 87 38 duc
386 576 75 38 de
423 576 137 38 Raguse,
523 576 150 38 maréchal
636 576 75 38 de
673 576 137 38 France.
773 576 112 38 L.
848 576 75 38 a.
886 576 125 38 s.
973 576 62 38 à
998 576 75 38 sa
1023 576 100 38 femme;

149 611 297 46 quartier-général
402 611 89 46 de
446 611 178 46 Brescia,
580 611 74 46 4
610 611 223 46 vendémiaire
788 611 89 46 an
833 611 104 46 IX;
892 611 74 46 1
922 611 89 46 p.
967 611 134 46 in-4,
1041 611 89 46 tête

154 647 81 45 impr.
208 647 45 45 5
217 647 27 45 »

176 685 129 42 Jolie
262 685 158 42 lettre,
376 685 86 42 où
419 685 86 42 il
462 685 100 42 lui
519 685 158 42 annonce
634 685 100 42 que
691 685 86 42 le
734 685 158 42 général
849 685 143 42 Moreau
949 685 129 42 vient
1035 685 86 42 de
1063 685 72 42 si-

157 720 107 42 gner
223 720 80 42 un
263 720 174 42 armistice
397 720 80 42 de
437 720 80 42 45
477 720 133 42 jours,
570 720 93 42 qui
624 720 93 42 les
677 720 93 42 met
731 720 80 42 en
771 720 187 42 possession
917 720 80 42 de
957 720 120 42 trois
1024 720 107 42 places

153 749 223 47 importantes
317 749 208 47 d’Allemagne,

162 788 92 44 21769
223 788 82 44 MÈNE
275 788 195 44 (Pierre-Jules),
439 788 103 44 habile
511 788 144 44 sculpteur,
624 788 92 44 connu
686 788 72 44 par
727 788 72 44 ses
768 788 113 44 groupes
840 788 82 44 d’ani-

154 818 100 54 maux.
220 818 100 54 L.
287 818 66 54 a.
320 818 122 54 s.
409 818 66 54 21
442 818 100 54 avril
508 818 100 54 1859,
575 818 55 54 1
597 818 66 54 p.
630 818 77 54 pl.
674 818 100 54 in-8.
741 818 55 54 2
752 818 44 54 75

153 837 110 66 21770
226 837 159 66 MÉTASTASE
349 837 159 66 (Pierre),
471 837 73 66 le
508 837 98 66 plus
569 837 110 66 grand
642 837 110 66 poëte
716 837 171 66 dramatique
850 837 73 66 de
887 837 159 66 l’Italie.
997 837 135 66 L.

160 890 60 53 a.
200 890 66 53 s.
247 890 33 53 à
260 890 40 53 M.
280 890 73 53 Stelio,
333 890 33 53 à
346 890 73 53 Venise;
399 890 73 53 Vienne,
452 890 40 53 29
472 890 53 53 nov.
505 890 60 53 1735,
545 890 33 53 3
558 890 40 53 p.
578 890 46 53 pl.
605 890 60 53 in-4,
638 890 33 53 ca-

153 924 96 54 chet.
217 924 96 54 Belle
281 924 107 54 pièce.
356 924 64 54 32
377 924 32 54 »

180 941 165 63 Curieuse
304 941 151 63 épître,
414 941 137 63 écrite
510 941 82 63 de
551 941 151 63 Vienne,
661 941 82 63 où
702 941 82 63 il
743 941 206 63 remplissait
908 941 137 63 auprès
1004 941 82 63 de
1032 941 96 63 l’em-

156 998 128 41 pereur
246 998 140 41 Charles
348 998 77 41 VI
386 998 89 41 les
437 998 166 41 fonctions
564 998 77 41 de
603 998 153 41 poeta
717 998 204 41 cesareo
883 998 64 41 —
909 998 166 41 Métastase
1023 998 115 41 raconte

145 1032 75 51 à
175 1032 105 51 son
235 1032 105 51 ami
296 1032 136 51 qu’il
386 1032 136 51 vient
476 1032 90 51 de
521 1032 181 51 composer
657 1032 105 51 des
717 1032 196 51 sérénades
868 1032 120 51 pour
943 1032 90 51 sa
973 1032 166 51 maîtresse

146 1064 86 43 et
189 1064 115 43 pour
261 1064 86 43 la
304 1064 273 43 grande-duchesse
534 1064 86 43 de
577 1064 173 43 Toscane,
707 1064 86 43 et
750 1064 101 43 lui
807 1064 158 43 demande
922 1064 86 43 ce
965 1064 129 43 qu’il
1037 1064 101 43 fait.

155 1100 238 42 «Ecrivez-moi,
351 1100 154 42 dit-il,
463 1100 84 42 si
505 1100 196 42 Bettinelli
660 1100 98 42 est
716 1100 154 42 vivant,
828 1100 84 42 et
870 1100 238 42 informez-vous
1052 1100 84 42 s’il

160 1133 102 33 eut
219 1133 116 33 être
291 1133 116 33 mort
364 1133 116 33 pour
437 1133 116 33 moi,
510 1133 102 33 car
568 1133 116 33 dans
641 1133 87 33 ce
685 1133 102 33 cas
743 1133 87 33 je
787 1133 131 33 ferai
874 1133 160 33 chanter
990 1133 102 33 une
1034 1133 102 33 messe

157 1158 79 49 le
196 1158 236 49 requiem
393 1158 105 49 pour
458 1158 92 49 son
511 1158 131 49 âme...
603 1158 79 49 Je
642 1158 118 49 crois
721 1158 92 49 que
773 1158 79 49 le
812 1158 105 49 cher
878 1158 157 49 seigneur
983 1158 157 49 Bettinelli

149 1190 96 43 est
204 1190 124 43 fâché
287 1190 138 43 contre
383 1190 96 43 moi
438 1190 124 43 parce
521 1190 96 43 que
576 1190 110 43 j’ai
645 1190 138 43 refusé
741 1190 138 43 d’être
837 1190 151 43 parrain
947 1190 110 43 d’un
1016 1190 110 43 fils
1071 1190 69 43 qui

151 1219 96 45 lui
206 1219 96 45 est
261 1219 82 45 né
302 1219 151 45 l’année
398 1219 164 45 passée...»

159 1251 108 65 21771
231 1251 156 65 MIRECOURT
350 1251 132 65 (Eugène
446 1251 96 65 de),
506 1251 179 65 littérateur
650 1251 72 65 et
685 1251 203 65 pamphlétaire.
853 1251 108 65 L.
925 1251 72 65 a.
961 1251 132 65 s.
1044 1251 84 65 1857.

177 1298 38 48 1
193 1298 45 48 p.
215 1298 68 48 in-8.
260 1298 38 48 1
268 1298 30 48 50

148 1341 124 47 21772
231 1341 206 47 MITTERMAIER
396 1341 110 47 (Ch.
464 1341 110 47 Jos.
533 1341 137 47 Ant.),
629 1341 151 47 célèbre
739 1341 234 47 jurisconsulte
932 1341 82 47 et
973 1341 124 47 homme
1042 1341 96 47 poli-

148 1378 117 36 tique
226 1378 156 36 allemand
343 1378 221 36 correspondant
525 1378 78 36 de
564 1378 195 36 l’Institut.
721 1378 117 36 L.
799 1378 78 36 a.
838 1378 130 36 s.
929 1378 78 36 en
968 1378 169 36 français,
1085 1378 52 36 au

156 1411 203 45 général...;
319 1411 203 45 Heidelberg,
482 1411 81 45 13
523 1411 109 45 nov.
590 1411 122 45 1833,
672 1411 68 45 2
699 1411 81 45 p.
740 1411 95 45 1/4
794 1411 122 45 in-4.
875 1411 190 45 Très-belle
1011 1411 122 45 lettre.

1039 1443 100 38 3
1059 1443 80 38 50

150 1476 108 45 21773
222 1476 132 45 MONTEIL
318 1476 132 45 (Alexis
415 1476 96 45 de),
475 1476 144 45 l’auteur
583 1476 72 45 de
619 1476 204 45 l'Histoire
787 1476 84 45 des
835 1476 156 45 Français.
956 1476 72 45 L.
992 1476 72 45 a.
1028 1476 120 45 s.
1100 1476 36 45 à

148 1517 87 49 M.
192 1517 291 49 Pitre-Chevalier;
439 1517 146 49 Passy,
541 1517 87 49 10
585 1517 116 49 août
658 1517 131 49 1839,
745 1517 87 49 2.
789 1517 87 49 p.
832 1517 102 49 pl.
891 1517 131 49 in-4.
963 1517 175 49 Très

158 1547 81 48 lettre.
216 1547 37 48 3
224 1547 29 48 50

157 1585 111 49 21774
231 1585 111 49 MURAT
305 1585 173 49 (Joachim),
441 1585 87 49 roi
491 1585 74 49 de
528 1585 136 49 Naples,
627 1585 136 49 fusillé
726 1585 74 49 en
763 1585 111 49 1815.
838 1585 111 49 L.
912 1585 74 49 a.
949 1585 136 49 s.
1036 1585 99 49 Paris,

147 1621 72 49 4
175 1621 174 49 germinal
306 1621 87 49 an
349 1621 130 49 VIII,
436 1621 72 49 2
465 1621 87 49 p.
509 1621 130 49 in-4,
596 1621 116 49 vig.
668 1621 87 49 et
712 1621 116 49 tête
784 1621 130 49 impr.
871 1621 130 49 Belle
958 1621 145 49 pièce.
1060 1621 87 49 20
1089 1621 43 49 »

101 1661 96 37 Il
149 1661 176 37 demande
277 1661 96 37 la
325 1661 303 37 sous-préfecture
580 1661 240 37 d’Abbeville
772 1661 128 37 pour
852 1661 96 37 le
899 1661 128 37 cit.
979 1661 144 37 André
1059 1661 80 37 Du-

153 1693 110 39 mont
222 1693 96 39 (le
277 1693 151 39 célèbre
386 1693 260 39 conventionnel).
605 1693 96 39 «Je
660 1693 82 39 le
701 1693 151 39 connais
811 1693 288 39 particulièrement,
1044 1693 82 39 dit-

146 1729 97 41 il.
202 1729 83 41 Il
243 1729 97 41 m’a
299 1729 153 41 souvent
410 1729 125 41 rendu
494 1729 167 41 service:
619 1729 83 41 je
660 1729 195 41 désirerais
813 1729 70 41 à
841 1729 97 41 mon
897 1729 111 41 tour
966 1729 153 41 pouvoir
1064 1729 70 41 lui

156 1759 102 45 être
207 1759 141 45 utile...»

158 1798 112 47 21775
232 1798 162 47 O’CONNELL
357 1798 187 47 (Daniel),le
506 1798 137 47 célèbre
606 1798 162 47 agitateur
730 1798 75 47 de
768 1798 174 47 l’Irlande.
905 1798 112 47 L.
980 1798 75 47 a.
1017 1798 125 47 s.
1092 1798 37 47 à

519 1841 65 38 M.
552 1841 130 38 Miffall;
649 1841 65 38 11
682 1841 109 38 juill.
758 1841 98 38 1842,
823 1841 54 38 1
845 1841 65 38 p.
877 1841 98 38 in-8.
943 1841 174 38 Rare
1084 1841 54 38 9
1095 1841 43 38 50

514 1872 70 65 21776
561 1872 85 65 ORLÉANS
623 1872 109 65 (Philippe,
709 1872 54 65 duc
740 1872 62 65 d’),
778 1872 78 65 régent
833 1872 47 65 de
856 1872 85 65 France.
918 1872 70 65 L.
965 1872 70 65 s.
1012 1872 54 65 (au
1043 1872 93 65 maréchal
1105 1872 31 65 de

160 1911 103 49 Villars?);
241 1911 74 49 Marly,
292 1911 44 49 20
314 1911 74 49 juill.
366 1911 66 49 1713,
410 1911 37 49 1
424 1911 44 49 p.
446 1911 66 49 in-4.
491 1911 37 49 5
498 1911 22 49 »

180 1934 121 77 Jolie
260 1934 135 77 lettre
355 1934 81 77 de
395 1934 216 77 félicitation
571 1934 94 77 sur
625 1934 81 77 la
665 1934 216 77 capitulation
840 1934 81 77 de
881 1934 148 77 Landau,
989 1934 94 77 qui
1029 1934 108 77 paraît

138 1988 187 42 mminente.

347 2017 33 53 21777
369 2017 44 53 PANSERON
403 2017 52 53 (Auguste),
443 2017 40 53 célèbre
472 2017 55 53 compositeur
517 2017 22 53 de
528 2017 44 53 musique.
557 2017 59 53 Aimons

157 2055 135 40 chantons,
266 2055 101 40 dansons;
342 2055 101 40 nocturne
418 2055 42 40 à
435 2055 67 40 deux
477 2055 110 40 voix
561 2055 93 40 musique
629 2055 51 40 et
654 2055 93 40 paroles
713 2055 59 40 aut.,

158 2076 76 53 sig.
205 2076 66 53 sur
243 2076 57 53 le
271 2076 95 53 titre;
338 2076 85 53 janv.
394 2076 85 53 1835,
451 2076 47 53 2
470 2076 57 53 p.
499 2076 66 53 1/2
537 2076 104 53 in-fol.
612 2076 85 53 Belle
669 2076 95 53 pièce.
736 2076 47 53 4
745 2076 38 53 50
