1147 2214
471 11 128 69 —
523 11 154 69 16
574 11 77 69 —

148 81 142 52 Superbe
252 81 130 52 lettre
342 81 78 52 de
381 81 233 52 récommandation
575 81 78 52 en
614 81 130 52 faveur
705 81 78 52 de
744 81 142 52 Lafont,
834 81 130 52 chanteur

126 120 85 39 de
168 120 171 39 l’Opéra,
297 120 100 39 qui
354 120 128 39 vient
439 120 85 39 de
482 120 142 39 perdre
581 120 142 39 60,000
681 120 100 39 fr.
738 120 71 39 à
766 120 85 39 la
809 120 142 39 Bourse
909 120 85 39 et
951 120 100 39 qui
994 120 114 39 désire

116 158 150 42 donner
221 158 90 42 un
266 158 165 42 concert
386 158 120 42 pour
461 158 150 42 gagner
566 158 165 42 quelque
671 158 135 42 argent.

129 188 107 54 21887
201 188 71 54 LE
236 188 107 54 MÊME.
308 188 107 54 L.
379 188 71 54 a.
415 188 119 54 s.
498 188 60 54 à
522 188 71 54 M.
558 188 167 54 Lhermitte,
689 188 60 54 à
713 188 179 54 Saint-Malo;
856 188 119 54 Paris,
939 188 71 54 13
975 188 95 54 juin
1023 188 83 54 1828;

154 225 44 47 1
172 225 52 47 p.
198 225 61 47 pl.
233 225 79 47 in-8.
285 225 44 47 5
294 225 26 47 »

140 264 198 47 Très-jolie
295 264 155 47 lettre,
408 264 85 47 où
451 264 85 47 il
493 264 99 47 lui
549 264 155 47 annonce
662 264 155 47 l’envoi
775 264 113 47 d’un
846 264 198 47 exemplaire
1001 264 85 47 de
1029 264 71 47 ses

119 295 196 62 ouvragès.
270 295 106 62 «Le
330 295 136 62 vieux
421 295 166 62 château
542 295 91 62 de
587 295 181 62 Combourg
723 295 121 62 vous
798 295 75 62 a
828 295 136 62 mieux
919 295 166 62 inspiré
1025 295 75 62 que

102 333 147 39 moi...»

118 358 120 52 21888
198 358 80 52 LE
238 358 120 52 MÊME.
318 358 120 52 L.
399 358 147 52 a.
506 358 161 52 Lucerne;
626 358 94 52 1er
680 358 120 52 sept,
760 358 120 52 1832,
840 358 67 52 1
867 358 80 52 p.
907 358 94 52 pl.
961 358 120 52 in-8.
1028 358 80 52 431»

153 404 84 43 Il
195 404 167 43 continue
320 404 70 43 à
348 404 139 43 courir
446 404 98 43 les
502 404 195 43 montagnes.
655 404 98 43 «Je
711 404 84 43 ne
752 404 98 43 lis
808 404 112 43 plus
878 404 84 43 de
920 404 181 43 journaux:
1045 404 56 43 je

118 428 85 53 ne
160 428 114 53 veux
232 428 114 53 plus
303 428 171 53 entendre
431 428 142 53 parler
531 428 85 53 de
573 428 214 53 politique.»
744 428 71 53 —
773 428 270 53 (Châteaubriand,
986 428 114 53 arrêté

114 469 117 43 lors
187 469 88 43 de
231 469 190 43 l’affaire
377 469 88 43 de
421 469 88 43 la
465 469 175 43 duchesse
597 469 88 43 de
640 469 146 43 Berry,
743 469 146 43 venait
845 469 146 43 d’être
933 469 175 43 acquitté.)

125 507 90 45 21889
185 507 60 45 LE
215 507 90 45 MÊME.
275 507 90 45 L.
335 507 110 45 s.
414 507 90 45 1823,
474 507 70 45 1/2
514 507 60 45 p.
544 507 90 45 in-4.
604 507 50 45 1
614 507 40 45 50

119 536 114 55 21890
195 536 76 55 LE
233 536 114 55 MÊME.
309 536 139 55 Préface
411 536 76 55 de
449 536 89 55 son
499 536 139 55 ouvrage
601 536 114 55 Le
676 536 139 55 Congrès
778 536 76 55 de
816 536 190 55 Vérone;
968 536 76 55 de
993 536 114 55 lalmain

111 584 113 49 d’un
182 584 212 49 secrétaire,
351 584 113 49 avec
422 584 170 49 quelques
549 584 170 49 correct.
677 584 170 49 autogr.,
804 584 71 49 3
832 584 85 49 p.
875 584 99 49 1/2
931 584 127 49 in-8.
1030 584 71 49 3
1044 584 57 49 50

119 619 111 47 21891
193 619 136 47 CHÉNIER
292 619 161 47 (Marie-J.
415 619 99 47 de),
477 619 210 47 conventionnel
650 619 74 47 et
687 619 123 47 auteur
773 619 185 47 dramatique,
921 619 111 47 P.
983 619 111 47 s.

126 651 90 50 sig.
182 651 101 50 aussi
249 651 79 50 par
294 651 101 50 J.
362 651 67 50 B.
396 651 157 50 Louvet
519 651 67 50 et
553 651 225 50 Crassous;
744 651 112 50 Paris,
823 651 67 50 25
857 651 135 50 frimaire
958 651 67 50 an
992 651 79 50 IV,
1037 651 56 50 2
1048 651 45 50 p.

113 684 173 43 in-fol.,
242 684 115 43 tête
314 684 130 43 impr,
401 684 86 43 et
444 684 115 43 vig.
516 684 130 43 Belle
603 684 144 43 pièce.
703 684 72 43 4
718 684 43 43 »

127 718 125 48 21892
211 718 293 48 CHOISEUL-GOUFFIER
462 718 98 48 (M.
517 718 84 48 G.
559 718 84 48 F.
601 718 98 48 A.,
657 718 125 48 comte
741 718 112 48 de),
810 718 195 48 diplomate,
964 718 139 48 auteur
1047 718 56 48 du

137 757 173 41 voyage
270 757 200 41 pittoresque
430 757 80 41 en
470 757 133 41 Grèce.
563 757 80 41 L.
603 757 80 41 a.
643 757 133 41 s
736 757 253 41 Constantinople,
949 757 93 41 10;
989 757 107 41 juill.

125 788 96 46 1787,
189 788 53 46 3
210 788 64 46 p.
242 788 96 46 in-4.
306 788 53 46 3
317 788 42 46 50

156 806 194 67 Très-belle
309 806 153 67 lettre,
420 806 83 67 où
461 806 83 67 il
503 806 153 67 demande
614 806 69 67 à
642 806 153 67 revenir
752 806 83 67 en
780 806 125 67 France.

116 855 117 59 21893
194 855 78 59 LE
233 855 117 59 MÊME.
311 855 117 59 L.
389 855 78 59 a.
428 855 117 59 s
506 855 78 59 au
545 855 117 59 comte
622 855 78 59 de
661 855 182 59 Mentmorin;
804 855 247 59 Constantinople,
1012 855 78 59 10
1038 855 65 59 mai

130 895 110 34 1792,
203 895 61 34 2
228 895 74 34 p.
265 895 110 34 in-4.
338 895 172 34 Très-jolie
473 895 123 34 lettre
559 895 61 34 3
571 895 37 34 »

127 935 91 43 21894
188 935 61 43 LE
218 935 91 43 MÊME.
279 935 91 43 L.
340 935 61 43 a.
370 935 112 43 s.
451 935 71 43 3/4
492 935 61 43 de
522 935 61 43 p.
553 935 91 43 in-4.
613 935 51 43 2
624 935 30 43 »

124 965 128 44 21895
209 965 171 44 CLERMONT
338 965 143 44 (Louis
438 965 86 44 de
480 965 171 44 BOURBON,
609 965 128 44 comte
694 965 114 44 dé),
766 965 114 44 abbé
837 965 86 44 de
866 965 228 44 Saint-

122 1004 189 38 les-Prés,
268 1004 334 38 lieutenant-général,
558 1004 203 38 commandant
718 1004 87 38 en
761 1004 116 38 chef
834 1004 87 38 de
877 1004 160 38 l’armée
993 1004 87 38 de
1022 1004 73 38 Ha-

117 1041 133 37 nôvre.
210 1041 120 37 L.
289 1041 133 37 s.
382 1041 66 37 à
409 1041 80 37 M.
449 1041 80 37 de
489 1041 173 37 Langeron;
622 1041 106 37 camp
688 1041 80 37 de
728 1041 159 37 Bétheim,
848 1041 80 37 13
887 1041 120 37 sept.
967 1041 120 37 1743,
1034 1041 66 37 1/2

104 1069 179 43 p.
194 1069 269 43 in-4.
373 1069 149 43 3
403 1069 90 43 »

158 1101 187 56 Très-jolie
305 1101 147 56 lettre;
412 1101 80 56 où
452 1101 80 56 il
492 1101 94 56 lui
545 1101 147 56 annonce
652 1101 120 56 qu’il
732 1101 120 56 vient
812 1101 80 56 de
852 1101 134 56 mettre
946 1101 80 56 le
986 1101 107 56 fils
1040 1101 53 56 du

115 1140 158 41 marquis
230 1140 72 41 à
259 1140 86 41 la
302 1140 115 41 tête
374 1140 86 41 du
417 1140 173 41 régiment
547 1140 86 41 de
590 1140 130 41 Condé
662 1140 187 41 infanterie.

111 1211 130 60 21896
197 1211 203 60 ISOGRAPHIE
357 1211 101 60 des
415 1211 145 60 hommes
516 1211 174 60 célèbres
646 1211 87 60 ou
690 1211 203 60 Collection
849 1211 87 60 de
892 1211 203 60 fac-simile
1037 1211 58 60 de

115 1263 152 33 lettres
226 1263 207 33 autographes
391 1263 83 33 et
433 1263 83 33 de
474 1263 207 33 signatures,
640 1263 166 33 exécutée
764 1263 83 33 et
806 1263 166 33 imprimée
930 1263 97 33 par
985 1263 97 33 Th.
1027 1263 69 33 De-

117 1298 145 50 larue,
218 1298 116 50 sous
290 1298 101 50 les
348 1298 174 50 auspices
479 1298 87 50 de
522 1298 101 50 MM.
580 1298 159 50 Bérard,
696 1298 87 50 de
739 1298 246 50 Châteaugiron,
928 1298 159 50 Duchesne,

112 1327 153 41 Tremisot
227 1327 77 41 et
266 1327 166 41 Berthier;
393 1327 166 41 Paris,
521 1327 204 41 Délarue
687 1327 115 41 1843,
764 1327 64 41 4
789 1327 102 41 vol.
853 1327 115 41 in-4,
930 1327 77 41 en
955 1327 128 41 feuilles

955 1359 158 41 109
1023 1359 68 41 »

138 1388 100 49 Cet
195 1388 172 49 ouvrage,
324 1388 100 49 qui
382 1388 172 49 comprend
511 1388 115 49 plus
582 1388 86 49 de
626 1388 100 49 850
683 1388 201 49 fac-simile
841 1388 230 49 reproduisant
1013 1388 86 49 l’é-

280 1429 135 41 criture
378 1429 86 41 des
427 1429 123 41 grands
513 1429 123 41 hommes
598 1429 74 41 de
635 1429 147 41 l’Europe
746 1429 123 41 depuis
831 1429 74 41 le
868 1429 184 41 quatorzième
1003 1429 98 41 siècle

284 1459 132 35 jusqu’à
380 1459 84 35 nos
428 1459 120 35 jours,
512 1459 84 35 est
560 1459 204 35 indispensable
729 1459 84 35 aux
777 1459 144 35 amateurs
885 1459 216 35 d’aûtographes.
1053 1459 36 35 —

115 1487 125 51 Notre
198 1487 195 51 exemplaire
351 1487 97 51 est
407 1487 111 51 bien
476 1487 167 51 complet;
602 1487 83 51 ce
643 1487 125 51 qu’on
727 1487 181 51 rencontre
866 1487 125 51 assez
935 1487 153 51 rarement.

115 1529 107 42 21897
186 1529 119 42 MANUEL
270 1529 71 42 de
305 1529 155 42 l’amateur
424 1529 214 42 d’autographes,
603 1529 83 42 par
650 1529 71 42 P.
686 1529 95 42 Jul.
745 1529 155 42 Fontaine;
864 1529 190 42 Paris
1007 1529 83 42 1836,

120 1561 89 46 in-8,
180 1561 69 46 br.
219 1561 50 46 4
229 1561 30 46 »

146 1590 129 44 C’est
232 1590 86 44 le
275 1590 158 44 premier
390 1590 158 44 ouvrage
504 1590 244 44 consciencieux
705 1590 100 44 qui
763 1590 100 44 ait
820 1590 115 44 paru
892 1590 100 44 sur
949 1590 100 44 les
993 1590 100 44 autô-

112 1632 176 40 graphes:
244 1632 88 40 on
288 1632 73 40 y
317 1632 146 40 trouve
420 1632 88 40 de
464 1632 161 40 curieux
581 1632 263 40 renseignements
800 1632 102 40 sur
859 1632 102 40 les
903 1632 190 40 collections

112 1666 100 41 qui
169 1666 199 41 existaient
325 1666 85 41 en
368 1666 142 41 France
467 1666 85 41 et
510 1666 71 41 à
538 1666 213 41 l’étranger,
709 1666 71 41 à
737 1666 171 41 l’époque
865 1666 85 41 où
908 1666 85 41 ce
951 1666 128 41 livre
1022 1666 71 41 fut

110 1693 122 49 oublié.

37 1718 133 60 NOTA.
126 1718 192 60 MAÉtienne
273 1718 177 60 Charavay
406 1718 74 60 a
435 1718 192 60 l’honneur
582 1718 88 60 de
627 1718 177 60 préyenir
759 1718 103 60 MM.
818 1718 103 60 les
877 1718 177 60 amateurs
995 1718 103 60 qu’il

22 1772 114 39 vient
98 1772 178 39 d’acquérir
238 1772 89 39 les
289 1772 140 39 défaits
390 1772 76 39 de
428 1772 305 39 l'Isographie
695 1772 76 39 et
733 1772 102 39 que,
796 1772 89 39 par
847 1772 190 39 conséquent,
999 1772 76 39 il
1025 1772 76 39 peut

24 1807 113 44 leur
94 1807 155 44 fournir
207 1807 99 44 une
264 1807 141 44 partie
363 1807 99 44 des
419 1807 198 44 fac-simile
575 1807 99 44 qui
631 1807 184 44 composent
772 1807 99 44 cet
829 1807 155 44 ouvrage
942 1807 85 44 au
984 1807 113 44 prix
1041 1807 56 44 de

28 1840 82 41 15
69 1840 163 41 centimes
192 1840 136 41 pièce.
287 1840 68 41 —
314 1840 82 41 Il
355 1840 68 41 a
383 1840 123 41 aussi
464 1840 82 41 un
505 1840 123 41 choix
587 1840 218 41 considérable
764 1840 82 41 de
805 1840 191 41 portraits,
955 1840 109 41 soit
1009 1840 82 41 pour

19 1867 244 46 illustrations,
223 1867 109 46 soit
291 1867 109 46 pour
359 1867 149 46 joindre
467 1867 95 46 aux
508 1867 190 46 autographes.

46 1949 383 71 L’authenticité
374 1949 128 71 des
447 1949 273 71 Autographes
666 1949 128 71 est
721 1949 273 71 garantie.

52 2015 87 46 Le
95 2015 188 46 Catalogue
239 2015 115 46 sera
311 2015 144 46 envoyé
412 2015 72 46 à
441 2015 144 46 toutes
542 2015 101 46 les
600 2015 188 46 personnes
744 2015 101 46 qui
802 2015 87 46 en
845 2015 144 46 feront
946 2015 87 46 la
975 2015 130 46 demande

28 2059 200 60 Affranchir)

253 2117 239 66 STRRRRR
427 2117 326 66 UTRERRRRTTE
666 2117 195 66 SIRRRRR
