1644 2656
844 214 93 54 é

511 267 187 55 histoire
652 267 265 55 chronologique
870 267 94 55 de
917 267 234 55 Jovinzieux,
1104 267 140 55 bourg
1198 267 94 55 du
1229 267 203 55 département

512 315 85 63 de
554 315 85 63 la
596 315 141 63 Drôme,
695 315 99 63 par
752 315 113 63 J.
822 315 99 63 Cl.
878 315 155 63 Martin.
991 315 226 63 Valence
1174 315 127 63 1812,
1259 315 70 63 3
1287 315 85 63 in
1329 315 85 63 8,
1358 315 70 63 br.

1329 348 104 47 3
1350 348 83 47 50

388 360 116 80 452.
461 360 189 80 IIISTOIRE
606 360 87 80 de
650 360 189 80 Napoléon,
795 360 102 80 par
853 360 218 80 Norvins.
1027 360 203 80 Paris
1186 360 131 80 1827.
1273 360 73 80 4
1302 360 116 80 vol.
1360 360 73 80 in

511 421 100 35 8,
561 421 100 35 58
612 421 150 35 fig.,
712 421 167 35 cartes
829 421 100 35 ou
879 421 167 35 plans,
996 421 134 35 demi
1079 421 134 35 rel.
1163 421 134 35 veau
1246 421 150 35 bleu.
1346 421 100 35 20
1380 421 50 35 »

389 438 126 66 153.
468 438 173 66 HISTORY
594 438 95 66 OF
642 438 221 66 Napoléon’s
815 438 221 66 expédition
988 438 95 66 to
1036 438 173 66 Russia,
1162 438 95 66 by
1209 438 173 66 general
1320 438 110 66 count

515 488 133 49 Philip
608 488 80 49 de
648 488 133 49 Segur.
741 488 239 49 London
940 488 120 49 1827,
1020 488 66 49 2
1046 488 106 49 vol.
1113 488 120 49 in-8,
1193 488 133 49 titres
1272 488 160 49 historiés,

497 527 226 37 pap.
638 527 282 37 velin,
835 527 254 37 cart.
1005 527 395 37 percaline.
1315 527 141 37 6
1343 527 85 37 »

389 538 102 67 154.
453 538 152 67 HISTOIRE
567 538 89 67 des
618 538 190 67 révolutions
770 538 89 67 des
821 538 127 67 villes
910 538 76 67 de
948 538 203 67 Nîmes
1113 538 76 67 et
1151 538 228 67 d'Uzès
1328 538 102 67 suivie

512 597 84 38 de
554 597 139 38 toutes
651 597 97 38 les
707 597 139 38 pièces
804 597 265 38 justificatives,
1027 597 97 38 par
1083 597 195 38 Adolphe
1236 597 84 38 de
1264 597 167 38 Ponté

504 632 316 43 coulant.
757 632 295 43 Nîmes
989 632 190 43 1820,
1115 632 190 43 in-8,
1241 632 147 43 br.
1326 632 105 43 2
1347 632 84 43 50

388 649 117 62 155.
462 649 176 62 HISTOIRE
593 649 88 62 du
637 649 132 62 siège
725 649 88 62 de
769 649 132 62 Lyon,
857 649 103 62 par
916 649 190 62 l'abbé
1062 649 176 62 Guillon.
1194 649 190 62 Paris
1326 649 103 62 1797,

495 700 167 43 2
561 700 267 43 vol.
728 700 300 43 in-8,
928 700 333 43 carte,
1161 700 233 43 br.
1295 700 167 43 5
1328 700 100 43 »

384 711 142 67 156.
473 711 319 67 INDISCRÉTIONS.
739 711 248 67 1798-1830,
934 711 231 67 souvenirs
1112 711 302 67 anecdotiques,
1342 711 89 67 par

510 772 221 47 Musnier
684 772 252 47 Desclozeaux.
889 772 221 47 Paris
1062 772 142 47 1835,
1157 772 79 47 2
1188 772 126 47 vol.
1267 772 142 47 in-8,
1346 772 79 47 br.

1343 810 103 43 6
1364 810 62 43 »

386 822 130 68 457.
467 822 228 68 INVENTAIRE
647 822 98 68 du
695 822 163 68 trésor
810 822 98 68 de
858 822 196 68 l’abbaye
1005 822 163 68 royale
1119 822 98 68 de
1152 822 277 68 Saint

508 877 86 58 de
551 877 201 58 Compiègne.
708 877 287 58 Soissons
952 877 129 58 1704,
1038 877 129 58 petit
1124 877 143 58 in-12,
1224 877 115 58 br.,
1282 877 143 58 (Curieux

460 915 387 45 et
654 915 646 45 rare).
1106 915 323 45 3
1171 915 258 45 50

385 922 132 74 158.
468 922 182 74 JOURNAL
600 922 116 74 des
666 922 231 74 opérations
848 922 99 74 de
897 922 182 74 l’armée
1030 922 99 74 de
1079 922 215 74 Catalogne
1244 922 99 74 en
1294 922 132 74 1808
1360 922 66 74 et

510 984 135 51 1809,
600 984 105 51 par
660 984 90 51 le
705 984 180 51 maréchal
840 984 210 51 Gouvion
1004 984 210 51 Saint-Cyr.
1169 984 210 51 Paris
1319 984 105 51 1821,

506 1018 160 45 in-8,
613 1018 195 45 cartes,
754 1018 142 45 demi
843 1018 142 45 rel.
932 1018 142 45 bas.
1020 1018 195 45 (manque
1162 1018 230 45 l’atlas).
1339 1018 89 45 4
1357 1018 71 45 50

385 1035 121 85 459.
460 1035 166 85 JOURNAL
581 1035 121 85 d’un
657 1035 166 85 déporté
777 1035 106 85 non
838 1035 136 85 jugé,
928 1035 106 85 par
988 1035 317 85 Barbé-Marbois.
1245 1035 181 85 Paris

486 1090 369 46 1835,
732 1090 205 46 2
814 1090 369 46 in-8,
1059 1090 287 46 br.
1223 1090 205 46 2
1264 1090 164 46 50

393 1101 120 70 160.
468 1101 165 70 LAURENT
588 1101 90 70 ou
633 1101 105 70 les
693 1101 240 70 prisonniers,
888 1101 105 70 par
949 1101 195 70 Achard
1099 1101 210 70 James
1249 1101 180 70 conseiller

510 1161 75 57 à
540 1161 90 57 la
585 1161 120 57 cour
660 1161 150 57 royale
765 1161 90 57 de
810 1161 135 57 Lyon.
900 1161 255 57 Paris
1111 1161 135 57 1821,
1201 1161 150 57 in-12,
1306 1161 105 57 br.
1366 1161 75 57 2
1381 1161 45 57 »

545 1194 91 44 La
590 1194 136 44 scène
681 1194 91 44 se
726 1194 136 44 passe
817 1194 76 44 à
832 1194 106 44 Lyon.

387 1211 131 71 464.
468 1211 147 71 LEBON
566 1211 212 71 (Joseph),
730 1211 163 71 membre
844 1211 98 71 de
893 1211 98 71 la
942 1211 229 71 Convention
1106 1211 196 71 nationale.

545 1262 96 40 Les
600 1262 151 40 secrets
710 1262 83 40 de
752 1262 138 40 Joseph
848 1262 138 40 Lebon,
944 1262 96 40 par
999 1262 261 40 Guffroy
1220 1262 96 40 1re
1275 1262 83 40 et
1316 1262 83 40 2e
1343 1262 83 40 cen-

509 1298 137 47 sure,
600 1298 153 47 crimes
707 1298 92 47 de
753 1298 153 47 Joseph
860 1298 153 47 Lebon,
967 1298 92 47 le
1013 1298 168 47 dernier
1135 1298 229 47 gémissement
1303 1298 122 47 contre

510 1337 155 46 Joseph
618 1337 155 46 Lebon.
727 1337 78 46 —
758 1337 171 46 Rapport
882 1337 93 46 de
928 1337 279 46 Quirot,
1161 1337 124 46 pour
1238 1337 186 46 examiner
1362 1337 62 46 la

507 1376 187 40 conduite
648 1376 94 40 de
694 1376 156 40 Joseph
804 1376 156 40 Lebon,
913 1376 94 40 et
959 1376 171 40 dernier
1084 1376 125 40 coup
1162 1376 140 40 porté
1256 1376 109 40 aux
1302 1376 125 40 hommes

509 1410 95 39 de
557 1410 142 39 sang,
651 1410 79 39 6
683 1410 174 39 pièces,
809 1410 95 39 ou
857 1410 126 39 vol.
936 1410 142 39 in-8,
1030 1410 126 39 br.,
1109 1410 111 39 une
1172 1410 142 39 seule
1267 1410 126 39 rog.
1346 1410 79 39 7
1362 1410 63 39 50

386 1441 130 59 462.
467 1441 179 59 LEXICON
597 1441 227 59 politique,
775 1441 97 59 ou
824 1441 227 59 définition
1003 1441 114 59 des
1068 1441 130 59 mots
1149 1441 227 59 techniques
1328 1441 97 59 de
1360 1441 65 59 la

514 1476 148 48 science
621 1476 81 48 de
661 1476 81 48 la
701 1476 188 48 politique,
849 1476 94 48 par
903 1476 81 48 le
943 1476 174 48 chevalier
1077 1476 81 48 de
1117 1476 201 48 Sade
1265 1476 161 48 Paris

492 1511 310 41 1837,
698 1511 172 41 4
767 1511 276 41 vol.
940 1511 310 41 in-8,
1146 1511 241 41 br.
1284 1511 172 41 6
1319 1511 103 41 »

384 1524 132 68 463.
467 1524 149 68 Liste
566 1524 198 68 générale
715 1524 116 68 des
781 1524 165 68 contre
897 1524 83 68 -
930 1524 331 68 révolutionnaires
1211 1524 116 68 mis
1277 1524 83 68 à
1310 1524 132 68 mort
1376 1524 50 68 à

508 1583 397 51 Commune-Affranchie,
853 1583 104 51 an
905 1583 121 51 II,
974 1583 173 51 in-12,
1095 1583 225 51 dem.-rel.
1268 1583 138 51 bas.
1354 1583 86 51 6
1371 1583 52 51 »

384 1609 132 52 464.
467 1609 165 52 LOUVET
583 1609 182 52 (J.-B.)
715 1609 99 52 de
765 1609 199 52 Couvray,
914 1609 165 52 membre
1030 1609 99 52 de
1079 1609 99 52 la
1129 1609 232 52 Convention
1295 1609 132 52 natio

492 1650 115 46 nale.

544 1664 188 74 Quelques
685 1664 172 74 notices
811 1664 125 74 pour
889 1664 219 74 l’histoire
1062 1664 94 74 de
1109 1664 110 74 ses
1171 1664 172 74 périls,
1297 1664 94 74 an
1328 1664 94 74 III;

509 1718 135 54 Paris
599 1718 180 54 justifié
734 1718 150 54 contre
839 1718 180 54 Mounier,
974 1718 135 54 appel
1064 1718 105 54 aux
1124 1718 180 54 victimes
1259 1718 90 54 du
1304 1718 90 54 34
1334 1718 90 54 mai,

508 1763 218 43 accusation
680 1763 156 43 contre
789 1763 249 43 Robespierre,
991 1763 78 43 à
1022 1763 125 43 Max.
1100 1763 234 43 Robespierre
1287 1763 93 43 et
1334 1763 78 43 à
1349 1763 78 43 ses

507 1794 229 45 royalistes,
690 1794 76 45 à
721 1794 92 45 la
767 1794 214 45 Convention
935 1794 107 45 sur
996 1794 92 45 la
1042 1794 245 45 conspiration
1241 1794 92 45 du
1286 1794 92 45 20
1317 1794 107 45 mars,

507 1834 214 52 accusation
675 1834 153 52 contre
782 1834 168 52 Rovère,
904 1834 229 52 Sentinelle,
1088 1834 138 52 garde
1179 1834 76 52 à
1210 1834 138 52 vous,
1302 1834 122 52 etc.
1363 1834 61 52 En

494 1866 248 46 tout
649 1866 186 46 15
742 1866 310 46 pièces
959 1866 279 46 in-8,
1145 1866 217 46 br.
1269 1866 155 46 6
1300 1866 124 46 50

382 1892 146 62 465.
473 1892 165 62 MARAT
583 1892 293 62 (Jean-Paul),
821 1892 219 62 médecin,
985 1892 183 62 membre
1113 1892 110 62 de
1168 1892 110 62 la
1205 1892 219 62 Convention

494 1935 182 48 nationale.

548 1948 129 64 Appel
634 1948 72 64 à
663 1948 86 64 la
706 1948 158 64 nation,
821 1948 115 64 plan
892 1948 86 64 de
936 1948 216 64 législation
1108 1948 216 64 criminelle,
1266 1948 158 64 portrait,

509 2007 177 39 notions
637 2007 225 39 d’optique,
814 2007 241 39 découvertes
1007 2007 112 39 sur
1071 2007 96 39 la
1119 2007 193 39 lumière,
1263 2007 96 39 le
1312 2007 112 39 feu
1360 2007 64 39 et

511 2044 253 43 l’électricité;
722 2044 112 43 c’en
792 2044 98 43 est
848 2044 112 43 fait
918 2044 84 43 de
960 2044 126 43 nous,
1045 2044 183 43 l’affreux
1185 2044 155 43 réveil,
1284 2044 140 43 offrande

510 2077 76 41 à
540 2077 91 41 la
586 2077 167 41 Patrie,
708 2077 107 41 vie
769 2077 152 41 privée
875 2077 91 41 de
921 2077 167 41 Necker,
1042 2077 107 41 les
1103 2077 122 41 deux
1179 2077 183 41 parties,
1301 2077 122 41 dénon-

509 2115 167 43 ciation
630 2115 152 43 contre
737 2115 167 43 Necker,
858 2115 182 43 nouvelle
995 2115 243 43 dénonciation
1192 2115 152 43 contre
1283 2115 137 43 Necker,

508 2149 173 43 rapport
634 2149 110 43 sur
697 2149 110 43 les
760 2149 158 43 délits
871 2149 173 43 imputés
997 2149 79 43 à
1028 2149 158 43 Marat,
1138 2149 142 43 appel
1233 2149 173 43 nominal
1343 2149 79 43 sur

510 2182 247 47 l’accusation
710 2182 154 47 contre
818 2182 154 47 Marat,
926 2182 170 47 oraison
1050 2182 170 47 funèbre
1173 2182 93 47 de
1219 2182 154 47 Marat,
1312 2182 108 47 poème

510 2218 76 43 à
540 2218 91 43 sa
586 2218 182 43 louange,
722 2218 182 43 discours
859 2218 76 43 à
889 2218 91 43 la
935 2218 167 43 société
1056 2218 106 43 des
1117 2218 197 43 Jacobins,
1268 2218 91 43 la
1299 2218 121 43 dépan-

511 2255 242 49 théonisation
708 2255 91 49 de
753 2255 152 49 Marat,
859 2255 182 49 dialogue
996 2255 136 49 entre
1087 2255 136 49 Marat
1178 2255 91 49 et
1208 2255 212 49 Robespierre,

511 2291 89 41 ni
556 2291 134 41 Marat
645 2291 89 41 ni
690 2291 164 41 Roland,
809 2291 179 41 discours
943 2291 89 41 et
988 2291 134 41 fêtes
1077 2291 89 41 en
1122 2291 194 41 l’honneur
1271 2291 89 41 de
1301 2291 119 41 Marat.

502 2323 134 67 En
569 2323 179 67 tout
680 2323 134 67 25
748 2323 224 67 pièces
904 2323 201 67 in-8,
1038 2323 179 67 dont
1150 2323 112 67 8
1195 2323 179 67 rog.
1306 2323 134 67 19
1351 2323 67 67 »
