1622 2988
699 103 241 87 139
802 103 103 87 —

87 178 267 108 ignorait
287 178 356 108 complétement
576 178 200 108 qu’un
710 178 289 108 mouvement
932 178 156 108 dût
1021 178 245 108 éclater
1199 178 133 108 le
1243 178 245 108 surlende

61 276 182 54 main.

46 298 178 88 1872.
165 298 337 88 Lafon
443 298 198 88 acteur
581 298 238 88 tragique
760 298 119 88 du
819 298 416 88 Théâtre-Français.
1176 298 119 88 L.
1235 298 159 88 aut.
1334 298 178 88 sig.,
1434 298 59 88 à

85 367 162 55 M.
166 367 486 55 Saint-Maurice.
571 367 162 55 13
652 367 243 55 avril
814 367 243 55 1822.
976 367 135 55 1
1030 367 162 55 p.
1111 367 189 55 pl.
1219 367 243 55 in-4.
1381 367 135 55 3
1408 367 81 55 »

46 392 183 92 1873.
167 392 446 92 Lambrechts,
553 392 243 92 ministre
735 392 122 92 de
796 392 122 92 la
857 392 243 92 justice,
1040 392 223 92 député.
1202 392 122 92 L.
1263 392 162 92 aut.
1344 392 142 92 sig.,

93 457 127 67 au
156 457 191 67 baron
283 457 127 67 de
347 457 254 67 Suffren.
538 457 212 67 Paris,
686 457 127 67 24
750 457 191 67 avril
877 457 191 67 1820.
1004 457 106 67 2
1046 457 148 67 gr.
1131 457 127 67 p.
1194 457 148 67 pl.
1279 457 191 67 in-4.
1406 457 106 67 2
1427 457 64 67 »

50 496 183 84 1874.
172 496 407 84 Lamennais
517 496 224 84 (l’abbé
680 496 102 84 F
721 496 163 84 de),
822 496 224 84 célèbre
985 496 305 84 publiciste.
1229 496 122 84 L.
1290 496 163 84 aut.
1371 496 122 84 sig.

94 550 178 73 F.
213 550 197 73 L,
351 550 99 73 à
390 550 197 73 madame
528 550 118 73 Z.
587 550 237 73 Clément.
765 550 197 73 Paris,
903 550 118 73 18
962 550 138 73 mai
1041 550 178 73 1839.
1160 550 99 73 3
1199 550 118 73 p.
1258 550 178 73 in-4.
1357 550 138 73 Très-

38 598 690 83 jolie
498 598 843 83 lettre.
1111 598 460 83 10
1264 598 230 83 »

144 635 146 89 Les
227 635 250 89 journaux
415 635 146 89 lui
498 635 208 89 auront
644 635 208 89 appris
790 635 125 89 ce
852 635 146 89 qui
936 635 187 89 s’est
1061 635 187 89 passé
1186 635 104 89 à
1227 635 187 89 Paris
1352 635 125 89 il
1415 635 104 89 y
1436 635 62 89 a

98 692 247 81 quelques
284 692 206 81 jours.
428 692 144 81 Dès
510 692 123 81 le
572 692 185 81 lundi
695 692 165 81 soir
798 692 165 81 tout
901 692 185 81 était
1025 692 309 81 tranquille,
1272 692 123 81 et
1313 692 185 81 mainte-

98 740 170 84 nant
204 740 127 84 on
268 740 127 84 ne
331 740 255 84 s’occupe
522 740 170 84 plus
628 740 149 84 que
713 740 127 84 de
777 740 233 84 fournir
946 740 127 84 au
1010 740 255 84 tribunal
1180 740 318 84 correctionnel

97 797 136 70 de
165 797 136 70 la
233 797 226 70 pairie
391 797 158 70 une
482 797 226 70 grande
640 797 271 70 quantité
843 797 136 70 de
911 797 316 70 malheureux
1160 797 181 70 dont
1273 797 181 70 elle
1363 797 136 70 peu-

98 850 185 68 plera
222 850 144 68 les
304 850 226 68 cachots
469 850 123 68 du
530 850 370 68 représentatif,
839 850 165 68 pour
942 850 206 68 amuser
1086 850 144 68 ses
1168 850 206 68 nobles
1291 850 206 68 loisirs.

100 906 153 55 «Au
188 906 219 55 reste,
341 906 131 55 le
407 906 350 55 gouvernement
691 906 109 55 a
735 906 131 55 pu
801 906 175 55 voir
910 906 175 55 quel
1019 906 153 55 est
1107 906 131 55 le
1173 906 197 55 degré
1282 906 219 55 d'affec-

100 939 188 71 «tion
225 939 188 71 qu’on
350 939 146 71 lui
434 939 188 71 porte
559 939 167 71 dans
663 939 208 71 toutes
809 939 146 71 les
892 939 229 71 classes
1059 939 125 71 de
1122 939 125 71 la
1184 939 313 71 population,
1414 939 83 71 et

101 987 144 65 «si
184 987 186 65 cette
308 987 330 65 connoissance
575 987 124 65 ne
637 987 144 65 lui
720 987 227 65 profite
885 987 165 65 pas,
988 987 124 65 je
1050 987 124 65 ne
1111 987 165 65 sais
1214 987 124 65 ce
1276 987 186 65 qu’il
1379 987 124 65 fau-

103 1035 209 65 «droit
249 1035 167 65 pour
354 1035 292 65 l’éclairer
583 1035 355 65 efficacement.
875 1035 167 65 Mais
979 1035 146 65 les
1063 1035 250 65 pouvoirs
1251 1035 125 65 ne
1292 1035 209 65 s’éclai-

100 1080 207 70 «rent
238 1080 253 70 pas...»
422 1080 138 70 M.
491 1080 230 70 Mignet
652 1080 115 70 a
698 1080 138 70 lu
767 1080 368 70 dernièrement
1067 1080 115 70 à
1113 1080 161 70 son
1205 1080 276 70 Académie
1389 1080 115 70 une

104 1136 188 70 sorte
229 1136 125 70 de
292 1136 209 70 notice
438 1136 146 70 sur
522 1136 313 70 Talleyrand.
772 1136 125 70 Le
835 1136 188 70 blâme
960 1136 104 70 y
1002 1136 167 70 est,
1106 1136 104 70 à
1148 1136 125 70 ce
1211 1136 188 70 qu’il
1315 1136 188 70 paraît,

102 1179 238 71 imprimé
275 1179 432 71 très-timidement.
643 1179 194 71 C’est
772 1179 130 71 du
837 1179 346 71 juste-milieu
1118 1179 324 71 historique,
1377 1179 130 71 de
1421 1179 86 71 la

104 1234 280 74 recherche
320 1234 258 74 d’esprit
514 1234 129 74 et
578 1234 129 74 de
643 1234 388 74 l’indifférence
966 1234 237 74 morale.
1138 1234 151 74 «On
1224 1234 129 74 ne
1267 1234 237 74 rencontre

105 1279 229 88 «guère
265 1279 343 88 aujourd’hui
517 1279 91 88 de

321 1339 184 79 «Ces
436 1339 230 79 haines
574 1339 299 79 vigoureuses

177 1399 391 77 «Qu’inspirent
499 1399 161 77 les
591 1399 276 77 méchants
799 1399 161 77 aux
891 1399 184 77 âmes
983 1399 322 77 vertueuses.»

64 1444 183 92 1875.
185 1444 325 92 Latil
449 1444 142 92 (le
530 1444 264 92 cardinal,
733 1444 142 92 duc
814 1444 162 92 de),
916 1444 284 92 archevêque
1139 1444 122 92 de
1200 1444 203 92 Reims.
1342 1444 122 92 L.
1382 1444 122 92 aut.

106 1532 217 69 sig.,
251 1532 121 69 à
299 1532 241 69 madame
467 1532 145 69 la
540 1532 289 69 comtesse
757 1532 145 69 de
829 1532 241 69 Ménars
998 1532 241 69 Paris,
1167 1532 145 69 31
1239 1532 217 69 mars.
1383 1532 121 69 1
1408 1532 96 69 p.

-21 1576 1374 50 in-8.
895 1576 763 50 2
1048 1576 458 50 »

65 1604 165 77 1876.
174 1604 165 77 Le
284 1604 220 77 Brun
449 1604 146 77 (Mme
540 1604 238 77 Elisabeth
723 1604 329 77 Vigée),
998 1604 201 77 célèbre
1144 1604 220 77 peintre.
1309 1604 110 77 1°
1364 1604 110 77 L.
1400 1604 110 77 aut.

108 1653 108 72 1
152 1653 130 72 p.
217 1653 216 72 in-12.
368 1653 108 72 —
411 1653 130 72 2°
476 1653 130 72 L.
541 1653 173 72 aut.
649 1653 173 72 sig.
757 1653 108 72 1
800 1653 130 72 p.
865 1653 151 72 pl.
952 1653 216 72 in-12.
1103 1653 281 72 Très-joli
1298 1653 216 72 portrait

50 1711 812 71 gravé,
618 1711 812 71 in-18.
1186 1711 406 71 7
1267 1711 244 71 »

64 1740 192 93 1877.
192 1740 469 93 Lechevalier
597 1740 384 93 bibliothécaire
916 1740 128 93 de
980 1740 448 93 Sainte-Geneviève,
1342 1740 171 93 auteur

111 1808 119 65 du
171 1808 257 65 Voyage
368 1808 99 65 à
408 1808 119 65 la
467 1808 296 65 Troade
704 1808 198 65 Paris,
842 1808 119 65 15
902 1808 237 65 germinal
1079 1808 119 65 an
1139 1808 138 65 IX.
1218 1808 99 65 1
1257 1808 119 65 p.
1316 1808 178 65 in-4.
1435 1808 99 65 2
1455 1808 59 65 »

64 1873 189 69 1878.
190 1873 189 69 Le
316 1873 251 69 Coz,
504 1873 293 69 archevêque
735 1873 126 69 de
797 1873 272 69 Besançon.
1007 1873 126 69 L.
1070 1873 168 69 aut.
1175 1873 189 69 sig.,
1300 1873 105 69 à
1342 1873 126 69 M.
1384 1873 126 69 Jan

108 1919 183 70 vier
223 1919 297 70 Besançon,
451 1919 137 70 25
520 1919 275 70 décembre
726 1919 206 70 1810.
863 1919 114 70 3
909 1919 160 70 gr.
1001 1919 137 70 p.
1069 1919 160 70 pl.
1161 1919 137 70 et
1229 1919 206 70 demie
1344 1919 160 70 in

97 1954 297 69 Jolie
295 1954 330 69 lettre
526 1954 495 69 littéraire.
921 1954 561 69 Intéressante.
1383 1954 165 69 6
1416 1954 99 69 »

65 2008 197 74 1879.
196 2008 438 74 Lemonnier
569 2008 219 74 (Mme),
722 2008 241 74 actrice
897 2008 131 74 de
963 2008 438 74 l’Opéra-Comique.
1335 2008 131 74 L.
1379 2008 131 74 aut.

110 2056 201 67 sig.,
243 2056 134 67 au
310 2056 156 67 duc
399 2056 290 67 d’Aumont.
622 2056 223 67 Paris,
778 2056 134 67 28
845 2056 245 67 janvier
1024 2056 201 67 1828.
1157 2056 111 67 1
1202 2056 134 67 p.
1269 2056 201 67 in-4.
1403 2056 111 67 2
1425 2056 89 67 50

66 2104 181 77 1880.
186 2104 181 77 Le
307 2104 261 77 Petit
507 2104 261 77 (Pierre),
708 2104 261 77 imprimeur
908 2104 261 77 ordinaire
1109 2104 120 77 du
1169 2104 160 77 roi.
1269 2104 201 77 Quitt.
1390 2104 120 77 sig.

111 2159 175 78 (sur
221 2159 329 78 parchemin),
484 2159 132 78 de
549 2159 132 78 la
615 2159 197 78 somme
747 2159 132 78 de
813 2159 285 78 cinquante
1032 2159 153 78 six
1119 2159 219 78 livres
1273 2159 175 78 cinq
1361 2159 153 78 sols,

112 2217 175 67 pour
222 2217 132 67 le
288 2217 241 67 premier
463 2217 263 67 quartier
660 2217 110 67 à
704 2217 154 67 lui
792 2217 241 67 accordé
968 2217 154 67 par
1055 2217 132 67 Sa
1121 2217 263 67 Majesté,
1319 2217 132 67 de
1362 2217 154 67 l’an-

113 2258 145 63 née
196 2258 186 63 1649,
320 2258 103 63 à
361 2258 186 63 cause
485 2258 124 63 de
547 2258 145 63 225
630 2258 207 63 livres
774 2258 124 63 de
836 2258 186 63 gages
960 2258 269 63 attribués
1167 2258 103 63 à
1208 2258 124 63 sa
1270 2258 165 63 dite
1353 2258 165 63 charge

109 2302 370 65 d’imprimeur
406 2302 321 65 ordinaire
653 2302 148 65 du
727 2302 198 65 roi.
850 2302 247 65 Paris,
1023 2302 123 65 9
1072 2302 272 65 février
1270 2302 222 65 1650.
1418 2302 123 65 3
1443 2302 74 65 »

70 2354 184 84 1881.
192 2354 388 84 Lesieur,
519 2354 286 84 professeur
743 2354 122 84 au
805 2354 184 84 lycée
927 2354 265 84 impérial.
1131 2354 122 84 1°
1192 2354 122 84 L.
1254 2354 163 84 aut.
1356 2354 184 84 sig.,
1458 2354 61 84 à

113 2398 127 71 M.
176 2398 254 71 Capelle,
367 2398 127 71 en
431 2398 148 71 lui
516 2398 254 71 envoyant
706 2398 127 71 la
770 2398 191 71 pièce
897 2398 148 71 qui
982 2398 191 71 suit.
1109 2398 127 71 24
1173 2398 170 71 oct.
1279 2398 191 71 1807.
1406 2398 106 71 2
1427 2398 85 71 p.

112 2463 211 63 in-8.
252 2463 117 63 —
299 2463 141 63 2°
370 2463 211 63 Éloge
510 2463 141 63 et
581 2463 211 63 pompe
721 2463 258 63 funèbre
909 2463 141 63 du
979 2463 235 63 Cochon
1144 2463 141 63 de
1214 2463 258 63 Vanvres
1378 2463 141 63 sur-

115 2498 196 71 nommé
246 2498 131 71 M.
311 2498 327 71 Petit-Salé,
573 2498 174 71 mort
682 2498 174 71 d’un
791 2498 174 71 coup
900 2498 131 71 de
966 2498 174 71 sang
1075 2498 131 71 le
1140 2498 131 71 10
1206 2498 240 71 juillet
1358 2498 153 71 1807.

114 2546 539 72 Pot-pourri-vaudeville
589 2546 129 72 en
654 2546 129 72 un
719 2546 194 72 acte.
848 2546 173 72 Aut.
956 2546 173 72 sig.
1064 2546 108 72 5
1107 2546 151 72 gr.
1193 2546 129 72 p.
1258 2546 237 72 in-fol.
1431 2546 108 72 6
1452 2546 65 72 »

70 2594 181 79 1882.
190 2594 362 79 L’Etang
492 2594 141 79 (le
572 2594 261 79 général).
773 2594 121 79 L.
834 2594 161 79 aut.
934 2594 181 79 sig.,
1055 2594 121 79 au
1115 2594 221 79 général
1276 2594 201 79 Gazan.
1396 2594 121 79 Car-

106 2644 426 76 cassonne,
434 2644 197 76 28
532 2644 262 76 août
696 2644 295 76 1834.
893 2644 164 76 1
959 2644 197 76 p.
1057 2644 230 76 pl.
1188 2644 295 76 in-4.
1385 2644 164 76 2
1418 2644 98 76 »

72 2689 183 86 1883.
194 2689 489 86 L’Infatigable
621 2689 143 86 (la
703 2689 224 86 frégate
866 2689 122 86 de
927 2689 122 86 la
988 2689 326 86 République).
1252 2689 163 86 État
1334 2689 183 86 général

117 2755 135 66 de
185 2755 293 66 situation
411 2755 316 66 (équipage,
659 2755 248 66 vivres,
840 2755 316 66 munitions,
1088 2755 203 66 corps
1224 2755 135 66 du
1269 2755 248 66 bâtiment,

121 2794 217 83 monture
279 2794 118 83 et
338 2794 276 83 garniture,
555 2794 178 83 etc.)
674 2794 118 83 de
733 2794 178 83 cette
851 2794 237 83 frégate,
1029 2794 197 83 dressé
1167 2794 99 83 à
1206 2794 178 83 bord,
1325 2794 118 83 le
1384 2794 99 83 8
1404 2794 118 83 ger
