1543 2910
456 91 530 119 CATALOGUE

30 239 232 88 DE
146 239 426 88 LETTRES
456 239 619 88 AUTOGRAPHES,
921 239 503 88 MANUSCRITS,

403 322 333 102 DOCUMENTS
674 322 333 102 HISTORIQUES,
923 322 146 102 ETC.,

88 462 263 112 D'
194 462 578 112 AUGUSTE
562 462 788 112 LAVERDET,

317 565 162 113 A
409 565 231 113 Paris,
571 565 162 113 rue
664 565 393 113 Saint-Lazare,
965 565 185 113 24

514 770 204 85 Vente
667 770 85 85 à
684 770 273 85 l’amiable,

289 813 216 81 soit
447 813 138 81 par
525 813 295 81 l’insertion
761 813 157 81 dans
859 813 118 81 le
899 813 275 81 bulletin

115 858 219 91 soit
274 858 139 91 aux
354 858 239 91 enchères
533 858 279 91 publiques,
752 858 120 91 de
812 858 299 91 Collections
1051 858 120 91 ou
1091 858 259 91 parties

291 928 173 73 de
406 928 288 73 Collections
636 928 115 73 de
694 928 211 73 Lettres
828 928 346 73 autographes,

439 970 313 72 Documents
674 970 352 72 historiques,

485 1014 345 69 Manuscrits,
775 1014 163 69 etc.,
866 1014 109 69 etc.

51 1042 280 101 Achats.
271 1042 100 101 —
311 1042 260 101 Échanges.
511 1042 100 101 —
551 1042 300 101 Expertises.
790 1042 100 101 —
830 1042 260 101 Rédaction
1030 1042 120 101 de
1070 1042 340 101 Catalogues.

346 1188 220 103 N°
492 1188 171 103 16.
590 1188 122 103 —
639 1188 294 103 MAI-JUIN
835 1188 269 103 1858.

-3 1375 179 69 2773.
117 1375 299 69 Adet
356 1375 239 69 (P.-S.),
535 1375 259 69 physicien
734 1375 120 69 et
794 1375 259 69 chimiste,
994 1375 259 69 sénateur,
1193 1375 219 69 député.
1352 1375 120 69 Né
1392 1375 60 69 à

49 1432 366 66 Nevers
353 1432 122 66 L.
414 1432 162 66 aut.
516 1432 162 66 sig.
617 1432 203 66 Paris,
760 1432 102 66 4
800 1432 244 66 prairial
983 1432 122 66 an
1044 1432 142 66 IV.
1125 1432 102 66 1
1166 1432 122 66 p.
1227 1432 183 66 in-4.
1348 1432 102 66 2
1369 1432 81 66 50

-3 1477 172 59 2774.
112 1477 287 59 Adry
341 1477 344 59 (Félicissime),
628 1477 191 59 savant
762 1477 325 59 bibliographe.
1030 1477 191 59 Minute
1164 1477 153 59 aut.
1260 1477 115 59 de
1298 1477 153 59 quatre

40 1532 244 54 pages
203 1532 244 54 in-4,
365 1532 190 54 sur
474 1532 163 54 la
555 1532 298 54 famille
772 1532 163 54 Le
853 1532 244 54 Voyer
1016 1532 407 54 d’Argenson.
1342 1532 136 54 3
1369 1532 81 54 »

-3 1571 189 66 2775.
123 1571 379 66 Amanton
439 1571 442 66 (Claude-Nicolas),
817 1571 210 66 avocat
964 1571 126 66 au
1027 1571 273 66 parlement
1238 1571 126 66 de
1280 1571 168 66 Dijon,

48 1623 277 53 littérateur.
273 1623 104 53 Né
325 1623 87 53 à
360 1623 364 53 Villiers-les-Pôts
672 1623 399 53 (Côte-d’Or).
1019 1623 104 53 L.
1071 1623 139 53 aut.
1157 1623 156 53 sig.,
1261 1623 87 53 à
1296 1623 121 53 Mme
1348 1623 104 53 Fou-

20 1676 461 56 lette.
342 1676 553 56 Auxoune.
757 1676 230 56 2
849 1676 276 56 p.
987 1676 415 56 in-8.
1264 1676 230 56 3
1310 1676 138 56 »

-5 1706 187 98 2776.
120 1706 373 98 Ancelot
431 1706 166 98 (Mme
534 1706 290 98 Virginie),
763 1706 207 98 auteur
908 1706 311 98 dramatique.
1157 1706 124 98 L.
1219 1706 166 98 aut.
1302 1706 145 98 sig.,

36 1777 144 53 à
94 1777 201 53 Mme
209 1777 316 53 Waldor.
438 1777 172 53 27
525 1777 230 53 août
668 1777 259 53 1838.
841 1777 144 53 1
898 1777 172 53 p.
984 1777 201 53 pl.
1099 1777 287 53 in-12.
1300 1777 144 53 1
1329 1777 115 53 50

-3 1794 175 109 2777.
113 1794 330 109 André,
384 1794 310 109 naturaliste.
637 1794 116 109 L.
695 1794 155 109 aut.
792 1794 175 109 sig.,
908 1794 97 109 à
947 1794 116 109 M.
1005 1794 291 109 L’Héritier,
1218 1794 233 109 conseiller

42 1864 141 60 au
112 1864 305 60 Châtelet.
346 1864 258 60 Satory,
533 1864 141 60 18
604 1864 211 60 sept.
744 1864 211 60 1779.
885 1864 117 60 1
932 1864 141 60 p.
1002 1864 211 60 in-4.
1142 1864 258 60 Cachet.
1330 1864 117 60 1
1353 1864 94 60 50

-3 1903 167 62 2778.
109 1903 372 62 Angoulème
425 1903 353 62 (Louis-Antoine,
723 1903 130 62 duc
797 1903 149 62 d’),
890 1903 149 62 fils
983 1903 112 62 de
1039 1903 205 62 Charles
1188 1903 112 62 X.
1225 1903 223 62 Les

44 1956 215 62 cinq
201 1956 195 62 Codes.
337 1956 156 62 Code
435 1956 254 62 Napoléon.
630 1956 234 62 Articles
806 1956 98 62 à
845 1956 215 62 changer
1001 1956 117 62 et
1060 1956 98 62 à
1099 1956 215 62 revoir.
1255 1956 98 62 —
1274 1956 176 62 Dé

37 1999 241 71 penses
223 1999 241 71 publiques
408 1999 111 71 en
464 1999 352 71 Angleterre
760 1999 148 71 Deux
853 1999 167 71 notes
964 1999 148 71 aut.
1057 1999 167 71 Plus,
1168 1999 185 71 quatre
1279 1999 167 71 petites

7 2068 497 44 notes
338 2068 442 44 aut.
614 2068 331 44 au
780 2068 608 44 cravon.
1222 2068 276 44 6
1277 2068 166 44 »

-6 2089 179 96 2779.
113 2089 358 96 Asselin
411 2089 397 96 (Thomas-Gilles),
749 2089 218 96 docteur
908 2089 119 96 de
967 2089 119 96 la
1027 2089 218 96 Faculté
1186 2089 119 96 de
1226 2089 218 96 théologie

41 2145 127 61 de
104 2145 212 61 Paris,
253 2145 276 61 principal
465 2145 127 61 du
529 2145 234 61 collège
699 2145 318 61 d’Harcourt,
954 2145 212 61 poëte.
1102 2145 297 61 Certificat
1315 2145 127 61 (im

-4 2193 402 70 primé)
277 2193 321 70 sig.
478 2193 201 70 1
558 2193 241 70 p.
679 2193 362 70 in-4.
920 2193 442 70 Cachet.
1241 2193 201 70 2
1281 2193 161 70 50

-7 2230 184 64 2780.
115 2230 347 64 Auguis
401 2230 245 64 (P.-R.),
585 2230 327 64 commentateur
851 2230 123 64 de
912 2230 266 64 plusieurs
1116 2230 225 64 auteurs
1259 2230 184 64 classi

42 2294 157 69 ques
141 2294 217 69 (Marot,
298 2294 177 69 J.-J.
416 2294 256 69 Rousseau,
613 2294 197 69 etc.).
751 2294 118 69 L.
810 2294 157 69 aut.
908 2294 177 69 sig.,
1027 2294 98 69 à
1066 2294 118 69 M.
1125 2294 217 69 Guitel,
1283 2294 118 69 25
1322 2294 118 69 juin

1 2343 518 48 1817.
347 2343 288 48 1
462 2343 345 48 p.
634 2343 403 48 pl.
865 2343 518 48 in-8.
1210 2343 288 48 2
1267 2343 173 48 »

-9 2384 179 80 2781.
110 2384 278 80 Baillot
329 2384 417 80 Saint-Martin,
686 2384 199 80 auteur
825 2384 119 80 de
885 2384 338 80 l'Histoire
1143 2384 298 80 chronolo

38 2444 225 57 g'que
207 2444 112 57 et
263 2444 262 57 synoptique
469 2444 112 57 de
525 2444 150 57 tous
619 2444 131 57 les
694 2444 300 57 peuples
937 2444 112 57 L.
993 2444 150 57 aut.
1087 2444 169 57 sig.,
1200 2444 112 57 au
1237 2444 206 57 président

38 2478 128 53 de
102 2478 128 53 la
165 2478 234 53 Chambre
335 2478 149 53 des
420 2478 255 53 députés.
612 2478 213 53 Paris,
761 2478 128 53 27
824 2478 170 53 mars
931 2478 191 53 1821.
1058 2478 106 53 1
1101 2478 128 53 p.
1165 2478 234 53 in-fol.
1335 2478 106 53 2
1356 2478 85 53 50

-11 2517 179 90 2782.
108 2517 358 90 Barthe,
407 2517 239 90 ministre
585 2517 119 90 de
645 2517 119 90 la
705 2517 219 90 justice
864 2517 159 90 sous
963 2517 378 90 Louis-Philippe.
1281 2517 119 90 L.
1321 2517 119 90 aut.

32 2573 248 55 sig.,
197 2573 138 55 à
252 2573 220 55 M...
389 2573 275 55 Paris,
582 2573 138 55 8
637 2573 303 55 juillet
857 2573 248 55 1838.
1022 2573 138 55 2
1077 2573 165 55 p.
1159 2573 248 55 in-8.
1324 2573 138 55 2
1352 2573 83 55 »

-13 2609 184 75 2783.
109 2609 449 75 Beauharnais
497 2609 143 75 (le
579 2609 204 75 prince
722 2609 245 75 Eugène),
906 2609 245 75 vice-roi
1090 2609 266 75 d’Italie.
1294 2609 123 75 1°
1335 2609 102 75 Ca-

36 2675 174 58 hier
145 2675 261 58 d’études
341 2675 131 58 de
406 2675 131 58 la
471 2675 218 58 langue
624 2675 305 58 allemande.
863 2675 131 58 24
928 2675 196 58 pages
1059 2675 131 58 et
1124 2675 196 58 quart
1233 2675 196 58 autogr.

39 2726 134 62 (en
115 2726 230 62 allemand
288 2726 115 62 et
345 2726 115 62 en
402 2726 268 62 français),
613 2726 172 62 in-4.
727 2726 96 62 —
766 2726 115 62 2°
823 2726 115 62 L.
880 2726 153 62 sig.
957 2726 478 62 Eugène
