1698 2966
106 174 193 85 2802.
234 174 342 85 Busch
512 174 385 85 (Jean-George),
833 174 214 85 savant
983 174 300 85 économiste
1219 174 128 85 et
1261 174 300 85 philantrope.

154 243 173 54 EL.
253 243 197 54 aut.
376 243 197 54 sig.
500 243 247 54 Paris,
673 243 148 54 18
747 243 296 54 frimaire
969 243 148 54 an
1043 243 197 54 VII,
1166 243 123 54 2
1216 243 148 54 p.
1290 243 222 54 in-4.
1438 243 123 54 2
1462 243 99 54 50

107 297 189 51 2803.
233 297 357 51 Cambry
527 297 294 51 (Jacques),
758 297 315 51 antiquaire,
1011 297 210 51 membre
1158 297 126 51 de
1221 297 294 51 l’Académie
1431 297 126 51 cel

158 332 198 87 tique.
297 332 119 87 Né
356 332 99 87 à
395 332 356 87 Loriént
692 332 297 87 (Morbihan).
929 332 119 87 L.
989 332 158 87 aut.
1087 332 178 87 sig.,
1206 332 119 87 au
1265 332 237 87 ministre
1443 332 119 87 de
1483 332 79 87 la

123 375 610 70 guerre.
566 375 277 70 1
677 375 333 70 p.
843 375 610 70 in-fol.
1287 375 277 70 2
1342 375 222 70 50

108 424 177 71 2804.
226 424 353 71 Candole
520 424 275 71 (A.-Pyrame
736 424 157 71 de),
834 424 275 71 botaniste.
1050 424 118 71 L.
1109 424 157 71 aut.
1207 424 157 71 sig.
1285 424 275 71 Saint

152 480 165 68 près
256 480 475 68 Saint-Jean-de-Losne
669 480 475 68 (Côte-d’Or),
1082 480 124 68 30
1144 480 165 68 août
1247 480 186 68 1825.
1371 480 103 68 1
1412 480 124 68 p.
1454 480 103 68 pl.

25 534 1383 50 in-8.
947 534 768 50 2
1101 534 461 50 »

108 569 182 59 2805.
229 569 363 59 Cassini
531 569 282 59 (Jacques),
753 569 282 59 conseiller
975 569 121 59 du
1036 569 161 59 roi,
1136 569 222 59 maistre
1298 569 262 59 ordinaire
1479 569 81 59 en

155 620 134 73 sa
222 620 246 73 chambre
401 620 157 73 des
491 620 336 73 comptes....
759 620 291 73 Quittance
984 620 179 73 sig.
1096 620 179 73 (sur
1208 620 269 73 parch.),
1409 620 134 73 20
1454 620 112 73 mai

40 675 1247 58 1613.
871 675 693 58 2
1009 675 554 58 25

109 712 192 64 2806.
237 712 299 64 Cassini
472 712 128 64 de
536 712 299 64 Thury
771 712 214 64 Quitt.
921 712 171 64 aut.
1028 712 171 64 sig.
1135 712 128 64 de
1199 712 150 64 400
1284 712 235 64 livres,
1434 712 128 64 pour

157 767 147 52 les
241 767 336 52 calculateurs
514 767 126 52 et
576 767 189 52 frais
702 767 126 52 de
765 767 231 52 bureau,
933 767 231 52 pendant
1101 767 147 52 les
1185 767 168 52 mois
1289 767 126 52 de
1352 767 147 52 mai
1436 767 126 52 et
1478 767 84 52 de

151 815 202 57 juin,
285 815 202 57 reçue
420 815 135 57 de
487 815 135 57 M.
555 815 225 57 Borda,
712 815 292 57 trésorier
936 815 135 57 et
1004 815 247 57 associé
1183 815 180 57 pour
1296 815 135 57 la
1363 815 202 57 carte
1475 815 90 57 de

147 855 318 58 France.
378 855 289 58 Paris,
580 855 173 58 30
667 855 231 58 juin
811 855 260 58 1758.
985 855 375 58 Demi-page
1273 855 260 58 in-4.
1447 855 144 58 3
1475 855 87 58 »

107 917 190 59 2807.
234 917 380 59 Cassini
550 917 486 59 (Jacques-Dominique,
973 917 190 59 comte
1099 917 169 59 de),
1205 917 211 59 membre
1353 917 127 59 de
1395 917 169 59 l’Aca

157 950 198 61 démie
289 950 154 61 des
377 950 285 61 Sciences.
596 950 132 61 L.
662 950 198 61 aut..
794 950 176 61 sig.
903 950 220 61 Paris,
1057 950 132 61 10
1123 950 241 61 floréal
1299 950 132 61 an
1364 950 154 61 VI.
1452 950 110 61 1
1474 950 88 61 p.

40 1002 1246 57 in-4.
870 1002 692 57 2
1008 1002 554 57 50

108 1053 175 67 2808.
224 1053 408 67 Champagny,
573 1053 136 67 duc
651 1053 116 67 de
709 1053 349 67 Cadore
1000 1053 233 67 ministre
1175 1053 136 67 des
1253 1053 252 67 relations
1427 1053 136 67 exté

158 1096 231 65 rieures
326 1096 126 65 de
389 1096 273 65 l’Empire.
598 1096 126 65 L.
661 1096 168 65 aut.
766 1096 189 65 sig.,
892 1096 126 65 au
955 1096 189 65 comte
1081 1096 231 65 Decrès,
1248 1096 252 65 ministre
1437 1096 126 65 de
1479 1096 84 65 la

149 1152 346 50 marine.
400 1152 315 50 Paris,
620 1152 157 50 5
683 1152 252 50 juin
841 1152 283 50 1812.
1029 1152 157 50 1
1092 1152 189 50 p.
1187 1152 346 50 in-fol.
1438 1152 157 50 3
1470 1152 94 50 »

111 1195 187 62 2809.
236 1195 291 62 Charles
465 1195 208 62 X,
610 1195 145 62 roi
693 1195 125 62 de
755 1195 229 62 France.
922 1195 125 62 L.
984 1195 166 62 aut.
1088 1195 187 62 sig.,
1213 1195 104 62 à
1254 1195 125 62 M.
1317 1195 125 62 le
1379 1195 187 62 comte
1483 1195 83 62 de

158 1243 220 71 Vérac,
312 1243 110 71 à
356 1243 307 71 Brunswick.
597 1243 307 71 Edimbourg,
839 1243 132 71 20
904 1243 176 71 mars
1014 1243 198 71 1797.
1146 1243 110 71 1
1190 1243 154 71 gr.
1278 1243 132 71 p.
1343 1243 154 71 pl.
1409 1243 154 71 in

127 1286 585 60 Cachet.
552 1286 478 60 Belle
871 1286 585 60 lettre.
1296 1286 319 60 20
1403 1286 159 60 »

117 1338 176 85 2810.
235 1338 372 85 Chenest,
548 1338 313 85 naturaliste.
803 1338 117 85 L.
861 1338 157 85 aut.
959 1338 176 85 sig.,
1077 1338 98 85 à
1116 1338 117 85 M.
1174 1338 117 85 le
1233 1338 176 85 baron
1351 1338 117 85 de
1390 1338 176 85 Margue-

156 1384 255 61 rittes.
341 1384 232 61 Paris,
503 1384 139 61 22
573 1384 185 61 oct.
689 1384 209 61 1832.
828 1384 116 61 1
874 1384 162 61 gr.
967 1384 139 61 p.
1036 1384 162 61 pl.
1129 1384 139 61 et
1198 1384 209 61 demie
1337 1384 209 61 in-4.
1476 1384 116 61 2
1500 1384 70 61 »

111 1421 184 75 2811.
233 1421 410 75 Chevalier
582 1421 307 75 (Alphonse),
828 1421 266 75 chimiste.
1032 1421 123 75 L.
1094 1421 164 75 aut.
1196 1421 184 75 sig.,
1319 1421 102 75 à
1360 1421 123 75 M.
1401 1421 164 75 Paven.

139 1479 386 70 Paris,
409 1479 231 70 22
525 1479 270 70 mai
679 1479 347 70 1823.
911 1479 193 70 2
988 1479 231 70 p.
1103 1479 386 70 in-18.
1373 1479 193 70 4
1412 1479 154 70 50

112 1518 177 72 2812.
230 1518 393 72 Chevalier
564 1518 256 72 (Michel),
761 1518 373 72 saint-simonien,
1076 1518 275 72 ingénieur.
1292 1518 118 72 L.
1351 1518 157 72 aut.
1429 1518 138 72 sig.,

154 1589 139 56 à
210 1589 166 56 M.
293 1589 166 56 Le
376 1589 416 56 Marquis....
709 1589 139 56 5
764 1589 305 56 février
986 1589 249 56 1841.
1152 1589 139 56 1
1208 1589 166 56 p.
1291 1589 249 56 in-8.
1457 1589 139 56 2
1485 1589 83 56 »

112 1633 175 77 2813.
228 1633 349 77 Colini,
519 1633 272 77 secrétaire
733 1633 116 77 de
791 1633 252 77 Voltaire.
985 1633 116 77 L.
1043 1633 155 77 aut.
1140 1633 175 77 sig.,
1257 1633 97 77 à
1295 1633 116 77 M.
1334 1633 233 77 Schœpflin.

143 1678 328 61 Lvon,
361 1678 219 61 27
471 1678 438 61 novembre
799 1678 328 61 1754,
1018 1678 182 61 3
1091 1678 219 61 p.
1200 1678 328 61 in-4.
1419 1678 182 61 9
1456 1678 109 61 »

189 1725 146 59 ’Il
272 1725 125 59 ne
335 1725 146 59 lui
418 1725 146 59 est
502 1725 146 59 pas
585 1725 250 59 possible
772 1725 125 59 de
835 1725 208 59 rester
981 1725 208 59 auprès
1127 1725 125 59 de
1189 1725 125 59 la
1252 1725 250 59 personne
1418 1725 146 59 (Vol-

161 1770 196 61 taire)
298 1770 98 61 à
338 1770 235 61 laquelle
514 1770 117 61 il
572 1770 215 61 s’était
729 1770 235 61 attaché.
905 1770 137 61 «La
983 1770 176 61 façon
1100 1770 274 61 singulière
1316 1770 157 61 dont
1413 1770 117 61 il
1453 1770 117 61 faut

159 1838 217 44 «vivre
311 1838 173 44 chez
419 1838 195 44 elle,
549 1838 173 44 plus
657 1838 195 44 forte
787 1838 152 44 que
874 1838 152 44 mon
961 1838 347 44 tempérament,
1242 1838 130 44 la
1307 1838 217 44 dureté
1437 1838 130 44 dont

163 1864 140 69 «on
243 1864 140 69 est
323 1864 381 69 continuellement
644 1864 200 69 traité
784 1864 120 69 et
844 1864 120 69 la
905 1864 180 69 perte
1025 1864 220 69 entière
1185 1864 120 69 de
1245 1864 120 69 la
1305 1864 220 69 liberté
1446 1864 120 69 m’a-

160 1911 250 63 «vaient
342 1911 295 63 déterminé
569 1911 114 63 à
614 1911 136 63 me
683 1911 250 63 séparer
864 1911 114 63 à
910 1911 227 63 Colmar
1068 1911 136 63 de
1137 1911 159 63 cet
1227 1911 250 63 étrange
1386 1911 182 63 philo-

159 1977 238 65 «sophe,
333 1977 130 65 et
398 1977 108 65 à
441 1977 130 65 le
506 1977 238 65 laisser
679 1977 217 65 partir
831 1977 173 65 pour
939 1977 195 65 Lyon.
1069 1977 152 65 Ses
1156 1977 368 65 extravagances
1437 1977 130 65 m’a-

163 2010 232 77 «vaient
332 2010 190 77 forcé
458 2010 105 77 à
500 2010 190 77 cette
627 2010 274 77 démarche,
838 2010 105 77 »
880 2010 190 77 etc.,
985 2010 127 77 etc.

114 2046 182 80 2814.
235 2046 344 80 Collet
518 2046 263 80 (Pierre),
721 2046 202 80 prêtre
862 2046 121 80 de
923 2046 121 80 la
983 2046 243 80 Mission,
1165 2046 202 80 auteur
1307 2046 182 80 d’une
1428 2046 142 80 vie
1489 2046 81 80 de

161 2106 204 69 saint
297 2106 250 69 Vincent
479 2106 136 69 de
547 2106 204 69 Paul.
683 2106 136 69 L.
751 2106 182 69 aut.
865 2106 204 69 sig.,
1001 2106 136 69 au
1069 2106 204 69 frère
1205 2106 227 69 Joseph
1341 2106 227 69 Meunier,

160 2171 223 70 prêtre
316 2171 134 70 de
383 2171 134 70 la
450 2171 357 70 congrégation
740 2171 134 70 de
807 2171 134 70 la
874 2171 268 70 Mission,
1075 2171 112 70 à
1120 2171 223 70 Crécy,
1276 2171 112 70 9
1320 2171 179 70 août
1410 2171 156 70 1770.

105 2203 384 70 1
259 2203 461 70 p.
490 2203 538 70 pl.
797 2203 692 70 in-8.
1258 2203 384 70 6
1335 2203 231 70 »

117 2240 175 101 2815.
233 2240 349 101 Colonna
524 2240 136 101 (le
601 2240 213 101 comte),
757 2240 213 101 savant.
912 2240 116 101 1°
970 2240 116 101 L.
1028 2240 155 101 aut.
1125 2240 175 101 sig.,
1241 2240 97 101 à
1280 2240 155 101 M...
1358 2240 213 101 Aranjuez,

161 2321 147 51 1er
245 2321 168 51 mars
350 2321 189 51 1805.
476 2321 105 51 3
518 2321 126 51 p.
581 2321 147 51 pl.
665 2321 126 51 et
728 2321 189 51 demie
854 2321 189 51 in-4.
980 2321 210 51 (Cette
1127 2321 210 51 lettre
1274 2321 105 51 a
1316 2321 147 51 été
1379 2321 189 51 trempée

161 2352 176 78 dans
271 2352 132 78 le
337 2352 308 78 vinaigre.)
579 2352 110 78 —
623 2352 132 78 2°
689 2352 132 78 L.
755 2352 198 78 aut.,
887 2352 132 78 au
953 2352 198 78 même.
1085 2352 242 78 Madrid,
1261 2352 132 78 12
1327 2352 176 78 mars
1415 2352 154 78 1807.

140 2403 216 65 4
226 2403 260 65 p.
356 2403 303 65 pl.
529 2403 390 65 in-4.
789 2403 736 65 Intéressante.
1395 2403 216 65 5
1438 2403 130 65 »

117 2457 187 74 2816.
242 2457 332 74 Combe
512 2457 291 74 (Georges),
740 2457 353 74 phrénologiste
1030 2457 332 74 d’Edimbourg.
1300 2457 125 74 L.
1362 2457 166 74 aut.
1445 2457 125 74 sig.

150 2506 249 76 (en
293 2506 462 76 anglais),
648 2506 213 76 20
755 2506 355 76 avril.
1003 2506 178 76 1
1074 2506 213 76 p.
1181 2506 320 76 in-8.
1394 2506 178 76 2
1430 2506 142 76 50

116 2548 193 93 2817.
244 2548 343 93 Condé
523 2548 364 93 (Louis-Joseph
823 2548 129 93 de
887 2548 257 93 Bourbon,
1080 2548 214 93 prince
1230 2548 171 93 de).
1337 2548 129 93 L.
1402 2548 193 93 sig.,
1509 2548 64 93 à

162 2603 136 65 M.
230 2603 273 65 d’Invau.
435 2603 227 65 Paris,
594 2603 136 65 27
662 2603 250 65 février
844 2603 204 65 1769.
980 2603 114 65 1
1026 2603 159 65 gr.
1117 2603 136 65 p.
1185 2603 159 65 pl.
1276 2603 250 65 in-fol.
1457 2603 114 65 2
1480 2603 91 65 50

118 2649 177 75 2818.
236 2649 433 75 Considérant
611 2649 256 75 (Victor),
808 2649 355 75 phalanstérien.
1103 2649 118 75 L.
1162 2649 158 75 aut.
1261 2649 177 75 sig.,
1379 2649 98 75 à
1418 2649 138 75 Mme
1478 2649 98 75 Ba-

165 2723 220 45 zenne.
319 2723 220 45 Paris,
473 2723 132 45 15
539 2723 242 45 octobre
715 2723 198 45 1847.
847 2723 110 45 2
890 2723 132 45 p.
956 2723 154 45 pl.
1044 2723 198 45 in-8.
1176 2723 374 45 Intéressante.
1484 2723 110 45 3
1506 2723 66 45 »

106 2742 206 89 2819.
244 2742 664 89 Coquebert-Montbret
839 2742 160 89 (le
931 2742 206 89 baron
1068 2742 481 89 Charles-Étienne),
1457 2742 115 89 di
