1664 2909
132 144 259 62 plomate,
326 144 237 62 savant,
499 144 215 62 membre
650 144 129 62 de
714 144 323 62 l’Institut.
973 144 129 62 L.
1037 144 172 62 aut.
1145 144 194 62 sig.,
1274 144 129 62 au
1318 144 215 62 sénateur

131 198 326 55 Perregaux.
387 198 233 55 Paris,
550 198 140 55 27
620 198 349 55 vendémiaire
899 198 140 55 an
969 198 186 55 XII.
1086 198 116 55 1
1132 198 140 55 p.
1202 198 163 55 pl.
1295 198 210 55 in-4.
1435 198 116 55 2
1458 198 70 55 »

87 241 171 69 2820.
201 241 323 69 Cuvier
467 241 266 69 (Georges),
676 241 209 69 célèbre
828 241 304 69 naturaliste.
1075 241 114 69 1°
1132 241 114 69 L.
1189 241 171 69 sig.,
1303 241 95 69 à
1341 241 114 69 M.
1379 241 152 69 Halda,

135 289 98 62 à
175 289 196 62 Nancv.
312 289 196 62 Paris,
449 289 98 62 7
488 289 216 62 juillet
645 289 177 62 1825.
763 289 98 62 1
802 289 118 62 p.
861 289 137 62 pl.
940 289 177 62 in-4.
1057 289 235 62 Vignette
1234 289 118 62 de
1273 289 255 62 l'Institut.

120 349 168 47 —
188 349 202 47 2°
288 349 336 47 Billet
523 349 202 47 de
624 349 235 47 dix
759 349 336 47 lignes
994 349 302 47 aut.,
1195 349 302 47 in-8.
1397 349 168 47 3
1430 349 101 47 »

88 368 170 85 2821.
202 368 435 85 Dartigoeyte,
580 368 189 85 député
713 368 133 85 des
789 368 322 85 Landes
1054 368 95 85 à
1092 368 114 85 la
1148 368 284 85 Convention.
1376 368 114 85 L.
1413 368 114 85 aut.

132 443 200 52 sig.,
265 443 111 52 à
310 443 156 52 son
399 443 378 52 collègue.....
710 443 133 52 26
777 443 289 52 fructidor
999 443 133 52 an
1066 443 178 52 III.
1177 443 111 52 3
1222 443 133 52 p.
1288 443 200 52 in-4.
1422 443 111 52 7
1444 443 89 52 50

169 476 213 69 Exposé
318 476 128 69 de
382 476 128 69 sa
446 476 213 69 triste
595 476 298 69 situation.
830 476 128 69 Il
893 476 149 69 est
979 476 234 69 détenu,
1149 476 128 69 et
1213 476 149 69 lui
1299 476 234 69 demande
1448 476 85 69 de

136 536 258 57 réclamer
329 536 172 57 pour
436 536 150 57 lui
522 536 129 57 au
586 536 215 57 comité
737 536 129 57 de
801 536 215 57 sûreté
951 536 258 57 générale
1145 536 129 57 un
1209 536 215 57 arrêté
1359 536 150 57 qui
1424 536 107 57 lui

136 582 250 62 permette
324 582 125 62 de
386 582 125 62 se
449 582 230 62 retirer
616 582 167 62 dans
720 582 146 62 son
804 582 271 62 domicile,
1012 582 167 62 sans
1117 582 230 62 gardes,
1284 582 167 62 avec
1388 582 125 62 sa
1430 582 104 62 li-

136 635 194 55 berté
266 635 387 55 provisoire....
588 635 237 55 «Encore
760 635 172 55 s'il
868 635 108 55 y
911 635 194 55 avoit
1040 635 129 55 un
1105 635 151 55 mot
1191 635 129 55 de
1255 635 172 55 vrai
1363 635 172 55 dans
1449 635 86 55 la

136 683 401 52 «dénonciatioa!
470 683 223 52 encore
625 683 134 52 si
692 683 245 52 j'avois
870 683 156 52 mis
959 683 156 52 des
1048 683 334 52 guillotines
1315 683 134 52 en
1360 683 178 52 perma-

137 722 257 64 «nence,
323 722 187 64 créé
440 722 163 64 des
534 722 304 64 tribunaux
767 722 140 64 ou
837 722 350 64 commissions
1118 722 350 64 populaires,
1375 722 163 64 donné

136 778 172 57 «aux
244 778 280 57 tribunaux
460 778 302 57 ordinaires
697 778 151 57 des
783 778 345 57 attributions
1063 778 302 57 spéciales.
1300 778 129 57 Je
1365 778 129 57 ne
1408 778 129 57 sau-

137 818 194 66 «rais
267 818 151 66 que
353 818 194 66 dire,
482 818 258 66 quoique,
675 818 172 66 dans
783 818 129 66 ce
848 818 172 66 cas,
955 818 129 66 je
1020 818 194 66 dusse
1149 818 172 66 être
1256 818 258 66 apprécié
1428 818 108 66 par

136 866 328 61 «l'ensemble
399 866 131 61 de
464 866 131 61 ma
530 866 285 61 conduite,
749 866 153 61 par
836 866 131 61 le
902 866 263 61 résultat
1099 866 131 61 de
1165 866 153 61 mes
1230 866 263 61 actes....»

92 892 186 88 2822.
216 892 310 88 Daru
465 892 145 88 (le
547 892 186 88 comte
671 892 165 88 de),
775 892 269 88 ministre,
982 892 207 88 membre
1126 892 124 88 de
1188 892 290 88 l’Académie
1395 892 145 88 fran

139 955 212 65 çaise.
287 955 127 65 L.
351 955 170 65 aut.
457 955 191 65 sig.,
584 955 106 65 à
627 955 276 65 Ginguené.
839 955 233 65 Dresde,
1009 955 106 65 3
1051 955 233 65 juillet
1221 955 191 65 1813.
1348 955 106 65 2
1390 955 127 65 p.
1433 955 106 65 pl.

22 1005 1245 65 in-4.
852 1005 692 65 2
990 1005 553 65 50

94 1051 181 79 2823.
215 1051 423 79 Daubanton,
577 1051 181 79 frère
698 1051 121 79 du
759 1051 322 79 naturaliste.
1020 1051 101 79 .
1061 1051 161 79 aut.
1161 1051 181 79 sig.,
1282 1051 101 79 à
1322 1051 121 79 M.
1383 1051 121 79 de
1423 1051 121 79 Vil

138 1099 241 63 lenave,
314 1099 110 63 à
358 1099 351 63 Courneilles.
643 1099 220 63 Paris,
797 1099 132 63 18
862 1099 176 63 août
972 1099 198 63 1790.
1104 1099 110 63 1
1148 1099 132 63 p.
1214 1099 154 63 pl.
1302 1099 198 63 in-4.
1433 1099 110 63 2
1455 1099 88 63 25

96 1153 169 65 2824.
209 1153 338 65 Daunou,
491 1153 188 65 député
622 1153 113 65 du
678 1153 451 65 Pas-de-Calais
1073 1153 94 65 à
1110 1153 113 65 la
1166 1153 282 65 Convention,
1373 1153 169 65 savant,

141 1210 345 49 commentateur
422 1210 129 49 de
487 1210 259 49 Boileau.
681 1210 129 49 L.
746 1210 173 49 aut.
854 1210 194 49 sig.,
983 1210 129 49 au
1048 1210 259 49 ministre
1242 1210 151 49 des
1307 1210 237 49 finances.

133 1250 328 56 Paris,
363 1250 197 56 12
461 1250 426 56 fructidor
788 1250 197 56 an
887 1250 229 56 IV.
1018 1250 164 56 1
1083 1250 197 56 p.
1182 1250 295 56 in-4.
1378 1250 164 56 2
1411 1250 131 56 50

97 1297 176 76 2825.
215 1297 352 76 Decrès,
509 1297 235 76 ministre
685 1297 117 76 de
743 1297 117 76 la
802 1297 215 76 marine.
959 1297 117 76 L.
1017 1297 157 76 aut.
1115 1297 157 76 sig.
1213 1297 196 76 Paris,
1350 1297 117 76 12
1389 1297 157 76 nivôse

112 1342 330 62 an
277 1342 496 62 XIII.
608 1342 275 62 1
718 1342 330 62 p.
883 1342 606 62 in-fol.
1324 1342 275 62 2
1379 1342 165 62 »

97 1401 189 55 2826.
223 1401 420 55 Delambre,
580 1401 294 55 astronome,
811 1401 210 55 membre
957 1401 126 55 de
1020 1401 294 55 l’Académie
1251 1401 147 55 des
1314 1401 231 55 Sciences.

141 1438 162 55 L.
222 1438 216 55 aut.
357 1438 243 55 sig.,
519 1438 135 55 à
573 1438 243 55 M....
735 1438 135 55 1
789 1438 162 55 p.
871 1438 189 55 pl.
979 1438 216 55 in-8
1114 1438 162 55 en
1195 1438 324 55 travers.
1438 1438 135 55 3
1465 1438 81 55 »

193 1490 328 57 Chaleurcuse
455 1490 393 57 recommandation
783 1490 131 57 en
849 1490 219 57 faveur
1002 1490 131 57 du
1067 1490 306 57 traducteur
1308 1490 131 57 et
1351 1490 197 57 éditeur

147 1521 314 90 d’Archimède
398 1521 125 90 et
461 1521 355 90 d’Euclide....
753 1521 125 90 Le
816 1521 272 90 manuscrit
1025 1521 125 90 de
1088 1521 125 90 sa
1151 1521 293 90 traduction
1360 1521 188 90 d’Apol-

147 1585 211 63 lonius
295 1585 148 63 est
379 1585 190 63 entre
506 1585 148 63 ses
570 1585 169 63 mains.

98 1598 186 107 2827.
223 1598 435 107 Delandine,
595 1598 311 107 littérateur
844 1598 124 107 et
906 1598 331 107 bibliographe
1175 1598 269 107 lyonnais.
1382 1598 124 107 L.
1424 1598 124 107 aut.

149 1678 191 55 sig.,
276 1678 106 55 à
319 1678 127 55 M.
382 1678 255 55 Beuchot.
573 1678 191 55 Lyon,
700 1678 127 55 15
764 1678 233 55 juillet
934 1678 191 55 1813.
1061 1678 106 55 3
1103 1678 149 55 gr.
1188 1678 127 55 p.
1252 1678 149 55 pl.
1337 1678 127 55 et
1379 1678 170 55 demie,

130 1723 366 61 in-4.
374 1723 366 61 Belle
618 1723 406 61 lettre
902 1723 609 61 littéraire.
1390 1723 203 61 3
1430 1723 122 61 »

104 1758 169 86 2828.
217 1758 395 86 Dellebarre
555 1758 226 86 (L.-F.),
725 1758 244 86 opticien.
913 1758 113 86 Né
969 1758 94 86 à
1007 1758 244 86 Abbeville
1195 1758 338 86 (Somme)
1458 1758 94 86 Au

151 1818 172 60 teur
259 1818 129 60 et
324 1818 280 60 inventeur
539 1818 172 60 d’un
647 1818 302 60 microscope
884 1818 302 60 universel,
1121 1818 259 60 approuvé
1315 1818 129 60 et
1358 1818 194 60 préféré

149 1868 158 68 par
240 1868 317 68 l’Académie
489 1868 226 68 royale
647 1868 158 68 des
738 1868 272 68 Sciences
942 1868 204 68 comme
1078 1868 294 68 supérieur
1304 1868 113 68 à
1349 1868 181 68 tous
1440 1868 113 68 les

152 1925 308 54 instruments
399 1925 123 54 de
461 1925 123 54 ce
522 1925 185 54 genre
646 1925 144 54 qui
728 1925 144 54 ont
810 1925 144 54 été
892 1925 185 54 faits
1016 1925 185 54 avant
1139 1925 123 54 le
1201 1925 247 54 sien....
1386 1925 123 54 L.
1427 1925 123 54 aut.

152 1959 185 86 sig.,
276 1959 103 86 à
317 1959 123 86 M.
379 1959 123 86 le
440 1959 288 86 contrôleur
666 1959 226 86 général
831 1959 144 86 des
913 1959 267 86 finances.
1118 1959 206 86 Paris,
1262 1959 123 86 17
1324 1959 164 86 déc.
1406 1959 144 86 1783.

131 2010 209 58 3
215 2010 293 58 gr.
382 2010 251 58 p.
508 2010 377 58 in-4.
759 2010 711 58 Intéressante.
1345 2010 209 58 3
1387 2010 167 58 50

105 2039 197 98 2829.
237 2039 351 98 Denon
522 2039 285 98 (Vivant),
741 2039 285 98 directeur
960 2039 241 98 général
1135 2039 132 98 du
1201 2039 197 98 musée
1311 2039 241 98 Napoléon,

152 2116 226 67 membre
310 2116 135 67 de
378 2116 339 67 l’Institut.
649 2116 226 67 Paris,
807 2116 135 67 30
875 2116 271 67 frimaire
1078 2116 135 67 an
1146 2116 135 67 V.
1213 2116 113 67 1
1259 2116 135 67 p.
1326 2116 203 67 in-8.
1462 2116 113 67 3
1484 2116 68 67 »

202 2160 129 50 Au
266 2160 193 50 sujet
394 2160 129 50 de
459 2160 129 50 la
523 2160 214 50 visite
673 2160 129 50 du
737 2160 171 50 pape
845 2160 129 50 au
888 2160 171 50 musée.

109 2172 181 92 2830.
229 2172 261 92 Drouet
430 2172 120 92 de
490 2172 381 92 Maupertuis,
811 2172 201 92 auteur
952 2172 120 92 de
1012 2172 120 92 la
1072 2172 281 92 Réforme
1293 2172 120 92 de
1333 2172 221 92 l’Ab

157 2243 202 96 baye
304 2243 110 96 de
359 2243 147 96 s-pt
451 2243 239 96 fons
635 2243 110 96 L.
690 2243 166 96 sig.,
801 2243 92 96 à
837 2243 166 96 M....
948 2243 92 96 3
985 2243 166 96 inars
1095 2243 166 96 1702.
1205 2243 92 96 2
1242 2243 110 96 p.
1297 2243 166 96 in-4.
1389 2243 166 96 (Tachée

93 2302 1375 57 d’humidilé.)
1210 2302 430 57 3
1296 2302 258 57 »

202 2338 131 69 M.
268 2338 218 69 l'abbé
420 2338 131 69 de
486 2338 262 69 Beautort
682 2338 175 69 veut
791 2338 284 69 l'engager
1010 2338 109 69 à
1053 2338 284 69 supprimer
1271 2338 153 69 son
1337 2338 218 69 ouvrage,

157 2392 143 59 par
238 2392 245 59 l'unique
422 2392 204 59 raison
565 2392 184 59 qu'il
688 2392 143 59 est
770 2392 164 59 trop
872 2392 286 59 avantageux
1097 2392 102 59 à
1138 2392 123 59 M.
1199 2392 143 59 son
1260 2392 225 59 frère....

110 2435 178 64 2831.
229 2435 336 64 Dubois
506 2435 238 64 (Louis),
684 2435 218 64 célèbre
843 2435 257 64 agronome.
1040 2435 119 64 L.
1100 2435 158 64 aut.
1199 2435 178 64 sig.,
1318 2435 99 64 à
1357 2435 119 64 M.
1397 2435 158 64 Simon.

157 2484 247 60 Alençon,
343 2484 123 60 an
404 2484 185 60 XIil.
528 2484 103 60 2
569 2484 144 60 gr.
651 2484 123 60 p.
713 2484 144 60 pl.
795 2484 185 60 in-4.
918 2484 144 60 (un
1001 2484 144 60 peu
1083 2484 267 60 fatiguée,
1289 2484 123 60 et
1350 2484 123 60 le
1412 2484 144 60 bas
1474 2484 82 60 de

133 2534 275 60 la
271 2534 596 60 troisième
729 2534 367 60 page
958 2534 550 60 enlevé).
1371 2534 229 60 3
1417 2534 138 60 »

205 2568 184 66 Toute
327 2568 307 66 litrtéaire,
573 2568 123 66 la
634 2568 164 66 plus
736 2568 205 66 grande
880 2568 205 66 partie
1023 2568 123 66 en
1064 2568 143 66 vers.

111 2619 189 79 2832.
237 2619 419 79 Dufrenoy,
593 2619 294 79 inspecteur
824 2619 231 79 général
992 2619 147 79 des
1076 2619 210 79 mines,
1222 2619 210 79 membre
1369 2619 126 79 de
1411 2619 147 79 l'In-

154 2677 291 53 stitut.
365 2677 159 53 L.
445 2677 212 53 aut.
577 2677 212 53 sig.
710 2677 238 53 Jeudi
869 2677 265 53 matin.
1054 2677 291 53 Demi-p.
1266 2677 238 53 in-8.
1425 2677 132 53 4
1451 2677 106 53 50

112 2720 184 72 2833.
234 2720 367 72 Dugazon
540 2720 204 72 (Mme),
683 2720 225 72 célèbre
847 2720 286 72 cantatrice
1071 2720 122 72 de
1132 2720 122 72 la
1194 2720 225 72 Comédie
1336 2720 225 72 Italienno
