1716 2935
689 47 148 79 231

115 130 120 84 du
175 130 120 84 22
235 130 161 84 août
336 130 181 84 1770,
456 130 120 84 au
516 130 181 84 sujet
637 130 120 84 du
697 130 120 84 4e
757 130 201 84 volume
898 130 141 84 des
978 130 321 84 Principes
1219 130 301 84 physiques

115 200 126 59 du
178 200 126 59 P.
241 200 252 59 Bertier,
430 200 126 59 de
493 200 315 59 l’Oratoire,
745 200 168 59 aut.
850 200 168 59 sig.
955 200 210 59 Paris,
1102 200 126 59 24
1165 200 189 59 août,
1291 200 189 59 1770.
1417 200 105 59 1
1438 200 84 59 p.

-16 242 1382 62 in-4.
906 242 768 62 3
1059 242 461 62 »

69 286 202 73 2864.
203 286 358 73 Grandjean
494 286 134 73 de
561 286 246 73 Fouchy,
740 286 291 73 fils,
964 286 313 73 secrétaire
1211 286 134 73 de
1255 286 269 73 l’Académie

119 339 151 65 des
206 339 260 65 Sciences
401 339 130 65 et
465 339 108 65 à
509 339 389 65 l’Observatoire
833 339 216 65 royal.
984 339 130 65 L.
1049 339 173 65 aut.
1157 339 195 65 sig.,
1287 339 108 65 à
1309 339 216 65 mademoi-

118 385 252 67 selle...
307 385 105 67 A
349 385 378 67 l’Observatoire
664 385 126 67 de
727 385 210 67 Paris,
873 385 126 67 le
936 385 126 67 24
999 385 147 67 mai
1083 385 189 67 1764.
1209 385 105 67 1
1251 385 126 67 p.
1314 385 189 67 in-4.
1440 385 105 67 6
1461 385 63 67 »

163 443 201 50 Jolie
297 443 134 50 et
364 443 246 50 aimable
543 443 246 50 lettre.
721 443 246 50 Hommage
900 443 134 50 au
967 443 156 50 nom
1057 443 134 50 de
1124 443 156 50 MM.
1213 443 246 50 Newton,
1370 443 156 50 Leib-

122 483 188 64 nitz,
248 483 293 64 Bernoulli,
478 483 251 64 Cassini,
666 483 251 64 Maraldy,
855 483 188 64 etc.,
981 483 126 64 de
1043 483 188 64 trois
1169 483 126 64 ou
1232 483 209 64 quatre
1357 483 168 64 petits

120 542 256 46 miroirs,
311 542 234 46 presque
482 542 277 46 magiques,
695 542 170 46 pour
801 542 256 46 observer
993 542 128 46 la
1057 542 213 46 grande
1206 542 234 46 éclipse
1376 542 128 46 de
1419 542 106 46 so-

121 583 158 55 leil
220 583 139 55 qui
299 583 237 55 arrivera
477 583 119 55 le
537 583 237 55 dimanche
715 583 139 55 1er
794 583 198 55 avril,
932 583 237 55 lesquels
1111 583 139 55 lui
1190 583 297 55 dévoileront
1407 583 119 55 tout

119 624 138 60 le
188 624 252 60 mystère
371 624 138 60 de
440 624 138 60 ce
509 624 206 60 grand
624 624 275 60 phénomène.

74 657 197 80 2865.
205 657 438 80 Guettard,
578 657 219 80 membre
731 657 131 80 de
797 657 306 80 l’Académie
1037 657 153 80 des
1125 657 285 80 sciences.
1344 657 131 80 L.
1388 657 131 80 aut.

112 731 263 46 sig.
276 731 328 46 Paris,
506 731 164 46 3
572 731 230 46 mai
703 731 296 46 1776,
900 731 164 46 1
966 731 197 46 p.
1064 731 230 46 pl.
1196 731 296 46 in-4.
1393 731 164 46 2
1426 731 99 46 »

72 773 196 55 2866.
203 773 391 55 Guignes
529 773 369 55 (Louis-Joseph
833 773 174 55 de),
941 773 217 55 consul
1093 773 130 55 de
1159 773 217 55 France
1311 773 109 55 à
1332 773 196 55 Canton,

122 811 368 60 correspondant
425 811 130 60 de
490 811 303 60 l’Académie
728 811 151 60 des
815 811 260 60 Sciences
1010 811 130 60 et
1075 811 130 60 de
1139 811 195 60 celle
1269 811 151 60 des
1334 811 195 60 Belles-

122 855 277 66 Lettres.
330 855 139 66 L.
399 855 185 66 aut.
514 855 185 66 sig.
630 855 231 66 Paris,
791 855 115 66 2
838 855 277 66 décembre
1045 855 208 66 1832.
1184 855 115 66 1
1230 855 139 66 p.
1299 855 208 66 in-4.
1438 855 115 66 2
1461 855 69 66 »

80 920 192 58 2867.
208 920 384 58 Guiraud
528 920 341 58 (Alexandre),
805 920 213 58 poëte,
955 920 213 58 membre
1104 920 128 58 de
1168 920 299 58 l’Académie
1382 920 149 58 fran

125 956 204 62 çaise.
267 956 183 62 Pièce
389 956 122 62 de
451 956 163 62 vers
552 956 183 62 aut.,
675 956 143 62 sur
756 956 122 62 la
817 956 265 62 retraite.
1021 956 102 62 2
1062 956 122 62 p.
1123 956 183 62 in-4.
1245 956 183 62 (avec
1367 956 143 62 des
1428 956 102 62 ra-

23 1004 1383 57 tures).
1029 1004 629 57 3
1155 1004 377 57 »

79 1054 187 72 2868.
204 1054 353 72 Guyon,
494 1054 207 72 acteur
639 1054 124 72 du
701 1054 436 72 Théâtre-Français.
1075 1054 207 72 Billet
1220 1054 166 72 aut.
1324 1054 166 72 sig.
1427 1054 104 72 1
1448 1054 83 72 p.

106 1096 460 62 in-18.
428 1096 460 62 Portr.
750 1096 414 62 lith.
1027 1096 414 62 in-8.
1303 1096 230 62 1
1349 1096 184 62 50

81 1136 186 81 2869.
206 1136 331 81 Halma
475 1136 228 81 (l’abbé
640 1136 269 81 Nicolas),
848 1136 207 81 savant
993 1136 373 81 mathématicien.
1303 1136 124 81 Né
1365 1136 104 81 à
1386 1136 145 81 Sédan

128 1193 462 60 (Ardennes))i.
524 1193 132 60 L.
590 1193 176 60 aut.
700 1193 176 60 sig.
810 1193 220 60 Paris,
963 1193 198 60 1811.
1095 1193 110 60 4
1139 1193 132 60 p.
1205 1193 154 60 pl.
1293 1193 198 60 in-4.
1425 1193 110 60 3
1447 1193 88 60 50

81 1236 198 75 2870.
213 1236 264 75 Hénin
411 1236 132 75 de
477 1236 396 75 Cuvilliers
807 1236 154 75 (le
896 1236 198 75 baron
1028 1236 176 75 d’),
1138 1236 264 75 maréchal
1336 1236 132 75 de
1380 1236 154 75 camp,

132 1287 206 62 savant,
282 1287 299 62 littérateur.
525 1287 112 62 Né
581 1287 94 62 à
619 1287 187 62 Balloy
750 1287 524 62 (Seine-et-Marne)
1218 1287 112 62 L.
1274 1287 150 62 aut.
1368 1287 168 62 sig.,
1461 1287 75 62 au

125 1337 179 62 duc
228 1337 410 62 d’Angoulême.
561 1337 256 62 Paris,
740 1337 154 62 20
817 1337 205 62 oct.
945 1337 231 62 1824.
1099 1337 128 62 1
1150 1337 154 62 p.
1227 1337 282 62 in-fol.
1432 1337 128 62 8
1457 1337 77 62 »

178 1379 128 71 Il
242 1379 234 71 supplie
412 1379 149 71 Son
497 1379 234 71 Altesse
667 1379 213 71 Rovale
815 1379 128 71 de
879 1379 149 71 lui
964 1379 276 71 permettre
1177 1379 128 71 de
1240 1379 234 71 déposer
1410 1379 106 71 à
1432 1379 106 71 ses

135 1427 168 78 pieds
248 1427 112 78 la
304 1427 225 78 nouvelle
472 1427 206 78 édition
622 1427 112 78 de
678 1427 112 78 la
734 1427 299 78 Monarchie
978 1427 131 78 des
1052 1427 318 78 Solipses
1314 1427 112 78 Il
1371 1427 94 78 a
1389 1427 150 78 publié

135 1475 156 67 cet
224 1475 245 67 ouvrage
402 1475 178 67 dans
514 1475 290 67 l’intérêt
737 1475 134 67 de
804 1475 402 67 l’indépendance
1138 1475 134 67 du
1205 1475 201 67 trône
1339 1475 134 67 et
1406 1475 134 67 de
1451 1475 89 67 la

135 1538 192 48 vraie
262 1538 277 48 religion;
475 1538 128 48 et
539 1538 170 48 pour
646 1538 277 48 l’honneur
859 1538 128 48 de
923 1538 128 48 la
986 1538 234 48 royauté
1157 1538 128 48 et
1221 1538 128 48 la
1284 1538 213 48 sûreté
1412 1538 128 48 per-

138 1581 256 53 sonnelle
329 1581 149 53 des
415 1581 320 53 souverains.
670 1581 170 53 «Les
777 1581 170 53 deux
883 1581 362 53 lithographies
1182 1581 149 53 qui
1267 1581 256 53 ornaient
1437 1581 107 53 cet

137 1621 263 72 «ouvrage
334 1621 154 72 ont
422 1621 154 72 été
510 1621 307 72 supprimées
751 1621 241 72 d’après
927 1621 241 72 l’ordre
1102 1621 132 72 de
1168 1621 132 72 M.
1234 1621 285 72 Franchet,
1431 1621 110 72 di-

139 1681 263 49 «recteur
336 1681 132 49 de
402 1681 219 49 police
556 1681 132 49 de
621 1681 351 49 l’imprimerie
906 1681 132 49 et
972 1681 132 49 de
1038 1681 132 49 la
1104 1681 307 49 librairie.
1345 1681 153 49 Ces
1410 1681 132 49 deux

142 1726 394 50 «lithographies
471 1726 285 50 cependant
690 1726 131 50 ne
755 1726 307 50 blessaient
996 1726 131 50 en
1062 1726 175 50 rien
1172 1726 153 50 les
1259 1726 219 50 mœurs,
1391 1726 153 50 n’of-

140 1767 323 66 «fensaient
394 1767 138 66 en
463 1767 231 66 aucune
624 1767 254 66 manière
808 1767 138 66 la
878 1767 277 66 religion
1085 1767 138 66 ou
1154 1767 138 66 le
1200 1767 346 66 gouvernement;

145 1825 131 65 «il
220 1825 131 65 n’y
295 1825 168 65 était
407 1825 149 65 fait
500 1825 205 65 mention
649 1825 131 65 que
724 1825 131 65 des
799 1825 205 65 anciens
948 1825 280 65 jésuites
1172 1825 317 65 régicides
1414 1825 131 65 d’au

121 1869 300 57 «trefois.»

95 1908 207 68 2871.
233 1908 277 68 Jaume
441 1908 484 68 Saint-Hilaire
856 1908 392 68 (Jean-Marie),
1178 1908 323 68 botaniste.
1432 1908 138 68 Né
1478 1908 69 68 à

148 1957 182 72 Grasse
275 1957 273 72 (Var)).
493 1957 109 72 L.
548 1957 145 72 aut.
638 1957 145 72 sig.
729 1957 182 72 Paris,
857 1957 91 72 6
893 1957 145 72 nov.
984 1957 164 72 1819.
1093 1957 91 72 1
1129 1957 109 72 p.
1184 1957 109 72 et
1238 1957 164 72 demie
1347 1957 164 72 in-8.
1456 1957 91 72 1
1474 1957 73 72 50

102 1999 158 81 2872.
208 1999 352 81 Joinville
507 1999 176 81 (Henri
630 1999 246 81 d’Orléans,
823 1999 176 81 prince
946 1999 141 81 de).
1034 1999 176 81 Billet
1157 1999 141 81 aut.
1245 1999 158 81 sig.:
1333 1999 211 81 Fr

147 2050 135 83 0.
215 2050 271 83 Neuilly,
418 2050 113 83 6
463 2050 135 83 h.
531 2050 135 83 du
599 2050 203 83 soir.
734 2050 113 83 1
779 2050 135 83 p.
847 2050 226 83 in-12.
1005 2050 293 83 Signature
1230 2050 293 83 découpée.
1456 2050 113 83 5
1478 2050 68 83 »

195 2098 150 65 «On
280 2098 236 65 donnera
452 2098 150 65 les
538 2098 387 65 Saltimbanques,
861 2098 150 65 j’y
946 2098 193 65 vais,
1075 2098 322 65 avant-scène
1333 2098 129 65 n°
1398 2098 172 65 4...
1484 2098 64 65 »

98 2156 225 66 2873.
248 2156 350 66 Journée
523 2156 150 66 du
598 2156 175 66 1er
698 2156 325 66 prairial.
948 2156 125 66 —
998 2156 350 66 Assassinat
1273 2156 150 66 de
1323 2156 225 66 Fer

148 2196 301 63 raud
385 2196 129 63 L.
450 2196 172 63 aut.
558 2196 172 63 sig.
665 2196 129 63 du
730 2196 237 63 citoyen
902 2196 366 63 Guillemardet,
1204 2196 345 63 représentant
1462 2196 86 63 du

151 2242 240 71 peuple,
326 2242 109 71 à
370 2242 153 71 ses
457 2242 284 71 collègues
676 2242 240 71 membres
851 2242 131 71 du
916 2242 219 71 Comité
1069 2242 131 71 de
1135 2242 219 71 sûreté
1288 2242 262 71 générale
1463 2242 87 71 de

151 2287 123 65 la
213 2287 288 65 Convention
439 2287 288 65 nationale.
666 2287 206 65 Paris,
810 2287 103 65 5
851 2287 247 65 prairial
1036 2287 123 65 an
1098 2287 165 65 III.
1200 2287 103 65 3
1241 2287 144 65 gr.
1324 2287 123 65 p.
1385 2287 144 65 pl.
1447 2287 103 65 gr.

57 2350 1266 55 in-fol.
978 2350 691 55 22
1208 2350 345 55 »

200 2375 208 74 Exposé
346 2375 125 74 de
408 2375 125 74 sa
471 2375 250 74 conduite
658 2375 104 74 à
700 2375 125 74 la
763 2375 292 74 Convention
992 2375 125 74 le
1054 2375 167 74 jour
1158 2375 125 74 de
1221 2375 333 74 l’assassinat
1471 2375 83 74 de

157 2430 251 64 Ferraud;
345 2430 125 64 sa
408 2430 188 64 fuite
533 2430 167 64 pour
638 2430 272 64 rejoindre
847 2430 125 64 le
910 2430 335 64 représentant
1182 2430 251 64 Solignac
1370 2430 105 64 à
1391 2430 167 64 Meaux,

155 2485 133 57 où
221 2485 133 57 il
288 2485 222 57 trouve
444 2485 222 57 réunis
599 2485 222 57 Loizel
754 2485 133 57 et
821 2485 244 57 Mazade.
999 2485 178 57 ....
1110 2485 133 57 Il
1176 2485 111 57 a
1221 2485 155 57 été
1310 2485 244 57 prévenu
1465 2485 89 57 du

154 2525 281 66 mouvement
370 2525 151 66 qui
457 2525 130 66 se
522 2525 281 66 préparait
737 2525 173 66 dans
845 2525 130 66 la
910 2525 238 66 Commune
1083 2525 130 66 de
1148 2525 194 66 Paris
1277 2525 130 66 le
1342 2525 151 66 1er
1407 2525 151 66 prai-

157 2576 185 59 rial,
281 2576 144 59 par
363 2576 124 59 un
425 2576 206 59 rappel
569 2576 144 59 qui
652 2576 185 59 s’est
775 2576 185 59 battu
899 2576 165 59 dans
1002 2576 124 59 sa
1064 2576 227 59 section
1228 2576 103 59 à
1270 2576 144 59 dix
1352 2576 206 59 heures
1476 2576 82 59 du

157 2617 219 64 matin,
310 2617 131 64 et
376 2617 131 64 il
442 2617 197 64 s’est
573 2617 263 64 empressé
770 2617 306 64 d’accourir
1011 2617 131 64 au
1076 2617 175 64 sein
1186 2617 131 64 de
1252 2617 131 64 la
1295 2617 263 64 Convention

155 2668 184 71 pour
270 2668 115 71 y
316 2668 276 71 partager
523 2668 161 71 les
614 2668 253 71 travaux
798 2668 138 71 et
867 2668 161 71 les
959 2668 253 71 dangers
1143 2668 138 71 de
1212 2668 161 71 ses
1280 2668 276 71 collègues.

207 2727 233 65 Bientôt
376 2727 169 65 j’ai
482 2727 127 65 vu
545 2727 127 65 la
609 2727 381 65 représentation
926 2727 275 65 nationale
1138 2727 212 65 violée
1286 2727 169 65 dans
1392 2727 148 65 son
1455 2727 106 65 en
