1636 2968
108 169 165 62 pour
211 169 144 62 les
294 169 247 62 malades,
479 169 247 62 présenté
664 169 144 62 par
746 169 123 62 le
808 169 185 62 sieur
932 169 226 62 Biesta,
1096 169 185 62 signé
1220 169 144 62 par
1282 169 226 62 Guillotin

105 225 134 55 et
172 225 223 55 Calmé,
327 225 134 55 et
394 225 178 55 aut.
506 225 134 55 et
572 225 200 55 signé
706 225 156 55 par
795 225 267 55 Coutard.
996 225 267 55 Délibéré
1196 225 156 55 aux
1285 225 223 55 écoles
1419 225 89 55 de

96 273 407 57 médecine,
409 273 188 57 le
503 273 188 57 15
597 273 345 57 octobre
848 273 282 57 1788.
1036 273 157 57 2
1099 273 188 57 p.
1193 273 282 57 in-4.
1381 273 157 57 4
1412 273 94 57 »

60 322 181 52 2884.
181 322 282 52 Loterie
402 322 302 52 royale.
644 322 121 52 L.
704 322 161 52 aut.
805 322 161 52 sig.
906 322 121 52 de
966 322 121 52 M.
1027 322 242 52 Mailhos,
1208 322 222 52 avocat,
1349 322 161 52 adres-

99 370 193 58 sée
210 370 165 58 au
292 370 276 58 duc...
486 370 276 58 Paris,
679 370 165 58 28
761 370 221 58 juin
899 370 248 58 1833.
1065 370 138 58 4
1120 370 165 58 p.
1203 370 248 58 in-4.
1368 370 165 58 10
1423 370 83 58 »

152 417 129 60 Au
217 417 194 60 sujet
346 417 129 60 de
411 417 345 60 combinaisons
691 417 194 60 sûres
820 417 172 60 pour
928 417 215 60 gagner
1078 417 108 60 à
1121 417 129 60 la
1186 417 237 60 loterie
1337 417 172 60 royale

104 466 200 55 trois
237 466 111 55 à
282 466 223 55 quatre
438 466 267 55 millions
638 466 156 55 par
727 466 156 55 an,
817 466 134 55 ce
883 466 156 55 qui
972 466 156 55 est
1062 466 178 55 plus
1173 466 178 55 sage
1284 466 156 55 que
1373 466 134 55 de
1418 466 89 55 la

102 509 299 57 culbuter,
332 509 207 57 parce
471 509 161 57 que
563 509 138 57 sa
632 509 346 57 suppression
908 509 322 57 volontaire
1162 509 138 57 ou
1231 509 230 57 forcée
1369 509 138 57 n’en

101 566 235 57 serait
265 566 164 57 pas
359 566 188 57 plus
476 566 352 57 avantageuse
758 566 141 57 au
828 566 235 57 peuple
993 566 164 57 qui
1086 566 141 57 se
1157 566 305 57 ruinerait
1368 566 141 57 plus

103 606 259 56 sûrement
298 606 216 56 encore
449 606 173 56 dans
557 606 151 56 les
643 606 259 56 loteries
837 606 345 56 clandestiues
1118 606 129 56 et
1182 606 324 56 étrangères,
1420 606 86 56 où

102 654 131 58 il
168 654 262 58 perdrait
364 654 175 58 même
473 654 131 58 en
539 654 262 58 gagnant,
736 654 284 58 puisqu’il
954 654 218 58 serait
1107 654 262 58 rarement
1282 654 218 58 payé....

102 706 164 46 «La
195 706 421 46 circonspection
546 706 211 46 voile
687 706 164 46 mes
780 706 351 46 opérations,
1061 706 164 46 car
1155 706 281 46 personne
1366 706 140 46 ne
1412 706 94 46 se

102 753 231 50 «soucie
270 753 126 50 de
333 753 210 50 passer
479 753 168 50 pour
584 753 126 50 un
647 753 210 50 joueur
794 753 126 50 de
856 753 251 50 loterie,
1045 753 126 50 et
1108 753 210 50 toutes
1255 753 147 50 les
1317 753 189 50 classes

101 798 173 55 «s’y
209 798 259 55 livrent,
404 798 194 55 selon
534 798 194 55 leurs
663 798 238 55 moyens,
836 798 173 55 avec
944 798 303 55 intrépité.
1182 798 130 55 On
1247 798 173 55 sait
1355 798 151 55 que
1420 798 86 55 le

101 850 246 58 «fameux
279 850 313 58 Cagliostro
525 850 201 58 était
659 850 357 58 l’instrument
949 850 134 58 de
1016 850 246 58 fortune
1194 850 134 58 de
1261 850 156 58 feu
1351 850 134 58 le
1395 850 112 58 duc

104 894 280 53 «d’Orléans.
328 894 168 53 Je
440 894 112 53 ne
497 894 205 53 conçois
646 894 224 53 pas
814 894 187 53 disait
945 894 112 53 un
1001 894 149 53 jour
1094 894 280 53 l'infortuné
1318 894 168 53 Louis
1412 894 93 53 XVI

100 946 119 57 «à
160 946 238 57 MONSIEUR
338 946 139 57 qui
417 946 139 57 est
496 946 297 57 aujourd’hui
734 946 139 57 sur
814 946 119 57 le
873 946 198 57 trône,
1012 946 178 57 je
1131 946 119 57 ne
1190 946 218 57 conçois
1329 946 178 57 pas

102 987 244 55 «qu'un
290 987 169 55 aussi
402 987 169 55 grand
515 987 187 55 prince
646 987 150 55 joue
740 987 94 55 à
777 987 112 55 la
833 987 225 55 loterie.
1002 987 112 55 Ce
1058 987 150 55 nest
1152 987 131 55 pas
1227 987 150 55 plus
1302 987 206 55 éton

101 1038 247 54 «nant,
291 1038 228 54 répondit
462 1038 247 54 MONSiEuR,
651 1038 133 54 que
727 1038 114 54 de
784 1038 152 54 voir
879 1038 114 54 un
936 1038 171 54 grand
1050 1038 133 54 roi
1126 1038 171 54 tirer
1239 1038 114 54 de
1296 1038 114 54 la
1334 1038 171 54 lo

103 1089 222 40 «tcrie
270 1089 167 40 bonne
381 1089 185 40 partie
511 1089 111 40 de
566 1089 130 40 son
622 1089 296 40 revenu..»

55 1129 181 75 2885.
176 1129 422 75 Louis-Philippe
538 1129 241 75 Rer,
719 1129 141 75 roi
799 1129 141 75 des
880 1129 261 75 Français.
1081 1129 121 75 L.
1141 1129 161 75 aut.
1242 1129 161 75 sig.
1342 1129 101 75 :
1362 1129 141 75 L.

99 1188 420 59 d'Orléans
459 1188 120 59 au
519 1188 220 59 général
679 1188 220 59 Willot.
839 1188 300 59 Twickenham,
1079 1188 120 59 ce
1139 1188 180 59 lundi
1259 1188 200 59 matin.
1399 1188 100 59 1
1419 1188 80 59 p.

-19 1228 1246 64 in-8.
811 1228 830 64 10
1088 1228 415 64 »

49 1276 204 66 2386.
186 1276 318 66 Machine
435 1276 114 66 à
481 1276 204 66 bains
617 1276 136 66 de
685 1276 363 66 vapeur.
981 1276 250 66 Rapport
1162 1276 182 66 sig.
1276 1276 159 66 par
1344 1276 159 66 Guil-

97 1331 201 53 lotin
231 1331 134 53 et
298 1331 290 53 Lézurier,
521 1331 290 53 médecins,
744 1331 246 53 adressé
923 1331 134 53 au
990 1331 201 53 doyen
1124 1331 134 53 de
1190 1331 313 53 l’Académie
1414 1331 89 53 de

95 1374 276 64 médecine
302 1374 161 64 sur
394 1374 138 64 la
463 1374 253 64 machine
647 1374 115 64 à
693 1374 207 64 bains
830 1374 138 64 de
899 1374 230 64 vapeur
1060 1374 138 64 du
1129 1374 207 64 sieur
1244 1374 253 64 Dumesnil.

100 1425 192 57 Ecole
227 1425 128 57 de
291 1425 256 57 médecine
483 1425 128 57 de
547 1425 213 57 Paris,
696 1425 128 57 le
760 1425 128 57 19
824 1425 234 57 juillet
994 1425 192 57 1788.
1122 1425 106 57 3
1164 1425 128 57 p.
1228 1425 149 57 pl.
1313 1425 128 57 et
1356 1425 149 57 quart

-37 1476 1385 50 in-4.
886 1476 769 50 5
1040 1476 462 50 »

52 1517 168 67 2887.
164 1517 335 67 Manuel
443 1517 186 67 député
574 1517 112 67 de
630 1517 112 67 la
686 1517 335 67 Vendée
965 1517 112 67 L.
1021 1517 112 67 a.
1077 1517 130 67 s.,
1151 1517 93 67 à
1188 1517 112 67 M.
1244 1517 186 67 Verse,
1356 1517 149 67 avocat

96 1578 113 58 à
142 1578 249 58 Toulon.
323 1578 227 58 Paris,
481 1578 113 58 9
527 1578 272 58 décembre
731 1578 204 58 1820.
867 1578 113 58 1
912 1578 136 58 p.
980 1578 159 58 pl.
1071 1578 136 58 et
1139 1578 204 58 demie
1274 1578 204 58 in-8,
1410 1578 113 58 3
1433 1578 68 58 »

45 1612 222 73 2888.
193 1612 716 73 Marie-Joséphine-Louise
835 1612 148 73 de
909 1612 370 73 Savoie,
1206 1612 296 73 comtesse
1403 1612 99 73 de

93 1674 290 60 Provence,
316 1674 201 60 femme
450 1674 134 60 de
517 1674 201 60 Louis
650 1674 223 60 XVIII.
807 1674 134 60 L.
873 1674 178 60 aut.
985 1674 178 60 sig.
1096 1674 112 60 à
1141 1674 178 60 M...
1253 1674 178 60 Sans
1342 1674 156 60 date.

53 1725 314 51 1
179 1725 440 51 gr.
430 1725 377 51 p.
619 1725 440 51 pl.
870 1725 565 51 in-4.
1247 1725 314 51 9
1310 1725 188 51 »

49 1753 181 97 2889.
170 1753 483 97 Marie-Amélie,
593 1753 181 97 reine
714 1753 141 97 des
794 1753 262 97 Français.
995 1753 121 97 L.
1056 1753 181 97 aut.,
1177 1753 101 97 à
1217 1753 161 97 M...
1298 1753 201 97 Neuilly,

95 1826 121 61 30
155 1826 221 61 juillet
316 1826 181 61 1829.
437 1826 100 61 2
477 1826 121 61 p.
537 1826 141 61 pl.
597 1826 141 61 in

140 1850 147 78 Ses
224 1850 230 78 lettres
391 1850 147 78 lui
475 1850 168 78 font
580 1850 126 78 le
643 1850 168 78 plus
747 1850 188 78 grand
873 1850 293 78 plaisir...
1103 1850 188 78 «mais
1229 1850 126 78 je
1292 1850 188 78 serai
1396 1850 105 78 en-

94 1928 192 58 «core
222 1928 171 58 plus
328 1928 256 58 contente
520 1928 192 58 alors
648 1928 149 58 que
733 1928 320 58 j'écouterai
989 1928 149 58 vos
1075 1928 341 58 intéressants
1330 1928 171 58 récits

91 1967 300 66 «racontés
322 1967 161 66 par
414 1967 185 66 vous
529 1967 185 66 même
645 1967 138 66 au
714 1967 185 66 lieu
829 1967 161 66 que
921 1967 185 66 d’en
1037 1967 208 66 faire
1175 1967 138 66 la
1244 1967 254 66 lecture
1406 1967 92 66 en

94 2032 204 62 «petit
236 2032 183 62 caffé
359 2032 143 62 sur
440 2032 122 62 la
501 2032 265 62 terrasse,
705 2032 122 62 où
766 2032 122 62 du
827 2032 183 62 reste
950 2032 143 62 ils
1031 2032 143 62 ont
1113 2032 122 62 le
1174 2032 163 62 plus
1276 2032 183 62 grand
1378 2032 122 62 suc-

92 2076 173 53 «cès
201 2076 195 53 parmi
331 2076 195 53 toute
461 2076 130 53 la
525 2076 238 53 société
699 2076 217 53 grande
850 2076 130 53 et
915 2076 282 53 petite...
1132 2076 173 53 Quoi
1240 2076 152 53 que
1327 2076 130 53 je
1370 2076 130 53 sois

93 2118 192 51 «fort
221 2118 298 51 satisfaite
455 2118 149 51 que
540 2118 256 51 Chartres
732 2118 149 51 ait
817 2118 170 51 fait
924 2118 128 51 ce
988 2118 213 51 voyage
1137 2118 128 51 et
1201 2118 128 51 de
1265 2118 128 51 la
1307 2118 192 51 manière

90 2166 217 56 «comme
242 2166 130 56 il
307 2166 152 56 l'a
394 2166 195 56 fait,
524 2166 130 56 il
589 2166 130 56 me
654 2166 238 56 revient
827 2166 130 56 de
892 2166 173 56 tout
1001 2166 173 56 côté
1109 2166 152 56 des
1196 2166 217 56 propos
1347 2166 152 56 qui
1412 2166 87 56 me

93 2208 192 59 «font
221 2208 128 59 le
285 2208 171 59 plus
392 2208 192 59 grand
520 2208 320 59 plaisir...»
776 2208 171 59 Elle
883 2208 149 59 dit
968 2208 128 59 en
1032 2208 299 59 terminant:
1267 2208 171 59 «Mon
1353 2208 149 59 mari,

90 2245 170 69 «ma
187 2245 218 69 sœur,
332 2245 170 69 mes
429 2245 291 69 enfants,
648 2245 146 69 et
721 2245 146 69 la
793 2245 218 69 bonne
939 2245 291 69 comtesse
1157 2245 146 69 de
1230 2245 267 69 Monjoye
1400 2245 97 69 me

91 2304 304 75 «chargent
324 2304 140 75 de
394 2304 187 75 bien
511 2304 163 75 des
604 2304 234 75 choses
768 2304 187 75 pour
861 2304 187 75 vous.»

139 2322 365 103 LOUIS-PHILIPPE
443 2322 162 103 Ier,
544 2322 142 103 roi
626 2322 142 103 des
707 2322 264 103 Français.
910 2322 122 103 L.
971 2322 183 103 close
1092 2322 162 103 sig.
1194 2322 122 103 et
1234 2322 264 103 contre

99 2402 293 72 Barthe
343 2402 147 72 1833.
441 2402 81 72 1
473 2402 98 72 p.
506 2402 114 72 in

112 2424 396 101 Prix
359 2424 346 101 des
557 2424 396 101 deux
804 2424 593 101 lettres.
1249 2424 297 101 15
1348 2424 148 101 »

39 2492 243 67 2890.
201 2492 324 67 Marie
444 2492 459 67 nAnne-Josèphe
821 2492 594 67 -Jeanne-Antoinette
1307 2492 189 67 de

93 2548 384 66 Lorraine,
420 2548 154 66 sœur
516 2548 115 66 de
573 2548 269 66 l'empereur
785 2548 288 66 d’Autriche.
1015 2548 115 66 L.
1073 2548 154 66 aut.
1169 2548 173 66 sig.,
1285 2548 96 66 à
1323 2548 115 66 sa
1361 2548 135 66 chère

83 2611 415 65 comtesse...
415 2611 221 65 Sans
554 2611 249 65 date.
720 2611 138 65 2
775 2611 166 65 p.
858 2611 194 65 pl.
969 2611 166 65 et
1052 2611 249 65 demie
1218 2611 249 65 in-8.
1384 2611 138 65 9
1412 2611 83 65 «

136 2659 260 54 Aussitôt
332 2659 239 54 qu'elle
505 2659 108 54 a
548 2659 217 54 appris
700 2659 130 54 la
765 2659 174 54 mort
874 2659 130 54 de
939 2659 152 54 Mme
1026 2659 304 54 Elisabeth,
1264 2659 174 54 elle
1351 2659 152 54 s’est

89 2702 239 59 occupée
263 2702 130 59 de
328 2702 130 59 la
393 2702 195 59 peine
523 2702 152 59 que
610 2702 174 59 cela
718 2702 152 59 lui
805 2702 347 59 causerait...
1087 2702 174 59 «Mme
1195 2702 282 59 Elisabeth
1391 2702 108 59 est

91 2748 105 71 «
133 2748 189 71 morte
259 2748 189 71 comme
385 2748 168 71 elle
491 2748 189 71 avait
617 2748 189 71 vécu,
743 2748 336 71 c’est-à-dire
1016 2748 126 71 en
1079 2748 231 71 héroïne
1227 2748 273 71 chrétienne,
