1678 2988
173 192 165 77 «ses
276 192 206 77 vertus
420 192 206 77 feront
564 192 329 77 l’admiration
832 192 123 77 de
893 192 123 77 la
955 192 267 77 postérité
1161 192 123 77 la
1222 192 165 77 plus
1325 192 247 77 reculée,
1490 192 82 77 et

171 262 301 61 «serviront
408 262 129 61 de
473 262 237 61 modèle;
645 262 129 61 où
710 262 129 61 on
774 262 280 61 atteindra
990 262 258 61 pourtant
1183 262 388 61 difficilement.
1485 262 86 61 Je

171 314 203 59 «sens
307 314 181 59 tout
420 314 136 59 ce
488 314 158 59 que
578 314 136 59 le
646 314 203 59 comte
781 314 271 59 d’Artois
985 314 181 59 aura
1098 314 248 59 éprouvé
1278 314 136 59 en
1324 314 248 59 apprenant

173 356 220 69 «cette
327 356 264 69 terrible
503 356 308 69 nouvelle...»

125 397 186 73 2891.
249 397 434 73 Marie-Anne
621 397 268 73 électrice
828 397 124 73 de
889 397 248 73 Bavière,
1075 397 186 73 fille
1199 397 124 73 de
1261 397 268 73 Ferdinand
1447 397 124 73 III,

174 451 258 58 empereur
367 451 344 58 d’Allemagne.
646 451 129 58 L.
711 451 172 58 aut.
818 451 172 58 sig.
925 451 150 58 (en
1011 451 301 58 allemand).
1248 451 129 58 10
1312 451 193 58 janv.
1420 451 150 58 1648.

156 505 196 49 1
234 505 235 49 p.
352 505 353 49 in-4.
587 505 392 49 Cachet
861 505 666 49 (mouillures).
1410 505 196 49 6
1449 505 118 49 »

125 546 186 71 2892.
249 546 310 71 Molé
498 546 145 71 (le
580 546 186 71 comte
704 546 393 71 Louis-Mathieu),
1035 546 248 71 ministre
1221 546 124 71 et
1283 546 186 71 homme
1387 546 186 71 d’Etat,

173 595 221 66 membre
328 595 133 66 de
394 595 310 66 l’Académie
638 595 310 66 française.
881 595 133 66 L.
947 595 177 66 aut.
1058 595 199 66 sig.,
1191 595 111 66 à
1235 595 133 66 M.
1279 595 288 66 Fillernier.

160 647 362 53 Paris,
413 647 217 53 12
522 647 253 53 mai
666 647 326 53 1836.
884 647 181 53 2
956 647 217 53 p.
1064 647 253 53 pl.
1209 647 326 53 in-8.
1426 647 181 53 3
1462 647 109 53 »

127 688 189 60 2893.
253 688 420 60 Montémont
610 688 273 60 (Albert),
820 688 336 60 littérateur,
1093 688 210 60 poëte.
1240 688 126 60 Né
1303 688 105 60 à
1324 688 252 60 Remirement

179 743 382 65 (Vosges).
504 743 172 65 Pièce
618 743 115 65 de
675 743 153 65 vers
771 743 153 65 aut.
866 743 153 65 sig.
962 743 95 65 1
1000 743 115 65 p.
1057 743 134 65 pl.
1134 743 172 65 in-8.
1248 743 172 65 Jolie
1363 743 191 65 pièce.
1497 743 95 65 3
1516 743 57 65 »

127 790 181 59 2874.
247 790 382 59 Nathalie
569 790 221 59 (Mlle),
730 790 221 59 actrice
891 790 121 59 du
951 790 422 59 Théâtre-Français.
1313 790 121 59 L.
1373 790 161 59 aut.
1453 790 121 59 sig.

161 840 363 59 Paris,
415 840 182 59 6
488 840 399 59 janvier
778 840 327 59 1848.
996 840 182 59 1
1069 840 218 59 p.
1178 840 327 59 in-8.
1395 840 182 59 1
1432 840 145 59 50

131 881 174 57 2895.
246 881 328 57 Naudet
516 881 135 57 (le
594 881 251 57 général),
786 881 309 57 littérateur,
1037 881 270 57 fabuliste.
1249 881 116 57 L.
1307 881 154 57 aut.
1403 881 174 57 sig.,
1500 881 77 57 au

170 933 303 58 colonel
391 933 276 58 Morin.
584 933 276 58 Paris,
777 933 165 58 12
860 933 193 58 mai
970 933 248 58 1835.
1136 933 138 58 1
1191 933 165 58 p.
1274 933 248 58 in-8.
1439 933 138 58 1
1467 933 110 58 50

131 975 171 65 2896.
245 975 343 65 Nemours
531 975 191 65 (Louis
664 975 267 65 d’Orléans,
874 975 133 65 duc
950 975 152 65 de).
1046 975 114 65 L.
1103 975 152 65 aut.
1198 975 152 65 sig.
1293 975 95 65 :
1331 975 267 65 N.
1522 975 57 65 à

175 1029 138 55 M.
244 1029 276 55 Guérard.
451 1029 276 55 Neuilly,
658 1029 276 55 vendredi
865 1029 138 55 26
935 1029 161 55 mai
1027 1029 253 55 (1843).
1211 1029 115 55 1
1257 1029 138 55 p.
1326 1029 207 55 in-8.
1464 1029 138 55 10
1510 1029 69 55 »

233 1079 149 66 ...
318 1079 276 66 Nouvelles
530 1079 127 66 de
594 1079 276 66 Joinville
806 1079 127 66 du
870 1079 127 66 15
934 1079 170 66 mars
1040 1079 127 66 de
1104 1079 191 66 l’île
1231 1079 127 66 de
1274 1079 297 66 l’Ascension.

179 1124 166 64 Tout
283 1124 207 64 allait
407 1124 145 64 bien.

131 1156 187 77 2897.
256 1156 373 77 Orléans
567 1156 207 77 (Louis
712 1156 166 77 d’),
816 1156 166 77 abbé
919 1156 124 77 de
982 1156 436 77 Sainte-Geneviève.
1355 1156 124 77 L.
1417 1156 187 77 aut.,
1521 1156 62 77 à

175 1220 136 67 M.
243 1220 136 67 de
311 1220 136 67 La
379 1220 226 67 Menue.
538 1220 340 67 Versailles,
809 1220 136 67 19
877 1220 249 67 juillet
1058 1220 204 67 1722.
1194 1220 113 67 1
1239 1220 136 67 p.
1307 1220 249 67 in-fol.
1488 1220 113 67 2
1511 1220 68 67 »

134 1265 168 63 2898.
246 1265 336 63 Grléans
527 1265 486 63 (Louis-Philippe-Joseph
956 1265 149 63 d’),
1050 1265 355 63 Egalité
1349 1265 187 63 Quitt.
1461 1265 112 63 sig.

180 1317 178 60 (sur
291 1317 312 60 parchemin)
536 1317 134 60 de
603 1317 134 60 la
669 1317 200 60 somme
803 1317 134 60 de
870 1317 156 60 406
959 1317 156 60 000
1048 1317 223 60 livres
1204 1317 200 60 reçue
1337 1317 134 60 de
1404 1317 134 60 M.
1448 1317 134 60 Loi-

180 1377 170 48 seau
286 1377 127 48 de
350 1377 276 48 Bérenger,
562 1377 446 48 trésorier-général
945 1377 127 48 de
1008 1377 149 48 son
1093 1377 319 48 très-honoré
1348 1377 191 48 père,
1455 1377 127 48 pour

179 1411 230 69 l’année
347 1411 188 69 1781,
472 1411 335 69 conformément
744 1411 105 69 à
786 1411 126 69 la
849 1411 293 69 convention
1079 1411 188 69 faite
1205 1411 188 69 entre
1331 1411 168 69 eux.
1414 1411 168 69 Paris,

123 1459 460 49 14
353 1459 690 49 avril
813 1459 690 49 1782.
1273 1459 383 49 5
1350 1459 230 49 »

133 1499 179 69 2899.
252 1499 258 69 Pépé
451 1499 139 69 (le
530 1499 218 69 général
689 1499 298 69 Guillaume),
928 1499 159 69 chef
1027 1499 119 69 ée
1086 1499 358 69 l’insurrection
1384 1499 119 69 de
1424 1499 159 69 Naples

182 1553 120 65 en
242 1553 180 65 1820.
362 1553 120 65 L.
422 1553 120 65 a.
482 1553 120 65 s.
542 1553 260 65 (derrière
742 1553 140 65 une
822 1553 200 65 lettre
963 1553 160 65 aut.
1063 1553 160 65 sig.
1163 1553 120 65 de
1223 1553 120 65 M.
1283 1553 120 65 A.
1343 1553 120 65 C.
1383 1553 200 65 Buchon),

180 1601 110 59 à
224 1601 132 59 M.
290 1601 219 59 Denis.
443 1601 219 59 Paris,
597 1601 110 59 6
640 1601 197 59 avril
772 1601 197 59 1831.
903 1601 110 59 1
947 1601 153 59 gr.
1035 1601 132 59 p.
1101 1601 153 59 pl.
1188 1601 197 59 in-4.
1320 1601 241 59 Cachet.
1495 1601 110 59 8
1517 1601 66 59 »

228 1642 120 57 Au
288 1642 180 57 sujet
408 1642 120 57 de
468 1642 120 57 la
528 1642 200 57 triste
668 1642 260 57 situation
868 1642 120 57 de
927 1642 120 57 la
987 1642 220 57 France,
1147 1642 120 57 et
1207 1642 120 57 du
1267 1642 200 57 triste
1407 1642 160 57 sort
1487 1642 100 57 po-

181 1671 237 83 litique
354 1671 151 83 des
440 1671 302 83 malheureux
678 1671 324 83 Italiens...
937 1671 194 83 «Plût
1066 1671 129 83 au
1131 1671 173 83 ciel
1239 1671 151 83 que
1325 1671 129 83 la
1368 1671 216 83 conduite

181 1752 151 57 «du
268 1752 281 57 ministère
484 1752 216 57 actuel
635 1752 129 57 ne
699 1752 173 57 soit
807 1752 151 57 pas
894 1752 216 57 fatale
1045 1752 108 57 à
1088 1752 129 57 la
1152 1752 237 57 France!
1325 1752 151 57 car
1411 1752 129 57 si
1455 1752 129 57 vous

182 1792 106 60 «
224 1792 212 60 faites
373 1792 255 60 naufrage
564 1792 170 60 tout
670 1792 127 60 le
734 1792 319 60 lihéralisme
989 1792 127 60 du
1053 1792 276 60 continent
1265 1792 127 60 de
1329 1792 255 60 l’Europe
1499 1792 85 60 se

182 1844 268 65 «noyera.
383 1844 134 65 Il
450 1844 134 65 ny
517 1844 112 65 a
561 1844 156 65 que
650 1844 134 65 la
717 1844 223 65 guerre
874 1844 156 65 qui
963 1844 223 65 puisse
1119 1844 223 65 sauver
1275 1844 134 65 la
1342 1844 246 65 France,
1499 1844 89 65 et

183 1894 192 56 «dans
311 1894 128 56 ce
375 1894 149 56 cas
460 1894 171 56 même
567 1894 256 56 l’Italie
759 1894 171 56 sera
866 1894 299 56 sauvée...,
1101 1894 192 56 etc.,
1229 1894 171 56 etc.
1314 1894 64 56 »

132 1921 190 74 2900.
259 1921 359 74 Périer
554 1921 295 74 (Casimir),
786 1921 232 74 célèbre
955 1921 274 74 banquier,
1166 1921 232 74 premier
1335 1921 253 74 ministre
1504 1921 84 74 de

182 1977 430 66 Louis-Philippe.
545 1977 136 66 L.
613 1977 204 66 sig.,
749 1977 113 66 à
794 1977 136 66 M.
862 1977 136 66 de
930 1977 317 66 Chauvelin,
1179 1977 113 66 à
1225 1977 272 66 Citeaux.
1406 1977 181 66 Paris,

168 2036 224 67 15
280 2036 336 67 avril
504 2036 336 67 1825.
728 2036 187 67 5
802 2036 261 67 gr.
951 2036 224 67 p.
1063 2036 261 67 pl.
1213 2036 336 67 in-4.
1437 2036 187 67 5
1474 2036 112 67 »

235 2063 275 75 Nouvelles
446 2063 127 75 de
510 2063 148 75 son
594 2063 169 75 fils
700 2063 169 75 Paul
805 2063 148 75 qui
890 2063 106 75 a
932 2063 148 75 été
1017 2063 296 75 violemment
1249 2063 169 75 jeté
1355 2063 127 75 de
1397 2063 190 75 cheval,

186 2123 154 82 aux
274 2123 417 82 Champs-Elysées.
625 2123 285 82 Nouvelles
844 2123 329 82 politiques.
1107 2123 154 82 Les
1195 2123 307 82 événements
1415 2123 175 82 légis-

185 2178 201 48 latifs
325 2178 161 48 sont
426 2178 161 48 trop
526 2178 301 48 affligeants
767 2178 161 48 pour
867 2178 181 48 qu’il
988 2178 161 48 l’en
1068 2178 321 48 entretienne...

140 2208 184 67 2901.
262 2208 327 67 Pater
528 2208 204 67 (Dom),
671 2208 306 67 bénédictin,
916 2208 368 67 bibliothécaire
1222 2208 123 67 de
1263 2208 327 67 Saint-

184 2270 284 52 des-Près.
403 2270 131 52 L.
468 2270 175 52 aut.
578 2270 175 52 sig.
687 2270 153 52 (en
774 2270 240 52 latin),
949 2270 131 52 au
1015 2270 175 52 père
1124 2270 153 52 dom
1211 2270 262 52 Anselme,
1408 2270 109 52 à
1430 2270 153 52 Rome.

185 2315 220 54 Paris,
339 2315 132 54 20
405 2315 241 54 octobre
580 2315 198 54 1766.
712 2315 110 54 1
756 2315 154 54 gr.
844 2315 132 54 p.
909 2315 154 54 pl.
997 2315 132 54 et
1063 2315 198 54 demie
1195 2315 198 54 in-4.
1327 2315 241 54 Cachet.
1502 2315 110 54 4
1524 2315 66 54 »

140 2347 189 81 2902.
266 2347 379 81 Peignot
582 2347 294 81 (Gabriel),
813 2347 210 81 savant
960 2347 358 81 bibliographe.
1255 2347 126 81 L.
1318 2347 168 81 aut.
1423 2347 189 81 sig.,
1528 2347 63 81 à

186 2405 145 58 MM.
269 2405 207 58 Giguet
414 2405 124 58 et
476 2405 248 58 Michaud.
662 2405 227 58 Vesoul,
827 2405 124 58 20
889 2405 186 58 sept.
1013 2405 186 58 1809.
1137 2405 103 58 2
1179 2405 145 58 gr.
1261 2405 124 58 p.
1323 2405 145 58 pl.
1406 2405 124 58 et
1447 2405 145 58 demie

52 2461 1385 59 in-4.
975 2461 769 59 5
1129 2461 462 59 »

237 2500 127 59 Sa
300 2500 296 59 biographie
533 2500 148 59 des
618 2500 212 59 Vélins
766 2500 127 59 va
830 2500 233 59 bientôt
999 2500 275 59 paraître.
1211 2500 127 59 Il
1274 2500 254 59 approuve
1444 2500 148 59 très-

190 2540 143 68 fort
280 2540 143 68 leur
369 2540 179 68 projet
494 2540 161 68 d’une
602 2540 304 68 Biographie
852 2540 358 68 universelle
1139 2540 107 68 etc.

146 2597 148 60 2903.
244 2597 264 60 Piron
459 2597 214 60 (Alexis),
624 2597 165 60 poëte.
739 2597 214 60 Epître
904 2597 82 60 à
937 2597 99 60 M.
987 2597 198 60 Drrr
1135 2597 313 60 (Duménil-Paty),
1383 2597 214 60 pro

190 2659 404 57 cureur-général
536 2659 96 57 à
574 2659 173 57 Caen,
690 2659 135 57 qui
766 2659 154 57 nous
863 2659 173 57 avoit
978 2659 327 57 honorablement
1247 2659 231 57 hébergés
1401 2659 192 57 dans

188 2697 260 50 notre
383 2697 216 50 voyage
534 2697 130 50 de
599 2697 368 50 Normandie
902 2697 151 50 (en
989 2697 216 50 vers).
1140 2697 108 50 4
1183 2697 130 50 p.
1248 2697 151 50 pl.
1335 2697 195 50 in-4.
1464 2697 130 50 20
1508 2697 87 50 ».

139 2741 218 57 2904.
284 2741 364 57 Rapp
575 2741 170 57 (le
672 2741 315 57 général).
914 2741 145 57 L.
987 2741 194 57 aut.
1108 2741 194 57 sig.
1229 2741 121 57 1
1278 2741 145 57 p.
1351 2741 218 57 in-4.
1496 2741 121 57 2
1520 2741 73 57 »

144 2785 186 74 2905.
268 2785 310 74 Réal
517 2785 455 74 (Dominique-André),
910 2785 207 74 avocat
1055 2785 124 74 au
1117 2785 269 74 parlement
1324 2785 124 74 du
1365 2785 228 74 Dauphiné,
