1593 2991
593 75 184 87 —
667 75 257 87 235
777 75 110 87 —

71 164 193 83 député
206 164 116 83 de
263 164 347 83 l'Isère
552 164 96 83 à
591 164 116 83 la
649 164 270 83 Convention
861 164 270 83 nationale.
1072 164 116 83 L.
1130 164 154 83 aut.
1227 164 173 83 sig.,
1342 164 116 83 au
1381 164 96 83 ci-

65 234 192 67 toyen
193 234 128 67 de
257 234 299 67 Normandie.
491 234 213 67 Paris,
640 234 128 67 24
704 234 171 67 juin
811 234 192 67 1793.
939 234 107 67 1
982 234 149 67 gr.
1067 234 128 67 p.
1131 234 149 67 pl.
1216 234 235 67 in-fol.
1387 234 107 67 3
1408 234 64 67 »

112 275 137 95 En
181 275 228 95 faveur
340 275 137 95 du
408 275 205 95 sieur
545 275 273 95 Michelet
750 275 137 95 du
818 275 205 95 Parc,
955 275 228 95 ancien
1115 275 342 95 commissaire
1365 275 114 95 des

69 327 233 61 guerres
239 327 106 61 à
281 327 276 61 Grenoble,
493 327 170 61 père
599 327 127 61 de
663 327 255 61 famille,
854 327 233 61 pauvre,
1003 327 127 61 etc.

21 368 179 71 2906.
140 368 338 71 Reboul
419 368 179 71 (J.),
538 368 259 71 boulanger
737 368 119 71 de
797 368 199 71 Nîmes,
936 368 199 71 poëte.
1075 368 119 71 L.
1135 368 159 71 aut.
1234 368 159 71 sig.
1314 368 159 71 Paris,

34 424 266 57 8
140 424 373 57 mai
353 424 479 57 1848.
673 424 266 57 1
779 424 319 57 p.
939 424 479 57 in-8.
1258 424 266 57 4
1311 424 160 57 »

111 463 130 69 Sa
176 463 260 69 dernière
371 463 216 69 lettre
522 463 151 69 lui
609 463 151 69 est
695 463 260 69 parvenue
890 463 108 69 à
933 463 216 69 Nîmes,
1085 463 173 69 pour
1193 463 195 69 ainsi
1323 463 173 69 dire
1409 463 65 69 à

67 516 231 90 travers
235 516 147 90 les
319 516 231 90 balles,
487 516 126 90 ou
550 516 147 90 peu
634 516 168 90 s'en
739 516 189 90 faut,
865 516 126 90 en
928 516 210 90 guerre
1075 516 231 90 civile.
1243 516 231 90 C’était
1390 516 84 90 un

67 565 221 53 triste
222 565 221 53 moment
377 565 177 53 pour
488 565 354 53 s’entretenir
775 565 133 53 de
820 565 221 53 poésie..

20 607 170 67 2907.
134 607 359 67 Reubell
436 607 189 67 député
568 607 113 67 de
625 607 321 67 Colmar
890 607 303 67 (Haut-Rhin),
1136 607 95 67 à
1173 607 284 67 l’Assemblée
1381 607 95 67 Na-

65 661 260 55 tionale,
260 661 217 55 membre
412 661 130 55 du
477 661 325 55 Directoire.
737 661 303 55 Certificat
975 661 173 55 aut.
1083 661 173 55 sig.
1191 661 130 55 en
1256 661 217 55 faveur
1386 661 87 55 de

64 709 196 52 J.-B.
195 709 261 52 Roussel,
390 709 196 52 natif
521 709 130 52 de
586 709 239 52 Colmar,
760 709 283 52 sculpteur
977 709 348 52 ornemaniste,
1260 709 196 52 qu’il
1368 709 109 52 re-

65 751 256 60 commande
257 751 107 60 à
300 751 128 60 M.
364 751 278 60 Soufflot,
577 751 171 60 pour
684 751 150 60 les
770 751 235 60 travaux
941 751 128 60 de
1005 751 278 60 sculpture
1219 751 128 60 de
1261 751 214 60 l’église

64 805 136 52 de
132 805 477 52 Sainte-Geneviève.
542 805 227 52 Paris,
701 805 114 52 4
746 805 182 52 mars
860 805 205 52 1791.
997 805 159 52 1/2
1087 805 136 52 p.
1156 805 159 52 pl.
1247 805 205 52 in-4.
1383 805 114 52 5
1406 805 68 52 »

17 843 199 74 2908.
149 843 353 74 Rever
436 843 331 74 (François),
701 843 221 74 ancien
856 843 221 74 député
1010 843 221 74 membre
1165 843 132 74 de
1231 843 132 74 la
1275 843 199 74 Société

66 907 352 80 d’agriculture,
360 907 235 80 sciences
536 907 117 80 et
595 907 157 80 arts
693 907 117 80 de
752 907 215 80 l’Eure,
908 907 157 80 etc.
1006 907 117 80 L.
1065 907 157 80 aut.
1163 907 176 80 sig.,
1280 907 98 80 à
1319 907 117 80 M.
1359 907 117 80 Ray-

58 954 283 62 nouard.
264 954 438 62 Pont-Audemer,
625 954 154 62 27
702 954 206 62 nov.
830 954 232 62 1816.
985 954 129 62 3
1036 954 180 62 gr.
1139 954 154 62 p.
1217 954 232 62 in-4.
1371 954 129 62 6
1397 954 77 62 »

111 994 208 67 Lettre
257 994 333 67 intéressante
527 994 146 67 sur
611 994 125 67 la
673 994 291 67 cathédrale
902 994 271 67 d’Evreux,
1089 994 125 67 etc.

17 1035 196 86 2909.
148 1035 392 86 Revnaud
474 1035 152 86 (le
561 1035 239 86 baron),
735 1035 392 86 mathèmaticien,
1062 1035 218 86 membre
1214 1035 131 86 de
1257 1035 218 86 l’Acadé

65 1103 144 84 mie
148 1103 144 84 des
230 1103 391 84 belles-lettres.
560 1103 124 84 L.
622 1103 165 84 aut.
725 1103 165 84 sig.
827 1103 227 84 Dieppe,
992 1103 124 84 26
1054 1103 165 84 juin
1157 1103 185 84 1831.
1281 1103 103 84 1
1322 1103 124 84 p.
1363 1103 103 84 pl.

-70 1151 1390 62 in-8.
856 1151 772 62 2
1011 1151 463 62 »

17 1179 180 73 2910.
137 1179 359 73 Richard
436 1179 279 73 (Achille),
655 1179 279 73 botaniste,
875 1179 199 73 membre
1014 1179 120 73 de
1074 1179 299 73 l’Institut.
1313 1179 120 73 L.
1353 1179 120 73 aut.

44 1243 327 78 sig.
249 1243 368 78 Mardi
494 1243 450 78 soir...
821 1243 205 78 1
903 1243 245 78 p.
1026 1243 368 78 in-8.
1271 1243 205 78 1
1312 1243 164 78 50

16 1286 193 98 2911.
144 1286 386 98 Richard
466 1286 172 98 (des
574 1286 258 98 Vosges),
767 1286 343 98 archéologue.
1046 1286 129 98 L.
1110 1286 150 98 aut
1196 1286 172 98 sig.
1282 1286 193 98 Remire

48 1347 329 69 mont,
268 1347 183 69 4
341 1347 439 69 décembre
670 1347 329 69 1838.
889 1347 183 69 3
962 1347 219 69 p.
1072 1347 329 69 in-8.
1291 1347 183 69 1
1328 1347 146 69 50

18 1380 184 84 2912.
141 1380 349 84 Rifaud
428 1380 389 84 (Jean-Jacques),
756 1380 267 84 voyageur,
961 1380 328 84 littérateur,
1227 1380 205 84 auteur
1350 1380 123 84 d’un

66 1450 266 52 Tabléau
275 1450 114 52 de
332 1450 228 52 l’Egypte
502 1450 114 52 et
559 1450 114 52 de
616 1450 114 52 la
673 1450 190 52 Nubie,
806 1450 152 52 d’un
901 1450 190 52 Voyage
1034 1450 114 52 en
1091 1450 285 52 Egypte
1318 1450 152 52 etc.
1394 1450 76 52 L.

53 1499 253 55 aut.
211 1499 253 55 sig.
370 1499 316 55 Paris,
591 1499 158 55 5
654 1499 253 55 oct.
812 1499 285 55 1829.
1002 1499 158 55 1
1065 1499 190 55 p.
1160 1499 285 55 in-4.
1350 1499 158 55 2
1381 1499 95 55 »

18 1539 184 65 2913.
141 1539 349 65 Rigaud
428 1539 144 65 (H.
510 1539 246 65 Xavier),
694 1539 287 65 botaniste,
920 1539 205 65 auteur
1063 1539 185 65 d’une
1186 1539 226 65 analyse
1350 1539 123 65 de
1391 1539 82 65 la

61 1604 239 65 théorie
235 1604 130 65 de
300 1604 130 65 Du
365 1604 391 65 Petit-Thouars.
691 1604 130 65 L.
756 1604 174 65 aut.
864 1604 195 65 sig.,
995 1604 109 65 à
1038 1604 130 65 M.
1103 1604 391 65 Moquin-Tandon,
1407 1604 65 65 à

61 1645 286 55 Toulouse.
281 1645 176 55 Pons
391 1645 572 55 (Charente-Inférieure),
896 1645 110 55 6
940 1645 264 55 novembre
1138 1645 198 55 1834.
1270 1645 110 55 2
1314 1645 132 55 p.
1358 1645 110 55 pl.

-59 1694 1255 56 in-8.
777 1694 697 56 2
916 1694 558 56 50

16 1712 158 94 2914.
122 1712 316 94 Ristori
385 1712 176 94 (Mme),
508 1712 193 94 célèbre
649 1712 246 94 cantatrice
842 1712 246 94 italienne.
1035 1712 105 94 L.
1088 1712 140 94 aut.
1175 1712 140 94 sig.
1246 1712 228 94 Adé

61 1787 224 65 laide
229 1787 205 65 Ristori
379 1787 131 65 del
454 1787 261 65 Grillo
659 1787 131 65 (en
734 1787 261 65 français).
939 1787 243 65 Florence,
1126 1787 112 65 28
1182 1787 224 65 décembre
1331 1787 131 65 1856.

46 1834 192 59 3
122 1834 231 59 p.
238 1834 269 59 pl.
392 1834 346 59 in-8.
623 1834 385 59 Papier
892 1834 231 59 de
1007 1834 385 59 deuil.
1277 1834 231 59 20
1354 1834 115 59 »

106 1883 152 60 Son
193 1883 238 60 Georges
366 1883 152 60 est
453 1883 173 60 près
561 1883 216 60 d’elle
712 1883 130 60 et
777 1883 130 60 en
842 1883 390 60 convalescence;
1167 1883 173 60 elle
1275 1883 152 60 est
1340 1883 130 60 mère

62 1935 210 53 aussi,
209 1935 126 53 et
272 1935 168 53 elle
377 1935 252 53 comprend
567 1935 126 53 ce
630 1935 231 53 qu’elle
798 1935 105 53 a
840 1935 126 53 dû
903 1935 252 53 éprouver
1092 1935 315 53 d’angoisses
1345 1935 126 53 et
1387 1935 84 53 de

61 1984 303 46 tourments.
300 1984 173 46 Elle
408 1984 130 46 ne
473 1984 152 46 lui
559 1984 195 46 parle
689 1984 130 46 de
754 1984 152 46 ses
841 1984 217 46 succès
993 1984 195 46 qu’en
1123 1984 152 46 les
1209 1984 260 46 résumant
1382 1984 87 46 en

59 2030 149 61 peu
144 2030 128 61 de
208 2030 192 61 mots.
336 2030 171 61 Elle
443 2030 128 61 se
507 2030 192 61 croit
635 2030 256 61 toujours
827 2030 107 61 à
870 2030 192 61 Paris
998 2030 128 61 en
1062 2030 214 61 voyant
1212 2030 149 61 les
1276 2030 192 61 peuples

60 2078 390 55 enthousiastes,
386 2078 130 55 en
451 2078 260 55 recevant
646 2078 152 55 des
733 2078 369 55 gouvernements
1036 2078 152 55 les
1123 2078 174 55 plus
1210 2078 260 55 touchantes

60 2124 246 65 preuves
239 2124 134 65 de
306 2124 134 65 la
373 2124 291 65 sympathie
574 2124 291 65 générale...

16 2172 182 67 2915.
137 2172 363 67 Rivière
440 2172 182 67 (A.),
561 2172 202 67 auteur
702 2172 121 67 de
763 2172 262 67 plusieurs
964 2172 242 67 ouvrages
1146 2172 121 67 de
1207 2172 262 67 géologie.
1388 2172 81 67 L.

62 2223 176 68 aut.
172 2223 198 68 sig.,
304 2223 110 68 à
348 2223 132 68 M.
414 2223 308 68 d’Orbigny.
656 2223 220 68 Paris,
811 2223 132 68 17
877 2223 176 68 août
987 2223 198 68 1840.
1119 2223 110 68 1
1163 2223 132 68 p.
1229 2223 198 68 in-4.
1361 2223 110 68 1
1383 2223 88 68 50

14 2270 190 73 2916.
141 2270 359 73 Roger,
437 2270 211 73 membre
584 2270 127 73 de
648 2270 296 73 l’Académie
880 2270 296 73 Française.
1113 2270 127 73 L.
1176 2270 169 73 aut.
1282 2270 169 73 sig.
1366 2270 106 73 Pa-

42 2321 326 60 ris,
246 2321 245 60 18
368 2321 326 60 août
572 2321 367 60 1824.
817 2321 204 60 1
898 2321 245 60 p.
1021 2321 367 60 in-4.
1265 2321 204 60 1
1306 2321 163 60 50

14 2366 193 66 2917.
142 2366 258 66 Roger
335 2366 322 66 Martin,
593 2366 365 66 mathématicien
894 2366 129 66 et
958 2366 300 66 physicien,
1194 2366 215 66 député
1344 2366 129 66 de
1387 2366 86 66 la

60 2420 375 58 Haute-Garonne
369 2420 155 58 aux
457 2420 177 58 Cinq
568 2420 199 58 cents
700 2420 132 58 et
766 2420 132 58 au
833 2420 199 58 Corps
965 2420 331 58 législatif.
1230 2420 132 58 Né
1296 2420 110 58 à
1318 2420 155 58 Esta-

61 2469 166 69 dens
165 2469 415 69 (Haute-Garonne).
518 2469 125 69 L.
580 2469 166 69 aut.
684 2469 187 69 sig.,
809 2469 104 69 à
850 2469 125 69 M.
912 2469 270 69 Dumotiez.
1120 2469 270 69 Toulouse,
1328 2469 125 69 20
1369 2469 104 69 fé-

36 2514 404 63 vrier
305 2514 404 63 1811.
575 2514 224 63 1
664 2514 269 63 p.
799 2514 314 63 pl.
978 2514 404 63 in-8.
1248 2514 224 63 2
1293 2514 179 63 50

9 2562 194 78 2918.
139 2562 237 78 Romé
311 2562 129 78 de
375 2562 301 78 l’Isle
612 2562 344 78 (J.-B.-Louis
891 2562 172 78 de),
999 2562 215 78 savant
1149 2562 323 78 naturaliste
1386 2562 86 78 et

58 2613 380 57 minéralogiste.
374 2613 127 57 Né
438 2613 105 57 à
480 2613 169 57 Gray
585 2613 380 57 (Haute-Saône).
902 2613 127 57 L.
965 2613 169 57 aut.
1070 2613 169 57 sig.
1176 2613 127 57 (à
1239 2613 127 57 la
1302 2613 127 57 3e
1344 2613 127 57 per-

60 2660 239 58 sonne),
234 2660 109 58 à
277 2660 217 58 l’abbé
429 2660 239 58 Mercier
603 2660 130 58 de
668 2660 347 58 Saint-Léger.
950 2660 217 58 Paris,
1102 2660 130 58 25
1167 2660 239 58 octobre
1319 2660 152 58 1789.

61 2711 101 53 2
101 2711 121 53 p.
162 2711 181 53 in-8.
283 2711 101 53 A
323 2711 121 53 la
383 2711 181 53 suite
504 2711 121 53 se
565 2711 202 53 trouve
706 2711 121 53 la
766 2711 222 53 réponse
928 2711 161 53 aut.
1028 2711 141 53 (18
1109 2711 222 53 lignes)
1270 2711 121 53 de
1311 2711 161 53 l’abbé

31 2758 547 78 Mercier
429 2758 299 78 de
579 2758 796 78 Saint-Léger.
1225 2758 249 78 4
1275 2758 199 78 50
