1676 3073
760 74 253 93 236
868 74 109 93 —

114 167 183 79 2919.
236 167 366 79 Rossini
541 167 285 79 (Giacomo),
764 167 325 79 compositeur.
1028 167 203 79 Billet
1171 167 163 79 sig.
1272 167 122 79 28
1333 167 163 79 juin
1415 167 142 79 1824.

131 234 255 55 1
233 234 306 55 p.
386 234 510 55 in-12,
743 234 306 55 en
895 234 612 55 travers.
1354 234 255 55 3
1405 234 153 55 »

206 276 138 67 Il
275 276 322 67 recommande
528 276 276 67 beaucoup
735 276 138 67 la
804 276 253 67 musique
987 276 138 67 du
1056 276 253 67 marquis
1240 276 138 67 de
1286 276 184 67 Salvo.

113 310 188 76 2920.
238 310 396 76 Rostolan
572 310 146 76 (le
656 310 271 76 général).
864 310 125 76 L.
927 310 167 76 aut.
1031 310 188 76 sig.,
1157 310 125 76 au
1219 310 188 76 baron
1344 310 125 76 de
1386 310 167 76 Gazan.

156 377 276 59 Saint.
349 377 248 59 Omer,
515 377 165 59 11
598 377 221 59 nov.
736 377 248 59 1835.
901 377 138 59 2
956 377 193 59 gr.
1067 377 165 59 p.
1149 377 193 59 pl.
1260 377 248 59 in-4.
1425 377 138 59 2
1453 377 110 59 50

113 416 186 68 2921.
237 416 392 68 Rousseau
568 416 413 68 (Jean-Baptiste),
919 416 186 68 poëte
1043 416 248 68 lyrique.
1229 416 124 68 L.
1291 416 165 68 aut.
1394 416 186 68 sig.,
1497 416 62 68 à

161 475 153 63 Mme
249 475 131 63 la
314 475 262 63 marquise
511 475 131 63 de
577 475 284 63 Villette.
795 475 219 63 Vienne
949 475 153 63 (en
1036 475 306 63 Autriche),
1277 475 131 63 le
1342 475 109 63 8
1364 475 197 63 juillet

133 522 428 68 1716.
419 522 238 68 4
514 522 333 68 gr.
704 522 285 68 p.
847 522 333 68 pl.
1037 522 428 68 in-4.
1322 522 285 68 50
1417 522 143 68 »

210 570 125 61 Il
273 570 125 61 la
335 570 249 61 félicite
522 570 125 61 du
584 570 187 61 parti
709 570 228 61 qu’elle
875 570 104 61 a
916 570 166 61 pris
1020 570 270 61 d’envoyer
1228 570 145 61 son
1311 570 166 61 fils
1415 570 125 61 en
1456 570 104 61 Au-

165 615 223 69 triche,
327 615 345 69 l’arrangement
611 615 223 69 qu’elle
773 615 101 69 a
813 615 162 69 pris
915 615 162 69 pour
1016 615 142 69 lui
1097 615 142 69 est
1178 615 162 69 plus
1279 615 142 69 que
1340 615 223 69 suffisant

164 667 172 61 pour
271 667 129 61 le
335 667 193 61 faire
464 667 193 61 vivre
593 667 107 61 à
636 667 215 61 Vienne
787 667 172 61 fort
894 667 107 61 à
937 667 236 61 l’aise.
1109 667 129 61 Il
1173 667 129 61 en
1238 667 193 61 coûte
1345 667 215 61 beaucoup

163 711 169 66 pour
269 711 212 66 servir
417 711 127 66 en
481 711 254 66 Hongrie,
671 711 169 66 mais
777 711 127 66 il
841 711 148 66 n’y
925 711 106 66 a
968 711 191 66 point
1095 711 127 66 de
1158 711 191 66 ville
1286 711 127 66 en
1349 711 212 66 Europe
1476 711 85 66 où

163 763 125 63 le
226 763 293 63 nécessaire
456 763 167 63 soit
560 763 105 63 à
602 763 125 63 si
665 763 146 63 bon
749 763 209 63 marché
895 763 167 63 qu’à
999 763 230 63 Vienne.
1167 763 125 63 De
1229 763 125 63 la
1292 763 230 63 manière
1439 763 125 63 dont

163 807 127 61 il
226 807 106 61 a
269 807 233 61 débuté,
439 807 127 61 il
502 807 127 61 ne
566 807 233 61 tiendra
736 807 170 61 qu'à
842 807 149 61 lui
927 807 149 61 d’y
1011 807 212 61 passer
1160 807 127 61 le
1224 807 191 61 temps
1330 807 233 61 agréable-

165 860 188 58 ment,
290 860 125 58 et
353 860 167 58 avec
457 860 167 58 tout
562 860 125 58 ce
624 860 146 58 qui
708 860 146 58 s’y
791 860 209 58 trouve
937 860 125 58 de
1000 860 250 58 meilleur
1187 860 125 58 et
1250 860 125 58 de
1313 860 167 58 plus
1396 860 167 58 élevé,

164 907 170 63 pour
270 907 148 63 peu
355 907 191 63 qu'il
482 907 170 63 aime
588 907 106 63 à
630 907 297 63 fréquenter
863 907 170 63 gens
969 907 170 63 plus
1075 907 170 63 âgés
1181 907 148 63 que
1266 907 170 63 lui,
1372 907 106 63 «
1415 907 148 63 car
1478 907 85 63 en

161 958 172 52 «ce
260 958 197 52 païs
383 958 221 52 comme
531 958 148 52 en
604 958 271 52 France,
801 958 148 52 on
875 958 221 52 n’est
1023 958 246 52 guères
1195 958 295 52 honneste
1392 958 172 52 homme

163 997 230 60 «avant
324 997 230 60 trente
484 997 230 60 ans...
645 997 138 60 Il
714 997 161 60 n’y
806 997 115 60 a
852 997 138 60 au
920 997 207 60 monde
1058 997 138 60 de
1127 997 275 60 meilleur
1311 997 252 60 séminaire

164 1050 210 58 «pour
304 1050 140 58 de
374 1050 234 58 jcunes
538 1050 187 58 gens
654 1050 164 58 que
748 1050 164 58 les
841 1050 234 58 armées
1005 1050 140 58 de
1075 1050 351 58 l’empereur.
1356 1050 140 58 On
1426 1050 117 58 y
1449 1050 117 58 ap-

167 1098 206 65 «prend
311 1098 103 65 à
353 1098 185 65 estre
476 1098 165 65 sage
579 1098 123 65 en
640 1098 185 65 dépit
764 1098 185 65 qu’on
887 1098 123 65 en
949 1098 165 65 ait,
1052 1098 123 65 et
1114 1098 206 65 depuis
1257 1098 288 65 l’officier
1463 1098 103 65 gé-

166 1149 222 60 «néral
321 1149 267 60 jusqu’au
521 1149 222 60 simple
677 1149 244 60 soldat,
855 1149 178 60 tout
966 1149 133 60 le
1033 1149 200 60 monde
1166 1149 244 60 regarde
1344 1149 133 60 la
1388 1149 178 60 guerre

168 1194 218 56 «comme
321 1194 131 56 un
386 1194 240 56 métier.
561 1194 131 56 On
626 1194 153 56 n’y
713 1194 153 56 est
801 1194 284 56 distingué
1019 1194 153 56 que
1106 1194 153 56 par
1193 1194 153 56 son
1280 1194 196 56 grade
1411 1194 131 56 et
1455 1194 109 56 son

166 1238 378 67 «application,
477 1238 133 67 et
544 1238 133 67 la
610 1238 289 67 naissance
833 1238 156 67 n’y
921 1238 200 67 donne
1055 1238 222 67 aucune
1210 1238 333 67 prérogative
1455 1238 111 67 aux

165 1288 314 58 «pritices
382 1288 290 58 mesmes...»

216 1305 246 97 VILLETTE
400 1305 143 97 (le
482 1305 225 97 marquis
645 1305 164 97 de).
748 1305 123 97 L.
809 1305 164 97 aut.
911 1305 184 97 sig.,
1034 1305 102 97 à
1075 1305 348 97 Jean-Baptiste
1341 1305 225 97 Rousseau.

169 1382 126 81 Au
232 1382 168 81 camp
337 1382 210 81 devant
484 1382 315 81 Bellegarde,
736 1382 126 81 le
799 1382 126 81 25
863 1382 231 81 juillet
1031 1382 189 81 1717.
1157 1382 105 81 2
1199 1382 126 81 p.
1262 1382 147 81 pl.
1325 1382 147 81 in

217 1434 131 74 Au
283 1434 196 74 sujet
413 1434 152 74 des
500 1434 196 74 mille
631 1434 239 74 florins
805 1434 239 74 envoyés
979 1434 109 74 à
1023 1434 261 74 Rousseau
1219 1434 174 74 pour
1328 1434 152 74 lui
1415 1434 152 74 par
1480 1434 87 74 sa

167 1463 205 74 mère.
281 1463 251 74 Curieuse.

120 1505 179 81 2922.
239 1505 298 81 Roux
478 1505 675 81 (Jean-Louis-Florent-Polydore),
1093 1505 318 81 conservateur
1352 1505 119 81 du
1391 1505 179 81 cabinet

169 1584 288 45 d’histoire
396 1584 268 45 naturelle
602 1584 123 45 de
663 1584 288 45 Marseille.
890 1584 123 45 L.
952 1584 165 45 aut.
1054 1584 185 45 sig.,
1178 1584 103 45 à
1219 1584 123 45 M.
1281 1584 247 45 Guérard.
1446 1584 123 45 Mar-

169 1627 234 59 seille,
339 1627 127 59 22
402 1627 170 59 août
508 1627 191 59 1827.
636 1627 106 59 2
678 1627 149 59 gr.
763 1627 127 59 p.
827 1627 149 59 pl.
912 1627 191 59 in-4.
1039 1627 191 59 Liste
1167 1627 149 59 des
1252 1627 255 59 ouvrages
1443 1627 234 59 publiés
1591 1627 64 59 »

113 1664 537 62 par
420 1664 613 62 lui,
803 1664 613 62 etc.
1187 1664 383 62 2
1263 1664 307 62 50

124 1705 176 61 2923.
242 1705 313 61 Royal
496 1705 293 61 (effacement
731 1705 117 61 du
790 1705 176 61 mot),
907 1705 235 61 existant
1083 1705 137 61 sur
1161 1705 137 61 les
1239 1705 215 61 billets
1396 1705 117 61 de
1435 1705 137 61 lote

170 1755 170 67 rie.
276 1755 297 67 Ampliation
509 1755 170 67 sig.
616 1755 127 67 de
679 1755 127 67 la
743 1755 340 67 délibération
1019 1755 127 67 de
1083 1755 425 67 l'administration
1444 1755 127 67 de
1486 1755 85 67 la

169 1803 233 60 Loterie
339 1803 276 60 nationale
551 1803 127 60 de
614 1803 212 60 France
763 1803 127 60 du
826 1803 106 60 6
869 1803 170 60 août
975 1803 191 60 1793,
1102 1803 191 60 ainsi
1230 1803 233 60 conçue:
1399 1803 127 60 Le
1442 1803 127 60 bien

170 1858 131 46 du
236 1858 241 46 service
411 1858 263 46 exigeant
608 1858 153 46 que
695 1858 175 46 tous
805 1858 153 46 les
892 1858 263 46 citoyens
1089 1858 263 46 employés
1286 1858 175 46 dans
1396 1858 153 46 les
1462 1858 109 46 bu-

171 1902 194 64 reaux
301 1902 129 64 de
365 1902 431 64 l’administration
732 1902 323 64 concourent,
990 1902 129 64 en
1055 1902 172 64 tous
1163 1902 215 64 temps,
1313 1902 151 64 aux
1378 1902 194 64 expédi-

171 1953 194 54 tions
301 1953 151 54 qui
387 1953 280 54 demandent
602 1953 280 54 célérité,
817 1953 151 54 les
904 1953 258 54 citoyens
1097 1953 258 54 employés
1291 1953 172 54 dans
1399 1953 151 54 les
1463 1953 108 54 bu-

172 1997 194 67 reaux
302 1997 129 67 de
366 1997 194 67 Paris
496 1997 345 67 s’occuperont
776 1997 388 67 journellement,
1099 1997 172 67 sans
1207 1997 302 67 exception,
1444 1997 129 67 de
1487 1997 86 67 la

174 2046 246 60 radiation
363 2046 114 60 du
420 2046 132 60 mot
496 2046 303 60 royal
742 2046 132 60 qui
817 2046 114 60 se
874 2046 189 60 trouve
1006 2046 132 60 sur
1082 2046 132 60 les
1158 2046 208 60 billets
1309 2046 170 60 faits
1404 2046 170 60 ancien-

170 2095 249 52 nement,
351 2095 294 52 imprimés,
578 2095 249 52 jusqu'à
759 2095 136 52 ce
827 2095 158 52 que
917 2095 158 52 les
1008 2095 498 52 approvisionnements
1416 2095 158 52 exis-

172 2137 211 60 tants
312 2137 188 60 dans
430 2137 164 60 les
523 2137 281 60 magasins
735 2137 235 60 soient
899 2137 328 60 épuisés...
1157 2137 117 60 1
1204 2137 141 60 p.
1274 2137 258 60 in-fol.
1462 2137 117 60 5
1485 2137 94 60 »,

223 2190 126 64 M.
286 2190 274 64 Villenave
497 2190 105 64 a
539 2190 190 64 écrit
666 2190 148 64 sur
750 2190 190 64 cette
876 2190 253 64 curieuse
1066 2190 211 64 pièce:
1214 2190 253 64 n’eût-il
1403 2190 148 64 pas
1467 2190 105 64 été

170 2235 181 65 plus
284 2235 249 65 simple,
465 2235 181 65 plus
578 2235 249 65 expédif
759 2235 136 65 et
827 2235 181 65 plus
940 2235 317 65 économique
1189 2235 136 65 de
1257 2235 204 65 faire
1370 2235 204 65 confec-

176 2287 240 65 tionner
351 2287 131 65 de
417 2287 262 65 nouveaux
591 2287 219 65 billets?

126 2325 207 69 2924.
264 2325 575 69 Royer-Collard,
770 2325 253 69 député,
954 2325 230 69 membre
1115 2325 138 69 de
1184 2325 322 69 l’Académie
1414 2325 161 69 Fran-

170 2379 260 63 çaise.
352 2379 156 63 L.
430 2379 208 63 aut.
561 2379 208 63 sig.
691 2379 156 63 25
769 2379 286 63 février
977 2379 234 63 1833.
1133 2379 130 63 1
1185 2379 156 63 p.
1264 2379 234 63 in-4.
1420 2379 156 63 10
1472 2379 104 63 ».

126 2417 191 71 2925.
253 2417 361 71 Rozier
550 2417 255 71 (l’abbé,
741 2417 233 71 savant.
911 2417 276 71 agronome.
1123 2417 127 71 L.
1186 2417 170 71 aut.
1292 2417 191 71 sig.,
1420 2417 106 71 à
1441 2417 127 71 M...

165 2477 276 54 Lyon,
349 2477 184 54 28
441 2477 337 54 janxier
687 2477 276 54 1791.
871 2477 153 54 2
932 2477 215 54 gr.
1055 2477 184 54 p.
1147 2477 215 54 pl.
1269 2477 276 54 in-4.
1453 2477 153 54 5
1484 2477 92 54 »

224 2528 119 62 Il
284 2528 139 62 lui
363 2528 199 62 envoie
502 2528 199 62 l’état
642 2528 139 62 des
721 2528 298 62 plantations
960 2528 119 62 de
1019 2528 119 62 la
1079 2528 278 62 pépinière,
1298 2528 119 62 et
1357 2528 119 62 la
1397 2528 179 62 manière

174 2574 138 67 de
243 2574 252 67 planter
426 2574 161 67 les
518 2574 229 67 pommes
679 2574 138 67 de
747 2574 206 67 terre
885 2574 344 67 américaines
1160 2574 161 67 qui
1252 2574 161 67 lui
1344 2574 115 67 a
1390 2574 161 67 été
1458 2574 115 67 de-

175 2621 236 64 mandée,
346 2621 193 64 etc.,
453 2621 129 64 etc.

131 2632 178 101 2926.
250 2632 297 101 Sacy
488 2632 139 101 (le
567 2632 178 101 baron
686 2632 258 101 Sylvestre
884 2632 159 101 de),
983 2632 337 101 orientaliste,
1261 2632 198 101 membre
1400 2632 119 101 de
1439 2632 139 101 l’In

152 2711 237 80 stitut.
324 2711 129 80 L.
389 2711 172 80 aut.
496 2711 194 80 sig.,
626 2711 108 80 à
669 2711 151 80 son
755 2711 323 80 confrère...
1013 2711 215 80 Paris,
1164 2711 129 80 24
1229 2711 172 80 mars
1336 2711 194 80 1828.
1465 2711 108 80 2
1487 2711 86 80 p.

152 2765 442 76 in-4.
446 2765 491 76 Portr.
790 2765 442 76 lith,
1084 2765 442 76 in-8.
1379 2765 245 76 3
1428 2765 147 76 »
