1585 2998
617 104 174 98 —
652 104 174 98 237

39 200 182 73 2927.
160 200 323 73 Sage,
423 200 283 73 physicien,
645 200 263 73 chimiste,
847 200 364 73 minéralogiste,
1150 200 202 73 membre
1292 200 121 73 de
1332 200 162 73 l’Aca

87 257 194 53 démie
217 257 151 53 des
303 257 280 53 Sciences.
518 257 129 53 L.
583 257 172 53 aut.
691 257 194 53 sig.,
820 257 108 53 à
863 257 172 53 M...
971 257 129 53 17
1036 257 194 53 avril
1165 257 194 53 1778.
1294 257 108 53 1
1337 257 151 53 gr.
1402 257 86 53 p.

54 305 587 49 in-fol.
481 305 908 49 Scientifique.
1228 305 267 49 3
1281 305 214 49 50

35 351 193 58 2928.
163 351 516 58 Saint-Hilaire
615 351 258 58 (Auguste
808 351 172 58 de),
916 351 301 58 botaniste.
1152 351 129 58 L.
1217 351 172 58 aut.
1324 351 193 58 sig.,
1432 351 64 58 à

49 402 348 63 M.
223 402 521 63 Fage.
570 402 290 63 1
686 402 348 63 p.
860 402 521 63 in-8.
1207 402 290 63 1
1265 402 232 63 50

40 441 190 59 2929.
166 441 485 59 Saint-Preuve
588 441 232 59 (Binet,
756 441 190 59 dit),
883 441 295 59 physicien.
1115 441 126 59 L.
1178 441 169 59 aut.
1283 441 169 59 sig.
1389 441 105 59 1
1410 441 84 59 p.

2 496 960 55 in-8.
749 496 533 55 1
963 496 533 55 1
1069 496 427 55 50

39 541 208 68 2930.
178 541 508 68 Saint-Aubin
617 541 277 68 (Auguste
825 541 185 68 de),
940 541 254 68 graveur
1125 541 139 68 L.
1195 541 185 68 aut.
1310 541 208 68 sig.,
1426 541 69 68 à

82 572 149 90 M.
157 572 322 90 Renouard.
404 572 248 90 Paris,
578 572 149 90 11
652 572 273 90 floréal
851 572 149 90 an
925 572 174 90 II.
1024 572 124 90 1
1074 572 149 90 p.
1148 572 174 90 pl.
1247 572 223 90 in-8.
1396 572 124 90 3
1421 572 74 90 »

134 633 128 68 Il
198 633 149 68 est
283 633 192 68 après
411 633 107 68 à
453 633 213 68 donner
602 633 149 68 les
688 633 277 68 dernières
901 633 234 68 touches
1071 633 128 68 au
1135 633 256 68 portrait
1327 633 128 68 de
1369 633 128 68 Fon-

85 685 239 52 tenelle
259 685 196 52 qu'il
390 685 152 52 lui
477 685 109 52 a
499 685 261 52 commandé..

42 717 192 70 2931.
169 717 511 70 Saint-Huberty
617 717 213 70 (Mme),
766 717 234 70 célèbre
936 717 298 70 cantatrice
1171 717 128 70 de
1234 717 256 70 l’Opéra.
1405 717 85 70 L.

87 777 194 59 aut.,
217 777 129 59 au
282 777 194 59 comte
411 777 367 59 d’Entraigues,
713 777 173 59 plus
821 777 173 59 tard
928 777 151 59 son
1015 777 194 59 mari.
1144 777 173 59 Sans
1252 777 194 59 date,
1381 777 108 59 7
1403 777 86 59 p.

87 829 176 64 in-4.
205 829 235 64 Portrait
381 829 255 64 (remonté)
577 829 176 64 in-4.
695 829 176 64 Belle
812 829 216 64 lettre,
969 829 294 64 très-tendre
1204 829 118 64 et
1243 829 255 64 très-

80 877 331 53 tueuse.
320 877 451 53 (Collection
681 877 180 53 du
771 877 271 53 baron
952 877 180 53 de
1042 877 391 53 Trémont).
1343 877 180 53 15
1403 877 90 53 »

41 907 177 78 2932.
159 907 452 78 Saint-Pierre
552 907 275 78 (Bernardin
769 907 157 78 de),
867 907 197 78 auteur
1005 907 118 78 de
1064 907 216 78 Paul
1221 907 118 78 et
1260 907 236 78 Virgi

89 958 293 73 nie
324 958 156 73 etc.
422 958 117 73 L.
480 958 156 73 aut.
578 958 176 73 sig.,
695 958 117 73 au
754 958 215 73 citoyen
910 958 254 73 Ledanois.
1105 958 195 73 Paris,
1242 958 117 73 13
1301 958 195 73 nivôse
1418 958 78 73 an

56 1018 427 53 VII,
322 1018 373 53 1/3
536 1018 320 53 de
696 1018 427 53 page
963 1018 480 53 in-4.
1283 1018 267 53 5
1336 1018 160 53 »

140 1054 126 66 Il
203 1054 230 66 accepte
370 1054 146 66 son
454 1054 314 66 invitation.
705 1054 230 66 «Puisse
872 1054 126 66 la
935 1054 230 66 justice
1102 1054 126 66 et
1165 1054 126 66 la
1228 1054 167 66 paix
1312 1054 188 66 marcher

90 1117 134 45 «à
157 1117 134 45 la
223 1117 200 45 suite
357 1117 134 45 de
424 1117 156 45 nos
513 1117 267 45 drapeaux
691 1117 312 45 victorieux.»

40 1142 215 74 2933.
184 1142 526 74 Saint-Simon
638 1142 215 74 Pièce
781 1142 191 74 aut.
901 1142 191 74 sig.
1020 1142 311 74 Demi-page
1259 1142 215 74 in-4.
1402 1142 120 74 3
1426 1142 72 74 »

135 1215 162 61 «Je
227 1215 278 61 sertifis
436 1215 162 61 que
528 1215 255 61 lenomes
714 1215 278 61 chanpane
922 1215 301 61 carbinies
1154 1215 162 61 dan
1223 1215 278 61 maconpanie

88 1266 283 57 «aseruis
300 1266 212 57 uitan
442 1266 212 57 anfoy
583 1266 212 57 decoy
724 1266 188 57 nous
842 1266 165 57 lui
936 1266 165 57 don
1030 1266 141 57 le
1101 1266 353 57 presaconges
1360 1266 141 57 pour

93 1305 201 64 «luis
227 1305 246 64 serueir
405 1305 134 64 de
472 1305 201 64 seque
606 1305 156 64 bon
696 1305 335 64 luisanblcra
964 1305 223 64 fetars
1120 1305 134 64 le
1187 1305 246 64 premier
1344 1305 156 64 demes

83 1349 256 60 «mil
243 1349 288 60 sisan
435 1349 576 60 cateuendisut.»
914 1349 160 60 «
978 1349 192 60 St
1074 1349 320 60 Simon.
1266 1349 96 60 »

43 1390 196 72 2934.
174 1390 522 72 Sainte-Beuve,
631 1390 348 72 littérateur,
914 1390 283 72 critique,
1131 1390 218 72 membre
1283 1390 131 72 de
1327 1390 174 72 l’Aca-

92 1450 195 56 démie
222 1450 303 56 française.
461 1450 130 56 L.
526 1450 130 56 a.
591 1450 152 56 s.,
677 1450 108 56 à
721 1450 108 56 M
764 1450 130 56 ..
829 1450 108 56 8
873 1450 238 56 octobre
1046 1450 195 56 1850.
1176 1450 108 56 1
1219 1450 130 56 p.
1284 1450 195 56 in-8.
1414 1450 108 56 6
1436 1450 65 56 »

141 1499 183 60 Ayant
263 1499 203 60 repris
405 1499 142 60 son
486 1499 224 60 travail
649 1499 284 60 littéraire
872 1499 122 60 de
933 1499 203 60 chaque
1075 1499 244 60 semaine,
1258 1499 122 60 il
1319 1499 142 60 est
1380 1499 122 60 bien

91 1559 220 57 obligé
245 1559 132 57 de
311 1559 132 57 le
377 1559 198 57 prier
509 1559 132 57 de
575 1559 308 57 l’écouter.
818 1559 176 57 «Ces
928 1559 220 57 études
1082 1559 132 57 si
1148 1559 220 57 douces
1302 1559 198 57 quand
1412 1559 88 57 on

91 1592 185 57 «les
206 1592 185 57 fait
322 1592 116 57 à
368 1592 162 57 son
461 1592 231 57 loisir
623 1592 139 57 et
692 1592 208 57 qu’on
831 1592 162 57 les
923 1592 185 57 mène
1039 1592 116 57 à
1085 1592 162 57 son
1177 1592 185 57 gré,
1293 1592 185 57 sont
1385 1592 116 57 par

90 1638 250 66 «moment
272 1638 137 66 un
341 1638 159 66 peu
432 1638 205 66 rudes
568 1638 205 66 quand
705 1638 205 66 elles
841 1638 319 66 s’imposent
1091 1638 182 66 avec
1205 1638 137 66 la
1251 1638 250 66 nécessité

91 1691 291 60 «d’écrire
315 1691 134 60 et
382 1691 134 60 de
449 1691 291 60 produire.
673 1691 134 60 Je
740 1691 134 60 me
808 1691 179 60 suis
920 1691 157 60 mis
1009 1691 179 60 dans
1121 1691 134 60 ce
1188 1691 224 60 cas-là
1323 1691 179 60 depuis

91 1749 157 48 «un
180 1749 157 48 an;
270 1749 134 48 je
337 1749 269 48 soutiens
539 1749 134 48 la
606 1749 269 48 gageure,
808 1749 134 48 et
875 1749 134 48 je
942 1749 179 48 veux
1054 1749 134 48 la
1121 1749 269 48 soutenir
1300 1749 202 48 quelque

93 1779 214 67 «temps
242 1779 235 67 encore;
414 1779 193 67 mais,
542 1779 171 67 pour
649 1779 193 67 cela,
777 1779 150 67 que
863 1779 128 67 de
927 1779 321 67 privations!
1184 1779 171 67 Plus
1291 1779 128 67 on
1334 1779 171 67 écrit,

92 1830 210 65 «moins
239 1830 126 65 on
302 1830 210 65 cause:
450 1830 232 65 l'étude
618 1830 168 65 dont
723 1830 337 65 j'entretiens
997 1830 126 65 le
1060 1830 210 65 publie
1207 1830 210 65 chaque
1334 1830 168 65 lundi,

93 1893 171 48 «est
199 1893 171 48 déjà
306 1893 171 48 loin
413 1893 128 48 de
477 1893 150 48 moi
563 1893 128 48 ce
627 1893 256 48 jour-là;
819 1893 128 48 et
883 1893 128 48 si
947 1893 321 48 affectionné
1204 1893 150 48 que
1289 1893 128 48 je
1353 1893 171 48 sois
1439 1893 64 48 à

92 1931 171 54 «mon
198 1931 192 54 sujet
327 1931 150 54 par
412 1931 128 54 le
476 1931 235 54 travail
647 1931 192 54 d'une
775 1931 256 54 semaine,
968 1931 128 54 il
1032 1931 171 54 faut
1139 1931 214 54 rompre
1288 1931 171 54 avec
1374 1931 128 54 lui,

89 1983 259 57 «rompre
278 1983 141 57 au
349 1983 188 57 plus
466 1983 212 57 vite,
608 1983 141 57 et
678 1983 236 57 passer
843 1983 118 57 à
890 1983 141 57 un
961 1983 212 57 autre
1102 1983 188 57 sans
1220 1983 283 57 relâche,
1409 1983 94 57 et

91 2030 294 65 «celui-ci
318 2030 136 65 me
385 2030 249 65 causera
566 2030 113 65 à
612 2030 158 65 son
702 2030 181 65 tour
815 2030 136 65 le
883 2030 181 65 même
974 2030 271 65 regret...»

44 2058 185 91 2933.
168 2058 370 91 Salley
476 2058 288 91 botaniste.
702 2058 123 91 L.
763 2058 164 91 aut.
866 2058 164 91 sig.
969 2058 205 91 Mende,
1113 2058 123 91 10
1174 2058 164 91 fév.
1277 2058 185 91 1825.
1400 2058 103 91 2
1421 2058 82 91 p.

-39 2119 1386 66 in-4.
885 2119 770 66 2
1039 2119 462 66 »

47 2147 153 83 3936
143 2147 268 83 Say
353 2147 383 83 (Jean-Baptiste),
679 2147 287 83 économiste.
908 2147 115 83 1°
966 2147 115 83 L.
1023 2147 153 83 aut.
1119 2147 153 83 sig.
1215 2147 96 83 1
1253 2147 115 83 p.
1311 2147 134 83 pl.
1368 2147 134 83 in

93 2216 107 71 —
135 2216 128 71 2°
200 2216 171 71 Note
307 2216 171 71 aut.
414 2216 150 71 sig
499 2216 128 71 (à
563 2216 128 71 la
628 2216 128 71 3e
692 2216 300 71 personne),
927 2216 128 71 au
991 2216 193 71 sujet
1120 2216 128 71 de
1184 2216 150 71 son
1270 2216 193 71 cours
1377 2216 128 71 d'é-

87 2256 325 55 conomie
324 2256 414 55 politique.
649 2256 148 55 1
708 2256 177 55 p.
797 2256 207 55 pl.
915 2256 266 55 in-4.
1092 2256 384 55 Curieuse.
1388 2256 148 55 3
1417 2256 89 55 »

43 2302 190 57 2937.
169 2302 422 57 Scioppius
528 2302 295 57 (Gaspard),
760 2302 316 57 grammairien
1013 2302 127 57 et
1076 2302 316 57 philologue.
1329 2302 127 57 L.
1371 2302 127 57 aut.

95 2357 166 54 sig.
199 2357 145 54 (en
282 2357 228 54 latin),
447 2357 104 54 à
489 2357 228 54 Gabriel
654 2357 207 54 Naudé,
799 2357 104 54 à
841 2357 186 54 Rome.
965 2357 248 54 Patavie,
1151 2357 124 54 22
1213 2357 228 54 juillet
1358 2357 145 54 1639.

87 2402 144 53 1
145 2402 202 53 gr.
260 2402 173 53 p.
347 2402 318 53 in-fol.
578 2402 318 53 Cachet.
809 2402 405 53 Très-belle
1127 2402 318 53 lettre.
1359 2402 173 53 12
1416 2402 87 53 »

44 2440 152 65 2938
139 2440 322 65 Scotti
404 2440 284 65 (Emmanuel),
632 2440 246 65 physicien
821 2440 228 65 italien.
992 2440 114 65 L.
1049 2440 152 65 aut.
1144 2440 152 65 sig.
1239 2440 133 65 (en
1295 2440 209 65 i’alien),

92 2497 124 55 à
142 2497 149 55 M.
216 2497 322 55 Thiébaut.
464 2497 273 55 Naples,
662 2497 149 55 20
737 2497 198 55 déc.
861 2497 223 55 1806.
1009 2497 124 55 3
1059 2497 174 55 gr.
1158 2497 149 55 p.
1232 2497 223 55 in-4.
1381 2497 124 55 3
1406 2497 99 55 50

44 2536 193 73 2939.
172 2536 430 73 Séchelles
538 2536 193 73 (Jean
666 2536 215 73 Moreau
817 2536 172 73 de),
924 2536 215 73 membre
1074 2536 279 73 honoraire
1289 2536 129 73 de
1332 2536 172 73 l’Aca-

103 2604 183 76 démie
225 2604 142 76 des
306 2604 264 76 Sciences.
509 2604 122 76 L.
570 2604 163 76 aut.
672 2604 183 76 sig.,
794 2604 102 76 à
835 2604 203 76 Mgr...
977 2604 203 76 Lille,
1120 2604 122 76 26
1181 2604 285 76 octobre...
1404 2604 102 76 1
1425 2604 81 76 p.

-22 2642 1253 53 in-4.
813 2642 696 53 2
952 2642 557 53 50

51 2676 182 73 2940.
172 2676 344 73 Séguin
455 2676 263 73 (Armand),
657 2676 283 73 financier.
879 2676 121 73 L.
940 2676 121 73 a.
1001 2676 141 73 s.,
1082 2676 182 73 1807,
1203 2676 101 73 1
1243 2676 121 73 p.
1304 2676 182 73 in-4.
1425 2676 101 73 2
1445 2676 61 73 »

52 2728 184 66 2941.
174 2728 368 66 Séringe
481 2728 286 66 botaniste.
706 2728 123 66 L.
768 2728 164 66 aut.
870 2728 184 66 sig.,
993 2728 102 66 à
1033 2728 123 66 M.
1095 2728 123 66 de
1156 2728 245 66 Chesnel.
1320 2728 184 66 Genève,

92 2787 174 79 22
179 2787 260 79 sept.
352 2787 260 79 1827.
526 2787 145 79 3
584 2787 174 79 p.
670 2787 202 79 pl.
786 2787 260 79 in-4.
960 2787 492 79 Scientifique.
1364 2787 145 79 2
1393 2787 116 79 50
