1637 2986
649 116 184 83 —
723 116 257 83 238
833 116 110 83 —

77 196 180 80 2942.
197 196 340 80 Serres
476 196 220 80 (Mercel
636 196 160 80 de),
736 196 320 80 naturaliste.
996 196 120 80 Le
1056 196 160 80 aut.
1156 196 180 80 sig.,
1275 196 100 80 à
1315 196 120 80 M.
1355 196 160 80 Boubé:

119 262 488 56 Montpellier,
515 262 183 56 25
606 262 366 56 décembre
881 262 274 56 1834.
1064 262 152 56 2
1125 262 183 56 p.
1216 262 274 56 in-8.
1399 262 152 56 2
1430 262 91 56 »

78 287 192 92 2943.
205 287 362 92 Servan
504 287 234 92 (l’abbé
674 287 170 92 de),
781 287 192 92 frère
908 287 128 92 du
972 287 234 92 célèbre
1143 287 383 92 avocat-général
1441 287 85 92 de

127 356 182 61 Lyon,
248 356 202 61 savant
390 356 121 61 et
450 356 202 61 habile
592 356 324 61 constructeur
855 356 121 61 de
915 356 243 61 machines
1097 356 222 61 utiles.
1259 356 121 61 L.
1320 356 162 61 aut.
1401 356 121 61 sig.

109 406 197 55 4
187 406 433 55 février
502 406 354 55 1832.
738 406 197 55 2
817 406 236 55 p.
935 406 275 55 pl.
1092 406 354 55 in-8.
1328 406 197 55 2
1368 406 157 55 50

77 447 192 70 2944.
204 447 426 70 Servière,
567 447 298 70 botaniste.
801 447 128 70 L.
865 447 192 70 sig.,
993 447 170 70 avec
1099 447 128 70 un
1163 447 362 70 post-scriptum
1440 447 85 70 dé

123 503 103 56 6
165 503 165 56 lig.
268 503 186 56 aut.,
391 503 103 56 à
433 503 124 56 M.
494 503 124 56 de
556 503 330 56 Saint-Amant.
824 503 330 56 Neufchâteau,
1092 503 103 56 5
1133 503 227 56 octobre
1298 503 186 56 1780.
1422 503 103 56 2
1443 503 82 56 p.

49 550 690 58 pl.
442 550 887 58 in-4.
1034 550 493 58 1
1132 550 394 58 50

77 590 186 80 2945.
202 590 373 80 Shirley
512 590 249 80 (Henry),
699 590 249 80 planteur
885 590 104 80 à
926 590 124 80 la
989 590 269 80 Jamaïque.
1196 590 124 80 L.
1258 590 166 80 aut.
1361 590 186 80 sig.,
1465 590 62 80 à

125 647 172 57 M...
233 647 388 57 Fingest-stoken
556 647 237 57 Church,
729 647 129 57 10
793 647 172 57 nov.
901 647 194 57 1806.
1030 647 108 57 4
1074 647 151 57 gr.
1160 647 129 57 p.
1224 647 151 57 pl.
1311 647 172 57 in4.
1418 647 108 57 3
1440 647 86 57 50

79 672 192 85 2946.
206 672 426 85 Sonthonax
569 672 447 85 (Léger-Félicité),
952 672 341 85 représentant
1229 672 128 85 du
1293 672 234 85 peuple,
1442 672 85 85 et

126 740 334 49 commissaire
393 740 245 49 délégué
571 740 133 49 du
637 740 356 49 Gouvernement
926 740 267 49 français
1127 740 156 49 aux
1216 740 178 49 îles
1305 740 222 49 Sous-

125 787 193 59 Vent.
253 787 129 59 L.
318 787 129 59 a.
382 787 150 59 s.,
468 787 129 59 au
532 787 236 59 général
704 787 343 59 Gassonville.
983 787 129 59 Au
1047 787 172 59 Cap,
1154 787 129 59 23
1219 787 236 59 ventôse
1390 787 129 59 an
1433 787 86 59 V.

122 831 118 58 1
170 831 142 58 p.
241 831 213 58 in-4.
383 831 190 58 Tête
501 831 308 58 imprimée.
738 831 190 58 Rare
857 831 355 58 entièrement
1141 831 355 58 autographe.
1425 831 118 58 9
1449 831 71 58 »

79 876 183 78 2947.
201 876 367 78 Sormano
507 876 285 78 (Gaspard).
731 876 122 78 L.
792 876 163 78 aut.
894 876 163 78 sig.
996 876 143 78 (en
1078 876 265 78 italien),
1281 876 102 78 à
1322 876 122 78 M.
1363 876 163 78 Vegli,

127 933 327 60 ambassadeur
389 933 109 60 à
433 933 284 60 Florence.
651 933 262 60 Ferrare,
847 933 131 60 27
913 933 175 60 juin
1022 933 196 60 1529.
1153 933 109 60 1
1197 933 131 60 p.
1262 933 240 60 in-fol.
1437 933 109 60 6
1459 933 65 60 »

79 964 179 84 2948.
198 964 318 84 Soult
456 964 139 84 (le
536 964 278 84 maréchal),
754 964 139 84 duc
833 964 119 84 de
893 964 258 84 Dalmatie.
1091 964 119 84 L.
1151 964 179 84 sig.,
1270 964 99 84 à
1310 964 119 84 M.
1369 964 119 84 de
1409 964 119 84 Clé

120 1029 381 60 rembault.
413 1029 323 60 Berlin,
648 1029 176 60 18
736 1029 235 60 août
883 1029 264 60 1808.
1059 1029 147 60 1
1117 1029 176 60 p.
1205 1029 264 60 in-4.
1381 1029 147 60 2
1411 1029 117 60 50

80 1055 180 87 2949.
200 1055 341 87 Sublet
481 1055 261 87 (Michel),
681 1055 261 87 cardinal,
882 1055 160 87 abbé
982 1055 120 87 de
1042 1055 241 87 Vendôme.
1222 1055 261 87 Quittance
1403 1055 120 87 sig.

94 1126 425 55 (sur
359 1126 797 55 parchemin).
997 1126 478 55 1629.
1316 1126 266 55 2
1369 1126 159 55 »

79 1172 194 64 2950.
209 1172 302 64 Suffren
447 1172 432 64 Saint-Tropez
814 1172 151 64 (le
900 1172 216 64 bailly
1052 1172 173 64 de).
1160 1172 130 64 L.
1225 1172 173 64 aut.
1333 1172 194 64 sig.,
1441 1172 86 64 au

127 1219 263 54 maréchal
324 1219 132 54 de
390 1219 285 54 Castries.
609 1219 219 54 Paris,
763 1219 132 54 18
829 1219 241 54 janvier
1004 1219 197 54 1787.
1135 1219 110 54 3
1179 1219 132 54 p.
1245 1219 197 54 in-4.
1377 1219 110 54 °
1420 1219 110 54 2
1442 1219 88 54 25

79 1248 201 84 2951.
213 1248 670 84 Talleyrand-Périgord
816 1248 447 84 (Charles-Maurice
1195 1248 179 84 de),
1307 1248 223 84 prince
1441 1248 89 84 de

128 1320 299 71 Bénévent.
358 1320 138 71 L.
427 1320 184 71 avec
542 1320 161 71 une
634 1320 207 71 ligue
772 1320 184 71 aut.
887 1320 207 71 sig.,
1025 1320 115 71 à
1071 1320 230 71 Joseph
1232 1320 322 71 Bonaparte,
1462 1320 69 71 à

122 1362 310 58 Amiens.
347 1362 253 58 Lyon,
516 1362 169 58 26
600 1362 281 58 nivôse
797 1362 169 58 an
882 1362 169 58 X.
966 1362 141 58 1
1022 1362 169 58 p.
1107 1362 366 58 pl..in-4.
1388 1362 169 58 15
1445 1362 84 58 »

179 1407 326 65 Instructions
444 1407 163 65 pour
546 1407 143 65 les
627 1407 245 65 dépêches
811 1407 184 65 qu’il
933 1407 163 65 peut
1035 1407 184 65 avoir
1158 1407 102 65 à
1198 1407 143 65 lui
1260 1407 224 65 adresser.

81 1463 179 64 2952.
200 1463 358 64 Tallien
499 1463 258 64 (J.-M.-J.
697 1463 239 64 Thérésia
876 1463 119 64 de
936 1463 239 64 Cabarus,
1115 1463 219 64 d’abord
1274 1463 179 64 Mme),
1373 1463 159 64 depuis

127 1519 268 57 princesse
334 1519 124 57 de
396 1519 392 57 Caraman-Chimay.
726 1519 124 57 L.
788 1519 165 57 aut.
891 1519 186 57 sig.:
1015 1519 206 57 Th.
1159 1519 124 57 de
1221 1519 330 57 Cabarus
1469 1519 62 57 à

129 1564 125 50 M.
192 1564 293 50 Perregaux,
422 1564 272 50 sénateur.
631 1564 209 50 Paris,
777 1564 125 50 17
840 1564 251 50 frimaire
1028 1564 125 50 an
1090 1564 167 50 XII.
1195 1564 272 50 Demi-page
1383 1564 146 50 in

24 1612 1378 50 Cachet.
1026 1612 626 50 3
1151 1612 376 50 »

83 1650 179 76 2953.
202 1650 318 76 Talon
460 1650 218 76 (Omer),
619 1650 357 76 avocat-général
917 1650 119 76 au
976 1650 258 76 parlement
1175 1650 119 76 de
1234 1650 198 76 Paris.
1373 1650 119 76 L.
1413 1650 119 76 aut.

129 1707 165 58 sig.
233 1707 144 58 sur
315 1707 144 58 une
398 1707 330 58 consultation
666 1707 124 58 de
728 1707 186 58 droit
852 1707 248 58 adressée
1038 1707 103 58 à
1079 1707 206 58 Nublé,
1223 1707 227 58 célèbre
1368 1707 165 58 avocat

129 1760 130 69 au
194 1760 302 69 Parlement,
432 1760 173 69 avec
540 1760 130 69 la
604 1760 238 69 réponse
777 1760 130 69 de
842 1760 130 69 ce
907 1760 259 69 dernier,
1101 1760 130 69 en
1166 1760 173 69 tout
1274 1760 108 69 2
1317 1760 130 69 p.
1382 1760 130 69 et
1425 1760 108 69 de-

129 1802 149 73 mie
214 1802 191 73 in-4,
341 1802 234 73 cachets
511 1802 128 73 et
575 1802 255 73 adresses
767 1802 128 73 de
830 1802 128 73 la
894 1802 170 73 main
1000 1802 149 73 des
1086 1802 170 73 deux
1171 1802 361 73 jurisconsultes.

103 1854 381 65 Rare
341 1854 286 65 et
484 1854 571 65 curieuse
913 1854 524 65 lettre.
1294 1854 286 65 20
1389 1854 143 65 »

80 1892 190 81 2954.
206 1892 401 81 Teschen,
544 1892 232 81 général
713 1892 274 81 prussien.
923 1892 127 81 L.
987 1892 169 81 aut.
1092 1892 190 81 sig.,
1219 1892 127 81 au
1282 1892 190 81 maire
1408 1892 127 81 de
1451 1892 84 81 la

128 1952 201 60 ville
262 1952 134 60 de
328 1952 245 60 Mantes.
507 1952 245 60 Mantes,
685 1952 112 60 7
730 1952 178 60 nov.
842 1952 201 60 1815.
975 1952 112 60 2
1020 1952 134 60 p.
1087 1952 245 60 in-fol.
1265 1952 245 60 Cachet.
1444 1952 112 60 6
1466 1952 67 60 »

179 1998 119 69 Il
239 1998 119 69 le
298 1998 259 69 remercie,
497 1998 179 69 ainsi
617 1998 139 69 que
696 1998 139 69 les
776 1998 259 69 habitants
975 1998 119 69 de
1035 1998 119 69 la
1094 1998 199 69 ville,
1234 1998 219 69 d’avoir
1373 1998 159 69 fourni

130 2050 105 86 à
172 2050 147 86 ses
256 2050 231 86 dragons
424 2050 147 86 des
508 2050 252 86 culottes
697 2050 126 86 et
760 2050 147 86 des
844 2050 231 86 bottes,
1011 2050 126 86 et
1074 2050 105 86 à
1116 2050 168 86 lui,
1221 2050 126 86 le
1284 2050 231 86 couvert
1431 2050 105 86 (la

114 2094 183 62 table).

83 2129 179 73 2955.
202 2129 358 73 Thiers,
500 2129 179 73 homme
619 2129 218 73 d’Etat,
778 2129 278 73 historien.
997 2129 119 73 1°
1056 2129 119 73 L.
1116 2129 159 73 aut.
1215 2129 159 73 sig.
1315 2129 99 73 1
1354 2129 119 73 p.
1394 2129 139 73 in

129 2205 113 80 —
175 2205 136 80 2°
242 2205 271 80 Fragment
446 2205 136 80 de
513 2205 203 80 notes
649 2205 181 80 aut.
762 2205 181 80 pour
875 2205 158 80 les
965 2205 248 80 budgets
1146 2205 136 80 de
1214 2205 181 80 1831
1327 2205 136 80 et
1372 2205 158 80 1832.

87 2242 329 66 1
219 2242 460 66 gr.
482 2242 395 66 p.
679 2242 723 66 in-fol.
1205 2242 395 66 10
1337 2242 197 66 »

84 2298 179 79 2956.
204 2298 318 79 Tilly
462 2298 139 79 (le
542 2298 179 79 comte
661 2298 159 79 de).
761 2298 119 79 L.
821 2298 179 79 sig.,
940 2298 119 79 au
1000 2298 159 79 Roi.
1099 2298 119 79 Du
1159 2298 179 79 Camp,
1278 2298 159 79 près
1378 2298 119 79 de
1418 2298 119 79 Hug,

131 2344 138 79 le
200 2344 138 79 20
269 2344 300 79 septembre
500 2344 207 79 1692.
638 2344 115 79 2
684 2344 138 79 p.
753 2344 254 79 in-fol.
938 2344 323 79 (fortement
1191 2344 323 79 mouillée).
1445 2344 115 79 2
1468 2344 69 79 »

84 2390 184 88 2957.
207 2390 431 88 Tournemine
576 2390 144 88 (le
658 2390 205 88 père),
801 2390 205 88 savant
945 2390 246 88 jésuite.
1129 2390 123 88 L.
1191 2390 164 88 aut.
1293 2390 185 88 sig.,
1416 2390 103 88 à
1437 2390 103 88 son

121 2448 528 65 Eminence....
550 2448 198 65 30
649 2448 264 65 août
814 2448 297 65 1722.
1011 2448 165 65 2
1077 2448 198 65 p.
1176 2448 297 65 in-4.
1374 2448 165 65 3
1407 2448 132 65 50

85 2480 158 91 2958.
191 2480 315 91 Tristan
453 2480 193 91 (Jean),
593 2480 158 91 sieur
698 2480 105 91 de
751 2480 385 91 Saint-Amant
1084 2480 105 91 et
1136 2480 105 91 du
1171 2480 368 91 Puy

128 2552 373 52 numismate.
422 2552 347 52 Quittance
688 2552 213 52 sig.
821 2552 213 52 (sur
955 2552 400 52 parchemin).
1274 2552 240 52 1650.
1434 2552 133 52 3
1461 2552 80 52 »

86 2583 192 83 2959.
214 2583 363 83 Turgot
513 2583 299 83 contrôleur
748 2583 235 83 général
919 2583 150 83 des
1005 2583 278 83 finances,
1218 2583 299 83 économiste
1432 2583 107 83 cé-

133 2649 223 69 lèbre.
289 2649 134 69 L.
355 2649 178 69 aut.
467 2649 200 69 sig.,
600 2649 111 69 à
645 2649 134 69 M.
711 2649 134 69 de
778 2649 245 69 Boynes.
956 2649 223 69 Paris,
1112 2649 134 69 10
1179 2649 178 69 déc.
1290 2649 200 69 1771.
1424 2649 111 69 4
1446 2649 89 69 p.

110 2698 345 73 pl.
307 2698 443 73 in-4.
602 2698 443 73 Belle
897 2698 541 73 lettre.
1291 2698 295 73 12
1389 2698 148 73 »

183 2748 129 64 Au
248 2748 194 64 sujet
378 2748 129 64 de
442 2748 216 64 fusils
593 2748 173 64 pour
701 2748 410 64 Saint-Domingue,
1046 2748 280 64 fabriqués
1262 2748 173 64 dans
1369 2748 129 64 la
1413 2748 129 64 pro-

135 2794 199 71 vince
267 2794 133 71 du
334 2794 265 71 Limousin
533 2794 155 71 par
621 2794 133 71 M.
687 2794 133 71 de
731 2794 398 71 Saint
