1731 3063
670 108 183 90 —
744 108 256 90 239
853 108 110 90 —

95 200 182 76 2960.
216 200 343 76 Valois
498 200 202 76 (Henry
639 200 161 76 de),
740 200 363 76 historiographe
1043 200 121 76 du
1103 200 161 76 roi.
1204 200 202 76 Quitt.
1345 200 161 76 sig.
1426 200 121 76 (sur

102 259 942 53 parchemin).
856 259 565 53 1675.
1295 259 314 53 2
1358 259 188 53 »

96 284 179 74 2961.
215 284 338 74 Valois
493 284 218 74 (Adrien
652 284 159 74 de),
752 284 358 74 historiographe
1049 284 119 74 du
1109 284 159 74 roi.
1208 284 199 74 Quitt.
1347 284 159 74 sig.
1427 284 119 74 (sur

97 351 987 57 parchemin).
887 351 592 57 1690.
1282 351 329 57 2
1348 351 197 57 »

97 381 181 73 2962.
218 381 342 73 Vendée
500 381 222 73 (Essais
661 381 282 73 politiques
882 381 121 73 et
943 381 302 73 historiques
1184 381 141 73 sur
1265 381 222 73 l’armée
1406 381 141 73 roya

143 442 180 61 liste
263 442 120 61 et
323 442 281 61 chrétienne
544 442 160 61 dans
644 442 160 61 la),
744 442 200 61 suivis
885 442 120 61 de
945 442 281 61 réflexions
1165 442 140 61 sur
1245 442 120 61 la
1305 442 241 61 position
1466 442 80 61 de

140 490 241 62 l’armée
316 490 220 62 depuis
469 490 132 62 le
535 490 241 62 passage
711 490 132 62 de
777 490 132 62 la
843 490 220 62 Loire.
996 490 285 62 Manuscrit
1216 490 329 62 intéressant
1457 490 88 62 du

140 545 358 59 commencement
430 545 134 59 de
498 545 201 59 1794,
632 545 201 59 d’une
766 545 313 59 très-belle
1012 545 291 59 écriture,
1236 545 134 59 et
1303 545 157 59 qui
1370 545 179 59 paraît

140 593 132 48 de
206 593 132 48 la
272 593 176 48 main
382 593 176 48 d’un
492 593 154 48 des
580 593 352 48 coopérateurs
865 593 154 48 les
953 593 176 48 plus
1063 593 220 48 actifs
1217 593 154 48 des
1305 593 242 48 guerres
1459 593 88 48 de

133 638 270 49 cette
313 638 300 49 époque
524 638 421 49 mémorable.
854 638 180 49 20
944 638 210 49 gr.
1064 638 180 49 p.
1154 638 330 49 in-fol.
1395 638 180 49 12
1455 638 90 49 »

92 665 188 73 2963
209 665 305 73 Veuves
443 665 164 73 des
537 665 328 73 vainqueurs
795 665 141 73 de
866 665 141 73 la
936 665 375 73 Bastille
1241 665 141 73 L.
1311 665 188 73 aut.
1405 665 141 73 sig.

139 731 139 49 de
208 731 254 49 Léonard
393 731 278 49 Bourdon,
602 731 416 49 conventionnel,
949 731 208 49 datée
1087 731 139 49 de
1157 731 231 49 Paris,
1319 731 139 49 le
1388 731 116 49 4
1411 731 139 49 août

143 778 183 59 1790,
265 778 163 59 avec
367 778 142 59 une
448 778 265 59 apostille
651 778 122 59 de
713 778 163 59 huit
814 778 224 59 petites
977 778 204 59 lignes
1120 778 163 59 aut.
1221 778 163 59 sig.
1323 778 122 59 de
1364 778 183 59 Bailly,

140 826 204 62 comme
276 826 204 62 maire
413 826 136 62 de
481 826 227 62 Paris,
639 826 136 62 et
708 826 136 62 de
776 826 227 62 quatre
934 826 227 62 lignes
1093 826 182 62 aut.
1207 826 182 62 sig.
1320 826 136 62 de
1365 826 182 62 Dusaut

144 870 126 61 (1
207 870 126 61 p.
270 870 147 61 pl.
354 870 210 61 in-4),
500 870 126 61 en
563 870 210 61 faveur
710 870 126 61 de
773 870 168 61 neuf
877 870 210 61 veuves
1024 870 126 61 de
1087 870 293 61 vainqueurs
1318 870 126 61 de
1380 870 126 61 la
1422 870 126 61 Bas-

128 921 336 52 tille
352 921 262 52 qui
501 921 262 52 ont
651 921 374 52 besoin
913 921 224 52 de
1025 921 449 52 secours.
1361 921 224 52 10
1436 921 112 52 »

97 959 181 78 2964.
218 959 383 78 Vigneron
540 959 242 78 (Jules),
721 959 242 78 peintre.
902 959 121 78 L.
963 959 161 78 aut.
1064 959 181 78 sig.,
1184 959 101 78 à
1225 959 141 78 son
1305 959 201 78 ami...
1446 959 101 78 1
1466 959 81 78 p.

93 1016 555 62 in-8
439 1016 1040 62 (remontée).
1272 1016 347 62 2
1341 1016 208 62 »

96 1048 176 80 2965.
214 1048 353 80 Villèle
508 1048 137 80 (le
586 1048 176 80 comte
704 1048 196 80 Joseph
841 1048 157 80 de),
939 1048 235 80 ministre
1116 1048 137 80 des
1194 1048 255 80 finances.
1390 1048 118 80 L.
1429 1048 118 80 aut.

141 1116 195 45 sig.,
271 1116 108 45 à
314 1116 151 45 Son
401 1116 238 45 Altesse
574 1116 281 45 royale...
790 1116 216 45 Paris,
942 1116 108 45 8
985 1116 303 45 octobre...
1223 1116 108 45 2
1266 1116 130 45 p.
1331 1116 195 45 in-4.
1461 1116 108 45 4
1482 1116 65 45 »

97 1156 170 63 2966.
210 1156 339 63 Villers
493 1156 226 63 (Charles
662 1156 151 63 de),
757 1156 301 63 littérateur.
1002 1156 113 63 L.
1058 1156 151 63 aut.
1152 1156 170 63 sig.,
1265 1156 94 63 à
1303 1156 113 63 M.
1341 1156 207 63 Ginguené.

133 1205 321 55 Paris,
358 1205 193 55 29
454 1205 418 55 fructidor
775 1205 193 55 an
872 1205 257 55 XII.
1032 1205 161 55 2
1096 1205 193 55 p.
1193 1205 289 55 in-4.
1385 1205 161 55 2
1418 1205 128 55 50

98 1251 174 66 2967.
214 1251 348 66 Viotti,
504 1251 309 66 compositeur.
755 1251 116 66 L.
813 1251 155 66 aut.
910 1251 174 66 sig.,
1026 1251 97 66 à
1065 1251 116 66 M.
1123 1251 116 66 de
1181 1251 232 66 Castéra.
1355 1251 193 66 Paris,
1471 1251 77 66 29

143 1303 238 55 août...
317 1303 108 55 1
360 1303 130 55 p.
425 1303 195 55 in-4.
555 1303 108 55 —
598 1303 195 55 Plus,
728 1303 195 55 copie
858 1303 195 55 d’une
988 1303 217 55 lettre
1140 1303 130 55 de
1205 1303 260 55 Kreutzer
1378 1303 173 55 adres-

140 1359 152 63 sée
227 1359 152 63 aux
314 1359 238 63 membres
487 1359 282 63 composant
704 1359 130 63 le
769 1359 217 63 Comité
921 1359 433 63 d’administration
1289 1359 130 63 de
1332 1359 217 63 l’Opéra,

139 1398 209 52 avec
269 1398 157 52 la
348 1398 235 52 copie
504 1398 157 52 de
583 1398 157 52 la
661 1398 287 52 réponse
870 1398 157 52 de
948 1398 287 52 Viotti.
1157 1398 130 52 3
1209 1398 157 52 p.
1287 1398 235 52 in-4.
1444 1398 130 52 6
1470 1398 78 52 »

98 1440 161 81 2968.
206 1440 340 81 Voltaire
492 1440 107 81 L.
546 1440 161 81 sig.:
653 1440 251 81 V.
850 1440 197 81 (écrite
994 1440 125 81 par
1065 1440 251 81 Wagnière),
1262 1440 90 81 à
1298 1440 107 81 M.
1352 1440 107 81 de
1388 1440 161 81 Taulès.

120 1495 415 48 Mardi
396 1495 276 48 au
535 1495 461 48 matin.
857 1495 230 48 1
949 1495 276 48 p.
1087 1495 415 48 in-8.
1364 1495 230 48 4
1410 1495 138 48 »

98 1535 158 90 2969.
203 1535 333 90 Voltaire
482 1535 105 90 L.
535 1535 140 90 aut.
622 1535 140 90 sig.
710 1535 245 90 V.
903 1535 105 90 au
955 1535 210 90 libraire
1113 1535 210 90 Lambert.
1270 1535 210 90 Potsdam,
1428 1535 88 90 7
1445 1535 105 90 nov.

116 1590 247 60 2
214 1590 297 60 p.
363 1590 346 60 pl.
560 1590 445 60 in-4.
857 1590 593 60 Inédite.
1302 1590 297 60 20
1401 1590 148 60 »

191 1636 125 63 Il
254 1636 105 63 a
296 1636 125 63 dû
358 1636 251 63 recevoir
547 1636 209 63 toutes
693 1636 146 63 les
776 1636 272 63 additions
986 1636 125 63 et
1048 1636 314 63 changements
1278 1636 272 63 nécessaires

142 1667 168 79 pour
247 1667 126 79 le
310 1667 211 79 Siècle
458 1667 126 79 de
521 1667 190 79 Louis
647 1667 168 79 XIV.
753 1667 147 79 Les
837 1667 253 79 articles
1026 1667 253 79 Bossuet,
1216 1667 316 79 Fontenelle,
1448 1667 105 79 La-

143 1727 214 64 motte,
292 1727 363 64 Saint-Pierre.
591 1727 149 64 Les
676 1727 320 64 changements
933 1727 299 64 essentiels
1168 1727 149 64 aux
1253 1727 256 64 articles
1424 1727 128 64 Bos-

143 1781 238 48 suet...
317 1781 130 48 Il
382 1781 152 48 est
468 1781 282 48 important
685 1781 195 48 qu’il
815 1781 152 48 ait
901 1781 173 48 reçu
1010 1781 152 48 les
1096 1781 173 48 deux
1205 1781 260 48 morceaux
1378 1781 173 48 copiés

142 1829 239 54 d’après
316 1829 152 54 les
403 1829 304 54 manuscrits
641 1829 130 54 de
706 1829 130 54 la
771 1829 174 54 main
880 1829 130 54 de
945 1829 195 54 Louis
1075 1829 174 54 XIV,
1183 1829 174 54 cela
1292 1829 174 54 seul
1379 1829 174 54 rendra

146 1879 142 55 son
227 1879 223 55 édition
389 1879 284 55 précieuse,
612 1879 182 55 etc.,
713 1879 122 55 etc.

97 1914 179 83 2970.
217 1914 398 83 Wagnière,
555 1914 279 83 secrétaire
774 1914 120 83 de
834 1914 259 83 Voltaire.
1033 1914 120 83 L.
1093 1914 159 83 aut.
1193 1914 179 83 sig.,
1312 1914 100 83 à
1352 1914 120 83 M.
1412 1914 139 83 Guy
1471 1914 80 83 Du

145 1967 220 65 Chène.
299 1967 154 65 Aux
387 1967 264 65 Délices,
585 1967 132 65 21
651 1967 154 65 mai
739 1967 198 65 1764.
871 1967 110 65 1
915 1967 132 65 p.
981 1967 154 65 pl.
1069 1967 154 65 1/2
1157 1967 198 65 in-4.
1289 1967 242 65 Cachet.
1465 1967 88 65 50

192 2022 122 57 Au
253 2022 183 57 sujet
375 2022 122 57 de
436 2022 325 57 l’impression
700 2022 142 57 sur
781 2022 142 57 des
863 2022 203 57 copies
1005 2022 264 57 infidèles
1208 2022 122 57 de
1269 2022 264 57 plusieurs
1452 2022 102 57 ou-

143 2063 217 64 vrages
295 2063 130 64 de
360 2063 260 64 Voltaire
556 2063 152 64 (la
642 2063 260 64 tragédie
838 2063 130 64 de
903 2063 217 64 Zulime
1055 2063 130 64 et
1120 2063 130 64 la
1185 2063 239 64 comédie
1359 2063 130 64 du
1402 2063 152 64 Droit

146 2105 121 57 dn
206 2105 282 57 Seigneur).
428 2105 121 57 li
488 2105 181 57 s’est
609 2105 161 57 trop
709 2105 201 57 pressé
850 2105 181 57 aussi
971 2105 282 57 d’imprimer
1192 2105 141 57 les
1272 2105 262 57 remarques
1453 2105 101 57 sur

145 2160 303 56 Corneille,
384 2160 195 56 parce
514 2160 260 56 qu’étant
708 2160 282 56 détachées
925 2160 130 56 du
990 2160 217 56 texte,
1142 2160 195 56 elles
1271 2160 130 56 ne
1315 2160 238 56 répondent

148 2205 143 67 pas
229 2205 143 67 aux
311 2205 265 67 dernières
515 2205 245 67 éditions
698 2205 143 67 des
779 2205 265 67 libraires
983 2205 122 67 de
1044 2205 204 67 Paris,
1187 2205 183 67 elles
1309 2205 224 67 exigent
1452 2205 102 67 une

147 2259 248 67 infinité
333 2259 124 67 de
396 2259 248 67 renvois,
582 2259 165 67 sans
685 2259 248 67 lesquels
871 2259 124 67 le
933 2259 228 67 lecteur
1099 2259 124 67 ne
1161 2259 165 67 peut
1264 2259 207 67 savoir
1409 2259 103 67 à
1430 2259 124 67 quoi

147 2300 147 66 ces
231 2300 189 66 notes
357 2300 126 66 se
399 2300 314 66 rapportent...

100 2349 187 57 2971.
225 2349 415 57 Winaricki
578 2349 145 57 (le
661 2349 187 57 comte
785 2349 270 57 Charles),
993 2349 208 57 savant
1138 2349 187 57 slave
1262 2349 270 57 (Bohême),
1449 2349 104 57 au

153 2404 145 55 teur
244 2404 127 55 de:
316 2404 309 55 Coup-d’œil
571 2404 127 55 sur
643 2404 109 55 la
698 2404 273 55 littérature
916 2404 309 55 bohême..
1170 2404 109 55 L.
1225 2404 182 55 latine
1352 2404 145 55 aut.
1425 2404 127 55 sig.,

149 2447 131 55 au
215 2447 241 55 docteur
390 2447 175 55 Jean
499 2447 131 55 de
565 2447 197 55 Caro,
696 2447 263 55 médecin.
893 2447 219 55 Covano
1047 2447 241 55 ulsima.
1222 2447 263 55 Januarii
1397 2447 153 55 1841.

128 2495 216 77 7
214 2495 259 77 p.
344 2495 302 77 pl.
517 2495 389 77 in-8.
776 2495 389 77 Jolie
1035 2495 475 77 lettre.
1380 2495 216 77 6
1423 2495 130 77 »

145 2612 165 93 N.
254 2612 183 93 B
382 2612 110 93 M.
437 2612 219 93 LAVERDET
602 2612 128 93 est
675 2612 146 93 chez
767 2612 128 93 lui
840 2612 110 93 de
895 2612 91 93 1
931 2612 165 93 heure
1041 2612 91 93 à
1077 2612 110 93 4,
1132 2612 128 93 les
1206 2612 238 93 dimanches
1388 2612 110 93 et
1425 2612 128 93 fêtes

104 2692 241 55 exceptés,
290 2692 111 55 et
345 2692 111 55 du
401 2692 111 55 15
456 2692 167 55 avril
567 2692 111 55 au
623 2692 111 55 15
678 2692 222 55 octobre,
845 2692 130 55 les
919 2692 241 55 mersredis
1104 2692 111 55 et
1159 2692 204 55 samedis
1289 2692 222 55 seulement.

413 2770 140 66 Ce
507 2770 155 66 numéro
616 2770 109 66 n’a
678 2770 109 66 été
740 2770 202 66 distribué
895 2770 109 66 que
958 2770 93 66 le
1004 2770 93 66 31
1035 2770 218 66 juillet
