<?xml version='1.0' encoding='UTF8'?>
<alto xmlns:xsi="http://www.w3.org/2001/XMLSchema-instance" xmlns="http://www.loc.gov/standards/alto/ns-v2#" xmlns:page="http://schema.primaresearch.org/PAGE/gts/pagecontent/2013-07-15" xsi:schemaLocation="http://www.loc.gov/standards/alto/ns-v2# http://www.loc.gov/standards/alto/alto.xsd">
  <Description>
    <MeasurementUnit>mm10</MeasurementUnit>
    <sourceImageInformation>
         <fileName>268.jpg</fileName>
      </sourceImageInformation>
    <OCRProcessing ID="IdOcr">
      <ocrProcessingStep>
        <processingDateTime>2020-10-13T13:54:46.241+02:00</processingDateTime>
        <processingSoftware>
               <softwareCreator>CONTRIBUTORS</softwareCreator>
               <softwareName>pdfalto</softwareName>
               <softwareVersion>0.1</softwareVersion>
            </processingSoftware>
      </ocrProcessingStep>
    </OCRProcessing>
  </Description>
  <Styles>
   <TextStyle ID="FONT0" FONTFAMILY="unknown" FONTSIZE="unknown" FONTSTYLE=""/>
   <TextStyle ID="FONT1" FONTFAMILY="unknown" FONTSIZE="unknown" FONTSTYLE="bold"/>
   <TextStyle ID="FONT2" FONTFAMILY="unknown" FONTSIZE="unknown" FONTSTYLE="italics"/>
  </Styles>
  <Tags/>
  <Layout>
    <Page ID="Page1" PHYSICAL_IMG_NR="1" HEIGHT="3044" WIDTH="1585">
      <PrintSpace HEIGHT="3044" WIDTH="1585" VPOS="0" HPOS="0">
        <TextBlock ID="r1" HEIGHT="2714" WIDTH="1415" VPOS="189" HPOS="72">
          <TextLine ID="r1l1" BASELINE="228" HEIGHT="75" WIDTH="288" VPOS="153" HPOS="662">
            <String HEIGHT="75" WIDTH="216" VPOS="153" HPOS="626" CONTENT="EN" ID="r1l1_1" STYLEREFS="FONT0"/>
            <SP HEIGHT="75" WIDTH="36" VPOS="153" HPOS="842"/>
            <String HEIGHT="75" WIDTH="252" VPOS="153" HPOS="698" CONTENT="VENTE" ID="r1l1_2" STYLEREFS="FONT0"/>
          </TextLine>
          <TextLine ID="r1l2" BASELINE="290" HEIGHT="76" WIDTH="967" VPOS="214" HPOS="319">
            <String HEIGHT="76" WIDTH="161" VPOS="214" HPOS="287" CONTENT="A" ID="r1l2_1" STYLEREFS="FONT0"/>
            <SP HEIGHT="76" WIDTH="32" VPOS="214" HPOS="448"/>
            <String HEIGHT="76" WIDTH="193" VPOS="214" HPOS="351" CONTENT="LA" ID="r1l2_2" STYLEREFS="FONT0"/>
            <SP HEIGHT="76" WIDTH="32" VPOS="214" HPOS="545"/>
            <String HEIGHT="76" WIDTH="419" VPOS="214" HPOS="448" CONTENT="LIBRAIRIE" ID="r1l2_3" STYLEREFS="FONT0"/>
            <SP HEIGHT="76" WIDTH="32" VPOS="214" HPOS="867"/>
            <String HEIGHT="76" WIDTH="193" VPOS="214" HPOS="770" CONTENT="DE" ID="r1l2_4" STYLEREFS="FONT0"/>
            <SP HEIGHT="76" WIDTH="32" VPOS="214" HPOS="964"/>
            <String HEIGHT="76" WIDTH="193" VPOS="214" HPOS="867" CONTENT="J." ID="r1l2_5" STYLEREFS="FONT0"/>
            <SP HEIGHT="76" WIDTH="32" VPOS="214" HPOS="1060"/>
            <String HEIGHT="76" WIDTH="355" VPOS="214" HPOS="931" CONTENT="TECHENER," ID="r1l2_6" STYLEREFS="FONT0"/>
          </TextLine>
          <TextLine ID="r1l3" BASELINE="340" HEIGHT="63" WIDTH="483" VPOS="277" HPOS="560">
            <String HEIGHT="63" WIDTH="147" VPOS="277" HPOS="539" CONTENT="RUE" ID="r1l3_1" STYLEREFS="FONT0"/>
            <SP HEIGHT="63" WIDTH="21" VPOS="277" HPOS="686"/>
            <String HEIGHT="63" WIDTH="126" VPOS="277" HPOS="623" CONTENT="DE" ID="r1l3_2" STYLEREFS="FONT0"/>
            <SP HEIGHT="63" WIDTH="21" VPOS="277" HPOS="749"/>
            <String HEIGHT="63" WIDTH="336" VPOS="277" HPOS="686" CONTENT="L’ARBRE-SEC," ID="r1l3_3" STYLEREFS="FONT0"/>
            <SP HEIGHT="63" WIDTH="21" VPOS="277" HPOS="1022"/>
            <String HEIGHT="63" WIDTH="105" VPOS="277" HPOS="938" CONTENT="52." ID="r1l3_4" STYLEREFS="FONT0"/>
          </TextLine>
          <TextLine ID="r1l4" BASELINE="476" HEIGHT="114" WIDTH="618" VPOS="362" HPOS="504">
            <String HEIGHT="114" WIDTH="706" VPOS="362" HPOS="416" CONTENT="CORRESPONDANCE" ID="r1l4_1" STYLEREFS="FONT0"/>
          </TextLine>
          <TextLine ID="r1l5" BASELINE="516" HEIGHT="59" WIDTH="145" VPOS="457" HPOS="736">
            <String HEIGHT="59" WIDTH="203" VPOS="457" HPOS="678" CONTENT="ENTRE" ID="r1l5_1" STYLEREFS="FONT0"/>
          </TextLine>
          <TextLine ID="r1l6" BASELINE="612" HEIGHT="74" WIDTH="59" VPOS="538" HPOS="607">
            <String HEIGHT="74" WIDTH="177" VPOS="538" HPOS="489" CONTENT="1" ID="r1l6_1" STYLEREFS="FONT0"/>
          </TextLine>
          <TextLine ID="r1l7" BASELINE="653" HEIGHT="112" WIDTH="1342" VPOS="541" HPOS="131">
            <String HEIGHT="112" WIDTH="1483" VPOS="541" HPOS="-10" CONTENT="DOTAUHETRAUA" ID="r1l7_1" STYLEREFS="FONT1"/>
          </TextLine>
          <TextLine ID="r1l8" BASELINE="701" HEIGHT="60" WIDTH="70" VPOS="641" HPOS="764">
            <String HEIGHT="60" WIDTH="140" VPOS="641" HPOS="694" CONTENT="ET" ID="r1l8_1" STYLEREFS="FONT0"/>
          </TextLine>
          <TextLine ID="r1l9" BASELINE="793" HEIGHT="113" WIDTH="449" VPOS="680" HPOS="580">
            <String HEIGHT="113" WIDTH="518" VPOS="680" HPOS="511" CONTENT="BROSSETTE" ID="r1l9_1" STYLEREFS="FONT0"/>
          </TextLine>
          <TextLine ID="r1l10" BASELINE="845" HEIGHT="54" WIDTH="586" VPOS="791" HPOS="506">
            <String HEIGHT="54" WIDTH="209" VPOS="791" HPOS="485" CONTENT="Avocat" ID="r1l10_1" STYLEREFS="FONT0"/>
            <SP HEIGHT="54" WIDTH="21" VPOS="791" HPOS="694"/>
            <String HEIGHT="54" WIDTH="126" VPOS="791" HPOS="632" CONTENT="au" ID="r1l10_2" STYLEREFS="FONT0"/>
            <SP HEIGHT="54" WIDTH="21" VPOS="791" HPOS="757"/>
            <String HEIGHT="54" WIDTH="272" VPOS="791" HPOS="694" CONTENT="Parlement" ID="r1l10_3" STYLEREFS="FONT0"/>
            <SP HEIGHT="54" WIDTH="21" VPOS="791" HPOS="966"/>
            <String HEIGHT="54" WIDTH="126" VPOS="791" HPOS="904" CONTENT="de" ID="r1l10_4" STYLEREFS="FONT0"/>
            <SP HEIGHT="54" WIDTH="21" VPOS="791" HPOS="1029"/>
            <String HEIGHT="54" WIDTH="147" VPOS="791" HPOS="946" CONTENT="Lyon." ID="r1l10_5" STYLEREFS="FONT0"/>
          </TextLine>
          <TextLine ID="r1l11" BASELINE="900" HEIGHT="56" WIDTH="826" VPOS="844" HPOS="399">
            <String HEIGHT="56" WIDTH="252" VPOS="844" HPOS="376" CONTENT="PUBLIÉE" ID="r1l11_1" STYLEREFS="FONT0"/>
            <SP HEIGHT="56" WIDTH="23" VPOS="844" HPOS="628"/>
            <String HEIGHT="56" WIDTH="161" VPOS="844" HPOS="560" CONTENT="SUR" ID="r1l11_2" STYLEREFS="FONT0"/>
            <SP HEIGHT="56" WIDTH="23" VPOS="844" HPOS="720"/>
            <String HEIGHT="56" WIDTH="161" VPOS="844" HPOS="651" CONTENT="LES" ID="r1l11_3" STYLEREFS="FONT0"/>
            <SP HEIGHT="56" WIDTH="23" VPOS="844" HPOS="812"/>
            <String HEIGHT="56" WIDTH="321" VPOS="844" HPOS="743" CONTENT="MANUSCRITS" ID="r1l11_4" STYLEREFS="FONT0"/>
            <SP HEIGHT="56" WIDTH="23" VPOS="844" HPOS="1064"/>
            <String HEIGHT="56" WIDTH="252" VPOS="844" HPOS="973" CONTENT="ORIGINAUX" ID="r1l11_5" STYLEREFS="FONT0"/>
          </TextLine>
          <TextLine ID="r1l12" BASELINE="973" HEIGHT="84" WIDTH="539" VPOS="889" HPOS="518">
            <String HEIGHT="84" WIDTH="189" VPOS="889" HPOS="491" CONTENT="PAR" ID="r1l12_1" STYLEREFS="FONT0"/>
            <SP HEIGHT="84" WIDTH="27" VPOS="889" HPOS="680"/>
            <String HEIGHT="84" WIDTH="296" VPOS="889" HPOS="599" CONTENT="AUGUSTE" ID="r1l12_2" STYLEREFS="FONT0"/>
            <SP HEIGHT="84" WIDTH="27" VPOS="889" HPOS="895"/>
            <String HEIGHT="84" WIDTH="270" VPOS="889" HPOS="788" CONTENT="LAVERDET" ID="r1l12_3" STYLEREFS="FONT0"/>
          </TextLine>
          <TextLine ID="r1l13" BASELINE="1050" HEIGHT="99" WIDTH="1023" VPOS="951" HPOS="287">
            <String HEIGHT="99" WIDTH="512" VPOS="951" HPOS="255" CONTENT="INTRODUCTION" ID="r1l13_1" STYLEREFS="FONT0"/>
            <SP HEIGHT="99" WIDTH="32" VPOS="951" HPOS="767"/>
            <String HEIGHT="99" WIDTH="224" VPOS="951" HPOS="671" CONTENT="PAR" ID="r1l13_2" STYLEREFS="FONT0"/>
            <SP HEIGHT="99" WIDTH="32" VPOS="951" HPOS="894"/>
            <String HEIGHT="99" WIDTH="192" VPOS="951" HPOS="799" CONTENT="M." ID="r1l13_3" STYLEREFS="FONT0"/>
            <SP HEIGHT="99" WIDTH="32" VPOS="951" HPOS="990"/>
            <String HEIGHT="99" WIDTH="288" VPOS="951" HPOS="894" CONTENT="JULES" ID="r1l13_4" STYLEREFS="FONT0"/>
            <SP HEIGHT="99" WIDTH="32" VPOS="951" HPOS="1182"/>
            <String HEIGHT="99" WIDTH="256" VPOS="951" HPOS="1054" CONTENT="JANIN." ID="r1l13_5" STYLEREFS="FONT0"/>
          </TextLine>
          <TextLine ID="r1l14" BASELINE="1089" HEIGHT="53" WIDTH="821" VPOS="1036" HPOS="382">
            <String HEIGHT="53" WIDTH="237" VPOS="1036" HPOS="366" CONTENT="Première" ID="r1l14_1" STYLEREFS="FONT2"/>
            <SP HEIGHT="53" WIDTH="16" VPOS="1036" HPOS="603"/>
            <String HEIGHT="53" WIDTH="174" VPOS="1036" HPOS="556" CONTENT="édition" ID="r1l14_2" STYLEREFS="FONT2"/>
            <SP HEIGHT="53" WIDTH="16" VPOS="1036" HPOS="729"/>
            <String HEIGHT="53" WIDTH="205" VPOS="1036" HPOS="682" CONTENT="complète," ID="r1l14_3" STYLEREFS="FONT2"/>
            <SP HEIGHT="53" WIDTH="16" VPOS="1036" HPOS="887"/>
            <String HEIGHT="53" WIDTH="95" VPOS="1036" HPOS="840" CONTENT="en" ID="r1l14_4" STYLEREFS="FONT2"/>
            <SP HEIGHT="53" WIDTH="16" VPOS="1036" HPOS="935"/>
            <String HEIGHT="53" WIDTH="158" VPOS="1036" HPOS="887" CONTENT="partie" ID="r1l14_5" STYLEREFS="FONT2"/>
            <SP HEIGHT="53" WIDTH="16" VPOS="1036" HPOS="1045"/>
            <String HEIGHT="53" WIDTH="221" VPOS="1036" HPOS="982" CONTENT="inédite" ID="r1l14_6" STYLEREFS="FONT2"/>
          </TextLine>
          <TextLine ID="r1l15" BASELINE="1157" HEIGHT="76" WIDTH="1379" VPOS="1081" HPOS="101">
            <String HEIGHT="76" WIDTH="103" VPOS="1081" HPOS="84" CONTENT="Un" ID="r1l15_1" STYLEREFS="FONT0"/>
            <SP HEIGHT="76" WIDTH="17" VPOS="1081" HPOS="187"/>
            <String HEIGHT="76" WIDTH="172" VPOS="1081" HPOS="135" CONTENT="volume" ID="r1l15_2" STYLEREFS="FONT0"/>
            <SP HEIGHT="76" WIDTH="17" VPOS="1081" HPOS="308"/>
            <String HEIGHT="76" WIDTH="138" VPOS="1081" HPOS="256" CONTENT="in-8" ID="r1l15_3" STYLEREFS="FONT0"/>
            <SP HEIGHT="76" WIDTH="17" VPOS="1081" HPOS="394"/>
            <String HEIGHT="76" WIDTH="103" VPOS="1081" HPOS="342" CONTENT="de" ID="r1l15_4" STYLEREFS="FONT0"/>
            <SP HEIGHT="76" WIDTH="17" VPOS="1081" HPOS="446"/>
            <String HEIGHT="76" WIDTH="155" VPOS="1081" HPOS="394" CONTENT="XXXII" ID="r1l15_5" STYLEREFS="FONT0"/>
            <SP HEIGHT="76" WIDTH="17" VPOS="1081" HPOS="549"/>
            <String HEIGHT="76" WIDTH="86" VPOS="1081" HPOS="497" CONTENT="—" ID="r1l15_6" STYLEREFS="FONT0"/>
            <SP HEIGHT="76" WIDTH="17" VPOS="1081" HPOS="584"/>
            <String HEIGHT="76" WIDTH="121" VPOS="1081" HPOS="532" CONTENT="608" ID="r1l15_7" STYLEREFS="FONT0"/>
            <SP HEIGHT="76" WIDTH="17" VPOS="1081" HPOS="653"/>
            <String HEIGHT="76" WIDTH="172" VPOS="1081" HPOS="601" CONTENT="pages," ID="r1l15_8" STYLEREFS="FONT0"/>
            <SP HEIGHT="76" WIDTH="17" VPOS="1081" HPOS="773"/>
            <String HEIGHT="76" WIDTH="138" VPOS="1081" HPOS="722" CONTENT="avec" ID="r1l15_9" STYLEREFS="FONT0"/>
            <SP HEIGHT="76" WIDTH="17" VPOS="1081" HPOS="859"/>
            <String HEIGHT="76" WIDTH="121" VPOS="1081" HPOS="808" CONTENT="six" ID="r1l15_10" STYLEREFS="FONT0"/>
            <SP HEIGHT="76" WIDTH="17" VPOS="1081" HPOS="928"/>
            <String HEIGHT="76" WIDTH="259" VPOS="1081" HPOS="877" CONTENT="fac-simile," ID="r1l15_11" STYLEREFS="FONT0"/>
            <SP HEIGHT="76" WIDTH="17" VPOS="1081" HPOS="1135"/>
            <String HEIGHT="76" WIDTH="103" VPOS="1081" HPOS="1084" CONTENT="et" ID="r1l15_12" STYLEREFS="FONT0"/>
            <SP HEIGHT="76" WIDTH="17" VPOS="1081" HPOS="1187"/>
            <String HEIGHT="76" WIDTH="103" VPOS="1081" HPOS="1135" CONTENT="la" ID="r1l15_13" STYLEREFS="FONT0"/>
            <SP HEIGHT="76" WIDTH="17" VPOS="1081" HPOS="1239"/>
            <String HEIGHT="76" WIDTH="241" VPOS="1081" HPOS="1187" CONTENT="généalogie" ID="r1l15_14" STYLEREFS="FONT0"/>
            <SP HEIGHT="76" WIDTH="17" VPOS="1081" HPOS="1428"/>
            <String HEIGHT="76" WIDTH="103" VPOS="1081" HPOS="1377" CONTENT="de" ID="r1l15_15" STYLEREFS="FONT0"/>
            <SP HEIGHT="76" WIDTH="17" VPOS="1081" HPOS="1480"/>
            <String HEIGHT="76" WIDTH="69" VPOS="1081" HPOS="1411" CONTENT="la" ID="r1l15_16" STYLEREFS="FONT0"/>
          </TextLine>
          <TextLine ID="r1l16" BASELINE="1197" HEIGHT="64" WIDTH="510" VPOS="1133" HPOS="538">
            <String HEIGHT="64" WIDTH="193" VPOS="1133" HPOS="520" CONTENT="famille" ID="r1l16_1" STYLEREFS="FONT0"/>
            <SP HEIGHT="64" WIDTH="18" VPOS="1133" HPOS="714"/>
            <String HEIGHT="64" WIDTH="106" VPOS="1133" HPOS="661" CONTENT="de" ID="r1l16_2" STYLEREFS="FONT0"/>
            <SP HEIGHT="64" WIDTH="18" VPOS="1133" HPOS="767"/>
            <String HEIGHT="64" WIDTH="193" VPOS="1133" HPOS="714" CONTENT="Boileau" ID="r1l16_3" STYLEREFS="FONT0"/>
            <SP HEIGHT="64" WIDTH="18" VPOS="1133" HPOS="907"/>
            <String HEIGHT="64" WIDTH="211" VPOS="1133" HPOS="837" CONTENT="Despréaux." ID="r1l16_4" STYLEREFS="FONT0"/>
          </TextLine>
          <TextLine ID="r1l17" BASELINE="1237" HEIGHT="57" WIDTH="192" VPOS="1180" HPOS="705">
            <String HEIGHT="57" WIDTH="320" VPOS="1180" HPOS="577" CONTENT="&gt;GO" ID="r1l17_1" STYLEREFS="FONT0"/>
          </TextLine>
          <TextLine ID="r1l18" BASELINE="1288" HEIGHT="64" WIDTH="919" VPOS="1224" HPOS="336">
            <String HEIGHT="64" WIDTH="334" VPOS="1224" HPOS="308" CONTENT="SOMMAIRE" ID="r1l18_1" STYLEREFS="FONT0"/>
            <SP HEIGHT="64" WIDTH="28" VPOS="1224" HPOS="642"/>
            <String HEIGHT="64" WIDTH="167" VPOS="1224" HPOS="559" CONTENT="DU" ID="r1l18_2" STYLEREFS="FONT0"/>
            <SP HEIGHT="64" WIDTH="28" VPOS="1224" HPOS="726"/>
            <String HEIGHT="64" WIDTH="306" VPOS="1224" HPOS="642" CONTENT="CONTENU" ID="r1l18_3" STYLEREFS="FONT0"/>
            <SP HEIGHT="64" WIDTH="28" VPOS="1224" HPOS="949"/>
            <String HEIGHT="64" WIDTH="167" VPOS="1224" HPOS="865" CONTENT="DE" ID="r1l18_4" STYLEREFS="FONT0"/>
            <SP HEIGHT="64" WIDTH="28" VPOS="1224" HPOS="1032"/>
            <String HEIGHT="64" WIDTH="167" VPOS="1224" HPOS="949" CONTENT="CE" ID="r1l18_5" STYLEREFS="FONT0"/>
            <SP HEIGHT="64" WIDTH="28" VPOS="1224" HPOS="1116"/>
            <String HEIGHT="64" WIDTH="251" VPOS="1224" HPOS="1004" CONTENT="VOLUME:" ID="r1l18_6" STYLEREFS="FONT0"/>
          </TextLine>
          <TextLine ID="r1l19" BASELINE="1341" HEIGHT="62" WIDTH="832" VPOS="1279" HPOS="381">
            <String HEIGHT="62" WIDTH="271" VPOS="1279" HPOS="363" CONTENT="(COMPLÉMENT" ID="r1l19_1" STYLEREFS="FONT0"/>
            <SP HEIGHT="62" WIDTH="18" VPOS="1279" HPOS="634"/>
            <String HEIGHT="62" WIDTH="127" VPOS="1279" HPOS="580" CONTENT="DES" ID="r1l19_2" STYLEREFS="FONT0"/>
            <SP HEIGHT="62" WIDTH="18" VPOS="1279" HPOS="707"/>
            <String HEIGHT="62" WIDTH="199" VPOS="1279" HPOS="652" CONTENT="ŒEUVRES" ID="r1l19_3" STYLEREFS="FONT0"/>
            <SP HEIGHT="62" WIDTH="18" VPOS="1279" HPOS="851"/>
            <String HEIGHT="62" WIDTH="109" VPOS="1279" HPOS="797" CONTENT="DE" ID="r1l19_4" STYLEREFS="FONT0"/>
            <SP HEIGHT="62" WIDTH="18" VPOS="1279" HPOS="906"/>
            <String HEIGHT="62" WIDTH="199" VPOS="1279" HPOS="851" CONTENT="BOILEAU" ID="r1l19_5" STYLEREFS="FONT0"/>
            <SP HEIGHT="62" WIDTH="18" VPOS="1279" HPOS="1050"/>
            <String HEIGHT="62" WIDTH="235" VPOS="1279" HPOS="978" CONTENT="DESPRÉAUX.)" ID="r1l19_6" STYLEREFS="FONT0"/>
          </TextLine>
          <TextLine ID="r1l20" BASELINE="1394" HEIGHT="73" WIDTH="1415" VPOS="1321" HPOS="76">
            <String HEIGHT="73" WIDTH="246" VPOS="1321" HPOS="55" CONTENT="PREMIÈRE" ID="r1l20_1" STYLEREFS="FONT0"/>
            <SP HEIGHT="73" WIDTH="21" VPOS="1321" HPOS="302"/>
            <String HEIGHT="73" WIDTH="205" VPOS="1321" HPOS="240" CONTENT="PARTIE" ID="r1l20_2" STYLEREFS="FONT0"/>
            <SP HEIGHT="73" WIDTH="21" VPOS="1321" HPOS="445"/>
            <String HEIGHT="73" WIDTH="246" VPOS="1321" HPOS="384" CONTENT="(Premier" ID="r1l20_3" STYLEREFS="FONT0"/>
            <SP HEIGHT="73" WIDTH="21" VPOS="1321" HPOS="630"/>
            <String HEIGHT="73" WIDTH="205" VPOS="1321" HPOS="568" CONTENT="volume" ID="r1l20_4" STYLEREFS="FONT0"/>
            <SP HEIGHT="73" WIDTH="21" VPOS="1321" HPOS="773"/>
            <String HEIGHT="73" WIDTH="123" VPOS="1321" HPOS="712" CONTENT="du" ID="r1l20_5" STYLEREFS="FONT0"/>
            <SP HEIGHT="73" WIDTH="21" VPOS="1321" HPOS="835"/>
            <String HEIGHT="73" WIDTH="308" VPOS="1321" HPOS="773" CONTENT="manuscrit)." ID="r1l20_6" STYLEREFS="FONT0"/>
            <SP HEIGHT="73" WIDTH="21" VPOS="1321" HPOS="1081"/>
            <String HEIGHT="73" WIDTH="103" VPOS="1321" HPOS="1019" CONTENT="—" ID="r1l20_7" STYLEREFS="FONT0"/>
            <SP HEIGHT="73" WIDTH="21" VPOS="1321" HPOS="1122"/>
            <String HEIGHT="73" WIDTH="369" VPOS="1321" HPOS="1060" CONTENT="Correspondance" ID="r1l20_8" STYLEREFS="FONT0"/>
            <SP HEIGHT="73" WIDTH="21" VPOS="1321" HPOS="1429"/>
            <String HEIGHT="73" WIDTH="144" VPOS="1321" HPOS="1347" CONTENT="entre" ID="r1l20_9" STYLEREFS="FONT0"/>
          </TextLine>
          <TextLine ID="r1l21" BASELINE="1439" HEIGHT="64" WIDTH="1368" VPOS="1375" HPOS="120">
            <String HEIGHT="64" WIDTH="212" VPOS="1375" HPOS="101" CONTENT="Boileau" ID="r1l21_1" STYLEREFS="FONT0"/>
            <SP HEIGHT="64" WIDTH="19" VPOS="1375" HPOS="313"/>
            <String HEIGHT="64" WIDTH="250" VPOS="1375" HPOS="255" CONTENT="Despréaux" ID="r1l21_2" STYLEREFS="FONT0"/>
            <SP HEIGHT="64" WIDTH="19" VPOS="1375" HPOS="505"/>
            <String HEIGHT="64" WIDTH="116" VPOS="1375" HPOS="448" CONTENT="et" ID="r1l21_3" STYLEREFS="FONT0"/>
            <SP HEIGHT="64" WIDTH="19" VPOS="1375" HPOS="563"/>
            <String HEIGHT="64" WIDTH="250" VPOS="1375" HPOS="505" CONTENT="Brossette" ID="r1l21_4" STYLEREFS="FONT0"/>
            <SP HEIGHT="64" WIDTH="19" VPOS="1375" HPOS="756"/>
            <String HEIGHT="64" WIDTH="270" VPOS="1375" HPOS="698" CONTENT="(contenant" ID="r1l21_5" STYLEREFS="FONT0"/>
            <SP HEIGHT="64" WIDTH="19" VPOS="1375" HPOS="968"/>
            <String HEIGHT="64" WIDTH="366" VPOS="1375" HPOS="910" CONTENT="soixante-quinze" ID="r1l21_6" STYLEREFS="FONT0"/>
            <SP HEIGHT="64" WIDTH="19" VPOS="1375" HPOS="1276"/>
            <String HEIGHT="64" WIDTH="212" VPOS="1375" HPOS="1218" CONTENT="lettres" ID="r1l21_7" STYLEREFS="FONT0"/>
            <SP HEIGHT="64" WIDTH="19" VPOS="1375" HPOS="1430"/>
            <String HEIGHT="64" WIDTH="135" VPOS="1375" HPOS="1353" CONTENT="auto" SUBS_TYPE="HypPart1" SUBS_CONTENT="autographes" ID="r1l21_8" STYLEREFS="FONT0"/>
            <HYP CONTENT="-"/>
          </TextLine>
          <TextLine ID="r1l22" BASELINE="1487" HEIGHT="57" WIDTH="743" VPOS="1430" HPOS="118">
            <String HEIGHT="57" WIDTH="215" VPOS="1430" HPOS="98" CONTENT="graphes" SUBS_TYPE="HypPart2" SUBS_CONTENT="autographes" ID="r1l22_1" STYLEREFS="FONT0"/>
            <SP HEIGHT="57" WIDTH="20" VPOS="1430" HPOS="314"/>
            <String HEIGHT="57" WIDTH="215" VPOS="1430" HPOS="255" CONTENT="signées" ID="r1l22_2" STYLEREFS="FONT0"/>
            <SP HEIGHT="57" WIDTH="20" VPOS="1430" HPOS="470"/>
            <String HEIGHT="57" WIDTH="117" VPOS="1430" HPOS="411" CONTENT="de" ID="r1l22_3" STYLEREFS="FONT0"/>
            <SP HEIGHT="57" WIDTH="20" VPOS="1430" HPOS="529"/>
            <String HEIGHT="57" WIDTH="215" VPOS="1430" HPOS="470" CONTENT="Boileau" ID="r1l22_4" STYLEREFS="FONT0"/>
            <SP HEIGHT="57" WIDTH="20" VPOS="1430" HPOS="685"/>
            <String HEIGHT="57" WIDTH="254" VPOS="1430" HPOS="607" CONTENT="Despréaux)." ID="r1l22_5" STYLEREFS="FONT0"/>
          </TextLine>
          <TextLine ID="r1l23" BASELINE="1477" HEIGHT="43" WIDTH="634" VPOS="1434" HPOS="859">
            <String HEIGHT="43" WIDTH="96" VPOS="1434" HPOS="840" CONTENT="—" ID="r1l23_1" STYLEREFS="FONT0"/>
            <SP HEIGHT="43" WIDTH="19" VPOS="1434" HPOS="936"/>
            <String HEIGHT="43" WIDTH="173" VPOS="1434" HPOS="878" CONTENT="Arrêt" ID="r1l23_2" STYLEREFS="FONT0"/>
            <SP HEIGHT="43" WIDTH="19" VPOS="1434" HPOS="1051"/>
            <String HEIGHT="43" WIDTH="115" VPOS="1434" HPOS="993" CONTENT="de" ID="r1l23_3" STYLEREFS="FONT0"/>
            <SP HEIGHT="43" WIDTH="19" VPOS="1434" HPOS="1109"/>
            <String HEIGHT="43" WIDTH="231" VPOS="1434" HPOS="1051" CONTENT="noblesse" ID="r1l23_4" STYLEREFS="FONT0"/>
            <SP HEIGHT="43" WIDTH="19" VPOS="1434" HPOS="1282"/>
            <String HEIGHT="43" WIDTH="115" VPOS="1434" HPOS="1224" CONTENT="de" ID="r1l23_5" STYLEREFS="FONT0"/>
            <SP HEIGHT="43" WIDTH="19" VPOS="1434" HPOS="1339"/>
            <String HEIGHT="43" WIDTH="115" VPOS="1434" HPOS="1282" CONTENT="la" ID="r1l23_6" STYLEREFS="FONT0"/>
            <SP HEIGHT="43" WIDTH="19" VPOS="1434" HPOS="1397"/>
            <String HEIGHT="43" WIDTH="173" VPOS="1434" HPOS="1320" CONTENT="famille" ID="r1l23_7" STYLEREFS="FONT0"/>
          </TextLine>
          <TextLine ID="r1l24" BASELINE="1525" HEIGHT="45" WIDTH="1372" VPOS="1480" HPOS="118">
            <String HEIGHT="45" WIDTH="119" VPOS="1480" HPOS="98" CONTENT="de" ID="r1l24_1" STYLEREFS="FONT0"/>
            <SP HEIGHT="45" WIDTH="20" VPOS="1480" HPOS="217"/>
            <String HEIGHT="45" WIDTH="219" VPOS="1480" HPOS="158" CONTENT="Boileau" ID="r1l24_2" STYLEREFS="FONT0"/>
            <SP HEIGHT="45" WIDTH="20" VPOS="1480" HPOS="376"/>
            <String HEIGHT="45" WIDTH="278" VPOS="1480" HPOS="317" CONTENT="Despréaux." ID="r1l24_3" STYLEREFS="FONT0"/>
            <SP HEIGHT="45" WIDTH="20" VPOS="1480" HPOS="595"/>
            <String HEIGHT="45" WIDTH="99" VPOS="1480" HPOS="536" CONTENT="—" ID="r1l24_4" STYLEREFS="FONT0"/>
            <SP HEIGHT="45" WIDTH="20" VPOS="1480" HPOS="635"/>
            <String HEIGHT="45" WIDTH="239" VPOS="1480" HPOS="575" CONTENT="Sentence" ID="r1l24_5" STYLEREFS="FONT0"/>
            <SP HEIGHT="45" WIDTH="20" VPOS="1480" HPOS="814"/>
            <String HEIGHT="45" WIDTH="139" VPOS="1480" HPOS="754" CONTENT="des" ID="r1l24_6" STYLEREFS="FONT0"/>
            <SP HEIGHT="45" WIDTH="20" VPOS="1480" HPOS="893"/>
            <String HEIGHT="45" WIDTH="239" VPOS="1480" HPOS="834" CONTENT="requêtes" ID="r1l24_7" STYLEREFS="FONT0"/>
            <SP HEIGHT="45" WIDTH="20" VPOS="1480" HPOS="1072"/>
            <String HEIGHT="45" WIDTH="119" VPOS="1480" HPOS="1013" CONTENT="du" ID="r1l24_8" STYLEREFS="FONT0"/>
            <SP HEIGHT="45" WIDTH="20" VPOS="1480" HPOS="1132"/>
            <String HEIGHT="45" WIDTH="199" VPOS="1480" HPOS="1072" CONTENT="Palais" ID="r1l24_9" STYLEREFS="FONT0"/>
            <SP HEIGHT="45" WIDTH="20" VPOS="1480" HPOS="1271"/>
            <String HEIGHT="45" WIDTH="139" VPOS="1480" HPOS="1212" CONTENT="sur" ID="r1l24_10" STYLEREFS="FONT0"/>
            <SP HEIGHT="45" WIDTH="20" VPOS="1480" HPOS="1351"/>
            <String HEIGHT="45" WIDTH="119" VPOS="1480" HPOS="1291" CONTENT="le" ID="r1l24_11" STYLEREFS="FONT0"/>
            <SP HEIGHT="45" WIDTH="20" VPOS="1480" HPOS="1410"/>
            <String HEIGHT="45" WIDTH="159" VPOS="1480" HPOS="1331" CONTENT="procès" ID="r1l24_12" STYLEREFS="FONT0"/>
          </TextLine>
          <TextLine ID="r1l25" BASELINE="1561" HEIGHT="47" WIDTH="1363" VPOS="1514" HPOS="119">
            <String HEIGHT="47" WIDTH="109" VPOS="1514" HPOS="101" CONTENT="du" ID="r1l25_1" STYLEREFS="FONT0"/>
            <SP HEIGHT="47" WIDTH="18" VPOS="1514" HPOS="210"/>
            <String HEIGHT="47" WIDTH="200" VPOS="1514" HPOS="155" CONTENT="Lutrin." ID="r1l25_2" STYLEREFS="FONT0"/>
            <SP HEIGHT="47" WIDTH="18" VPOS="1514" HPOS="355"/>
            <String HEIGHT="47" WIDTH="91" VPOS="1514" HPOS="301" CONTENT="—" ID="r1l25_3" STYLEREFS="FONT0"/>
            <SP HEIGHT="47" WIDTH="18" VPOS="1514" HPOS="392"/>
            <String HEIGHT="47" WIDTH="200" VPOS="1514" HPOS="337" CONTENT="Lettres" ID="r1l25_4" STYLEREFS="FONT0"/>
            <SP HEIGHT="47" WIDTH="18" VPOS="1514" HPOS="537"/>
            <String HEIGHT="47" WIDTH="109" VPOS="1514" HPOS="482" CONTENT="et" ID="r1l25_5" STYLEREFS="FONT0"/>
            <SP HEIGHT="47" WIDTH="18" VPOS="1514" HPOS="592"/>
            <String HEIGHT="47" WIDTH="182" VPOS="1514" HPOS="537" CONTENT="pièces" ID="r1l25_6" STYLEREFS="FONT0"/>
            <SP HEIGHT="47" WIDTH="18" VPOS="1514" HPOS="719"/>
            <String HEIGHT="47" WIDTH="109" VPOS="1514" HPOS="664" CONTENT="de" ID="r1l25_7" STYLEREFS="FONT0"/>
            <SP HEIGHT="47" WIDTH="18" VPOS="1514" HPOS="773"/>
            <String HEIGHT="47" WIDTH="200" VPOS="1514" HPOS="719" CONTENT="divers." ID="r1l25_8" STYLEREFS="FONT0"/>
            <SP HEIGHT="47" WIDTH="18" VPOS="1514" HPOS="919"/>
            <String HEIGHT="47" WIDTH="91" VPOS="1514" HPOS="864" CONTENT="—" ID="r1l25_9" STYLEREFS="FONT0"/>
            <SP HEIGHT="47" WIDTH="18" VPOS="1514" HPOS="955"/>
            <String HEIGHT="47" WIDTH="236" VPOS="1514" HPOS="900" CONTENT="Testament" ID="r1l25_10" STYLEREFS="FONT0"/>
            <SP HEIGHT="47" WIDTH="18" VPOS="1514" HPOS="1137"/>
            <String HEIGHT="47" WIDTH="109" VPOS="1514" HPOS="1082" CONTENT="de" ID="r1l25_11" STYLEREFS="FONT0"/>
            <SP HEIGHT="47" WIDTH="18" VPOS="1514" HPOS="1191"/>
            <String HEIGHT="47" WIDTH="200" VPOS="1514" HPOS="1137" CONTENT="Boileau" ID="r1l25_12" STYLEREFS="FONT0"/>
            <SP HEIGHT="47" WIDTH="18" VPOS="1514" HPOS="1337"/>
            <String HEIGHT="47" WIDTH="218" VPOS="1514" HPOS="1264" CONTENT="Despréaux." ID="r1l25_13" STYLEREFS="FONT0"/>
          </TextLine>
          <TextLine ID="r1l26" BASELINE="1617" HEIGHT="56" WIDTH="1418" VPOS="1561" HPOS="77">
            <String HEIGHT="56" WIDTH="224" VPOS="1561" HPOS="58" CONTENT="DEUXIÊME" ID="r1l26_1" STYLEREFS="FONT0"/>
            <SP HEIGHT="56" WIDTH="19" VPOS="1561" HPOS="282"/>
            <String HEIGHT="56" WIDTH="205" VPOS="1561" HPOS="226" CONTENT="PARTIE," ID="r1l26_2" STYLEREFS="FONT0"/>
            <SP HEIGHT="56" WIDTH="19" VPOS="1561" HPOS="432"/>
            <String HEIGHT="56" WIDTH="112" VPOS="1561" HPOS="376" CONTENT="ou" ID="r1l26_3" STYLEREFS="FONT0"/>
            <SP HEIGHT="56" WIDTH="19" VPOS="1561" HPOS="487"/>
            <String HEIGHT="56" WIDTH="392" VPOS="1561" HPOS="432" CONTENT="Supplément" ID="r1l26_4" STYLEREFS="FONT2"/>
            <SP HEIGHT="56" WIDTH="19" VPOS="1561" HPOS="823"/>
            <String HEIGHT="56" WIDTH="243" VPOS="1561" HPOS="767" CONTENT="(deuxième" ID="r1l26_5" STYLEREFS="FONT0"/>
            <SP HEIGHT="56" WIDTH="19" VPOS="1561" HPOS="1010"/>
            <String HEIGHT="56" WIDTH="187" VPOS="1561" HPOS="954" CONTENT="volume" ID="r1l26_6" STYLEREFS="FONT0"/>
            <SP HEIGHT="56" WIDTH="19" VPOS="1561" HPOS="1141"/>
            <String HEIGHT="56" WIDTH="112" VPOS="1561" HPOS="1085" CONTENT="du" ID="r1l26_7" STYLEREFS="FONT0"/>
            <SP HEIGHT="56" WIDTH="19" VPOS="1561" HPOS="1196"/>
            <String HEIGHT="56" WIDTH="261" VPOS="1561" HPOS="1141" CONTENT="manuscrit)" ID="r1l26_8" STYLEREFS="FONT0"/>
            <SP HEIGHT="56" WIDTH="19" VPOS="1561" HPOS="1402"/>
            <String HEIGHT="56" WIDTH="168" VPOS="1561" HPOS="1327" CONTENT="compre" SUBS_TYPE="HypPart1" SUBS_CONTENT="comprenant" ID="r1l26_9" STYLEREFS="FONT0"/>
            <HYP CONTENT="-"/>
          </TextLine>
          <TextLine ID="r1l27" BASELINE="1649" HEIGHT="48" WIDTH="1368" VPOS="1601" HPOS="119">
            <String HEIGHT="48" WIDTH="148" VPOS="1601" HPOS="101" CONTENT="nant" SUBS_TYPE="HypPart2" SUBS_CONTENT="comprenant" ID="r1l27_1" STYLEREFS="FONT0"/>
            <SP HEIGHT="48" WIDTH="18" VPOS="1601" HPOS="248"/>
            <String HEIGHT="48" WIDTH="129" VPOS="1601" HPOS="193" CONTENT="les" ID="r1l27_2" STYLEREFS="FONT0"/>
            <SP HEIGHT="48" WIDTH="18" VPOS="1601" HPOS="322"/>
            <String HEIGHT="48" WIDTH="203" VPOS="1601" HPOS="267" CONTENT="papiers" ID="r1l27_3" STYLEREFS="FONT0"/>
            <SP HEIGHT="48" WIDTH="18" VPOS="1601" HPOS="470"/>
            <String HEIGHT="48" WIDTH="111" VPOS="1601" HPOS="415" CONTENT="de" ID="r1l27_4" STYLEREFS="FONT0"/>
            <SP HEIGHT="48" WIDTH="18" VPOS="1601" HPOS="526"/>
            <String HEIGHT="48" WIDTH="203" VPOS="1601" HPOS="470" CONTENT="Boileau" ID="r1l27_5" STYLEREFS="FONT0"/>
            <SP HEIGHT="48" WIDTH="18" VPOS="1601" HPOS="674"/>
            <String HEIGHT="48" WIDTH="240" VPOS="1601" HPOS="618" CONTENT="Despréaux" ID="r1l27_6" STYLEREFS="FONT0"/>
            <SP HEIGHT="48" WIDTH="18" VPOS="1601" HPOS="858"/>
            <String HEIGHT="48" WIDTH="203" VPOS="1601" HPOS="803" CONTENT="laissés" ID="r1l27_7" STYLEREFS="FONT0"/>
            <SP HEIGHT="48" WIDTH="18" VPOS="1601" HPOS="1006"/>
            <String HEIGHT="48" WIDTH="92" VPOS="1601" HPOS="951" CONTENT="à" ID="r1l27_8" STYLEREFS="FONT0"/>
            <SP HEIGHT="48" WIDTH="18" VPOS="1601" HPOS="1043"/>
            <String HEIGHT="48" WIDTH="111" VPOS="1601" HPOS="988" CONTENT="sa" ID="r1l27_9" STYLEREFS="FONT0"/>
            <SP HEIGHT="48" WIDTH="18" VPOS="1601" HPOS="1099"/>
            <String HEIGHT="48" WIDTH="166" VPOS="1601" HPOS="1043" CONTENT="iort," ID="r1l27_10" STYLEREFS="FONT0"/>
            <SP HEIGHT="48" WIDTH="18" VPOS="1601" HPOS="1210"/>
            <String HEIGHT="48" WIDTH="111" VPOS="1601" HPOS="1154" CONTENT="et" ID="r1l27_11" STYLEREFS="FONT0"/>
            <SP HEIGHT="48" WIDTH="18" VPOS="1601" HPOS="1265"/>
            <String HEIGHT="48" WIDTH="185" VPOS="1601" HPOS="1210" CONTENT="donnés" ID="r1l27_12" STYLEREFS="FONT0"/>
            <SP HEIGHT="48" WIDTH="18" VPOS="1601" HPOS="1395"/>
            <String HEIGHT="48" WIDTH="92" VPOS="1601" HPOS="1339" CONTENT="à" ID="r1l27_13" STYLEREFS="FONT0"/>
            <SP HEIGHT="48" WIDTH="18" VPOS="1601" HPOS="1432"/>
            <String HEIGHT="48" WIDTH="129" VPOS="1601" HPOS="1358" CONTENT="Bros" SUBS_TYPE="HypPart1" SUBS_CONTENT="Brossette" ID="r1l27_14" STYLEREFS="FONT0"/>
            <HYP CONTENT="-"/>
          </TextLine>
          <TextLine ID="r1l28" BASELINE="1700" HEIGHT="57" WIDTH="1373" VPOS="1643" HPOS="117">
            <String HEIGHT="57" WIDTH="182" VPOS="1643" HPOS="97" CONTENT="sette" SUBS_TYPE="HypPart2" SUBS_CONTENT="Brossette" ID="r1l28_1" STYLEREFS="FONT0"/>
            <SP HEIGHT="57" WIDTH="20" VPOS="1643" HPOS="279"/>
            <String HEIGHT="57" WIDTH="141" VPOS="1643" HPOS="218" CONTENT="par" ID="r1l28_2" STYLEREFS="FONT0"/>
            <SP HEIGHT="57" WIDTH="20" VPOS="1643" HPOS="359"/>
            <String HEIGHT="57" WIDTH="202" VPOS="1643" HPOS="299" CONTENT="l’abbé" ID="r1l28_3" STYLEREFS="FONT0"/>
            <SP HEIGHT="57" WIDTH="20" VPOS="1643" HPOS="501"/>
            <String HEIGHT="57" WIDTH="242" VPOS="1643" HPOS="440" CONTENT="Boileau," ID="r1l28_4" STYLEREFS="FONT0"/>
            <SP HEIGHT="57" WIDTH="20" VPOS="1643" HPOS="682"/>
            <String HEIGHT="57" WIDTH="141" VPOS="1643" HPOS="622" CONTENT="son" ID="r1l28_5" STYLEREFS="FONT0"/>
            <SP HEIGHT="57" WIDTH="20" VPOS="1643" HPOS="763"/>
            <String HEIGHT="57" WIDTH="202" VPOS="1643" HPOS="703" CONTENT="frère." ID="r1l28_6" STYLEREFS="FONT0"/>
            <SP HEIGHT="57" WIDTH="20" VPOS="1643" HPOS="904"/>
            <String HEIGHT="57" WIDTH="101" VPOS="1643" HPOS="844" CONTENT="—" ID="r1l28_7" STYLEREFS="FONT0"/>
            <SP HEIGHT="57" WIDTH="20" VPOS="1643" HPOS="945"/>
            <String HEIGHT="57" WIDTH="141" VPOS="1643" HPOS="884" CONTENT="Les" ID="r1l28_8" STYLEREFS="FONT0"/>
            <SP HEIGHT="57" WIDTH="20" VPOS="1643" HPOS="1026"/>
            <String HEIGHT="57" WIDTH="182" VPOS="1643" HPOS="965" CONTENT="Héros" ID="r1l28_9" STYLEREFS="FONT0"/>
            <SP HEIGHT="57" WIDTH="20" VPOS="1643" HPOS="1147"/>
            <String HEIGHT="57" WIDTH="121" VPOS="1643" HPOS="1086" CONTENT="du" ID="r1l28_10" STYLEREFS="FONT0"/>
            <SP HEIGHT="57" WIDTH="20" VPOS="1643" HPOS="1207"/>
            <String HEIGHT="57" WIDTH="202" VPOS="1643" HPOS="1147" CONTENT="Roman," ID="r1l28_11" STYLEREFS="FONT0"/>
            <SP HEIGHT="57" WIDTH="20" VPOS="1643" HPOS="1349"/>
            <String HEIGHT="57" WIDTH="222" VPOS="1643" HPOS="1268" CONTENT="dialogue." ID="r1l28_12" STYLEREFS="FONT0"/>
          </TextLine>
          <TextLine ID="r1l29" BASELINE="1731" HEIGHT="46" WIDTH="1376" VPOS="1685" HPOS="114">
            <String HEIGHT="46" WIDTH="106" VPOS="1685" HPOS="93" CONTENT="—" ID="r1l29_1" STYLEREFS="FONT0"/>
            <SP HEIGHT="46" WIDTH="21" VPOS="1685" HPOS="199"/>
            <String HEIGHT="46" WIDTH="169" VPOS="1685" HPOS="135" CONTENT="Deux" ID="r1l29_2" STYLEREFS="FONT0"/>
            <SP HEIGHT="46" WIDTH="21" VPOS="1685" HPOS="305"/>
            <String HEIGHT="46" WIDTH="275" VPOS="1685" HPOS="241" CONTENT="Épitaphes" ID="r1l29_3" STYLEREFS="FONT0"/>
            <SP HEIGHT="46" WIDTH="21" VPOS="1685" HPOS="516"/>
            <String HEIGHT="46" WIDTH="127" VPOS="1685" HPOS="453" CONTENT="de" ID="r1l29_4" STYLEREFS="FONT0"/>
            <SP HEIGHT="46" WIDTH="21" VPOS="1685" HPOS="580"/>
            <String HEIGHT="46" WIDTH="233" VPOS="1685" HPOS="516" CONTENT="Racine." ID="r1l29_5" STYLEREFS="FONT0"/>
            <SP HEIGHT="46" WIDTH="21" VPOS="1685" HPOS="749"/>
            <String HEIGHT="46" WIDTH="106" VPOS="1685" HPOS="686" CONTENT="—" ID="r1l29_6" STYLEREFS="FONT0"/>
            <SP HEIGHT="46" WIDTH="21" VPOS="1685" HPOS="791"/>
            <String HEIGHT="46" WIDTH="233" VPOS="1685" HPOS="728" CONTENT="Réponse" ID="r1l29_7" STYLEREFS="FONT0"/>
            <SP HEIGHT="46" WIDTH="21" VPOS="1685" HPOS="961"/>
            <String HEIGHT="46" WIDTH="106" VPOS="1685" HPOS="897" CONTENT="à" ID="r1l29_8" STYLEREFS="FONT0"/>
            <SP HEIGHT="46" WIDTH="21" VPOS="1685" HPOS="1003"/>
            <String HEIGHT="46" WIDTH="127" VPOS="1685" HPOS="940" CONTENT="un" ID="r1l29_9" STYLEREFS="FONT0"/>
            <SP HEIGHT="46" WIDTH="21" VPOS="1685" HPOS="1067"/>
            <String HEIGHT="46" WIDTH="233" VPOS="1685" HPOS="1003" CONTENT="mémoire" ID="r1l29_10" STYLEREFS="FONT0"/>
            <SP HEIGHT="46" WIDTH="21" VPOS="1685" HPOS="1236"/>
            <String HEIGHT="46" WIDTH="127" VPOS="1685" HPOS="1172" CONTENT="de" ID="r1l29_11" STYLEREFS="FONT0"/>
            <SP HEIGHT="46" WIDTH="21" VPOS="1685" HPOS="1299"/>
            <String HEIGHT="46" WIDTH="212" VPOS="1685" HPOS="1236" CONTENT="Claude" ID="r1l29_12" STYLEREFS="FONT0"/>
            <SP HEIGHT="46" WIDTH="21" VPOS="1685" HPOS="1448"/>
            <String HEIGHT="46" WIDTH="127" VPOS="1685" HPOS="1363" CONTENT="Per" SUBS_TYPE="HypPart1" SUBS_CONTENT="Perrault." ID="r1l29_13" STYLEREFS="FONT0"/>
            <HYP CONTENT="-"/>
          </TextLine>
          <TextLine ID="r1l30" BASELINE="1783" HEIGHT="60" WIDTH="1373" VPOS="1723" HPOS="118">
            <String HEIGHT="60" WIDTH="186" VPOS="1723" HPOS="99" CONTENT="rault." SUBS_TYPE="HypPart2" SUBS_CONTENT="Perrault." ID="r1l30_1" STYLEREFS="FONT0"/>
            <SP HEIGHT="60" WIDTH="19" VPOS="1723" HPOS="285"/>
            <String HEIGHT="60" WIDTH="93" VPOS="1723" HPOS="229" CONTENT="—" ID="r1l30_2" STYLEREFS="FONT0"/>
            <SP HEIGHT="60" WIDTH="19" VPOS="1723" HPOS="322"/>
            <String HEIGHT="60" WIDTH="223" VPOS="1723" HPOS="266" CONTENT="Lettres:" ID="r1l30_3" STYLEREFS="FONT0"/>
            <SP HEIGHT="60" WIDTH="19" VPOS="1723" HPOS="489"/>
            <String HEIGHT="60" WIDTH="111" VPOS="1723" HPOS="433" CONTENT="au" ID="r1l30_4" STYLEREFS="FONT0"/>
            <SP HEIGHT="60" WIDTH="19" VPOS="1723" HPOS="545"/>
            <String HEIGHT="60" WIDTH="167" VPOS="1723" HPOS="489" CONTENT="comte" ID="r1l30_5" STYLEREFS="FONT0"/>
            <SP HEIGHT="60" WIDTH="19" VPOS="1723" HPOS="656"/>
            <String HEIGHT="60" WIDTH="111" VPOS="1723" HPOS="600" CONTENT="de" ID="r1l30_6" STYLEREFS="FONT0"/>
            <SP HEIGHT="60" WIDTH="19" VPOS="1723" HPOS="712"/>
            <String HEIGHT="60" WIDTH="223" VPOS="1723" HPOS="656" CONTENT="Vivonne;" ID="r1l30_7" STYLEREFS="FONT0"/>
            <SP HEIGHT="60" WIDTH="19" VPOS="1723" HPOS="879"/>
            <String HEIGHT="60" WIDTH="93" VPOS="1723" HPOS="823" CONTENT="à" ID="r1l30_8" STYLEREFS="FONT0"/>
            <SP HEIGHT="60" WIDTH="19" VPOS="1723" HPOS="916"/>
            <String HEIGHT="60" WIDTH="241" VPOS="1723" HPOS="860" CONTENT="Maucroix;" ID="r1l30_9" STYLEREFS="FONT0"/>
            <SP HEIGHT="60" WIDTH="19" VPOS="1723" HPOS="1101"/>
            <String HEIGHT="60" WIDTH="93" VPOS="1723" HPOS="1046" CONTENT="a" ID="r1l30_10" STYLEREFS="FONT0"/>
            <SP HEIGHT="60" WIDTH="19" VPOS="1723" HPOS="1138"/>
            <String HEIGHT="60" WIDTH="186" VPOS="1723" HPOS="1083" CONTENT="Racine" ID="r1l30_11" STYLEREFS="FONT0"/>
            <SP HEIGHT="60" WIDTH="19" VPOS="1723" HPOS="1268"/>
            <String HEIGHT="60" WIDTH="148" VPOS="1723" HPOS="1213" CONTENT="(dix" ID="r1l30_12" STYLEREFS="FONT0"/>
            <SP HEIGHT="60" WIDTH="19" VPOS="1723" HPOS="1361"/>
            <String HEIGHT="60" WIDTH="204" VPOS="1723" HPOS="1287" CONTENT="lettres);" ID="r1l30_13" STYLEREFS="FONT0"/>
          </TextLine>
          <TextLine ID="r1l31" BASELINE="1819" HEIGHT="54" WIDTH="1377" VPOS="1765" HPOS="113">
            <String HEIGHT="54" WIDTH="101" VPOS="1765" HPOS="93" CONTENT="à" ID="r1l31_1" STYLEREFS="FONT0"/>
            <SP HEIGHT="54" WIDTH="20" VPOS="1765" HPOS="194"/>
            <String HEIGHT="54" WIDTH="203" VPOS="1765" HPOS="133" CONTENT="Madame" ID="r1l31_2" STYLEREFS="FONT0"/>
            <SP HEIGHT="54" WIDTH="20" VPOS="1765" HPOS="336"/>
            <String HEIGHT="54" WIDTH="243" VPOS="1765" HPOS="275" CONTENT="Manchon," ID="r1l31_3" STYLEREFS="FONT0"/>
            <SP HEIGHT="54" WIDTH="20" VPOS="1765" HPOS="518"/>
            <String HEIGHT="54" WIDTH="122" VPOS="1765" HPOS="457" CONTENT="sa" ID="r1l31_4" STYLEREFS="FONT0"/>
            <SP HEIGHT="54" WIDTH="20" VPOS="1765" HPOS="579"/>
            <String HEIGHT="54" WIDTH="182" VPOS="1765" HPOS="518" CONTENT="sœur;" ID="r1l31_5" STYLEREFS="FONT0"/>
            <SP HEIGHT="54" WIDTH="20" VPOS="1765" HPOS="700"/>
            <String HEIGHT="54" WIDTH="101" VPOS="1765" HPOS="640" CONTENT="à" ID="r1l31_6" STYLEREFS="FONT0"/>
            <SP HEIGHT="54" WIDTH="20" VPOS="1765" HPOS="741"/>
            <String HEIGHT="54" WIDTH="203" VPOS="1765" HPOS="680" CONTENT="Madame" ID="r1l31_7" STYLEREFS="FONT0"/>
            <SP HEIGHT="54" WIDTH="20" VPOS="1765" HPOS="883"/>
            <String HEIGHT="54" WIDTH="122" VPOS="1765" HPOS="822" CONTENT="la" ID="r1l31_8" STYLEREFS="FONT0"/>
            <SP HEIGHT="54" WIDTH="20" VPOS="1765" HPOS="943"/>
            <String HEIGHT="54" WIDTH="243" VPOS="1765" HPOS="883" CONTENT="marquise" ID="r1l31_9" STYLEREFS="FONT0"/>
            <SP HEIGHT="54" WIDTH="20" VPOS="1765" HPOS="1126"/>
            <String HEIGHT="54" WIDTH="122" VPOS="1765" HPOS="1065" CONTENT="de" ID="r1l31_10" STYLEREFS="FONT0"/>
            <SP HEIGHT="54" WIDTH="20" VPOS="1765" HPOS="1186"/>
            <String HEIGHT="54" WIDTH="263" VPOS="1765" HPOS="1126" CONTENT="Villette;" ID="r1l31_11" STYLEREFS="FONT0"/>
            <SP HEIGHT="54" WIDTH="20" VPOS="1765" HPOS="1389"/>
            <String HEIGHT="54" WIDTH="101" VPOS="1765" HPOS="1328" CONTENT="à" ID="r1l31_12" STYLEREFS="FONT0"/>
            <SP HEIGHT="54" WIDTH="20" VPOS="1765" HPOS="1429"/>
            <String HEIGHT="54" WIDTH="122" VPOS="1765" HPOS="1369" CONTENT="M." ID="r1l31_13" STYLEREFS="FONT0"/>
            <SP HEIGHT="54" WIDTH="20" VPOS="1765" HPOS="1490"/>
            <String HEIGHT="54" WIDTH="81" VPOS="1765" HPOS="1409" CONTENT="de" ID="r1l31_14" STYLEREFS="FONT0"/>
          </TextLine>
          <TextLine ID="r1l32" BASELINE="1865" HEIGHT="61" WIDTH="1368" VPOS="1804" HPOS="118">
            <String HEIGHT="61" WIDTH="124" VPOS="1804" HPOS="97" CONTENT="La" ID="r1l32_1" STYLEREFS="FONT0"/>
            <SP HEIGHT="61" WIDTH="21" VPOS="1804" HPOS="222"/>
            <String HEIGHT="61" WIDTH="269" VPOS="1804" HPOS="159" CONTENT="Chapelle," ID="r1l32_2" STYLEREFS="FONT0"/>
            <SP HEIGHT="61" WIDTH="21" VPOS="1804" HPOS="429"/>
            <String HEIGHT="61" WIDTH="145" VPOS="1804" HPOS="367" CONTENT="son" ID="r1l32_3" STYLEREFS="FONT0"/>
            <SP HEIGHT="61" WIDTH="21" VPOS="1804" HPOS="512"/>
            <String HEIGHT="61" WIDTH="187" VPOS="1804" HPOS="450" CONTENT="neveu" ID="r1l32_4" STYLEREFS="FONT0"/>
            <SP HEIGHT="61" WIDTH="21" VPOS="1804" HPOS="636"/>
            <String HEIGHT="61" WIDTH="166" VPOS="1804" HPOS="574" CONTENT="(dix" ID="r1l32_5" STYLEREFS="FONT0"/>
            <SP HEIGHT="61" WIDTH="21" VPOS="1804" HPOS="740"/>
            <String HEIGHT="61" WIDTH="269" VPOS="1804" HPOS="678" CONTENT="lettres);" ID="r1l32_6" STYLEREFS="FONT0"/>
            <SP HEIGHT="61" WIDTH="21" VPOS="1804" HPOS="947"/>
            <String HEIGHT="61" WIDTH="104" VPOS="1804" HPOS="885" CONTENT="à" ID="r1l32_7" STYLEREFS="FONT0"/>
            <SP HEIGHT="61" WIDTH="21" VPOS="1804" HPOS="989"/>
            <String HEIGHT="61" WIDTH="124" VPOS="1804" HPOS="926" CONTENT="M." ID="r1l32_8" STYLEREFS="FONT0"/>
            <SP HEIGHT="61" WIDTH="21" VPOS="1804" HPOS="1051"/>
            <String HEIGHT="61" WIDTH="124" VPOS="1804" HPOS="989" CONTENT="le" ID="r1l32_9" STYLEREFS="FONT0"/>
            <SP HEIGHT="61" WIDTH="21" VPOS="1804" HPOS="1113"/>
            <String HEIGHT="61" WIDTH="187" VPOS="1804" HPOS="1051" CONTENT="comte" ID="r1l32_10" STYLEREFS="FONT0"/>
            <SP HEIGHT="61" WIDTH="21" VPOS="1804" HPOS="1237"/>
            <String HEIGHT="61" WIDTH="124" VPOS="1804" HPOS="1175" CONTENT="de" ID="r1l32_11" STYLEREFS="FONT0"/>
            <SP HEIGHT="61" WIDTH="21" VPOS="1804" HPOS="1299"/>
            <String HEIGHT="61" WIDTH="269" VPOS="1804" HPOS="1237" CONTENT="Maurepas;" ID="r1l32_12" STYLEREFS="FONT0"/>
            <SP HEIGHT="61" WIDTH="21" VPOS="1804" HPOS="1507"/>
            <String HEIGHT="61" WIDTH="62" VPOS="1804" HPOS="1424" CONTENT="à" ID="r1l32_13" STYLEREFS="FONT0"/>
          </TextLine>
          <TextLine ID="r1l33" BASELINE="1899" HEIGHT="49" WIDTH="1380" VPOS="1850" HPOS="107">
            <String HEIGHT="49" WIDTH="118" VPOS="1850" HPOS="87" CONTENT="M." ID="r1l33_1" STYLEREFS="FONT0"/>
            <SP HEIGHT="49" WIDTH="20" VPOS="1850" HPOS="206"/>
            <String HEIGHT="49" WIDTH="118" VPOS="1850" HPOS="146" CONTENT="de" ID="r1l33_2" STYLEREFS="FONT0"/>
            <SP HEIGHT="49" WIDTH="20" VPOS="1850" HPOS="265"/>
            <String HEIGHT="49" WIDTH="355" VPOS="1850" HPOS="206" CONTENT="Pontchartrain;" ID="r1l33_3" STYLEREFS="FONT0"/>
            <SP HEIGHT="49" WIDTH="20" VPOS="1850" HPOS="560"/>
            <String HEIGHT="49" WIDTH="99" VPOS="1850" HPOS="501" CONTENT="à" ID="r1l33_4" STYLEREFS="FONT0"/>
            <SP HEIGHT="49" WIDTH="20" VPOS="1850" HPOS="600"/>
            <String HEIGHT="49" WIDTH="118" VPOS="1850" HPOS="541" CONTENT="M." ID="r1l33_5" STYLEREFS="FONT0"/>
            <SP HEIGHT="49" WIDTH="20" VPOS="1850" HPOS="659"/>
            <String HEIGHT="49" WIDTH="197" VPOS="1850" HPOS="600" CONTENT="l’abbé" ID="r1l33_6" STYLEREFS="FONT0"/>
            <SP HEIGHT="49" WIDTH="20" VPOS="1850" HPOS="797"/>
            <String HEIGHT="49" WIDTH="217" VPOS="1850" HPOS="738" CONTENT="Bignon;" ID="r1l33_7" STYLEREFS="FONT0"/>
            <SP HEIGHT="49" WIDTH="20" VPOS="1850" HPOS="955"/>
            <String HEIGHT="49" WIDTH="99" VPOS="1850" HPOS="896" CONTENT="à" ID="r1l33_8" STYLEREFS="FONT0"/>
            <SP HEIGHT="49" WIDTH="20" VPOS="1850" HPOS="994"/>
            <String HEIGHT="49" WIDTH="118" VPOS="1850" HPOS="935" CONTENT="M." ID="r1l33_9" STYLEREFS="FONT0"/>
            <SP HEIGHT="49" WIDTH="20" VPOS="1850" HPOS="1053"/>
            <String HEIGHT="49" WIDTH="118" VPOS="1850" HPOS="994" CONTENT="le" ID="r1l33_10" STYLEREFS="FONT0"/>
            <SP HEIGHT="49" WIDTH="20" VPOS="1850" HPOS="1112"/>
            <String HEIGHT="49" WIDTH="177" VPOS="1850" HPOS="1053" CONTENT="comte" ID="r1l33_11" STYLEREFS="FONT0"/>
            <SP HEIGHT="49" WIDTH="20" VPOS="1850" HPOS="1231"/>
            <String HEIGHT="49" WIDTH="118" VPOS="1850" HPOS="1172" CONTENT="de" ID="r1l33_12" STYLEREFS="FONT0"/>
            <SP HEIGHT="49" WIDTH="20" VPOS="1850" HPOS="1290"/>
            <String HEIGHT="49" WIDTH="177" VPOS="1850" HPOS="1231" CONTENT="Revel" ID="r1l33_13" STYLEREFS="FONT0"/>
            <SP HEIGHT="49" WIDTH="20" VPOS="1850" HPOS="1408"/>
            <String HEIGHT="49" WIDTH="138" VPOS="1850" HPOS="1349" CONTENT="sur" ID="r1l33_14" STYLEREFS="FONT0"/>
            <SP HEIGHT="49" WIDTH="20" VPOS="1850" HPOS="1487"/>
            <String HEIGHT="49" WIDTH="79" VPOS="1850" HPOS="1408" CONTENT="le" ID="r1l33_15" STYLEREFS="FONT0"/>
          </TextLine>
          <TextLine ID="r1l34" BASELINE="1949" HEIGHT="53" WIDTH="1364" VPOS="1896" HPOS="118">
            <String HEIGHT="53" WIDTH="207" VPOS="1896" HPOS="97" CONTENT="combat" ID="r1l34_1" STYLEREFS="FONT0"/>
            <SP HEIGHT="53" WIDTH="21" VPOS="1896" HPOS="304"/>
            <String HEIGHT="53" WIDTH="124" VPOS="1896" HPOS="242" CONTENT="de" ID="r1l34_2" STYLEREFS="FONT0"/>
            <SP HEIGHT="53" WIDTH="21" VPOS="1896" HPOS="366"/>
            <String HEIGHT="53" WIDTH="248" VPOS="1896" HPOS="304" CONTENT="Crémone;" ID="r1l34_3" STYLEREFS="FONT0"/>
            <SP HEIGHT="53" WIDTH="21" VPOS="1896" HPOS="552"/>
            <String HEIGHT="53" WIDTH="103" VPOS="1896" HPOS="490" CONTENT="à" ID="r1l34_4" STYLEREFS="FONT0"/>
            <SP HEIGHT="53" WIDTH="21" VPOS="1896" HPOS="593"/>
            <String HEIGHT="53" WIDTH="124" VPOS="1896" HPOS="531" CONTENT="M." ID="r1l34_5" STYLEREFS="FONT0"/>
            <SP HEIGHT="53" WIDTH="21" VPOS="1896" HPOS="655"/>
            <String HEIGHT="53" WIDTH="124" VPOS="1896" HPOS="593" CONTENT="Le" ID="r1l34_6" STYLEREFS="FONT0"/>
            <SP HEIGHT="53" WIDTH="21" VPOS="1896" HPOS="717"/>
            <String HEIGHT="53" WIDTH="248" VPOS="1896" HPOS="655" CONTENT="Verrier;" ID="r1l34_7" STYLEREFS="FONT0"/>
            <SP HEIGHT="53" WIDTH="21" VPOS="1896" HPOS="903"/>
            <String HEIGHT="53" WIDTH="103" VPOS="1896" HPOS="841" CONTENT="à" ID="r1l34_8" STYLEREFS="FONT0"/>
            <SP HEIGHT="53" WIDTH="21" VPOS="1896" HPOS="945"/>
            <String HEIGHT="53" WIDTH="310" VPOS="1896" HPOS="883" CONTENT="Destouches;" ID="r1l34_9" STYLEREFS="FONT0"/>
            <SP HEIGHT="53" WIDTH="21" VPOS="1896" HPOS="1193"/>
            <String HEIGHT="53" WIDTH="124" VPOS="1896" HPOS="1131" CONTENT="au" ID="r1l34_10" STYLEREFS="FONT0"/>
            <SP HEIGHT="53" WIDTH="21" VPOS="1896" HPOS="1255"/>
            <String HEIGHT="53" WIDTH="165" VPOS="1896" HPOS="1193" CONTENT="père" ID="r1l34_11" STYLEREFS="FONT0"/>
            <SP HEIGHT="53" WIDTH="21" VPOS="1896" HPOS="1358"/>
            <String HEIGHT="53" WIDTH="207" VPOS="1896" HPOS="1275" CONTENT="Thoulier" ID="r1l34_12" STYLEREFS="FONT0"/>
          </TextLine>
          <TextLine ID="r1l35" BASELINE="1985" HEIGHT="54" WIDTH="1385" VPOS="1931" HPOS="105">
            <String HEIGHT="54" WIDTH="187" VPOS="1931" HPOS="86" CONTENT="(trois" ID="r1l35_1" STYLEREFS="FONT0"/>
            <SP HEIGHT="54" WIDTH="19" VPOS="1931" HPOS="273"/>
            <String HEIGHT="54" WIDTH="243" VPOS="1931" HPOS="217" CONTENT="lettres)," ID="r1l35_2" STYLEREFS="FONT0"/>
            <SP HEIGHT="54" WIDTH="19" VPOS="1931" HPOS="461"/>
            <String HEIGHT="54" WIDTH="168" VPOS="1931" HPOS="404" CONTENT="etc.," ID="r1l35_3" STYLEREFS="FONT0"/>
            <SP HEIGHT="54" WIDTH="19" VPOS="1931" HPOS="573"/>
            <String HEIGHT="54" WIDTH="206" VPOS="1931" HPOS="517" CONTENT="etc...;" ID="r1l35_4" STYLEREFS="FONT0"/>
            <SP HEIGHT="54" WIDTH="19" VPOS="1931" HPOS="723"/>
            <String HEIGHT="54" WIDTH="225" VPOS="1931" HPOS="666" CONTENT="Maucroix" ID="r1l35_5" STYLEREFS="FONT0"/>
            <SP HEIGHT="54" WIDTH="19" VPOS="1931" HPOS="891"/>
            <String HEIGHT="54" WIDTH="94" VPOS="1931" HPOS="835" CONTENT="à" ID="r1l35_6" STYLEREFS="FONT0"/>
            <SP HEIGHT="54" WIDTH="19" VPOS="1931" HPOS="929"/>
            <String HEIGHT="54" WIDTH="243" VPOS="1931" HPOS="872" CONTENT="Despréaux" ID="r1l35_7" STYLEREFS="FONT0"/>
            <SP HEIGHT="54" WIDTH="19" VPOS="1931" HPOS="1116"/>
            <String HEIGHT="54" WIDTH="168" VPOS="1931" HPOS="1060" CONTENT="(cinq" ID="r1l35_8" STYLEREFS="FONT0"/>
            <SP HEIGHT="54" WIDTH="19" VPOS="1931" HPOS="1228"/>
            <String HEIGHT="54" WIDTH="243" VPOS="1931" HPOS="1172" CONTENT="lettres);" ID="r1l35_9" STYLEREFS="FONT0"/>
            <SP HEIGHT="54" WIDTH="19" VPOS="1931" HPOS="1415"/>
            <String HEIGHT="54" WIDTH="150" VPOS="1931" HPOS="1340" CONTENT="Racine" ID="r1l35_10" STYLEREFS="FONT0"/>
          </TextLine>
          <TextLine ID="r1l36" BASELINE="2029" HEIGHT="52" WIDTH="1386" VPOS="1977" HPOS="106">
            <String HEIGHT="52" WIDTH="98" VPOS="1977" HPOS="86" CONTENT="à" ID="r1l36_1" STYLEREFS="FONT0"/>
            <SP HEIGHT="52" WIDTH="20" VPOS="1977" HPOS="184"/>
            <String HEIGHT="52" WIDTH="273" VPOS="1977" HPOS="126" CONTENT="Despréaux;" ID="r1l36_2" STYLEREFS="FONT0"/>
            <SP HEIGHT="52" WIDTH="20" VPOS="1977" HPOS="399"/>
            <String HEIGHT="52" WIDTH="117" VPOS="1977" HPOS="340" CONTENT="le" ID="r1l36_3" STYLEREFS="FONT0"/>
            <SP HEIGHT="52" WIDTH="20" VPOS="1977" HPOS="457"/>
            <String HEIGHT="52" WIDTH="156" VPOS="1977" HPOS="399" CONTENT="père" ID="r1l36_4" STYLEREFS="FONT0"/>
            <SP HEIGHT="52" WIDTH="20" VPOS="1977" HPOS="555"/>
            <String HEIGHT="52" WIDTH="234" VPOS="1977" HPOS="496" CONTENT="Bouhours" ID="r1l36_5" STYLEREFS="FONT0"/>
            <SP HEIGHT="52" WIDTH="20" VPOS="1977" HPOS="731"/>
            <String HEIGHT="52" WIDTH="98" VPOS="1977" HPOS="672" CONTENT="à" ID="r1l36_6" STYLEREFS="FONT0"/>
            <SP HEIGHT="52" WIDTH="20" VPOS="1977" HPOS="770"/>
            <String HEIGHT="52" WIDTH="273" VPOS="1977" HPOS="711" CONTENT="Despréaux," ID="r1l36_7" STYLEREFS="FONT0"/>
            <SP HEIGHT="52" WIDTH="20" VPOS="1977" HPOS="984"/>
            <String HEIGHT="52" WIDTH="176" VPOS="1977" HPOS="926" CONTENT="etc.," ID="r1l36_8" STYLEREFS="FONT0"/>
            <SP HEIGHT="52" WIDTH="20" VPOS="1977" HPOS="1102"/>
            <String HEIGHT="52" WIDTH="156" VPOS="1977" HPOS="1043" CONTENT="etc." ID="r1l36_9" STYLEREFS="FONT0"/>
            <SP HEIGHT="52" WIDTH="20" VPOS="1977" HPOS="1199"/>
            <String HEIGHT="52" WIDTH="98" VPOS="1977" HPOS="1141" CONTENT="—" ID="r1l36_10" STYLEREFS="FONT0"/>
            <SP HEIGHT="52" WIDTH="20" VPOS="1977" HPOS="1238"/>
            <String HEIGHT="52" WIDTH="195" VPOS="1977" HPOS="1180" CONTENT="Pièces" ID="r1l36_11" STYLEREFS="FONT0"/>
            <SP HEIGHT="52" WIDTH="20" VPOS="1977" HPOS="1375"/>
            <String HEIGHT="52" WIDTH="117" VPOS="1977" HPOS="1316" CONTENT="de" ID="r1l36_12" STYLEREFS="FONT0"/>
            <SP HEIGHT="52" WIDTH="20" VPOS="1977" HPOS="1433"/>
            <String HEIGHT="52" WIDTH="137" VPOS="1977" HPOS="1355" CONTENT="vers:" ID="r1l36_13" STYLEREFS="FONT0"/>
          </TextLine>
          <TextLine ID="r1l37" BASELINE="2073" HEIGHT="56" WIDTH="1378" VPOS="2017" HPOS="111">
            <String HEIGHT="56" WIDTH="304" VPOS="2017" HPOS="91" CONTENT="Epigrammes;" ID="r1l37_1" STYLEREFS="FONT0"/>
            <SP HEIGHT="56" WIDTH="20" VPOS="2017" HPOS="395"/>
            <String HEIGHT="56" WIDTH="223" VPOS="2017" HPOS="334" CONTENT="Chanson" ID="r1l37_2" STYLEREFS="FONT0"/>
            <SP HEIGHT="56" WIDTH="20" VPOS="2017" HPOS="557"/>
            <String HEIGHT="56" WIDTH="101" VPOS="2017" HPOS="496" CONTENT="à" ID="r1l37_3" STYLEREFS="FONT0"/>
            <SP HEIGHT="56" WIDTH="20" VPOS="2017" HPOS="597"/>
            <String HEIGHT="56" WIDTH="203" VPOS="2017" HPOS="537" CONTENT="boire;" ID="r1l37_4" STYLEREFS="FONT0"/>
            <SP HEIGHT="56" WIDTH="20" VPOS="2017" HPOS="739"/>
            <String HEIGHT="56" WIDTH="223" VPOS="2017" HPOS="678" CONTENT="Enigme;" ID="r1l37_5" STYLEREFS="FONT0"/>
            <SP HEIGHT="56" WIDTH="20" VPOS="2017" HPOS="901"/>
            <String HEIGHT="56" WIDTH="223" VPOS="2017" HPOS="841" CONTENT="Parodie" ID="r1l37_6" STYLEREFS="FONT0"/>
            <SP HEIGHT="56" WIDTH="20" VPOS="2017" HPOS="1063"/>
            <String HEIGHT="56" WIDTH="284" VPOS="2017" HPOS="1003" CONTENT="burlesque;" ID="r1l37_7" STYLEREFS="FONT0"/>
            <SP HEIGHT="56" WIDTH="20" VPOS="2017" HPOS="1286"/>
            <String HEIGHT="56" WIDTH="243" VPOS="2017" HPOS="1226" CONTENT="Réponses" ID="r1l37_8" STYLEREFS="FONT0"/>
            <SP HEIGHT="56" WIDTH="20" VPOS="2017" HPOS="1469"/>
            <String HEIGHT="56" WIDTH="101" VPOS="2017" HPOS="1388" CONTENT="aux" ID="r1l37_9" STYLEREFS="FONT0"/>
          </TextLine>
          <TextLine ID="r1l38" BASELINE="2111" HEIGHT="48" WIDTH="1176" VPOS="2063" HPOS="314">
            <String HEIGHT="48" WIDTH="239" VPOS="2063" HPOS="294" CONTENT="Trévoux;" ID="r1l38_1" STYLEREFS="FONT0"/>
            <SP HEIGHT="48" WIDTH="20" VPOS="2063" HPOS="533"/>
            <String HEIGHT="48" WIDTH="279" VPOS="2063" HPOS="473" CONTENT="Quatrains;" ID="r1l38_2" STYLEREFS="FONT0"/>
            <SP HEIGHT="48" WIDTH="20" VPOS="2063" HPOS="753"/>
            <String HEIGHT="48" WIDTH="179" VPOS="2063" HPOS="693" CONTENT="etc.," ID="r1l38_3" STYLEREFS="FONT0"/>
            <SP HEIGHT="48" WIDTH="20" VPOS="2063" HPOS="872"/>
            <String HEIGHT="48" WIDTH="159" VPOS="2063" HPOS="812" CONTENT="etc." ID="r1l38_4" STYLEREFS="FONT0"/>
            <SP HEIGHT="48" WIDTH="20" VPOS="2063" HPOS="972"/>
            <String HEIGHT="48" WIDTH="159" VPOS="2063" HPOS="912" CONTENT="Frag" ID="r1l38_5" STYLEREFS="FONT0"/>
            <SP HEIGHT="48" WIDTH="20" VPOS="2063" HPOS="1071"/>
            <String HEIGHT="48" WIDTH="159" VPOS="2063" HPOS="1012" CONTENT="nent" ID="r1l38_6" STYLEREFS="FONT0"/>
            <SP HEIGHT="48" WIDTH="20" VPOS="2063" HPOS="1171"/>
            <String HEIGHT="48" WIDTH="159" VPOS="2063" HPOS="1111" CONTENT="d'un" ID="r1l38_7" STYLEREFS="FONT0"/>
            <SP HEIGHT="48" WIDTH="20" VPOS="2063" HPOS="1271"/>
            <String HEIGHT="48" WIDTH="239" VPOS="2063" HPOS="1211" CONTENT="prologue" ID="r1l38_8" STYLEREFS="FONT0"/>
            <SP HEIGHT="48" WIDTH="20" VPOS="2063" HPOS="1450"/>
            <String HEIGHT="48" WIDTH="120" VPOS="2063" HPOS="1370" CONTENT="d’o" SUBS_TYPE="HypPart1" SUBS_CONTENT="d’ojésuites" ID="r1l38_9" STYLEREFS="FONT0"/>
            <HYP CONTENT="-"/>
          </TextLine>
          <TextLine ID="r1l39" BASELINE="2127" HEIGHT="68" WIDTH="208" VPOS="2059" HPOS="114">
            <String HEIGHT="68" WIDTH="227" VPOS="2059" HPOS="95" CONTENT="jésuites" SUBS_TYPE="HypPart2" SUBS_CONTENT="d’ojésuites" ID="r1l39_1" STYLEREFS="FONT0"/>
            <SP HEIGHT="68" WIDTH="19" VPOS="2059" HPOS="322"/>
            <String HEIGHT="68" WIDTH="76" VPOS="2059" HPOS="246" CONTENT="de" ID="r1l39_2" STYLEREFS="FONT0"/>
          </TextLine>
          <TextLine ID="r1l40" BASELINE="2156" HEIGHT="54" WIDTH="192" VPOS="2102" HPOS="113">
            <String HEIGHT="54" WIDTH="235" VPOS="2102" HPOS="70" CONTENT="péra....." ID="r1l40_1" STYLEREFS="FONT0"/>
          </TextLine>
          <TextLine ID="r1l41" BASELINE="2159" HEIGHT="64" WIDTH="1175" VPOS="2095" HPOS="316">
            <String HEIGHT="64" WIDTH="227" VPOS="2095" HPOS="295" CONTENT="Préface" ID="r1l41_1" STYLEREFS="FONT0"/>
            <SP HEIGHT="64" WIDTH="21" VPOS="2095" HPOS="522"/>
            <String HEIGHT="64" WIDTH="165" VPOS="2095" HPOS="460" CONTENT="pour" ID="r1l41_2" STYLEREFS="FONT0"/>
            <SP HEIGHT="64" WIDTH="21" VPOS="2095" HPOS="625"/>
            <String HEIGHT="64" WIDTH="124" VPOS="2095" HPOS="563" CONTENT="la" ID="r1l41_3" STYLEREFS="FONT0"/>
            <SP HEIGHT="64" WIDTH="21" VPOS="2095" HPOS="687"/>
            <String HEIGHT="64" WIDTH="206" VPOS="2095" HPOS="625" CONTENT="Satire" ID="r1l41_4" STYLEREFS="FONT0"/>
            <SP HEIGHT="64" WIDTH="21" VPOS="2095" HPOS="831"/>
            <String HEIGHT="64" WIDTH="165" VPOS="2095" HPOS="770" CONTENT="XII;" ID="r1l41_5" STYLEREFS="FONT0"/>
            <SP HEIGHT="64" WIDTH="21" VPOS="2095" HPOS="934"/>
            <String HEIGHT="64" WIDTH="186" VPOS="2095" HPOS="873" CONTENT="Notes" ID="r1l41_6" STYLEREFS="FONT0"/>
            <SP HEIGHT="64" WIDTH="21" VPOS="2095" HPOS="1058"/>
            <String HEIGHT="64" WIDTH="165" VPOS="2095" HPOS="996" CONTENT="pour" ID="r1l41_7" STYLEREFS="FONT0"/>
            <SP HEIGHT="64" WIDTH="21" VPOS="2095" HPOS="1161"/>
            <String HEIGHT="64" WIDTH="371" VPOS="2095" HPOS="1099" CONTENT="l’intelligence" ID="r1l41_8" STYLEREFS="FONT0"/>
            <SP HEIGHT="64" WIDTH="21" VPOS="2095" HPOS="1470"/>
            <String HEIGHT="64" WIDTH="103" VPOS="2095" HPOS="1388" CONTENT="des" ID="r1l41_9" STYLEREFS="FONT0"/>
          </TextLine>
          <TextLine ID="r1l42" BASELINE="2197" HEIGHT="54" WIDTH="1319" VPOS="2143" HPOS="114">
            <String HEIGHT="54" WIDTH="186" VPOS="2143" HPOS="95" CONTENT="œuvres" ID="r1l42_1" STYLEREFS="FONT0"/>
            <SP HEIGHT="54" WIDTH="19" VPOS="2143" HPOS="281"/>
            <String HEIGHT="54" WIDTH="223" VPOS="2143" HPOS="225" CONTENT="diverses" ID="r1l42_2" STYLEREFS="FONT0"/>
            <SP HEIGHT="54" WIDTH="19" VPOS="2143" HPOS="448"/>
            <String HEIGHT="54" WIDTH="111" VPOS="2143" HPOS="393" CONTENT="de" ID="r1l42_3" STYLEREFS="FONT0"/>
            <SP HEIGHT="54" WIDTH="19" VPOS="2143" HPOS="504"/>
            <String HEIGHT="54" WIDTH="260" VPOS="2143" HPOS="448" CONTENT="Despréaux," ID="r1l42_4" STYLEREFS="FONT0"/>
            <SP HEIGHT="54" WIDTH="19" VPOS="2143" HPOS="708"/>
            <String HEIGHT="54" WIDTH="130" VPOS="2143" HPOS="653" CONTENT="sur" ID="r1l42_5" STYLEREFS="FONT0"/>
            <SP HEIGHT="54" WIDTH="19" VPOS="2143" HPOS="783"/>
            <String HEIGHT="54" WIDTH="111" VPOS="2143" HPOS="727" CONTENT="la" ID="r1l42_6" STYLEREFS="FONT0"/>
            <SP HEIGHT="54" WIDTH="19" VPOS="2143" HPOS="839"/>
            <String HEIGHT="54" WIDTH="204" VPOS="2143" HPOS="783" CONTENT="préface" ID="r1l42_7" STYLEREFS="FONT0"/>
            <SP HEIGHT="54" WIDTH="19" VPOS="2143" HPOS="987"/>
            <String HEIGHT="54" WIDTH="111" VPOS="2143" HPOS="931" CONTENT="de" ID="r1l42_8" STYLEREFS="FONT0"/>
            <SP HEIGHT="54" WIDTH="19" VPOS="2143" HPOS="1043"/>
            <String HEIGHT="54" WIDTH="242" VPOS="2143" HPOS="987" CONTENT="l’édition" ID="r1l42_9" STYLEREFS="FONT0"/>
            <SP HEIGHT="54" WIDTH="19" VPOS="2143" HPOS="1229"/>
            <String HEIGHT="54" WIDTH="149" VPOS="2143" HPOS="1173" CONTENT="in-4" ID="r1l42_10" STYLEREFS="FONT0"/>
            <SP HEIGHT="54" WIDTH="19" VPOS="2143" HPOS="1322"/>
            <String HEIGHT="54" WIDTH="111" VPOS="2143" HPOS="1266" CONTENT="de" ID="r1l42_11" STYLEREFS="FONT0"/>
            <SP HEIGHT="54" WIDTH="19" VPOS="2143" HPOS="1377"/>
            <String HEIGHT="54" WIDTH="130" VPOS="2143" HPOS="1303" CONTENT="1701." ID="r1l42_12" STYLEREFS="FONT0"/>
          </TextLine>
          <TextLine ID="r1l43" BASELINE="2240" HEIGHT="53" WIDTH="1420" VPOS="2187" HPOS="64">
            <String HEIGHT="53" WIDTH="246" VPOS="2187" HPOS="45" CONTENT="TROISIÊME" ID="r1l43_1" STYLEREFS="FONT0"/>
            <SP HEIGHT="53" WIDTH="19" VPOS="2187" HPOS="291"/>
            <String HEIGHT="53" WIDTH="208" VPOS="2187" HPOS="234" CONTENT="PARTIE," ID="r1l43_2" STYLEREFS="FONT0"/>
            <SP HEIGHT="53" WIDTH="19" VPOS="2187" HPOS="443"/>
            <String HEIGHT="53" WIDTH="114" VPOS="2187" HPOS="386" CONTENT="ou" ID="r1l43_3" STYLEREFS="FONT0"/>
            <SP HEIGHT="53" WIDTH="19" VPOS="2187" HPOS="499"/>
            <String HEIGHT="53" WIDTH="398" VPOS="2187" HPOS="443" CONTENT="Appendice" ID="r1l43_4" STYLEREFS="FONT2"/>
            <SP HEIGHT="53" WIDTH="19" VPOS="2187" HPOS="840"/>
            <String HEIGHT="53" WIDTH="95" VPOS="2187" HPOS="783" CONTENT="—" ID="r1l43_5" STYLEREFS="FONT0"/>
            <SP HEIGHT="53" WIDTH="19" VPOS="2187" HPOS="878"/>
            <String HEIGHT="53" WIDTH="227" VPOS="2187" HPOS="821" CONTENT="Mémoires" ID="r1l43_6" STYLEREFS="FONT0"/>
            <SP HEIGHT="53" WIDTH="19" VPOS="2187" HPOS="1049"/>
            <String HEIGHT="53" WIDTH="114" VPOS="2187" HPOS="992" CONTENT="de" ID="r1l43_7" STYLEREFS="FONT0"/>
            <SP HEIGHT="53" WIDTH="19" VPOS="2187" HPOS="1105"/>
            <String HEIGHT="53" WIDTH="265" VPOS="2187" HPOS="1049" CONTENT="Brossette," ID="r1l43_8" STYLEREFS="FONT0"/>
            <SP HEIGHT="53" WIDTH="19" VPOS="2187" HPOS="1314"/>
            <String HEIGHT="53" WIDTH="133" VPOS="2187" HPOS="1257" CONTENT="sur" ID="r1l43_9" STYLEREFS="FONT0"/>
            <SP HEIGHT="53" WIDTH="19" VPOS="2187" HPOS="1389"/>
            <String HEIGHT="53" WIDTH="170" VPOS="2187" HPOS="1314" CONTENT="Boileau" ID="r1l43_10" STYLEREFS="FONT0"/>
          </TextLine>
          <TextLine ID="r1l44" BASELINE="2281" HEIGHT="48" WIDTH="1377" VPOS="2233" HPOS="107">
            <String HEIGHT="48" WIDTH="275" VPOS="2233" HPOS="87" CONTENT="Despréaux," ID="r1l44_1" STYLEREFS="FONT0"/>
            <SP HEIGHT="48" WIDTH="20" VPOS="2233" HPOS="363"/>
            <String HEIGHT="48" WIDTH="216" VPOS="2233" HPOS="304" CONTENT="d’après" ID="r1l44_2" STYLEREFS="FONT0"/>
            <SP HEIGHT="48" WIDTH="20" VPOS="2233" HPOS="520"/>
            <String HEIGHT="48" WIDTH="138" VPOS="2233" HPOS="461" CONTENT="les" ID="r1l44_3" STYLEREFS="FONT0"/>
            <SP HEIGHT="48" WIDTH="20" VPOS="2233" HPOS="599"/>
            <String HEIGHT="48" WIDTH="256" VPOS="2233" HPOS="540" CONTENT="fragments" ID="r1l44_4" STYLEREFS="FONT0"/>
            <SP HEIGHT="48" WIDTH="20" VPOS="2233" HPOS="796"/>
            <String HEIGHT="48" WIDTH="256" VPOS="2233" HPOS="736" CONTENT="originaux" ID="r1l44_5" STYLEREFS="FONT0"/>
            <SP HEIGHT="48" WIDTH="20" VPOS="2233" HPOS="992"/>
            <String HEIGHT="48" WIDTH="256" VPOS="2233" HPOS="933" CONTENT="conservés" ID="r1l44_6" STYLEREFS="FONT0"/>
            <SP HEIGHT="48" WIDTH="20" VPOS="2233" HPOS="1189"/>
            <String HEIGHT="48" WIDTH="98" VPOS="2233" HPOS="1130" CONTENT="a" ID="r1l44_7" STYLEREFS="FONT0"/>
            <SP HEIGHT="48" WIDTH="20" VPOS="2233" HPOS="1228"/>
            <String HEIGHT="48" WIDTH="118" VPOS="2233" HPOS="1169" CONTENT="la" ID="r1l44_8" STYLEREFS="FONT0"/>
            <SP HEIGHT="48" WIDTH="20" VPOS="2233" HPOS="1287"/>
            <String HEIGHT="48" WIDTH="275" VPOS="2233" HPOS="1209" CONTENT="Bibliothèque" ID="r1l44_9" STYLEREFS="FONT0"/>
          </TextLine>
          <TextLine ID="r1l45" BASELINE="2328" HEIGHT="52" WIDTH="204" VPOS="2276" HPOS="105">
            <String HEIGHT="52" WIDTH="245" VPOS="2276" HPOS="64" CONTENT="Impériale." ID="r1l45_1" STYLEREFS="FONT0"/>
          </TextLine>
          <TextLine ID="r1l46" BASELINE="2323" HEIGHT="46" WIDTH="1122" VPOS="2277" HPOS="355">
            <String HEIGHT="46" WIDTH="80" VPOS="2277" HPOS="335" CONTENT="" ID="r1l46_1" STYLEREFS="FONT0"/>
            <SP HEIGHT="46" WIDTH="20" VPOS="2277" HPOS="415"/>
            <String HEIGHT="46" WIDTH="220" VPOS="2277" HPOS="355" CONTENT="Lettres" ID="r1l46_2" STYLEREFS="FONT0"/>
            <SP HEIGHT="46" WIDTH="20" VPOS="2277" HPOS="575"/>
            <String HEIGHT="46" WIDTH="120" VPOS="2277" HPOS="515" CONTENT="de" ID="r1l46_3" STYLEREFS="FONT0"/>
            <SP HEIGHT="46" WIDTH="20" VPOS="2277" HPOS="636"/>
            <String HEIGHT="46" WIDTH="120" VPOS="2277" HPOS="575" CONTENT="M." ID="r1l46_4" STYLEREFS="FONT0"/>
            <SP HEIGHT="46" WIDTH="20" VPOS="2277" HPOS="696"/>
            <String HEIGHT="46" WIDTH="120" VPOS="2277" HPOS="636" CONTENT="A." ID="r1l46_5" STYLEREFS="FONT0"/>
            <SP HEIGHT="46" WIDTH="20" VPOS="2277" HPOS="756"/>
            <String HEIGHT="46" WIDTH="260" VPOS="2277" HPOS="696" CONTENT="Péricaud," ID="r1l46_6" STYLEREFS="FONT0"/>
            <SP HEIGHT="46" WIDTH="20" VPOS="2277" HPOS="956"/>
            <String HEIGHT="46" WIDTH="120" VPOS="2277" HPOS="896" CONTENT="et" ID="r1l46_7" STYLEREFS="FONT0"/>
            <SP HEIGHT="46" WIDTH="20" VPOS="2277" HPOS="1016"/>
            <String HEIGHT="46" WIDTH="341" VPOS="2277" HPOS="956" CONTENT="dissertation," ID="r1l46_8" STYLEREFS="FONT0"/>
            <SP HEIGHT="46" WIDTH="20" VPOS="2277" HPOS="1297"/>
            <String HEIGHT="46" WIDTH="120" VPOS="2277" HPOS="1237" CONTENT="au" ID="r1l46_9" STYLEREFS="FONT0"/>
            <SP HEIGHT="46" WIDTH="20" VPOS="2277" HPOS="1357"/>
            <String HEIGHT="46" WIDTH="180" VPOS="2277" HPOS="1297" CONTENT="sujet" ID="r1l46_10" STYLEREFS="FONT0"/>
            <SP HEIGHT="46" WIDTH="20" VPOS="2277" HPOS="1477"/>
            <String HEIGHT="46" WIDTH="80" VPOS="2277" HPOS="1397" CONTENT="de" ID="r1l46_11" STYLEREFS="FONT0"/>
          </TextLine>
          <TextLine ID="r1l47" BASELINE="2369" HEIGHT="42" WIDTH="56" VPOS="2327" HPOS="307">
            <String HEIGHT="42" WIDTH="168" VPOS="2327" HPOS="195" CONTENT="—" ID="r1l47_1" STYLEREFS="FONT0"/>
          </TextLine>
          <TextLine ID="r1l48" BASELINE="2371" HEIGHT="54" WIDTH="188" VPOS="2317" HPOS="104">
            <String HEIGHT="54" WIDTH="226" VPOS="2317" HPOS="66" CONTENT="Brossette." ID="r1l48_1" STYLEREFS="FONT0"/>
          </TextLine>
          <TextLine ID="r1l49" BASELINE="2367" HEIGHT="51" WIDTH="1123" VPOS="2316" HPOS="358">
            <String HEIGHT="51" WIDTH="177" VPOS="2316" HPOS="338" CONTENT="Table" ID="r1l49_1" STYLEREFS="FONT0"/>
            <SP HEIGHT="51" WIDTH="20" VPOS="2316" HPOS="516"/>
            <String HEIGHT="51" WIDTH="276" VPOS="2316" HPOS="457" CONTENT="analytique" ID="r1l49_2" STYLEREFS="FONT0"/>
            <SP HEIGHT="51" WIDTH="20" VPOS="2316" HPOS="732"/>
            <String HEIGHT="51" WIDTH="138" VPOS="2316" HPOS="673" CONTENT="des" ID="r1l49_3" STYLEREFS="FONT0"/>
            <SP HEIGHT="51" WIDTH="20" VPOS="2316" HPOS="811"/>
            <String HEIGHT="51" WIDTH="177" VPOS="2316" HPOS="752" CONTENT="noms," ID="r1l49_4" STYLEREFS="FONT0"/>
            <SP HEIGHT="51" WIDTH="20" VPOS="2316" HPOS="929"/>
            <String HEIGHT="51" WIDTH="138" VPOS="2316" HPOS="870" CONTENT="des" ID="r1l49_5" STYLEREFS="FONT0"/>
            <SP HEIGHT="51" WIDTH="20" VPOS="2316" HPOS="1008"/>
            <String HEIGHT="51" WIDTH="197" VPOS="2316" HPOS="949" CONTENT="lieux," ID="r1l49_6" STYLEREFS="FONT0"/>
            <SP HEIGHT="51" WIDTH="20" VPOS="2316" HPOS="1146"/>
            <String HEIGHT="51" WIDTH="177" VPOS="2316" HPOS="1087" CONTENT="etc.," ID="r1l49_7" STYLEREFS="FONT0"/>
            <SP HEIGHT="51" WIDTH="20" VPOS="2316" HPOS="1264"/>
            <String HEIGHT="51" WIDTH="177" VPOS="2316" HPOS="1205" CONTENT="cités" ID="r1l49_8" STYLEREFS="FONT0"/>
            <SP HEIGHT="51" WIDTH="20" VPOS="2316" HPOS="1382"/>
            <String HEIGHT="51" WIDTH="158" VPOS="2316" HPOS="1323" CONTENT="dans" ID="r1l49_9" STYLEREFS="FONT0"/>
            <SP HEIGHT="51" WIDTH="20" VPOS="2316" HPOS="1481"/>
            <String HEIGHT="51" WIDTH="79" VPOS="2316" HPOS="1402" CONTENT="la" ID="r1l49_10" STYLEREFS="FONT0"/>
          </TextLine>
          <TextLine ID="r1l50" BASELINE="2423" HEIGHT="61" WIDTH="1011" VPOS="2362" HPOS="111">
            <String HEIGHT="61" WIDTH="350" VPOS="2362" HPOS="92" CONTENT="correspondance" ID="r1l50_1" STYLEREFS="FONT0"/>
            <SP HEIGHT="61" WIDTH="19" VPOS="2362" HPOS="442"/>
            <String HEIGHT="61" WIDTH="175" VPOS="2362" HPOS="383" CONTENT="entre" ID="r1l50_2" STYLEREFS="FONT0"/>
            <SP HEIGHT="61" WIDTH="19" VPOS="2362" HPOS="558"/>
            <String HEIGHT="61" WIDTH="214" VPOS="2362" HPOS="500" CONTENT="Boileau" ID="r1l50_3" STYLEREFS="FONT0"/>
            <SP HEIGHT="61" WIDTH="19" VPOS="2362" HPOS="714"/>
            <String HEIGHT="61" WIDTH="253" VPOS="2362" HPOS="655" CONTENT="Despréaux" ID="r1l50_4" STYLEREFS="FONT0"/>
            <SP HEIGHT="61" WIDTH="19" VPOS="2362" HPOS="908"/>
            <String HEIGHT="61" WIDTH="117" VPOS="2362" HPOS="850" CONTENT="et" ID="r1l50_5" STYLEREFS="FONT0"/>
            <SP HEIGHT="61" WIDTH="19" VPOS="2362" HPOS="966"/>
            <String HEIGHT="61" WIDTH="233" VPOS="2362" HPOS="889" CONTENT="Brossette." ID="r1l50_6" STYLEREFS="FONT0"/>
          </TextLine>
          <TextLine ID="r1l51" BASELINE="2466" HEIGHT="58" WIDTH="353" VPOS="2408" HPOS="337">
            <String HEIGHT="58" WIDTH="186" VPOS="2408" HPOS="318" CONTENT="papier" ID="r1l51_1" STYLEREFS="FONT0"/>
            <SP HEIGHT="58" WIDTH="19" VPOS="2408" HPOS="504"/>
            <String HEIGHT="58" WIDTH="167" VPOS="2408" HPOS="448" CONTENT="carré" ID="r1l51_2" STYLEREFS="FONT0"/>
            <SP HEIGHT="58" WIDTH="19" VPOS="2408" HPOS="616"/>
            <String HEIGHT="58" WIDTH="149" VPOS="2408" HPOS="541" CONTENT="vélin." ID="r1l51_3" STYLEREFS="FONT0"/>
          </TextLine>
          <TextLine ID="r1l52" BASELINE="2464" HEIGHT="69" WIDTH="121" VPOS="2395" HPOS="1321">
            <String HEIGHT="69" WIDTH="121" VPOS="2395" HPOS="1301" CONTENT="10" ID="r1l52_1" STYLEREFS="FONT0"/>
            <SP HEIGHT="69" WIDTH="20" VPOS="2395" HPOS="1422"/>
            <String HEIGHT="69" WIDTH="101" VPOS="2395" HPOS="1341" CONTENT="fr." ID="r1l52_2" STYLEREFS="FONT0"/>
          </TextLine>
          <TextLine ID="r1l53" BASELINE="2471" HEIGHT="66" WIDTH="95" VPOS="2405" HPOS="227">
            <String HEIGHT="66" WIDTH="133" VPOS="2405" HPOS="189" CONTENT="Prix," ID="r1l53_1" STYLEREFS="FONT0"/>
          </TextLine>
          <TextLine ID="r1l54" BASELINE="2466" HEIGHT="47" WIDTH="61" VPOS="2419" HPOS="681">
            <String HEIGHT="47" WIDTH="122" VPOS="2419" HPOS="651" CONTENT="" ID="r1l54_1" STYLEREFS="FONT0"/>
            <SP HEIGHT="47" WIDTH="31" VPOS="2419" HPOS="773"/>
            <String HEIGHT="47" WIDTH="92" VPOS="2419" HPOS="651" CONTENT="6" ID="r1l54_2" STYLEREFS="FONT0"/>
          </TextLine>
          <TextLine ID="r1l55" BASELINE="2510" HEIGHT="57" WIDTH="485" VPOS="2453" HPOS="333">
            <String HEIGHT="57" WIDTH="187" VPOS="2453" HPOS="314" CONTENT="papier" ID="r1l55_1" STYLEREFS="FONT0"/>
            <SP HEIGHT="57" WIDTH="19" VPOS="2453" HPOS="501"/>
            <String HEIGHT="57" WIDTH="168" VPOS="2453" HPOS="445" CONTENT="grand" ID="r1l55_2" STYLEREFS="FONT0"/>
            <SP HEIGHT="57" WIDTH="19" VPOS="2453" HPOS="613"/>
            <String HEIGHT="57" WIDTH="187" VPOS="2453" HPOS="557" CONTENT="raisin" ID="r1l55_3" STYLEREFS="FONT0"/>
            <SP HEIGHT="57" WIDTH="19" VPOS="2453" HPOS="743"/>
            <String HEIGHT="57" WIDTH="149" VPOS="2453" HPOS="669" CONTENT="vélin." ID="r1l55_4" STYLEREFS="FONT0"/>
          </TextLine>
          <TextLine ID="r1l56" BASELINE="2506" HEIGHT="52" WIDTH="113" VPOS="2454" HPOS="1330">
            <String HEIGHT="52" WIDTH="113" VPOS="2454" HPOS="1311" CONTENT="15" ID="r1l56_1" STYLEREFS="FONT0"/>
            <SP HEIGHT="52" WIDTH="19" VPOS="2454" HPOS="1424"/>
            <String HEIGHT="52" WIDTH="94" VPOS="2454" HPOS="1349" CONTENT="fr." ID="r1l56_2" STYLEREFS="FONT0"/>
          </TextLine>
          <TextLine ID="r1l57" BASELINE="2524" HEIGHT="58" WIDTH="253" VPOS="2466" HPOS="809">
            <String HEIGHT="58" WIDTH="145" VPOS="2466" HPOS="773" CONTENT="" ID="r1l57_1" STYLEREFS="FONT0"/>
            <SP HEIGHT="58" WIDTH="36" VPOS="2466" HPOS="917"/>
            <String HEIGHT="58" WIDTH="145" VPOS="2466" HPOS="809" CONTENT="" ID="r1l57_2" STYLEREFS="FONT0"/>
            <SP HEIGHT="58" WIDTH="36" VPOS="2466" HPOS="954"/>
            <String HEIGHT="58" WIDTH="145" VPOS="2466" HPOS="845" CONTENT="" ID="r1l57_3" STYLEREFS="FONT0"/>
            <SP HEIGHT="58" WIDTH="36" VPOS="2466" HPOS="990"/>
            <String HEIGHT="58" WIDTH="145" VPOS="2466" HPOS="881" CONTENT="" ID="r1l57_4" STYLEREFS="FONT0"/>
            <SP HEIGHT="58" WIDTH="36" VPOS="2466" HPOS="1026"/>
            <String HEIGHT="58" WIDTH="181" VPOS="2466" HPOS="917" CONTENT="6" ID="r1l57_5" STYLEREFS="FONT0"/>
            <SP HEIGHT="58" WIDTH="36" VPOS="2466" HPOS="1098"/>
            <String HEIGHT="58" WIDTH="108" VPOS="2466" HPOS="954" CONTENT="»" ID="r1l57_6" STYLEREFS="FONT0"/>
          </TextLine>
          <TextLine ID="r1l58" BASELINE="2525" HEIGHT="61" WIDTH="99" VPOS="2464" HPOS="1172">
            <String HEIGHT="61" WIDTH="99" VPOS="2464" HPOS="1147" CONTENT="" ID="r1l58_1" STYLEREFS="FONT0"/>
            <SP HEIGHT="61" WIDTH="25" VPOS="2464" HPOS="1246"/>
            <String HEIGHT="61" WIDTH="124" VPOS="2464" HPOS="1172" CONTENT="6" ID="r1l58_2" STYLEREFS="FONT0"/>
            <SP HEIGHT="61" WIDTH="25" VPOS="2464" HPOS="1296"/>
            <String HEIGHT="61" WIDTH="74" VPOS="2464" HPOS="1197" CONTENT="»" ID="r1l58_3" STYLEREFS="FONT0"/>
          </TextLine>
          <TextLine ID="r1l59" BASELINE="2554" HEIGHT="52" WIDTH="476" VPOS="2502" HPOS="337">
            <String HEIGHT="52" WIDTH="183" VPOS="2502" HPOS="319" CONTENT="papier" ID="r1l59_1" STYLEREFS="FONT0"/>
            <SP HEIGHT="52" WIDTH="18" VPOS="2502" HPOS="502"/>
            <String HEIGHT="52" WIDTH="165" VPOS="2502" HPOS="447" CONTENT="grand" ID="r1l59_2" STYLEREFS="FONT0"/>
            <SP HEIGHT="52" WIDTH="18" VPOS="2502" HPOS="612"/>
            <String HEIGHT="52" WIDTH="183" VPOS="2502" HPOS="557" CONTENT="raisin" ID="r1l59_3" STYLEREFS="FONT0"/>
            <SP HEIGHT="52" WIDTH="18" VPOS="2502" HPOS="740"/>
            <String HEIGHT="52" WIDTH="146" VPOS="2502" HPOS="667" CONTENT="vergé." ID="r1l59_4" STYLEREFS="FONT0"/>
          </TextLine>
          <TextLine ID="r1l60" BASELINE="2553" HEIGHT="57" WIDTH="121" VPOS="2496" HPOS="1325">
            <String HEIGHT="57" WIDTH="121" VPOS="2496" HPOS="1305" CONTENT="15" ID="r1l60_1" STYLEREFS="FONT0"/>
            <SP HEIGHT="57" WIDTH="20" VPOS="2496" HPOS="1426"/>
            <String HEIGHT="57" WIDTH="101" VPOS="2496" HPOS="1345" CONTENT="fr." ID="r1l60_2" STYLEREFS="FONT0"/>
          </TextLine>
          <TextLine ID="r1l61" BASELINE="2545" HEIGHT="31" WIDTH="31" VPOS="2514" HPOS="1242">
            <String HEIGHT="31" WIDTH="93" VPOS="2514" HPOS="1180" CONTENT="★" ID="r1l61_1" STYLEREFS="FONT0"/>
          </TextLine>
          <TextLine ID="r1l62" BASELINE="2553" HEIGHT="50" WIDTH="28" VPOS="2503" HPOS="1005">
            <String HEIGHT="50" WIDTH="84" VPOS="2503" HPOS="949" CONTENT="★" ID="r1l62_1" STYLEREFS="FONT0"/>
          </TextLine>
          <TextLine ID="r1l63" BASELINE="2552" HEIGHT="37" WIDTH="37" VPOS="2515" HPOS="887">
            <String HEIGHT="37" WIDTH="52" VPOS="2515" HPOS="872" CONTENT="0" ID="r1l63_1" STYLEREFS="FONT0"/>
          </TextLine>
          <TextLine ID="r1l64" BASELINE="2594" HEIGHT="64" WIDTH="104" VPOS="2530" HPOS="225">
            <String HEIGHT="64" WIDTH="156" VPOS="2530" HPOS="199" CONTENT="Il" ID="r1l64_1" STYLEREFS="FONT0"/>
            <SP HEIGHT="64" WIDTH="26" VPOS="2530" HPOS="355"/>
            <String HEIGHT="64" WIDTH="78" VPOS="2530" HPOS="251" CONTENT="a" ID="r1l64_2" STYLEREFS="FONT0"/>
          </TextLine>
          <TextLine ID="r1l65" BASELINE="2593" HEIGHT="79" WIDTH="957" VPOS="2514" HPOS="323">
            <String HEIGHT="79" WIDTH="140" VPOS="2514" HPOS="303" CONTENT="été" ID="r1l65_1" STYLEREFS="FONT0"/>
            <SP HEIGHT="79" WIDTH="20" VPOS="2514" HPOS="443"/>
            <String HEIGHT="79" WIDTH="160" VPOS="2514" HPOS="383" CONTENT="tiré" ID="r1l65_2" STYLEREFS="FONT0"/>
            <SP HEIGHT="79" WIDTH="20" VPOS="2514" HPOS="542"/>
            <String HEIGHT="79" WIDTH="279" VPOS="2514" HPOS="483" CONTENT="vingt-cinq" ID="r1l65_3" STYLEREFS="FONT0"/>
            <SP HEIGHT="79" WIDTH="20" VPOS="2514" HPOS="762"/>
            <String HEIGHT="79" WIDTH="299" VPOS="2514" HPOS="702" CONTENT="exemplaires" ID="r1l65_4" STYLEREFS="FONT0"/>
            <SP HEIGHT="79" WIDTH="20" VPOS="2514" HPOS="1001"/>
            <String HEIGHT="79" WIDTH="140" VPOS="2514" HPOS="941" CONTENT="sur" ID="r1l65_5" STYLEREFS="FONT0"/>
            <SP HEIGHT="79" WIDTH="20" VPOS="2514" HPOS="1081"/>
            <String HEIGHT="79" WIDTH="199" VPOS="2514" HPOS="1021" CONTENT="papier" ID="r1l65_6" STYLEREFS="FONT0"/>
            <SP HEIGHT="79" WIDTH="20" VPOS="2514" HPOS="1220"/>
            <String HEIGHT="79" WIDTH="140" VPOS="2514" HPOS="1140" CONTENT="grand" ID="r1l65_7" STYLEREFS="FONT0"/>
          </TextLine>
          <TextLine ID="r1l66" BASELINE="2638" HEIGHT="49" WIDTH="1166" VPOS="2589" HPOS="104">
            <String HEIGHT="49" WIDTH="182" VPOS="2589" HPOS="86" CONTENT="raisin" ID="r1l66_1" STYLEREFS="FONT0"/>
            <SP HEIGHT="49" WIDTH="18" VPOS="2589" HPOS="268"/>
            <String HEIGHT="49" WIDTH="164" VPOS="2589" HPOS="213" CONTENT="fort," ID="r1l66_2" STYLEREFS="FONT0"/>
            <SP HEIGHT="49" WIDTH="18" VPOS="2589" HPOS="377"/>
            <String HEIGHT="49" WIDTH="182" VPOS="2589" HPOS="323" CONTENT="vergé," ID="r1l66_3" STYLEREFS="FONT0"/>
            <SP HEIGHT="49" WIDTH="18" VPOS="2589" HPOS="505"/>
            <String HEIGHT="49" WIDTH="255" VPOS="2589" HPOS="450" CONTENT="numérotés," ID="r1l66_4" STYLEREFS="FONT0"/>
            <SP HEIGHT="49" WIDTH="18" VPOS="2589" HPOS="705"/>
            <String HEIGHT="49" WIDTH="146" VPOS="2589" HPOS="651" CONTENT="avec" ID="r1l66_5" STYLEREFS="FONT0"/>
            <SP HEIGHT="49" WIDTH="18" VPOS="2589" HPOS="796"/>
            <String HEIGHT="49" WIDTH="164" VPOS="2589" HPOS="742" CONTENT="titre" ID="r1l66_6" STYLEREFS="FONT0"/>
            <SP HEIGHT="49" WIDTH="18" VPOS="2589" HPOS="906"/>
            <String HEIGHT="49" WIDTH="200" VPOS="2589" HPOS="851" CONTENT="imprimé" ID="r1l66_7" STYLEREFS="FONT0"/>
            <SP HEIGHT="49" WIDTH="18" VPOS="2589" HPOS="1051"/>
            <String HEIGHT="49" WIDTH="146" VPOS="2589" HPOS="997" CONTENT="noir" ID="r1l66_8" STYLEREFS="FONT0"/>
            <SP HEIGHT="49" WIDTH="18" VPOS="2589" HPOS="1142"/>
            <String HEIGHT="49" WIDTH="109" VPOS="2589" HPOS="1088" CONTENT="et" ID="r1l66_9" STYLEREFS="FONT0"/>
            <SP HEIGHT="49" WIDTH="18" VPOS="2589" HPOS="1197"/>
            <String HEIGHT="49" WIDTH="146" VPOS="2589" HPOS="1124" CONTENT="rouge," ID="r1l66_10" STYLEREFS="FONT0"/>
          </TextLine>
          <TextLine ID="r1l67" BASELINE="2686" HEIGHT="62" WIDTH="529" VPOS="2624" HPOS="100">
            <String HEIGHT="62" WIDTH="109" VPOS="2624" HPOS="82" CONTENT="et" ID="r1l67_1" STYLEREFS="FONT0"/>
            <SP HEIGHT="62" WIDTH="18" VPOS="2624" HPOS="191"/>
            <String HEIGHT="62" WIDTH="182" VPOS="2624" HPOS="136" CONTENT="collés" ID="r1l67_2" STYLEREFS="FONT0"/>
            <SP HEIGHT="62" WIDTH="18" VPOS="2624" HPOS="319"/>
            <String HEIGHT="62" WIDTH="164" VPOS="2624" HPOS="264" CONTENT="après" ID="r1l67_3" STYLEREFS="FONT0"/>
            <SP HEIGHT="62" WIDTH="18" VPOS="2624" HPOS="428"/>
            <String HEIGHT="62" WIDTH="274" VPOS="2624" HPOS="355" CONTENT="l’impression." ID="r1l67_4" STYLEREFS="FONT0"/>
          </TextLine>
          <TextLine ID="r1l68" BASELINE="2683" HEIGHT="84" WIDTH="120" VPOS="2599" HPOS="1328">
            <String HEIGHT="84" WIDTH="120" VPOS="2599" HPOS="1308" CONTENT="30" ID="r1l68_1" STYLEREFS="FONT0"/>
            <SP HEIGHT="84" WIDTH="20" VPOS="2599" HPOS="1428"/>
            <String HEIGHT="84" WIDTH="100" VPOS="2599" HPOS="1348" CONTENT="fr." ID="r1l68_2" STYLEREFS="FONT0"/>
          </TextLine>
          <TextLine ID="r1l69" BASELINE="2686" HEIGHT="55" WIDTH="125" VPOS="2631" HPOS="621">
            <String HEIGHT="55" WIDTH="188" VPOS="2631" HPOS="559" CONTENT="★p*&gt;" ID="r1l69_1" STYLEREFS="FONT0"/>
          </TextLine>
          <TextLine ID="r1l70" BASELINE="2683" HEIGHT="52" WIDTH="307" VPOS="2631" HPOS="969">
            <String HEIGHT="52" WIDTH="102" VPOS="2631" HPOS="943" CONTENT="" ID="r1l70_1" STYLEREFS="FONT0"/>
            <SP HEIGHT="52" WIDTH="26" VPOS="2631" HPOS="1046"/>
            <String HEIGHT="52" WIDTH="102" VPOS="2631" HPOS="969" CONTENT="" ID="r1l70_2" STYLEREFS="FONT0"/>
            <SP HEIGHT="52" WIDTH="26" VPOS="2631" HPOS="1071"/>
            <String HEIGHT="52" WIDTH="128" VPOS="2631" HPOS="995" CONTENT="6" ID="r1l70_3" STYLEREFS="FONT0"/>
            <SP HEIGHT="52" WIDTH="26" VPOS="2631" HPOS="1123"/>
            <String HEIGHT="52" WIDTH="102" VPOS="2631" HPOS="1046" CONTENT="" ID="r1l70_4" STYLEREFS="FONT0"/>
            <SP HEIGHT="52" WIDTH="26" VPOS="2631" HPOS="1148"/>
            <String HEIGHT="52" WIDTH="128" VPOS="2631" HPOS="1071" CONTENT="6" ID="r1l70_5" STYLEREFS="FONT0"/>
            <SP HEIGHT="52" WIDTH="26" VPOS="2631" HPOS="1199"/>
            <String HEIGHT="52" WIDTH="128" VPOS="2631" HPOS="1123" CONTENT="6" ID="r1l70_6" STYLEREFS="FONT0"/>
            <SP HEIGHT="52" WIDTH="26" VPOS="2631" HPOS="1250"/>
            <String HEIGHT="52" WIDTH="128" VPOS="2631" HPOS="1174" CONTENT="»" ID="r1l70_7" STYLEREFS="FONT0"/>
            <SP HEIGHT="52" WIDTH="26" VPOS="2631" HPOS="1302"/>
            <String HEIGHT="52" WIDTH="77" VPOS="2631" HPOS="1199" CONTENT="»" ID="r1l70_8" STYLEREFS="FONT0"/>
          </TextLine>
          <TextLine ID="r1l71" BASELINE="2676" HEIGHT="44" WIDTH="54" VPOS="2632" HPOS="854">
            <String HEIGHT="44" WIDTH="108" VPOS="2632" HPOS="827" CONTENT="" ID="r1l71_1" STYLEREFS="FONT0"/>
            <SP HEIGHT="44" WIDTH="27" VPOS="2632" HPOS="935"/>
            <String HEIGHT="44" WIDTH="81" VPOS="2632" HPOS="827" CONTENT="6" ID="r1l71_2" STYLEREFS="FONT0"/>
          </TextLine>
          <TextLine ID="r1l72" BASELINE="2719" HEIGHT="58" WIDTH="1410" VPOS="2661" HPOS="64">
            <String HEIGHT="58" WIDTH="241" VPOS="2661" HPOS="47" CONTENT="L’épitaphe" ID="r1l72_1" STYLEREFS="FONT0"/>
            <SP HEIGHT="58" WIDTH="17" VPOS="2661" HPOS="288"/>
            <String HEIGHT="58" WIDTH="103" VPOS="2661" HPOS="236" CONTENT="de" ID="r1l72_2" STYLEREFS="FONT0"/>
            <SP HEIGHT="58" WIDTH="17" VPOS="2661" HPOS="339"/>
            <String HEIGHT="58" WIDTH="172" VPOS="2661" HPOS="288" CONTENT="Racine" ID="r1l72_3" STYLEREFS="FONT0"/>
            <SP HEIGHT="58" WIDTH="17" VPOS="2661" HPOS="459"/>
            <String HEIGHT="58" WIDTH="120" VPOS="2661" HPOS="408" CONTENT="par" ID="r1l72_4" STYLEREFS="FONT0"/>
            <SP HEIGHT="58" WIDTH="17" VPOS="2661" HPOS="528"/>
            <String HEIGHT="58" WIDTH="189" VPOS="2661" HPOS="477" CONTENT="Boileau" ID="r1l72_5" STYLEREFS="FONT0"/>
            <SP HEIGHT="58" WIDTH="17" VPOS="2661" HPOS="666"/>
            <String HEIGHT="58" WIDTH="241" VPOS="2661" HPOS="614" CONTENT="Despréaux," ID="r1l72_6" STYLEREFS="FONT0"/>
            <SP HEIGHT="58" WIDTH="17" VPOS="2661" HPOS="855"/>
            <String HEIGHT="58" WIDTH="224" VPOS="2661" HPOS="803" CONTENT="conservée" ID="r1l72_7" STYLEREFS="FONT0"/>
            <SP HEIGHT="58" WIDTH="17" VPOS="2661" HPOS="1027"/>
            <String HEIGHT="58" WIDTH="138" VPOS="2661" HPOS="975" CONTENT="dans" ID="r1l72_8" STYLEREFS="FONT0"/>
            <SP HEIGHT="58" WIDTH="17" VPOS="2661" HPOS="1113"/>
            <String HEIGHT="58" WIDTH="206" VPOS="2661" HPOS="1061" CONTENT="l’Église" ID="r1l72_9" STYLEREFS="FONT0"/>
            <SP HEIGHT="58" WIDTH="17" VPOS="2661" HPOS="1268"/>
            <String HEIGHT="58" WIDTH="275" VPOS="2661" HPOS="1199" CONTENT="Saint" SUBS_TYPE="HypPart1" SUBS_CONTENT="Saintdu-Mont," ID="r1l72_10" STYLEREFS="FONT0"/>
            <HYP CONTENT="-"/>
          </TextLine>
          <TextLine ID="r1l73" BASELINE="2767" HEIGHT="49" WIDTH="1373" VPOS="2718" HPOS="101">
            <String HEIGHT="49" WIDTH="203" VPOS="2718" HPOS="84" CONTENT="du-Mont," SUBS_TYPE="HypPart2" SUBS_CONTENT="Saintdu-Mont," ID="r1l73_1" STYLEREFS="FONT0"/>
            <SP HEIGHT="49" WIDTH="17" VPOS="2718" HPOS="287"/>
            <String HEIGHT="49" WIDTH="102" VPOS="2718" HPOS="237" CONTENT="et" ID="r1l73_2" STYLEREFS="FONT0"/>
            <SP HEIGHT="49" WIDTH="17" VPOS="2718" HPOS="338"/>
            <String HEIGHT="49" WIDTH="237" VPOS="2718" HPOS="287" CONTENT="reproduite" ID="r1l73_3" STYLEREFS="FONT0"/>
            <SP HEIGHT="49" WIDTH="17" VPOS="2718" HPOS="525"/>
            <String HEIGHT="49" WIDTH="136" VPOS="2718" HPOS="474" CONTENT="dans" ID="r1l73_4" STYLEREFS="FONT0"/>
            <SP HEIGHT="49" WIDTH="17" VPOS="2718" HPOS="610"/>
            <String HEIGHT="49" WIDTH="102" VPOS="2718" HPOS="559" CONTENT="ce" ID="r1l73_5" STYLEREFS="FONT0"/>
            <SP HEIGHT="49" WIDTH="17" VPOS="2718" HPOS="660"/>
            <String HEIGHT="49" WIDTH="186" VPOS="2718" HPOS="610" CONTENT="volume," ID="r1l73_6" STYLEREFS="FONT0"/>
            <SP HEIGHT="49" WIDTH="17" VPOS="2718" HPOS="796"/>
            <String HEIGHT="49" WIDTH="85" VPOS="2718" HPOS="745" CONTENT="a" ID="r1l73_7" STYLEREFS="FONT0"/>
            <SP HEIGHT="49" WIDTH="17" VPOS="2718" HPOS="830"/>
            <String HEIGHT="49" WIDTH="119" VPOS="2718" HPOS="779" CONTENT="été" ID="r1l73_8" STYLEREFS="FONT0"/>
            <SP HEIGHT="49" WIDTH="17" VPOS="2718" HPOS="898"/>
            <String HEIGHT="49" WIDTH="153" VPOS="2718" HPOS="847" CONTENT="tirée" ID="r1l73_9" STYLEREFS="FONT0"/>
            <SP HEIGHT="49" WIDTH="17" VPOS="2718" HPOS="999"/>
            <String HEIGHT="49" WIDTH="85" VPOS="2718" HPOS="949" CONTENT="à" ID="r1l73_10" STYLEREFS="FONT0"/>
            <SP HEIGHT="49" WIDTH="17" VPOS="2718" HPOS="1033"/>
            <String HEIGHT="49" WIDTH="153" VPOS="2718" HPOS="982" CONTENT="part," ID="r1l73_11" STYLEREFS="FONT0"/>
            <SP HEIGHT="49" WIDTH="17" VPOS="2718" HPOS="1135"/>
            <String HEIGHT="49" WIDTH="136" VPOS="2718" HPOS="1084" CONTENT="pour" ID="r1l73_12" STYLEREFS="FONT0"/>
            <SP HEIGHT="49" WIDTH="17" VPOS="2718" HPOS="1220"/>
            <String HEIGHT="49" WIDTH="119" VPOS="2718" HPOS="1169" CONTENT="les" ID="r1l73_13" STYLEREFS="FONT0"/>
            <SP HEIGHT="49" WIDTH="17" VPOS="2718" HPOS="1288"/>
            <String HEIGHT="49" WIDTH="153" VPOS="2718" HPOS="1237" CONTENT="trois" ID="r1l73_14" STYLEREFS="FONT0"/>
            <SP HEIGHT="49" WIDTH="17" VPOS="2718" HPOS="1389"/>
            <String HEIGHT="49" WIDTH="153" VPOS="2718" HPOS="1321" CONTENT="papiers" ID="r1l73_15" STYLEREFS="FONT0"/>
          </TextLine>
          <TextLine ID="r1l74" BASELINE="2812" HEIGHT="64" WIDTH="422" VPOS="2748" HPOS="91">
            <String HEIGHT="64" WIDTH="158" VPOS="2748" HPOS="73" CONTENT="grand" ID="r1l74_1" STYLEREFS="FONT0"/>
            <SP HEIGHT="64" WIDTH="18" VPOS="2748" HPOS="232"/>
            <String HEIGHT="64" WIDTH="193" VPOS="2748" HPOS="179" CONTENT="raisin," ID="r1l74_2" STYLEREFS="FONT0"/>
            <SP HEIGHT="64" WIDTH="18" VPOS="2748" HPOS="372"/>
            <String HEIGHT="64" WIDTH="211" VPOS="2748" HPOS="302" CONTENT="seulement." ID="r1l74_3" STYLEREFS="FONT0"/>
          </TextLine>
          <TextLine ID="r1l75" BASELINE="2910" HEIGHT="62" WIDTH="1025" VPOS="2848" HPOS="258">
            <String HEIGHT="62" WIDTH="171" VPOS="2848" HPOS="241" CONTENT="Paris." ID="r1l75_1" STYLEREFS="FONT0"/>
            <SP HEIGHT="62" WIDTH="17" VPOS="2848" HPOS="412"/>
            <String HEIGHT="62" WIDTH="85" VPOS="2848" HPOS="361" CONTENT="—" ID="r1l75_2" STYLEREFS="FONT0"/>
            <SP HEIGHT="62" WIDTH="17" VPOS="2848" HPOS="446"/>
            <String HEIGHT="62" WIDTH="256" VPOS="2848" HPOS="395" CONTENT="Typographie" ID="r1l75_3" STYLEREFS="FONT0"/>
            <SP HEIGHT="62" WIDTH="17" VPOS="2848" HPOS="651"/>
            <String HEIGHT="62" WIDTH="103" VPOS="2848" HPOS="600" CONTENT="de" ID="r1l75_4" STYLEREFS="FONT0"/>
            <SP HEIGHT="62" WIDTH="17" VPOS="2848" HPOS="702"/>
            <String HEIGHT="62" WIDTH="188" VPOS="2848" HPOS="651" CONTENT="Gaittet" ID="r1l75_5" STYLEREFS="FONT0"/>
            <SP HEIGHT="62" WIDTH="17" VPOS="2848" HPOS="839"/>
            <String HEIGHT="62" WIDTH="103" VPOS="2848" HPOS="788" CONTENT="et" ID="r1l75_6" STYLEREFS="FONT0"/>
            <SP HEIGHT="62" WIDTH="17" VPOS="2848" HPOS="890"/>
            <String HEIGHT="62" WIDTH="137" VPOS="2848" HPOS="839" CONTENT="Cie," ID="r1l75_7" STYLEREFS="FONT0"/>
            <SP HEIGHT="62" WIDTH="17" VPOS="2848" HPOS="975"/>
            <String HEIGHT="62" WIDTH="120" VPOS="2848" HPOS="924" CONTENT="rue" ID="r1l75_8" STYLEREFS="FONT0"/>
            <SP HEIGHT="62" WIDTH="17" VPOS="2848" HPOS="1044"/>
            <String HEIGHT="62" WIDTH="290" VPOS="2848" HPOS="993" CONTENT="Cit-le-Cœsur," ID="r1l75_9" STYLEREFS="FONT0"/>
            <SP HEIGHT="62" WIDTH="17" VPOS="2848" HPOS="1283"/>
            <String HEIGHT="62" WIDTH="68" VPOS="2848" HPOS="1215" CONTENT="7." ID="r1l75_10" STYLEREFS="FONT0"/>
          </TextLine>
        </TextBlock>
      </PrintSpace>
    </Page>
  </Layout>
</alto>
