1166 1966
78 19 532 68 —
290 19 532 68 3
397 19 319 68 —

167 89 134 45 Note
251 89 234 45 historique
435 89 117 45 sur
502 89 117 45 les
569 89 234 45 obélisques
753 89 100 45 de
786 89 117 45 Rome.

138 122 123 57 26370
221 122 151 57 CHARLES
330 122 110 57 XII,
399 122 165 57 illustre
522 122 96 57 roi
577 122 82 57 de
618 122 137 57 Suède.
714 122 69 57 —
742 122 123 57 L.
824 122 151 57 s.
934 122 82 57 13
961 122 151 57 septembre

137 177 122 56 1700,
219 177 68 56 2
246 177 81 56 p.
287 177 95 56 1/2
341 177 81 56 in
382 177 109 56 fol.
450 177 149 56 Superbe
558 177 136 56 pièce.
653 177 81 56 35
680 177 41 56 »

135 204 141 55 26371
229 204 172 55 CHÉNIER
354 204 156 55 (M.-J.
464 204 125 55 de),
542 204 141 55 poète
636 204 235 55 dramatique,
823 204 282 55 conventionnel,
1042 204 63 55 de

156 260 138 45 Acad.
248 260 107 45 fr.
310 260 77 45 —
340 260 138 45 L.
432 260 92 45 a.
478 260 154 45 s.
586 260 77 45 à
617 260 107 45 son
678 260 184 45 collègue
816 260 184 45 Arnault;
954 260 154 45 Paris,
1047 260 61 45 23

135 289 109 57 août
204 289 123 57 1810,
286 289 68 57 1
313 289 82 57 p.
354 289 123 57 in-8.
436 289 191 57 Très-jolie
586 289 137 57 pièce.
682 289 82 57 10
709 289 41 57 »

145 327 143 68 26372
240 327 206 68 CHERUBINI
399 327 143 68 (L.),
494 327 174 68 célèbre
620 327 238 68 compositeur
810 327 95 68 de
858 327 190 68 musique,
984 327 127 68 membre

141 370 67 56 de
174 370 168 56 l’Institut.
309 370 56 56 —
331 370 101 56 L.
399 370 123 56 s.
489 370 56 56 1
511 370 67 56 p.
545 370 101 56 in-8.
612 370 56 56 1
623 370 45 56 50

135 399 156 62 26373
239 399 364 62 CLERMONT-TONNERRE
551 399 225 62 (François
724 399 139 62 de),
810 399 173 62 évêque
932 399 104 62 de
966 399 139 62 Noyon,

130 451 158 48 membre
241 451 95 48 de
288 451 173 48 l’Acad.
414 451 95 48 fr
461 451 79 48 —
493 451 142 48 L.
587 451 95 48 a.
634 451 158 48 s.
745 451 95 48 au
792 451 173 48 marquis
918 451 95 48 de
949 451 158 48 Château-

135 488 129 43 neuf.
221 488 143 43 Noyon.
321 488 86 43 27
364 488 115 43 déc.
436 488 129 43 1681,
522 488 72 43 1
550 488 86 43 p.
593 488 100 43 pl.
650 488 115 43 pet.
722 488 129 43 in-4,
808 488 158 43 cachet.
908 488 201 43 Rare

987 522 143 51 30
1035 522 71 51 »

162 555 101 52 Il
213 555 185 52 demande
347 555 101 52 un
398 555 168 52 (arrêt
516 555 135 52 pour
600 555 202 52 empêcher
751 555 101 52 la
802 555 303 52 multiplication
1038 555 67 52 de

127 596 288 52 l’hérésie
349 596 177 52 dans
460 596 133 52 un
526 596 200 52 bourg
659 596 133 52 de
726 596 155 52 son
792 596 222 52 diocèse.

132 639 143 47 26374
227 639 175 47 DAUMIER
354 639 190 47 (Henri),
513 639 95 47 un
561 639 95 47 de
608 639 111 47 nos
672 639 206 47 meilleurs
830 639 302 47 caricaturistes.
1068 639 48 47 —

130 677 169 44 L.
243 677 113 44 a.
300 677 188 44 s.
431 677 94 44 à
469 677 113 44 La
525 677 282 44 Bédollière,
751 677 94 44 2
789 677 113 44 p.
845 677 188 44 in-12.
977 677 94 44 6
996 677 56 44 »

169 711 142 56 Prière
268 711 85 56 de
311 711 128 56 faire
397 711 114 56 dans
468 711 128 56 le
553 711 199 56 Siècle
710 711 85 56 un
753 711 157 56 article
867 711 100 56 sur
924 711 85 56 le
952 711 157 56 catalogue

124 735 199 66 Feuchère
273 735 99 66 et
323 735 99 66 de
373 735 199 66 signaler
522 735 182 66 surtout
654 735 99 66 le
704 735 182 66 Léonard
836 735 99 66 de
870 735 132 66 Vinci.

134 785 125 53 26375
217 785 125 53 DAVID
301 785 167 53 (J.-L.),
426 785 167 53 illustre
550 785 153 53 peintre
662 785 208 53 d’histoire,
828 785 250 53 conventionnel.
1022 785 42 53 —

138 830 115 45 L.
215 830 153 45 aut.
330 830 64 45 à
356 830 77 45 la
394 830 77 45 3e
432 830 166 45 personne.
560 830 64 45 à
586 830 128 45 Didot;
675 830 77 45 26
714 830 141 45 juillet
816 830 115 45 1794,
893 830 64 45 1
918 830 77 45 p.
944 830 64 45 pl.

133 865 77 47 in-8.
185 865 52 47 10
202 865 26 47 »

165 878 235 67 Intéressante
357 878 147 67 lettre
460 878 103 67 sur
518 878 103 67 des
577 878 162 67 dessins
695 878 132 67 qu’il
783 878 132 67 vient
872 878 88 67 de
901 878 103 67 faire

138 938 73 53 pour
183 938 82 53 Didot
238 938 55 53 et
265 938 64 53 qui
302 938 100 53 devront
375 938 73 53 être
420 938 91 53 gravés
484 938 64 53 par
512 938 118 53 Battolozzi.

133 982 113 42 26376
209 982 138 42 DECAMPS
309 982 138 42 (A.G.),
409 982 75 42 le
446 982 138 42 célèbre
546 982 138 42 peintre
646 982 75 42 de
684 982 125 42 genre.
771 982 63 42 —
796 982 113 42 L.
871 982 75 42 a.
896 982 113 42 s.

154 1020 49 49 1
174 1020 59 49 p.
203 1020 69 49 pl.
243 1020 89 49 in-8.
302 1020 59 49 10
321 1020 30 49 »

169 1054 199 49 Relative
318 1054 83 49 à
352 1054 99 49 un
401 1054 182 49 croquis
534 1054 149 49 qu’on
633 1054 116 49 lui
699 1054 83 49 a
732 1054 232 49 représenté
914 1054 149 49 comme
997 1054 116 49 étant

130 1082 91 61 de
175 1082 122 61 lui.
252 1082 91 61 Il
297 1082 91 61 ne
343 1082 167 61 saurait
465 1082 183 61 garantir
602 1082 91 61 un
647 1082 107 61 tel
708 1082 183 61 croquis,
845 1082 152 61 lequel
952 1082 107 61 est
997 1082 107 61 peut-

135 1132 129 49 être
215 1132 97 49 un
264 1132 145 49 pêché
361 1132 97 49 de
393 1132 177 49 jeunesse.

145 1167 139 47 26377
237 1167 92 47 DE
283 1167 154 47 GUERRY
391 1167 200 47 (l’abbé),
545 1167 123 47 curé
622 1167 92 47 de
668 1167 92 47 la
714 1167 216 47 Madeleine,
883 1167 92 47 un
930 1167 108 47 des
976 1167 123 47 ôtages

133 1209 93 43 de
179 1209 93 43 la
225 1209 186 43 Commune,
365 1209 170 43 fusillé
489 1209 93 43 le
535 1209 93 43 24
582 1209 108 43 mai
643 1209 139 43 1871.
736 1209 77 43 —
767 1209 139 43 L.
860 1209 93 43 a.
907 1209 170 43 s.
1031 1209 77 43 1
1046 1209 62 43 p.

136 1244 91 54 in-8.
197 1244 51 54 4
207 1244 30 54 »

130 1289 146 43 26378
227 1289 210 43 DELAVIGNE
389 1289 226 43 (Casimir),
566 1289 178 43 célèbre
696 1289 146 43 poète
793 1289 243 43 dramatique,
971 1289 129 43 membre

319 1326 74 49 de
356 1326 136 49 l’Acad.
455 1326 87 49 fr.
505 1326 62 49 —
529 1326 112 49 L.
604 1326 74 49 a.
641 1326 124 49 s.
728 1326 62 49 à
752 1326 99 49 son.
814 1326 112 49 père,
889 1326 74 49 au
926 1326 136 49 Hâvre;.
1013 1326 99 49 Paris,

135 1361 166 42 décembre
260 1361 125 42 1809,
343 1361 69 42 1
371 1361 83 42 p.
412 1361 97 42 3/4
468 1361 125 42 in-4.
551 1361 83 42 10
578 1361 42 42 »

169 1374 145 66 Lettre
271 1374 160 66 intime,
387 1374 145 66 écrite
489 1374 131 66 alors
576 1374 131 66 qu’il
663 1374 131 66 était
750 1374 87 66 au
793 1374 174 66 collégé.
938 1374 87 66 Il
967 1374 131 66 annonce

138 1432 80 48 à
170 1432 112 48 son
234 1432 128 48 père
314 1432 144 48 qu’il
410 1432 128 48 fait
490 1432 112 48 des
554 1432 128 48 vers
635 1432 192 48 français
779 1432 96 48 et
827 1432 112 48 que
891 1432 128 48 ceux
971 1432 144 48 qu’il
1051 1432 48 48 a

141 1470 195 46 adressés
287 1470 81 46 à
320 1470 114 46 son
385 1470 146 46 oncle
482 1470 114 46 ont
547 1470 98 46 eu
596 1470 98 46 un
645 1470 146 46 grand
726 1470 146 46 succès.

137 1504 138 53 26379
229 1504 168 53 DEROME,
351 1504 92 53 un
397 1504 107 53 des
458 1504 123 53 plus
535 1504 184 53 célèbres
673 1504 184 53 relieurs
811 1504 92 53 du
857 1504 153 53 XVIIIé
964 1504 168 53 siècle.
1071 1504 46 53 —

137 1551 179 47 Certificat
278 1551 141 47 aut.
380 1551 153 47 sig
495 1551 128 47 Paris,
584 1551 77 47 21
623 1551 89 47 mai
674 1551 115 47 1790,
750 1551 89 47 1/4
802 1551 77 47 de
840 1551 77 47 p.
878 1551 115 47 in-4.
955 1551 64 47 7
968 1551 38 47 »

172 1584 132 49 Note
255 1584 99 49 de
305 1584 198 49 reliures
454 1584 215 49 exécutées
619 1584 132 49 pour
702 1584 99 49 la
751 1584 149 49 ville
851 1584 99 49 de
884 1584 132 49 Paris.

136 1617 150 56 26380
236 1617 216 56 DESBORDES
402 1617 183 56 VALMORE
536 1617 249 56 (Marceline)
735 1617 183 56 célèbre
868 1617 166 56 femine
968 1617 133 56 poète.

130 1665 72 45 —
158 1665 129 45 La
245 1665 201 45 fuite
403 1665 129 45 pièce
489 1665 86 45 de
532 1665 115 45 vers
604 1665 158 45 aut.
720 1665 173 45 sig
849 1665 115 45 3-p.
921 1665 86 45 in
964 1665 115 45 fol.
1036 1665 72 45 7
1050 1665 58 45 50

143 1695 144 56 26381
239 1695 160 56 DUBOIS
351 1695 112 56 (le
415 1695 192 56 cardinal
559 1695 240 56 Guillaume),
750 1695 96 56 le
798 1695 160 56 fameux
910 1695 176 56 premier
1022 1695 80 56 mi-

424 1742 106 45 nistre
499 1742 64 45 du
530 1742 116 45 Régent.
615 1742 53 45 —
636 1742 95 45 L.
700 1742 106 45 s.
774 1742 64 45 au
806 1742 127 45 maréchal
901 1742 64 45 de
933 1742 127 45 Berwick;
1017 1742 85 45 Paris,

134 1779 82 58 27
175 1779 95 58 mai
230 1779 122 58 1719,
311 1779 68 58 1
338 1779 82 58 p.
379 1779 95 58 1/2
433 1779 82 58 in
474 1779 109 58 fol.
542 1779 82 58 10
569 1779 41 58 »

167 1812 157 53 Pièce
271 1812 244 53 historique
462 1812 122 53 sur
532 1812 104 53 la
584 1812 278 53 condamnation
810 1812 122 53 par
880 1812 104 53 le
915 1812 191 53 Parlement

128 1852 103 53 de
179 1852 154 53 Paris
282 1852 103 53 de
333 1852 103 53 la
385 1852 257 53 déclaration
590 1852 103 53 du
642 1852 120 53 roi
710 1852 223 53 d’Espagne
882 1852 171 53 contre
984 1852 69 53 le

151 1897 125 46 gent.
