1255 2086
52 18 91 60 Ce
97 18 166 60 nouveau
218 18 151 60 volume
324 18 91 60 de
370 18 182 60 l’auteur
506 18 106 60 des
566 18 197 60 Neiges
718 18 227 60 d’antan
899 18 182 60 comprend
1036 18 151 60 quatre
1126 18 76 60 lé-

9 66 165 55 gendes:
129 66 240 55 Christine
324 66 90 55 de
369 66 150 55 Suède;
474 66 75 55 —
504 66 180 55 L’ermite
638 66 90 55 de
683 66 210 55 Franchard;
848 66 75 55 —
878 66 225 55 Moretta
1043 66 165 55 (histoire

667 102 200 52 Marjolaine

7 115 95 38 de
55 115 95 38 la
102 115 237 38 mystérieuse
292 115 222 38 religieuse
466 115 95 38 de
514 115 174 38 Moret);
625 115 47 38 —

1018 147 186 68 traduc-

0 137 303 87 Giulietta
246 137 114 87 et
303 137 265 87 Romeo,
511 137 227 87 nouvelle
681 137 114 87 de
738 137 170 87 Luigi
852 137 114 87 da
890 137 151 87 Porto,

1020 205 111 55 16
1056 205 148 55 jésus,

43 213 171 50 tion,
157 213 209 50 préface
309 213 114 50 et
366 213 171 50 notes
480 213 133 50 par
557 213 171 50 Henry
671 213 209 50 Cochin.
823 213 95 50 1
861 213 152 50 vol.
937 213 95 50 in

1020 250 188 66 ’œuvres

979 249 90 67 d’

46 246 162 70 orné
147 246 122 70 de
208 246 162 70 deux
310 246 244 70 planches
492 246 244 70 gravées,
675 246 122 70 de
716 246 304 70 reproductions

1049 291 192 51 10
1113 291 96 51 »

43 294 171 53 d’art
157 294 114 53 et
214 294 114 53 de
272 294 267 53 monuments,
481 294 114 53 de
538 294 248 53 paysages,
710 294 114 53 etc.

1085 339 126 56 »

1123 342 50 44 g8

1016 335 132 51 25

44 341 176 71 Douze
161 341 293 71 exemplaires
395 341 137 71 sur
473 341 195 71 papier
609 341 117 71 de
648 341 156 71 Chine.

-10 390 338 80 Peintres
261 390 135 80 et
328 390 315 80 statuaires
576 390 450 80 romantiques,
958 390 158 80 par
1026 390 180 80 Ernest

1078 447 135 56 3
1105 447 108 56 50

47 456 246 63 Chesneau.
236 456 95 63 1
274 456 151 63 vol.
369 456 170 63 in-18
464 456 151 63 jésus.

45 498 99 65 I.
94 498 131 65 Paul
176 498 148 65 Huet.
275 498 82 65 —
307 498 115 65 II.
373 498 115 65 Les
439 498 164 65 petits
554 498 263 65 romantiques.
767 498 164 65 Eugène
882 498 99 65 et
932 498 181 65 Achille
1047 498 164 65 Devéria,

6 551 97 46 M.
54 551 195 46 Auguste,
200 551 211 46 Poterlet,
363 551 211 46 Philippe,
525 551 211 46 Comairas,
687 551 178 46 Antonin
817 551 162 46 Moine,
930 551 243 46 Saint-Evre,
1109 551 97 46 Cha

1086 583 102 32 —

7 591 221 43 ponnière,
177 591 238 43 Grevenich.
364 591 85 43 —
398 591 136 43 III.
483 591 153 43 Louis
585 591 238 43 Boulanger.
771 591 85 43 —
805 591 119 43 IV.
873 591 187 43 Auguste
992 591 170 43 Préault.

772 611 86 58 —
806 611 138 58 VII.
893 611 173 58 Eugène
996 611 207 58 Delacroix.

332 612 87 57 —
366 612 122 57 VI.
436 612 209 57 Constant
575 612 209 57 Dutilleux.

8 621 109 51 V.
62 621 164 51 Jules
153 621 200 51 Klagmann.

2 652 88 50 —
38 652 158 50 VIII.
143 652 211 50 Théodore
301 652 228 50 Rousseau.
476 652 88 50 —
511 652 123 50 IX.
581 652 175 50 Octave
704 652 228 50 Tassaert.
880 652 88 50 —
915 652 105 50 X.
950 652 263 50 Jean

-14 697 152 60 Millet.

3 735 320 68 Archives
254 735 160 68 des
346 735 365 68 corporations
642 735 160 68 des
734 735 183 68 arts
848 735 137 68 et
893 735 320 68 métiers,

50 786 239 55 documents
233 786 294 55 collationnés
473 786 110 55 et
528 786 257 55 réimprimés
730 786 129 55 par
803 786 129 55 les
877 786 165 55 soins
987 786 110 55 de
1024 786 184 55 Georges-

50 838 236 61 Claudius
208 838 216 61 Lavergne.

45 879 139 61 Les
125 879 239 61 archives
304 879 139 61 des
384 879 319 61 corporations
643 879 279 61 paraissent
862 879 139 61 par
941 879 279 61 fascicules
1140 879 80 61 de

4 923 107 70 32
58 923 161 70 pages
165 923 215 70 environ,
326 923 143 70 avec
416 923 251 70 vignettes,
613 923 161 70 têtes
720 923 107 70 de
774 923 179 70 pages,
899 923 215 70 fleurons
1060 923 107 70 et
1096 923 107 70 fac

-14 990 185 60 similés.

1085 1021 125 58 1
1110 1021 100 58 50

54 1023 188 71 Chaque
167 1023 225 71 fascicule.

1079 1069 134 69 2
1106 1069 107 69 50

51 1064 118 79 Le
110 1064 177 79 même,
229 1064 138 79 sur
308 1064 197 79 papier
446 1064 118 79 de
485 1064 217 79 Hollande.

52 1133 127 70 Les
125 1133 164 70 trois
234 1133 218 70 premiers
398 1133 255 70 fascicules
598 1133 146 70 sont
689 1133 109 70 en
725 1133 146 70 vente.

43 1167 107 79 1er
104 1167 214 79 fascicule:
272 1167 168 79 Mémoire
394 1167 76 79 à
424 1167 198 79 consulter
577 1167 107 79 sur
638 1167 229 79 l’existence
821 1167 107 79 des
882 1167 107 79 six
943 1167 137 79 corps
1035 1167 92 79 et
1081 1167 92 79 la
1111 1167 92 79 con-

5 1227 202 56 servation
161 1227 93 56 de
207 1227 140 56 leurs
301 1227 233 56 privilèges,
487 1227 155 56 rédigé
596 1227 109 56 par
658 1227 202 56 Delacroix
813 1227 93 56 en
844 1227 109 56 1776.

49 1252 92 68 2e
95 1252 214 68 fascicule:
263 1252 77 68 —
294 1252 168 68 Extrait
416 1252 92 68 de
462 1252 92 68 la
508 1252 214 68 Gazette
677 1252 92 68 de
723 1252 214 68 France
891 1252 92 68 du
937 1252 92 68 22
983 1252 123 68 mars
1059 1252 138 68 1776;-

15 1299 182 55 Discours
151 1299 91 55 du
197 1299 197 55 président
348 1299 182 55 d’Aligre
484 1299 91 55 au
530 1299 106 55 lit
590 1299 91 55 de
636 1299 167 55 justice
757 1299 121 55 tenu
832 1299 76 55 à
863 1299 212 55 Versailles
1029 1299 121 55 près
1105 1299 91 55 le
1135 1299 76 55 Roi

297 1341 84 48 —
331 1341 202 48 Extraits
482 1341 118 48 des
550 1341 303 48 procès-verbaux
802 1341 118 48 des
869 1341 185 48 séances
1004 1341 168 48 tenues
1122 1341 84 48 à
1139 1341 67 48 la

14 1349 102 50 le
65 1349 102 50 12
116 1349 136 50 mars
184 1349 119 50 1776.

11 1374 173 55 chambre
137 1374 110 55 des
200 1374 173 55 comptes
326 1374 110 55 par
389 1374 205 55 Monsieur,
547 1374 95 55 et
594 1374 79 55 à
626 1374 95 55 la
673 1374 126 55 cour
752 1374 110 55 des
815 1374 142 55 aides
910 1374 110 55 par
973 1374 95 55 le
1020 1374 142 55 comte
1099 1374 110 55 d’Ar-

13 1411 145 54 tois,
110 1411 97 54 le
158 1411 97 54 19
207 1411 145 54 mars,
303 1411 129 54 pour
384 1411 323 54 l’enregistrement
658 1411 97 54 de
707 1411 161 54 l’édit
820 1411 178 54 portant
949 1411 242 54 suppression
1126 1411 81 54 des

15 1456 185 62 jurandes
153 1456 92 62 et
184 1456 185 62 maîtrises.

53 1462 104 74 3e
105 1462 242 74 fascicule:
295 1462 207 74 Discours
450 1462 207 74 prononcé
606 1462 121 74 par
675 1462 294 74 Antoine-Louis
917 1462 207 74 Séguier,
1055 1462 156 74 avocat-

14 1521 201 53 général,
165 1521 100 53 au
215 1521 117 53 lit
282 1521 100 53 de
332 1521 184 53 justice
466 1521 100 53 du
516 1521 100 53 12
566 1521 134 53 mars
650 1521 150 53 1776.
750 1521 100 53 Ce
800 1521 217 53 fascicule
967 1521 217 53 contient,
1118 1521 100 53 dans

16 1553 207 60 l’édition
175 1553 111 60 sur
239 1553 159 60 papier
350 1553 95 60 de
398 1553 207 60 Hollande,
557 1553 95 60 un
605 1553 127 60 beau
684 1553 191 60 portrait
827 1553 95 60 de
875 1553 191 60 Séguier,
1018 1553 175 60 d’après
1129 1553 80 60 Co

-6 1603 120 63 chin.

185 1987 151 55 1426.
286 1987 84 55 —
319 1987 234 55 ABBEVILLE.
503 1987 84 55 —
537 1987 134 55 TYP.
621 1987 100 55 ET
671 1987 151 55 STÉR.
771 1987 184 55 GUSTAVE
888 1987 151 55 RETAUX.

1064 1979 108 70 iov.
1118 1979 41 70 à
