1291 2067
577 15 66 61 —
603 15 79 61 11
630 15 40 61 —

151 89 160 52 29309.
263 89 224 52 MONTFAUCON
439 89 192 52 (Bernard
583 89 128 52 de),
663 89 224 52 l’illustre
838 89 240 52 bénédictin.
1030 89 80 52 —
1062 89 96 52 L.
1110 89 96 52 a.
1142 89 64 52 s.

187 137 76 50 à
217 137 166 50 Boivin;
338 137 106 50 1er
399 137 166 50 juillet
520 137 136 50 1724,
611 137 106 50 1/2
671 137 91 50 p.
717 137 136 50 in-4.
807 137 91 50 10
838 137 45 50 »

178 183 76 41 Il
216 183 88 41 lui
267 183 139 41 renvoie
368 183 88 41 les
418 183 126 41 quatre
507 183 177 41 manuscrits
645 183 76 41 de
671 183 151 41 Théocrite.

150 213 156 60 29310.
259 213 233 60 MONTMORENCY
446 213 140 60 (Anne
540 213 125 60 de),
617 213 218 60 l’illustre
789 213 218 60 connétable
960 213 93 60 de
1006 213 171 60 France.
1115 213 47 60 —

176 266 111 56 L.
232 266 130 56 s.;
306 266 185 56 Mauny,
436 266 93 56 5
473 266 130 56 mai
547 266 167 56 1535,
658 266 130 56 1/4
732 266 111 56 de
788 266 111 56 p.
843 266 204 56 in-fol.
992 266 111 56 Le
1029 266 185 56 derrière

189 301 93 58 de
235 301 93 58 la
281 301 139 58 pièce
374 301 108 58 est
436 301 170 58 couvert
560 301 93 58 de
607 301 155 58 notes.
715 301 77 58 6
731 301 46 58 »

148 332 176 83 29311.
272 332 265 83 MONTMORENCY
484 332 176 83 (Henri
607 332 124 83 II,
678 332 124 83 duc
748 332 141 83 de),
836 332 212 83 maréchal
995 332 106 83 de
1048 332 176 83 France
1154 332 53 83 »

184 394 218 52 décapité
347 394 109 52 en
402 394 163 52 1632.
510 394 91 52 —
547 394 109 52 P.
601 394 127 52 s.;
674 394 218 52 Béziers,
837 394 109 52 22
892 394 127 52 mai
964 394 163 52 1624,
1073 394 127 52 1/2
1127 394 73 52 p.

187 437 181 64 in-fol.,
323 437 166 64 cachet.
443 437 136 64 Belle
534 437 151 64 pièce.
640 437 75 64 6
655 437 45 64 »

155 461 163 93 29312.
269 461 146 93 MORIN
366 461 146 93 (A.),
464 461 195 93 général,
610 461 211 93 directeur
773 461 98 93 du
822 461 277 93 Conservatoire
1049 461 114 93 des
1098 461 114 93 arts-

187 525 275 60 et-métiers,
407 525 184 60 membre
536 525 110 60 de
591 525 202 60 l’Acad.
738 525 129 60 des
811 525 239 60 sciences.
995 525 92 60 —
1031 525 110 60 L.
1086 525 110 60 a.
1123 525 92 60 s.,

193 571 66 60 1
219 571 79 60 p.
259 571 92 60 1/2
311 571 118 60 in-8.
390 571 66 60 2
403 571 53 60 50

6 616 189 57 29313.
138 616 358 57 MOUTON-DUVERNET
440 616 132 57 (R.
515 616 151 57 B.),
610 616 207 57 célèbre
760 616 226 57 général,
930 616 207 57 fusillé
1081 616 94 57 à
1100 616 113 57 Lyon

186 657 99 60 en
236 657 149 60 1816.
335 657 83 60 —
368 657 149 60 L.
467 657 165 60 a
583 657 99 60 s.
632 657 99 60 au
682 657 149 60 maire
781 657 99 60 de
830 657 149 60 Lyon;
929 657 165 60 prison
1045 657 99 60 de
1078 657 132 60 Roanne

195 697 108 66 et
267 697 72 66 au
303 697 180 66 secret
447 697 60 66 4
471 697 96 66 juin
531 697 108 66 1816,
603 697 60 66 1
627 697 72 66 p.
663 697 108 66 in-4.
735 697 192 66 Rare
891 697 60 66 4
903 697 48 66 50

8 739 180 69 29314.
134 739 216 69 NANTEUIL
296 739 270 69 (Célestin),
512 739 198 69 peintre
656 739 108 69 et
710 739 288 69 dessinateur,
944 739 126 69 qui
1016 739 90 69 a
1034 739 180 69 illustré

195 790 106 54 la
248 790 194 54 plupart
389 790 123 54 des
460 790 211 54 ouvrages
618 790 106 54 de
671 790 194 54 l’école
812 790 264 54 romantique.
1023 790 88 54 —
1058 790 106 54 L.
1111 790 106 54 a.
1147 790 70 54 s.

187 823 97 78 à
225 823 273 78 DUSEIGNEUR
440 823 136 78 (le
518 823 292 78 sculpteur);
751 823 117 78 (4
810 823 156 78 déc.
907 823 195 78 1835),
1044 823 97 78 1
1083 823 117 78 p.
1122 823 97 78 1/2

193 877 89 50 in-8.
252 877 49 50 6
262 877 30 50 »

188 901 179 58 Charmante
326 901 138 58 épître
423 901 83 58 où
464 901 83 58 il
505 901 83 58 le
547 901 110 58 prie
616 901 83 58 de
657 901 96 58 lui
712 901 165 58 procurer
836 901 83 58 un
877 901 193 58 exemplaire
1029 901 96 58 sur
1084 901 124 58 Chine
1153 901 69 58 des

162 954 126 47 Contes
259 954 58 47 de
278 954 145 47 Perrault

157 988 168 56 29315.
275 988 201 56 NAPOLÉON
426 988 118 56 Ier
493 988 201 56 empereur
644 988 118 56 des
711 988 218 56 Français.
879 988 84 56 —
913 988 101 56 L.
963 988 134 56 sig.
1047 988 101 56 Ne
1097 988 101 56 au
1131 988 84 56 duc

198 1030 96 52 de
246 1030 175 52 Rovigo;
373 1030 159 52 Paris,
485 1030 80 52 8
516 1030 143 52 avril
612 1030 143 52 1815,
707 1030 111 52 1/2
771 1030 96 52 p.
819 1030 143 52 in-4.
914 1030 96 52 25
946 1030 48 52 »

199 1067 178 57 Importante
339 1067 140 57 lettre,
441 1067 127 57 écrite
530 1067 140 57 pendant
631 1067 89 57 les
682 1067 102 57 Cent
746 1067 127 57 jours.
835 1067 153 57 Napoléon
949 1067 140 57 ordonne
1051 1067 89 57 que
1102 1067 102 57 tous
1152 1067 64 57 les

165 1106 236 51 mousquetaires
359 1106 83 51 et
401 1106 139 51 autres
498 1106 180 51 personnes
637 1106 83 51 de
678 1106 83 51 la
720 1106 139 51 maison
817 1106 83 51 du
858 1106 97 51 Roi
914 1106 139 51 soient
1011 1106 180 51 désarmés.
1136 1106 83 51 (Les

161 1139 136 55 lettres
260 1139 74 55 de
297 1139 112 55 cette
371 1139 136 55 période
471 1139 99 55 sont
520 1139 174 55 très

163 1149 174 81 29316.
284 1149 191 81 OLIVIER
423 1149 261 81 (François),
632 1149 156 81 garde
736 1149 122 81 des
805 1149 174 81 sceaux
927 1149 104 81 et
979 1149 243 81 chancelier
1153 1149 69 81 de

198 1212 180 79 France
324 1212 144 79 sous
414 1212 216 79 François
576 1212 144 79 Ier.
666 1212 90 79 —
702 1212 108 79 P.
755 1212 126 79 s.,
827 1212 126 79 sur
899 1212 180 79 vélin;
1025 1212 162 79 1546,
1133 1212 90 79 1
1151 1212 72 79 p.

201 1266 156 57 in-fol.
314 1266 156 57 oblong.
427 1266 71 57 4
442 1266 42 57 »

149 1294 167 77 29317.
266 1294 184 77 PALAFOX
400 1294 217 77 (Joseph),
567 1294 184 77 général
700 1294 217 77 espagnol,
867 1294 234 77 l’héroïque
1034 1294 184 77 défenseur

202 1346 111 56 de
258 1346 259 56 Saragosse.
462 1346 93 56 —
499 1346 111 56 L.
554 1346 130 56 s.,
628 1346 148 56 avec
721 1346 148 56 sept
814 1346 185 56 lignes
943 1346 296 56 autographes,
1165 1346 56 56 à

195 1388 126 59 D.
258 1388 230 59 Clément
425 1388 251 59 Madrazo;
613 1388 230 59 Madrid,
781 1388 188 59 1835,
906 1388 105 59 1
948 1388 126 59 p.
1011 1388 146 59 1/2
1074 1388 146 59 in

206 1440 109 58 Belle
278 1440 121 58 pièce.
363 1440 60 58 7
375 1440 48 58 50

161 1478 168 67 29318.
279 1478 151 67 PARRY
379 1478 151 67 (W.),
480 1478 185 67 célèbre
615 1478 235 67 navigateur
799 1478 201 67 anglais,
950 1478 118 67 qui
1018 1478 185 67 explora
1135 1478 84 67 les

198 1520 188 68 glaces
330 1520 113 68 du
386 1520 150 68 Pôle
480 1520 169 68 nord.
592 1520 94 68 —
630 1520 113 68 L.
686 1520 113 68 a.
743 1520 113 68 s.
799 1520 94 68 à
837 1520 207 68 Croker;
987 1520 94 68 6
1024 1520 150 68 mars
1099 1520 113 68 1839

234 1576 50 66 1
254 1576 60 66 p.
284 1576 90 66 in-8.
344 1576 50 66 5
354 1576 30 66 »

231 1591 148 85 29319.
335 1591 104 85 PIE
394 1591 104 85 IX,
453 1591 133 85 pape.
542 1591 74 85 —
572 1591 89 85 L.
616 1591 104 85 a.;
675 1591 89 85 s.
720 1591 89 85 au
764 1591 192 85 chevalier
912 1591 192 85 Poccioni,
1045 1591 178 85 lieutenant

207 1656 126 58 des
279 1656 269 58 carabiniers
494 1656 269 58 pontificaux
710 1656 90 58 à
745 1656 162 58 Lugo;
853 1656 179 58 Imola,
979 1656 108 58 18
1033 1656 144 58 août
1104 1656 108 58 1843

207 1701 97 50 1/2
263 1701 83 50 p.
304 1701 139 50 in-f.,
402 1701 153 50 cachet.
513 1701 83 50 25
540 1701 42 50 »

204 1715 111 75 Belle
278 1715 124 75 lettre
364 1715 148 75 relative
476 1715 62 75 à
500 1715 87 75 des
550 1715 148 75 troubles
661 1715 148 75 survenus
772 1715 62 75 à
797 1715 148 75 Bologne.
908 1715 87 75 Les
957 1715 161 75 désordres
1081 1715 99 75 sont
1130 1715 87 75 main-

173 1773 128 44 tenant
263 1773 154 44 confinés
378 1773 103 44 dans
443 1773 90 44 les
494 1773 180 44 montagnes.
635 1773 90 44 Ils
686 1773 128 44 seront
776 1773 154 44 réprimés
891 1773 90 44 par
943 1773 90 44 les
994 1773 128 44 forces
1084 1773 141 44 sorties
1174 1773 51 44 de

171 1802 78 55 la
210 1802 131 55 ville.
301 1802 91 55 Ces
354 1802 157 55 troubles
471 1802 104 55 sont
536 1802 209 55 généralement
706 1802 209 55 désapprouvés
876 1802 78 55 et
915 1802 78 55 il
954 1802 78 55 ne
993 1802 131 55 craint
1084 1802 91 55 pas
1124 1802 104 55 qu’ill

167 1844 118 54 aient
246 1844 79 54 de
285 1844 171 54 fâcheuses
403 1844 197 54 conséquences.

175 1858 149 80 29320.
280 1858 179 80 RAUCOURT
414 1858 164 80 (Mlle),
534 1858 164 80 célèbre
653 1858 164 80 actrice
773 1858 90 80 de
817 1858 90 80 la
862 1858 329 80 Comédie-Française.
1131 1858 45 80 —

210 1916 95 67 L.
258 1916 95 67 a.
305 1916 95 67 s.
353 1916 95 67 au
401 1916 175 67 célèbre
528 1916 159 67 acteur
639 1916 159 67 Lafon;
750 1916 79 67 6
782 1916 111 67 mai
845 1916 143 67 1813,
940 1916 111 67 1/2
1004 1916 95 67 p.
1036 1916 79 67 in-

215 1967 76 65 4.
253 1967 114 65 Jolie
330 1967 140 65 lettre.
431 1967 64 65 6
444 1967 38 65 »
