1270 2036
539 25 115 55 —
585 25 138 55 12
631 25 69 55 —

8 78 189 63 29321.
140 78 227 63 RENAUDOT
310 78 227 63 (Isaac),
480 78 151 63 fils
575 78 113 63 de
631 78 302 63 Théophraste,
877 78 208 63 médecin
1009 78 208 63 ordinaire

190 137 108 45 de
244 137 162 45 Louis
352 137 144 45 XIV.
442 137 90 45 —
479 137 108 45 P.
533 137 126 45 s.,
605 137 126 45 sur
677 137 180 45 vélin;
803 137 90 45 5
839 137 162 45 avril
947 137 162 45 1680,
1056 137 90 45 1
1092 137 108 45 p.
1128 137 90 45 in-

196 175 65 62 8
222 175 144 62 oblong.
327 175 65 62 3
340 175 39 62 »

151 212 163 71 29322.
265 212 196 71 RENAUDOT
411 212 212 71 (Eusèbe),
574 212 147 71 frère
672 212 98 71 du
721 212 228 71 précédent,
900 212 179 71 médecin
1014 212 196 71 distingué.

247 274 75 47 —
277 274 90 47 P.
322 274 105 47 s.;
382 274 75 47 2
412 274 120 47 août
487 274 135 47 1647,
578 274 75 47 1
608 274 90 47 p.
653 274 105 47 1/2
713 274 165 47 in-fol.
833 274 75 47 3
848 274 45 47 »

150 305 162 92 29323.
263 305 146 92 RONGE
361 305 179 92 (Jean),
491 305 146 92 curé,
588 305 162 92 fameux
702 305 309 92 révolutionnaire
962 305 211 92 allemand.
1108 305 49 92 —

193 368 88 54 L.
237 368 88 54 a.
281 368 103 54 s.;
340 368 117 54 déc.
413 368 132 54 1854,
501 368 73 54 2
530 368 88 54 p.
574 368 103 54 1/2
633 368 132 54 in-8.
721 368 132 54 Belle
808 368 146 54 pièce.
911 368 234 54 Rare
1101 368 73 54 6
1116 368 44 54 »

11 411 180 52 29324.
137 411 198 52 ROSSINI
281 411 162 52 (G.),
390 411 252 52 l’illustre
588 411 270 52 compositeur
804 411 108 52 de
858 411 216 52 musique.
1021 411 90 52 —
1057 411 108 52 L.
1111 411 108 52 a.
1147 411 72 52 s.

192 464 75 64 à
222 464 195 64 Severini,
372 464 105 64 1/2
432 464 90 64 p.
477 464 150 64 in-18.
582 464 75 64 7
597 464 60 64 50

133 499 153 68 29325.
240 499 168 68 ROUCHER
362 499 214 68 (J.-Ant.),
530 499 153 68 poëte,
637 499 153 68 auteur
744 499 107 68 des
805 499 245 68 Mois
1004 499 183 68 décapité
1126 499 92 68 avec

200 558 143 47 André
295 558 191 47 Chénier.
438 558 79 47 —
470 558 95 47 P.
518 558 111 47 s.,
581 558 127 47 sig.
661 558 143 47 aussi
756 558 111 47 par
820 558 191 47 Court
963 558 95 47 de
995 558 222 47 Gébelin

197 594 100 70 le
247 594 216 70 président
414 594 300 70 Dupaty
664 594 150 70 etc.;
763 594 117 70 1er
830 594 117 70 mai
897 594 150 70 1779,
997 594 83 70 1
1030 594 100 70 p.
1063 594 150 70 in

204 642 135 49 cachet.
302 642 61 49 5
314 642 37 49 »

188 674 114 58 C’est
264 674 76 58 la
302 674 152 58 dernière
416 674 139 58 feuille
517 674 101 58 d’un
580 674 126 58 arrêté
668 674 76 58 de
706 674 76 58 la
744 674 101 58 loge
807 674 88 58 des
858 674 101 58 Neuf
908 674 101 58 sœurs.

161 721 149 56 29326.
265 721 179 56 SAINTINE
399 721 179 56 (X.-B.),
534 721 179 56 l’auteur
668 721 89 56 de
712 721 238 56 Picciola.
906 721 75 56 —
936 721 179 56 Fragment
1055 721 164 56 d’une

195 758 237 49 tragédie
385 758 95 49 de
433 758 237 49 Thémistoole
623 758 253 49 inédite
828 758 142 49 pièce
923 758 95 49 de
971 758 127 49 vers
1050 758 127 49 aut.
1113 758 111 49 sig.,

204 802 72 59 1
232 802 86 59 p.
276 802 115 59 in-8
347 802 158 59 oblong.
462 802 72 59 5
477 802 43 59 »

161 834 176 75 29327.
285 834 176 75 STRUVE
408 834 158 75 (W.),
514 834 194 75 célèbre
654 834 229 75 astronome
831 834 229 75 allemand.
1007 834 88 75 —
1042 834 106 75 L.
1095 834 106 75 a.
1130 834 88 75 s.;

195 903 206 63 Dorpat,
345 903 112 63 29
401 903 150 63 mars
495 903 168 63 1825,
607 903 94 63 1
644 903 112 63 p.
700 903 131 63 pl.
775 903 168 63 in-8.
887 903 168 63 Jolie
1000 903 206 63 lettre.
1149 903 94 63 5
1168 903 56 63 »

155 946 171 54 29328.
274 946 119 54 SUE
343 946 222 54 (Eugène),
513 946 102 54 le
564 946 188 54 célèbre
701 946 239 54 romancier.
889 946 85 54 —
923 946 102 54 L.
974 946 102 54 a.
1025 946 119 54 s.;
1093 946 137 54 rade
1162 946 68 54 de

192 994 180 44 Toulon,
323 994 98 44 12
372 994 131 44 déc.
453 994 147 44 1827,
552 994 82 44 1
584 994 98 44 p.
633 994 147 44 in-4.
732 994 82 44 5
748 994 49 44 »

197 1019 82 69 Il
238 1019 151 69 demande
348 1019 68 69 à
375 1019 110 69 être
444 1019 164 69 débarqué
567 1019 82 69 du
608 1019 164 69 vaisseau
731 1019 82 69 où
772 1019 82 69 il
814 1019 96 69 est
868 1019 151 69 employé
978 1019 82 69 en
1019 1019 151 69 qualité
1128 1019 82 69 de
1156 1019 82 69 chi-

167 1071 139 51 rurgien
269 1071 177 51 auxiliaire
408 1071 76 51 de
446 1071 139 51 seconde
535 1071 114 51 classe.

163 1107 161 54 29329.
275 1107 209 54 SVETCHINE
436 1107 128 54 (Mme
516 1107 96 54 S.
564 1107 128 54 de),
645 1107 96 54 la
693 1107 177 54 célèbre
821 1107 257 54 épistolaire.
1030 1107 80 54 —
1062 1107 96 54 L.
1111 1107 96 54 a.
1143 1107 80 54 s.;

203 1155 130 56 1830,
289 1155 72 56 1
318 1155 87 56 p.
361 1155 144 56 in-18.
462 1155 72 56 5
477 1155 43 56 »

160 1201 163 73 29330.
274 1201 147 73 TALMA
372 1201 196 73 (J.-H.),
519 1201 229 73 l’illustre
699 1201 229 73 tragédien.
878 1201 82 73 —
911 1201 163 73 Billet
1025 1201 98 73 de
1074 1201 82 73 3
1090 1201 131 73 lignes

203 1243 125 70 aut.
281 1243 140 70 sig.;
375 1243 94 70 an
422 1243 125 70 XII,
500 1243 109 70 1/2
562 1243 94 70 p.
609 1243 140 70 in-12
702 1243 172 70 oblong.
827 1243 78 70 3
843 1243 62 70 50

164 1293 178 64 29331.
289 1293 178 64 TERMES
414 1293 160 64 (Paul
520 1293 107 64 de
574 1293 107 64 LA
627 1293 196 64 BARTHE,
770 1293 214 64 seigneur
930 1293 143 64 de),
1019 1293 214 64 maréchal
1162 1293 71 64 de

202 1347 193 45 France,
343 1347 123 45 qui
413 1347 245 45 s’illustra
606 1347 193 45 pendant
746 1347 123 45 les
816 1347 193 45 guerres
956 1347 228 45 d’Italie,
1114 1347 105 45 mais

206 1386 128 46 fut
279 1386 164 46 battu
388 1386 91 46 à
425 1386 274 46 Gravelines.
644 1386 91 46 —
681 1386 110 46 L.
736 1386 128 46 s.,
809 1386 110 46 en
864 1386 219 46 italien,
1028 1386 91 46 à
1046 1386 183 46 Cornelio

205 1431 274 52 Bentivoglio;
428 1431 103 52 La
479 1431 188 52 Bastie,
616 1431 103 52 13
668 1431 137 52 oct.
753 1431 154 52 1553,
856 1431 120 52 1/2
925 1431 103 52 p.
976 1431 206 52 in-fol.,
1113 1431 120 52 trace

206 1470 77 53 de
245 1470 142 53 cachet.
348 1470 77 53 12
373 1470 39 53 »

203 1486 155 77 Relative
319 1486 65 77 à
345 1486 91 77 une
397 1486 194 77 déclaration
552 1486 116 77 faite
630 1486 129 77 contre
720 1486 78 77 le
759 1486 168 77 capitaine
888 1486 129 77 Anniba
979 1486 78 77 le
1018 1486 78 77 da
1044 1486 129 77 Lodrone.

176 1540 164 79 29332.
290 1540 196 79 THÉVENOT
437 1540 311 79 (Melchisédech),
699 1540 180 79 célèbre
830 1540 196 79 voyageur
977 1540 98 79 et
1026 1540 213 79 botaniste
1174 1540 65 79 du

207 1588 298 51 dix-septième
450 1588 373 51 siècle.—Fragment
767 1588 149 51 aut.
860 1588 112 51 de
916 1588 112 51 la
972 1588 224 51 relation
1121 1588 112 51 d’un

209 1626 104 56 de
261 1626 121 56 ses
330 1626 208 56 voyages;
486 1626 87 56 2
521 1626 104 56 p.
573 1626 208 56 in-fol.,
728 1626 139 56 avec
815 1626 191 56 ratures
954 1626 104 56 et
988 1626 243 56 corrections.

221 1680 101 47 Rare
303 1680 32 47 4
309 1680 19 47 »

172 1698 161 83 29333.
285 1698 178 83 TROGOFF
414 1698 178 83 (J.-H.,
543 1698 145 83 comte
640 1698 129 83 de),
721 1698 290 83 contre-amiral,
963 1698 113 83 qui
1027 1698 145 83 livra
1108 1698 129 83 Toulon

209 1764 126 52 aux
281 1764 198 52 Anglais
425 1764 108 52 en
479 1764 162 52 1793.
587 1764 90 52 —
623 1764 108 52 P.
677 1764 126 52 s.;
749 1764 90 52 à
785 1764 144 52 bord
875 1764 108 52 du
911 1764 324 52 Tonnant,

212 1811 66 55 3
238 1811 119 55 avril
318 1811 119 55 1793,
397 1811 93 55 1/4
450 1811 79 55 de
489 1811 79 55 p.
529 1811 145 55 in-fol.
635 1811 212 55 Rare
807 1811 66 55 7
820 1811 53 55 50

35 1854 150 73 29334.
140 1854 135 73 VERDI
230 1854 135 73 (G.),
320 1854 90 73 le
365 1854 165 73 célèbre
485 1854 225 73 compositeur
664 1854 90 73 de
709 1854 180 73 musique.
844 1854 75 73 —
874 1854 90 73 L.
919 1854 90 73 a.
949 1854 75 73 s.,

212 1903 59 71 1
236 1903 71 71 p.
271 1903 107 71 in-8.
343 1903 59 71 3
355 1903 47 71 50

372 1931 263 89 Lauthenticité
596 1931 92 89 des
648 1931 197 89 autographes
806 1931 92 89 est
846 1931 197 89 garantie
