1283 2048
581 1 48 64 —
601 1 48 64 9
610 1 29 64 —

379 60 149 69 beauté.
488 60 68 69 —
515 60 81 69 P.
555 60 95 69 s.,
610 60 122 69 aussi
691 60 95 69 par
745 60 81 69 le
785 60 203 69 maréchal
948 60 81 69 de
975 60 230 69 l’Hospital;

179 122 174 49 Paris,
301 122 105 49 29
353 122 157 49 janv.
457 122 157 49 1660,
562 122 122 49 1/2
632 122 105 49 p.
684 122 87 49 2
719 122 192 49 in-fol.
858 122 244 49 Très-belle
1050 122 105 49 et
1084 122 105 49 rare

187 164 111 52 pièce.
265 164 67 52 20
287 164 33 52 »

147 202 169 62 29287.
265 202 186 62 LOMÈNIE
400 202 118 62 (L.
468 202 135 62 de),
552 202 220 62 historien
721 202 101 62 de
772 202 270 62 Beaumarchais
991 202 101 62 et
1042 202 101 62 de
1076 202 118 62 Mira-

183 246 143 55 beau,
279 246 96 55 de
327 246 175 55 l’Acad.
454 246 112 55 fr.
518 246 80 55 —
550 246 96 55 L.
597 246 96 55 a.
645 246 112 55 s.,
709 246 80 55 4
741 246 96 55 p.
789 246 159 55 in-18.
900 246 80 55 2
916 246 48 55 »

8 291 170 63 29288.
127 291 255 63 LONGUEVILLE
331 291 170 63 (Henri
450 291 102 63 II
501 291 357 63 d'Orléans
807 291 119 63 duc
875 291 136 63 de),
960 291 238 63 beau-frère
1130 291 68 63 du

166 344 172 61 grand
280 344 191 61 Condé,
414 344 153 61 mari
509 344 114 61 de
567 344 114 61 la
624 344 210 61 célèbre
776 344 210 61 héroîne
929 344 114 61 de
986 344 114 61 la
1024 344 172 61 Fronde.

187 382 94 61 —
225 382 113 61 L.
281 382 113 61 a.
338 382 113 61 s.
394 382 113 61 au
450 382 226 61 cardinal
619 382 113 61 de
676 382 113 61 La
732 382 226 61 Valette;
901 382 319 61 Bar-sur-Aube,
1146 382 56 61 4

165 424 237 59 novembre,
347 424 128 59 3/4
420 424 109 59 de
474 424 109 59 p.
529 424 146 59 in-4
620 424 200 59 oblong,
766 424 200 59 cachets
912 424 109 59 et
966 424 182 59 soies.
1076 424 128 59 Belle

172 473 109 61 lettre.
251 473 60 61 14
271 473 30 61 »

1 523 176 55 29289.
125 523 158 55 LORGE
230 523 141 55 (Gui
318 523 106 55 A.
371 523 106 55 de
424 523 352 55 Durfort,
723 523 123 55 duc
793 523 141 55 de),
881 523 158 55 neveu
987 523 106 55 de
1022 523 176 55 Turenne,

164 558 232 50 maréchal
338 558 116 50 de
396 558 213 50 France,
550 558 251 50 beau-père
744 558 116 50 de
802 558 367 50 Saint-Simon.-P.
1092 558 116 50 s.,,

168 605 166 57 Paris,
285 605 100 57 31
334 605 149 57 janv.
434 605 149 57 1679,
533 605 116 57 1/2
600 605 100 57 p.
649 605 133 57 in-4
732 605 182 57 oblong,
865 605 182 57 cachet.
998 605 83 57 5
1014 605 50 57 »

5 642 166 61 29290.
122 642 333 61 LoRGE(Gui-Michel
405 642 100 61 de
454 642 316 61 Durfort
721 642 116 61 duc
787 642 133 61 de),
870 642 200 61 maréchal
1020 642 100 61 de
1070 642 116 61 Fra
1120 642 83 61 nce

364 687 164 53 (1768).
483 687 75 53 —
513 687 90 53 L.
558 687 104 53 s.;
618 687 194 53 Besançon.
767 687 75 53 8
797 687 104 53 mai
857 687 134 53 1770,
946 687 75 53 1
976 687 90 53 p.
1021 687 164 53 in-fol.
1140 687 75 53 3
1155 687 45 53 »

183 729 79 45 Il
222 729 118 45 mande
301 729 92 45 que
353 729 92 45 les
405 729 170 45 officiers
536 729 183 45 municipaux
680 729 79 45 de
720 729 183 45 Pontarlier
864 729 79 45 se
903 729 170 45 plaignent
1034 729 105 45 que,
1099 729 105 45 dans
1152 729 52 45 la

149 760 127 55 misère
238 760 76 55 où
276 760 89 55 est
327 760 76 55 le
365 760 139 55 canton,
466 760 76 55 on
504 760 114 55 fasse
580 760 127 55 passer
669 760 76 55 en
707 760 127 55 Suisse
796 760 76 55 de
834 760 76 55 si
872 760 139 55 grandes
973 760 165 55 quantités
1100 760 76 55 de
1125 760 76 55 blé.

0 798 180 81 29291.
126 798 162 81 LOUIS
233 798 144 81 XII,
323 798 126 81 roi
395 798 108 81 de
449 798 198 81 France.
593 798 90 81 —
628 798 108 81 L.
682 798 126 81 s.,
754 798 144 81 avec
844 798 108 81 la
898 798 251 81 souscript.
1077 798 126 81 aut.,

180 845 184 52 comme
302 845 143 52 duc
384 845 286 52 d’Orléans,
608 845 122 52 au
669 845 143 52 duc
751 845 122 52 de
812 845 163 52 Bar;
914 845 184 52 Asti,
1037 845 122 52 16
1078 845 122 52 oct.

169 888 83 58 1
203 888 100 58 p.
253 888 200 58 in-fol.,
403 888 150 58 1494,
503 888 184 58 cachet.
637 888 200 58 Rare,
787 888 134 58 avec
870 888 100 58 la
904 888 300 58 souscription

178 935 212 50 autographe
362 935 58 50 35
381 935 29 50 »

185 966 76 49 Il
223 966 89 49 lui
274 966 140 49 annonce
376 966 76 49 la
414 966 89 49 fin
465 966 76 49 de
503 966 76 49 sa
541 966 140 49 maladie
643 966 76 49 et
681 966 191 49 l’intention
834 966 114 49 qu’il
910 966 64 49 a
935 966 76 49 de
973 966 140 49 bientôt
1075 966 64 49 «
1101 966 127 49 monter
1177 966 38 49 à

154 1005 127 45 cheval
243 1005 102 45 pour
307 1005 115 45 aller
384 1005 127 45 devers
473 1005 76 45 le
511 1005 89 45 Roy
562 1005 76 45 et
600 1005 89 45 lui
651 1005 115 45 faire
715 1005 140 45 service».

158 1041 81 53 29292.
215 1041 73 53 LOUIS
263 1041 73 53 XIII,
312 1041 57 53 roi
345 1041 49 53 de
369 1041 89 53 France.
434 1041 49 53 P.
458 1041 57 53 s.,
491 1041 57 53 sur
523 1041 81 53 vélin;
580 1041 81 53 Paris,
629 1041 24 53 3

171 1095 137 44 sept.
262 1095 137 44 1612,
353 1095 106 44 1/2
414 1095 91 44 p.
460 1095 167 44 in-fol.
581 1095 167 44 oblong.
703 1095 76 44 7
718 1095 61 44 50

185 1124 144 55 Curieux
289 1124 170 55 document.
420 1124 91 55 Don
472 1124 78 55 de
511 1124 91 55 600
563 1124 131 55 livres
655 1124 78 55 au
694 1124 117 55 sieur
772 1124 78 55 de
811 1124 170 55 Chaumont,
942 1124 117 55 garde
1020 1124 78 55 de
1059 1124 78 55 sa
1086 1124 117 55 biblio

144 1164 121 48 thèque.

151 1197 171 59 29293.
271 1197 189 59 LOUVARD
408 1197 137 59 (Dom
494 1197 240 59 François),
682 1197 171 59 savant
802 1197 257 59 théologien,
1008 1197 189 59 célèbre
1128 1197 86 59 par

212 1242 137 45 les
291 1242 312 45 persécutions
544 1242 137 45 que
622 1242 137 45 lui
700 1242 176 45 valut
818 1242 137 45 son
896 1242 273 45 opposition
1110 1242 98 45 à
1130 1242 78 45 la

220 1283 133 52 Bulle
309 1283 339 52 Unigenitus,
604 1283 89 52 né
648 1283 74 52 à
678 1283 236 52 Chamgéteneux
869 1283 177 52 (Maine).
1002 1283 74 52 —
1017 1283 59 52 L.

212 1321 108 63 a.
266 1321 108 63 s.
320 1321 90 63 à
356 1321 216 63 Toinard;
518 1321 288 63 Saint-Denis,
751 1321 108 63 17
805 1321 144 63 août
895 1321 162 63 1470,
1003 1321 90 63 2
1021 1321 72 63 p.

227 1367 94 46 in-8.
289 1367 52 46 8
300 1367 31 46 »

196 1385 151 70 Demande
306 1385 82 70 de
347 1385 246 70 renseignements
552 1385 96 70 sur
607 1385 96 70 une
662 1385 151 70 coutume
758 1385 110 70 juive.

8 1436 193 70 29294.
143 1436 251 70 MAINTENON
336 1436 135 70 (la
413 1436 232 70 marquise
587 1436 154 70 de),
683 1436 212 70 seconde
837 1436 174 70 femme
953 1436 116 70 de
1011 1436 174 70 Louis
1108 1436 96 70 XIV

218 1491 103 54 L.
269 1491 103 54 a.
321 1491 120 54 s.;
389 1491 86 54 2
423 1491 137 54 juin
509 1491 154 54 1747,
612 1491 86 54 1
646 1491 103 54 p.
697 1491 120 54 pl.
766 1491 154 54 in-8.
869 1491 257 54 Très-légers
1057 1491 154 54 raccom-

215 1534 162 53 modages.
337 1534 81 53 35
364 1534 41 53 »

13 1580 181 65 29295.
140 1580 200 65 MAISTRE
285 1580 127 65 (le
357 1580 163 65 comte
466 1580 181 65 Joseph
593 1580 145 65 de),
684 1580 109 65 le
738 1580 200 65 célèbre
884 1580 254 65 publiciste
1065 1580 145 65 ultra-

215 1616 210 50 montain,
372 1616 175 50 auteur
495 1616 105 50 du
547 1616 280 50 Pape
775 1616 88 50 —
810 1616 105 50 L.
862 1616 105 50 a.
915 1616 105 50 s.
967 1616 105 50 au
1020 1616 193 50 colonel
1142 1616 70 50 de

211 1657 235 52 Rottiers;
392 1657 109 52 23
446 1657 145 52 nov.
537 1657 91 52 —
573 1657 91 52 4
609 1657 145 52 déc.
700 1657 199 52 (1816),
845 1657 127 52 3/4
917 1657 109 52 de
972 1657 109 52 p.
1026 1657 163 52 in-8.
1116 1657 91 52 Jo.

228 1705 76 54 lie
272 1705 120 54 lettre.
359 1705 65 54 15
380 1705 33 54 »

21 1738 180 75 29296.
147 1738 216 75 MALIBRAN
309 1738 216 75 (Maria),
472 1738 108 75 la
526 1738 180 75 grande
652 1738 270 75 cantatrice.
868 1738 90 75 —
904 1738 108 75 L.
959 1738 108 75 a.
1013 1738 108 75 s.
1067 1738 90 75 à
1085 1738 126 75 Seve-

225 1789 125 54 rini;
309 1789 167 54 vendredi
434 1789 139 54 matin,
531 1789 70 54 2
559 1789 83 54 p.
600 1789 125 54 in-8.
684 1789 222 54 Rare
865 1789 83 54 22
892 1789 42 54 »

199 1825 120 58 N’étant
286 1825 76 58 pas
330 1825 87 58 trop
385 1825 131 58 fatiguée
483 1825 120 58 d’avoir
570 1825 87 58 joué
625 1825 207 58 Othello
799 1825 87 58 elle
854 1825 76 58 lui
898 1825 120 58 propose
985 1825 65 58 de
1018 1825 98 58 jouer
1072 1825 142 58 Cen

163 1872 114 43 drillon

14 1904 163 51 29297.
128 1904 146 51 MANIN
225 1904 211 51 (Daniel),
388 1904 98 51 le
436 1904 179 51 célèbre
567 1904 211 51 dictateur
729 1904 98 51 de
778 1904 179 51 Venise.
908 1904 81 51 —
940 1904 98 51 L.
973 1904 65 51 a.

224 1941 103 54 s.,
283 1941 88 54 en
327 1941 191 54 français,
474 1941 73 54 1
503 1941 88 54 p.
547 1941 147 54 in-18.
650 1941 73 54 6
665 1941 44 54 »
