1293 2100
566 39 67 58 —
592 39 67 58 7
606 39 40 58 —

172 99 114 63 a.
229 99 114 63 s.
286 99 95 63 à
324 99 209 63 Nicolas
476 99 247 63 Thoynard;
666 99 171 63 Paris
779 99 95 63 9
817 99 152 63 mars
912 99 171 63 1685,
1026 99 95 63 1
1064 99 114 63 p.
1102 99 95 63 1/2

177 154 88 58 in-4
232 154 121 58 cachet.
320 154 175 58 Rare
462 154 66 58 10
484 154 33 58 »

174 190 154 50 Curieuse
290 190 129 50 lettre
380 190 129 50 écrite
470 190 116 50 alors
547 190 116 50 qu’il
624 190 141 50 n’avait
727 190 90 50 pas
779 190 129 50 encore
869 190 103 50 pris
933 190 77 50 le
972 190 90 50 nom
1023 190 77 50 de
1062 190 141 50 Gendron
1152 190 51 50 et

140 229 115 46 qu’il
217 229 153 46 étudiait
331 229 64 46 à
357 229 115 46 Paris
433 229 178 46 l’anatomie
573 229 102 46 chez
637 229 166 46 Duverney,
764 229 76 46 un
802 229 89 46 des
853 229 102 46 plus
917 229 140 46 savants
1019 229 178 46 praticiens
1146 229 51 46 de

152 255 94 58 son
205 255 134 58 temps.
299 255 147 58 Gendron
406 255 161 58 instruit
527 255 161 58 Thoynard
647 255 80 58 de
687 255 94 58 ses
741 255 201 58 occupations
901 255 80 58 et
942 255 107 58 fait
1009 255 80 58 le
1049 255 107 58 plus
1102 255 94 58 grand

150 298 115 50 éloge
227 298 77 50 de
265 298 89 50 son
303 298 115 50 maître.

153 318 98 70 29264.
222 318 88 70 GERLE
280 318 78 70 (Dom
329 318 234 70 Christophe-Antoine),
534 318 156 70 constituant,
661 318 107 70 célèbre
729 318 49 70 vi-

177 366 259 62 sionnaire,
380 366 111 62 né
436 366 111 62 en
491 366 241 62 Auvergne.
676 366 93 62 —
713 366 111 62 L.
769 366 111 62 a.
824 366 130 62 s.,
898 366 111 62 en
954 366 185 62 latin,
1083 366 93 62 à
1102 366 93 62 Dom

185 419 221 53 Jean-Marie
359 419 142 53 Noël;
454 419 95 53 16
502 419 127 53 août
581 419 142 53 1788,
676 419 79 53 1
707 419 95 53 p.
755 419 127 53 in-4
834 419 174 53 oblong,
944 419 127 53 cachet

191 458 88 53 brisé.
253 458 140 53 Rare
366 458 53 53 25
384 458 26 53 »

184 501 78 40 Il
223 501 91 40 lui
275 501 143 40 accorde
379 501 78 40 un
419 501 182 40 changement
562 501 78 40 de
601 501 182 40 résidence,
744 501 78 40 vu
783 501 91 40 son
835 501 104 40 état
901 501 78 40 de
927 501 130 40 maladie.

163 534 163 64 29265.
277 534 195 64 GILBERT.
423 534 293 64 (Nic.-Pierre),
668 534 179 64 célèbre
798 534 179 64 médecin
928 534 114 64 des
993 534 163 64 armées
1107 534 98 64 de
1140 534 65 64 la

424 580 230 48 République.
608 580 77 48 —
638 580 92 48 L.
684 580 92 48 a.
730 580 92 48 s.
776 580 92 48 au
823 580 169 48 général
945 580 261 48 Desfourneaux;
1145 580 61 48 le

188 629 152 44 Cap,
283 629 114 44 24
340 629 228 44 pluviôse
511 629 114 44 an
568 629 114 44 X,
625 629 95 44 1
663 629 114 44 p.
721 629 171 44 in-4,
835 629 152 44 tête
930 629 171 44 impr.
1044 629 114 44 et
1082 629 114 44 vig.

185 669 115 58 Belle
262 669 140 58 lettre.
364 669 64 58 3
377 669 38 58 »

156 704 168 64 29266.
274 704 134 64 GIRY
358 704 235 64 (Odel-Jos.
542 704 101 64 de
593 704 168 64 VAux),
710 704 134 64 abbé
794 704 101 64 de
844 704 235 64 Saint-Cyr,
1012 704 185 64 sous-

194 746 202 59 cepteur
340 746 110 59 du
395 746 202 59 Dauphin
542 746 147 59 fils
634 746 110 59 de
689 746 165 59 Louis
799 746 128 59 XV,
872 746 183 59 membre
1000 746 110 59 de
1037 746 165 59 l’Acad.

186 786 130 56 fr.
261 786 93 56 —
298 786 111 56 L.
353 786 111 56 a.
409 786 111 56 s.
465 786 278 56 Versailles,
687 786 111 56 15
743 786 223 56 octobre,
910 786 93 56 2
947 786 111 56 p.
1003 786 167 56 in-4.
1114 786 93 56 7
1133 786 74 56 50

186 824 78 54 Il
225 824 78 54 le
264 824 156 54 prévient
381 824 91 54 que
433 824 78 54 le
472 824 143 54 Dauphin
576 824 78 54 ne
615 824 104 54 peut
680 824 169 54 autoriser
810 824 156 54 l’entrée
927 824 78 54 en
966 824 130 54 France
1057 824 104 54 d’un
1109 824 91 54 livre

154 866 95 50 qui
209 866 164 50 contient
332 866 95 50 des
386 866 164 50 passages
509 866 177 50 injurieux
645 866 109 50 pour
713 866 82 50 la
754 866 150 50 mémoire
863 866 82 50 du
904 866 191 50 grand-père
1054 866 82 50 de
1095 866 82 50 la
1122 866 82 50 Dau

141 908 107 43 phine.

169 933 124 66 29267.
255 933 111 66 GONDI
330 933 136 66 (Henri,
429 933 173 66 cardinal),
565 933 124 66 évêque
652 933 74 66 de
689 933 124 66 Paris.
775 933 62 66 —
800 933 74 66 P.
837 933 74 66 s.
862 933 62 66 sur

201 967 163 68 vélin,
315 967 130 68 sig.
396 967 147 68 aussi
494 967 114 68 par
560 967 114 68 son
625 967 147 68 frère
723 967 408 68 Jean-François
1082 967 114 68 qui
1130 967 82 68 lui

193 1012 222 57 succéda
355 1012 182 57 comme
476 1012 202 57 évêque
617 1012 121 57 de
678 1012 202 57 Paris;
820 1012 182 57 hôtel
941 1012 263 57 épiscopal
1123 1012 81 57 de

207 1067 143 50 Paris,
307 1067 71 50 2
335 1067 114 50 mars
406 1067 128 50 1613,
492 1067 71 50 1
520 1067 86 50 p.
563 1067 114 50 in-4
634 1067 157 50 oblong.
748 1067 228 50 Rare
934 1067 86 50 10
962 1067 43 50 »

170 1098 173 65 29268.
291 1098 173 65 GOUNOD
412 1098 242 65 (Charles),
602 1098 104 65 le
654 1098 190 65 célèbre
793 1098 260 65 compositeur
1000 1098 104 65 de
1035 1098 173 65 musique.

199 1153 110 55 L.
254 1153 110 55 a.
309 1153 110 55 s.
364 1153 110 55 (à
418 1153 238 55 Madeleine
602 1153 220 55 Brohan);
766 1153 165 55 mardi
876 1153 128 55 24,
950 1153 128 55 3/4
1023 1153 110 55 de
1078 1153 110 55 p.
1114 1153 92 55 in-

205 1198 43 47 8.
226 1198 36 47 5
234 1198 22 47 »

194 1197 91 78 «Ma
246 1197 105 78 bien
312 1197 118 78 belle
390 1197 78 78 et
429 1197 105 78 bien
494 1197 131 78 bonne,
586 1197 91 78 mon
638 1197 118 78 choix
717 1197 91 78 est
769 1197 118 78 fait:
847 1197 118 78 lundi
926 1197 170 78 prochain,
1056 1197 157 78 Tartuffe
1161 1197 52 78 et

167 1267 181 45 Turcaret.
306 1267 111 45 Vous
376 1267 111 45 ètes
445 1267 83 45 un
473 1267 153 45 amour...»

174 1291 166 68 29269.
290 1291 199 68 GRIMOARD
439 1291 182 68 (Ph.-H.
572 1291 149 68 comte
671 1291 133 68 de),
754 1291 182 68 célèbre
887 1291 182 68 général
1019 1291 99 68 et
1052 1291 166 68 écrivain

201 1335 278 71 militaire,
420 1335 119 71 né
479 1335 99 71 à
519 1335 219 71 Verdun.
678 1335 99 71 —
718 1335 119 71 L.
778 1335 119 71 a.
837 1335 139 71 s.;
917 1335 179 71 1783,
1036 1335 99 71 1
1076 1335 119 71 p.
1116 1335 99 71 1/2

212 1392 81 51 in-4.
266 1392 45 51 3
275 1392 36 51 50

162 1431 173 52 29270.
283 1431 225 52 GRONOVIUS
456 1431 121 52 (J.
525 1431 190 52 Fréd.),
664 1431 208 52 illustre
820 1431 242 52 philologue
1010 1431 208 52 allemand
1149 1431 69 52 du

213 1463 244 61 dix-huitième
411 1463 168 61 siècle.
533 1463 137 61 L.
625 1463 92 61 a.
671 1463 168 61 s.
793 1463 92 61 en
838 1463 153 61 latin,
945 1463 76 61 à
976 1463 137 61 Henri
1067 1463 92 61 de
1098 1463 122 61 Diest,

205 1508 126 54 1/2
277 1508 108 54 p.
331 1508 162 54 in-4,
439 1508 162 54 trace
548 1508 108 54 de
602 1508 198 54 cachet.
746 1508 144 54 Avec
836 1508 108 54 la
890 1508 198 54 réponse
1035 1508 144 54 aut.
1107 1508 108 54 sig.

215 1557 91 51 de
260 1557 136 51 Henri
351 1557 91 51 de
397 1557 151 51 Diest.
502 1557 76 51 5
518 1557 45 51 »

183 1587 162 65 29271.
296 1587 194 65 HERSCHEL
441 1587 323 65 (John-Fréd.-W.),
716 1587 178 65 célèbre
846 1587 210 65 astronome
1007 1587 194 65 anglais.
1137 1587 48 65 —

211 1635 111 63 L.
266 1635 111 63 a.
321 1635 111 63 s.
376 1635 92 63 à
413 1635 276 63 l’astronome
634 1635 295 63 Boguslawski;
874 1635 295 63 Collingwood,
1113 1635 92 63 6
1132 1635 92 63 mai

214 1687 131 56 1844,
302 1687 73 56 3
331 1687 87 56 p.
375 1687 102 56 pl.
433 1687 131 56 in-4,
521 1687 160 56 cachet.
637 1687 87 56 10
666 1687 44 56 »

205 1699 137 72 Superbe
304 1699 137 72 lettre,
404 1699 112 72 toute
479 1699 150 72 relative
591 1699 62 72 à
616 1699 87 72 ses
666 1699 200 72 observations
829 1699 225 72 astronomiques.
1016 1699 75 72 Il
1053 1699 62 72 y
1078 1699 112 72 parle
1153 1699 75 72 de
1178 1699 50 72 sa

181 1766 166 49 vénérable
309 1766 115 49 tante
373 1766 204 49 miss

186 1783 130 73 29272.
277 1783 117 73 HOCHE
355 1783 169 73 (Lazare),
485 1783 182 73 l’illustre
629 1783 143 73 général
733 1783 208 73 républicain.
902 1783 65 73 —
928 1783 78 73 L.
967 1783 78 73 s.
993 1783 39 73 à

205 1825 210 67 Mermet;
357 1825 210 67 Nantes,
510 1825 95 67 7
548 1825 229 67 brumaire
719 1825 114 67 an
777 1825 133 67 IV,
853 1825 133 67 1/4
929 1825 114 67 de
986 1825 114 67 p.
1024 1825 210 67 in

219 1885 97 52 tête
280 1885 109 52 impr.
352 1885 73 52 20
377 1885 36 52 »

211 1906 117 62 Pièce
289 1906 196 62 historique.
446 1906 157 62 Charette
563 1906 91 62 est
616 1906 104 62 dans
681 1906 91 62 les
733 1906 157 62 environs
850 1906 78 62 de
890 1906 222 62 Saint-Maixent
1072 1906 104 62 pour
1138 1906 65 62 y
1151 1906 78 62 dis-

193 1940 119 57 poser
272 1940 92 57 les
325 1940 145 57 esprits
430 1940 66 57 à
457 1940 158 57 recevoir
576 1940 92 57 les
629 1940 158 57 émigrés.
747 1940 132 57 «Voyez
840 1940 79 57 un
879 1940 92 57 peu
932 1940 66 57 à
959 1940 92 57 lui
1012 1940 132 57 donner
1104 1940 92 57 une
1144 1940 92 57 bonne

185 1979 131 51 chasse
277 1979 92 51 par
329 1979 79 51 le
369 1979 118 51 moyen
448 1979 79 51 de
487 1979 118 51 trois
566 1979 79 51 ou
605 1979 131 51 quatre
697 1979 158 51 colonnes
802 1979 145 51 mobiles.»
