1912 2915
253 391 678 83 LETTRES
685 391 801 83 AUTOGRAPHES

510 496 180 81 ET
600 496 390 81 DOCUMENTS
870 496 390 81 HISTORIQUES

410 560 218 100 MAISON
563 560 218 100 FONDÉE
715 560 131 100 EN
781 560 174 100 1830
890 560 153 100 PAR
977 560 131 100 J.
1042 560 261 100 CHARAVAY
1216 560 131 100 AINÉ

757 652 106 80 et
810 652 195 80 dirigée
934 652 89 80 par

529 743 281 76 ÉTIENNE
734 743 306 76 CHARAVAY
963 743 204 76 FILS
1091 743 153 76 ET
1142 743 102 76 S.

381 819 310 46 ARCHIVISTE
625 819 354 46 PALÉOGRAPHE,
913 819 222 46 EXPERT
1068 819 133 46 EN
1112 819 288 46 AUTOGRAPHES

570 867 118 71 A
618 867 237 71 Paris,
783 867 166 71 rue
878 867 142 71 de
949 867 237 71 Seine,
1091 867 95 71 51

353 929 423 83 CORRESPONDANT
701 929 273 83 SPÉCIAL
900 929 124 83 A
950 929 298 83 LONDRES:
1173 929 149 83 F.
1223 929 199 83 NAYLOR

632 1023 101 45 4,
683 1023 186 45 Milmann
818 1023 186 45 street,
953 1023 186 45 Bedford
1072 1023 85 45 Row

287 1068 151 67 ACHAT
388 1068 101 67 DE
438 1068 252 67 COLLECTIONS
640 1068 285 67 D’AUTOGRAPHES
875 1068 101 67 AU
925 1068 218 67 COMPTANT;
1093 1068 218 67 ÉCHANGES;
1244 1068 235 67 COMMISSIONS;

331 1115 170 53 VENTES
450 1115 221 53 PUBLIQUES
621 1115 102 53 ET
672 1115 85 53 A
706 1115 238 53 L’AMIABLE;
893 1115 221 53 RÉDACTION
1063 1115 102 53 DE
1114 1115 255 53 CATALOGUES;
1302 1115 136 53 COPIES

403 1155 240 66 CERTIFIÉES
591 1155 103 66 DE
643 1155 206 66 CHARTES,
797 1155 223 66 DOCUMENTS
969 1155 103 66 ET
1020 1155 274 66 AUTOGRAPHES:
1226 1155 154 66 VÉRIFI-

483 1198 169 52 CATION
601 1198 101 52 DE
652 1198 169 52 PIÈCES
770 1198 101 52 ET
820 1198 253 52 CERTIFICATS
1006 1198 286 52 D’AUTHENTICITÉ;

547 1250 264 61 PUBLICATION
758 1250 105 61 DE
811 1250 229 61 L’AMATEUR
969 1250 264 61 D’AUTOGRAPHES

663 1283 104 57 ET
715 1283 104 57 DU
766 1283 242 57 SUPPLÉMENT
956 1283 86 57 A
974 1283 138 57 L’ISO-

717 1328 207 54 GRAPHIE
867 1328 131 54 DES
924 1328 150 54 HOMMES

1117 1347 279 85 Février
1294 1347 152 85 1880

783 1365 191 69 CÉLÈBRES

318 1351 296 89 Numéro
496 1351 148 89 202

550 1511 215 71 BULLETIN
711 1511 305 71 D’AUTOGRAPHES
962 1511 90 71 A
998 1511 143 71 PRIX
1070 1511 161 71 MARQUÉS

438 1676 141 65 29195.
536 1676 113 65 ANNE
607 1676 211 65 D’AUTRICHE,
776 1676 127 65 reine
860 1676 84 65 et
902 1676 155 65 régente
1015 1676 84 65 de
1057 1676 155 65 France.
1169 1676 70 65 —
1198 1676 84 65 L.
1226 1676 70 65 s.;

473 1725 154 45 Paris,
580 1725 92 45 31
627 1725 123 45 déc.
704 1725 139 45 1626,
796 1725 108 45 1/2
858 1725 92 45 p.
904 1725 169 45 in-fol.
1027 1725 92 45 10
1058 1725 46 45 »

473 1755 112 55 Cette
547 1755 124 55 lettre
634 1755 112 55 porte
708 1755 99 55 deux
770 1755 124 55 lignes
857 1755 99 55 aut.
919 1755 99 55 sig.
981 1755 74 55 du
1018 1755 174 55 chancelier
1155 1755 74 55 de
1180 1755 136 55 Marillac.

437 1799 145 57 29196.
538 1799 130 57 AUBER
625 1799 174 57 (D.-E.),
755 1799 159 57 célèbre
871 1799 217 57 compositeur
1044 1799 87 57 de
1088 1799 174 57 musique.
1218 1799 72 57 —
1247 1799 87 57 L.
1276 1799 58 57 a.

474 1847 98 58 s.,
530 1847 98 58 1/2
586 1847 84 58 p.
628 1847 126 58 in-8.
712 1847 70 58 3
726 1847 42 58 »

434 1873 156 79 29197.
544 1873 141 79 BANER
638 1873 172 79 (Jean),
763 1873 172 79 général
888 1873 188 79 suédois,
1029 1873 94 79 un
1075 1873 109 79 des
1138 1873 203 79 meilleurs
1279 1873 203 79 lieutenants

870 1942 74 56 de
907 1942 248 56 Gustave-Adolphe.
1117 1942 62 56 —
1142 1942 74 56 L.
1179 1942 87 56 s.,
1229 1942 74 56 en
1266 1942 161 56 français;
1378 1942 111 56 Magden-

478 1972 138 56 burg,
570 1972 92 56 23
616 1972 138 56 avril
708 1972 138 56 1633,
800 1972 108 56 3/4
862 1972 92 56 de
908 1972 92 56 p.
954 1972 169 56 in-fol.
1077 1972 92 56 20
1108 1972 46 56 »

469 1988 117 79 Pièce
547 1988 182 79 historique
690 1988 78 79 où
729 1988 78 79 il
769 1988 78 79 se
808 1988 156 79 félicite
925 1988 91 79 des
977 1988 104 79 bons
1042 1988 182 79 sentiments
1185 1988 78 79 du
1224 1988 91 79 Roi
1277 1988 78 79 de
1316 1988 130 79 France
1407 1988 65 79 à
1420 1988 65 79 son

436 2047 134 52 égard.
530 2047 175 52 «J’advoue
664 2047 107 52 avec
731 2047 107 52 vous
798 2047 94 52 que
852 2047 81 52 le
892 2047 107 52 sang
959 2047 201 52 très-noble,
1120 2047 94 52 que
1174 2047 81 52 le
1214 2047 94 52 feu
1268 2047 94 52 Roy
1322 2047 94 52 mon
1362 2047 121 52 maistre

436 2078 67 51 a
462 2078 80 51 si
503 2078 228 51 généreusement
690 2078 161 51 prodigué
810 2078 107 51 pour
877 2078 80 51 le
917 2078 107 51 bien
984 2078 147 51 public,
1091 2078 67 51 a
1118 2078 107 51 bien
1185 2078 80 51 ce
1225 2078 147 51 pouvoir
1332 2078 94 51 sur
1386 2078 94 51 moy
1426 2078 67 51 que

443 2109 78 52 de
482 2109 78 52 me
521 2109 130 52 porter
612 2109 65 52 à
638 2109 169 52 embrasser
768 2109 91 52 ses
820 2109 156 52 desseins
938 2109 78 52 et
977 2109 91 52 d’y
1029 2109 156 52 employer
1146 2109 104 52 tous
1211 2109 91 52 mes
1250 2109 169 52 travaux...»

438 2145 163 68 29198.
552 2145 179 68 BARNAVE
682 2145 358 68 (Ant.-P.-Jos.-M.),
991 2145 195 68 illustre
1137 2145 260 68 constituant,
1332 2145 163 68 décapité

473 2187 112 65 en
529 2187 168 65 1793.
642 2187 93 65 —
679 2187 112 65 L.
735 2187 112 65 s.
791 2187 93 65 à
829 2187 112 65 M.
885 2187 224 65 Challan,
1053 2187 393 65 procureur-général
1371 2187 112 65 syn-

475 2228 123 59 dic
546 2228 105 59 de
598 2228 315 59 Seine-et-Oise;
861 2228 175 59 Paris,
983 2228 105 59 25
1036 2228 140 59 oct.
1123 2228 158 59 1790,
1228 2228 123 59 1/2
1298 2228 105 59 p.
1333 2228 158 59 in

469 2281 119 60 Belle
548 2281 132 60 pièce.
640 2281 79 60 10
666 2281 40 60 »
