1305 2059
612 12 77 55 —
642 12 77 55 2
658 12 46 55 —

171 74 171 81 29199.
291 74 274 81 BASSOMPIERRE
513 74 223 81 (François
685 74 137 81 de),
770 74 206 81 maréchal
925 74 103 81 de
976 74 188 81 France,
1096 74 137 81 auteur

223 127 84 55 de
265 127 279 55 Mémoires
502 127 70 55 —
530 127 84 55 P.
572 127 98 55 s.,
627 127 125 55 1623,
711 127 70 55 2
739 127 84 55 p.
781 127 153 55 in-fol.
892 127 84 55 10
920 127 42 55 »

32 187 189 59 29200.
165 187 284 59 BEAUHARNAIS
392 187 303 59 (Joséphine),
638 187 284 59 impératrice
866 187 133 59 des
942 187 246 59 Français.
1112 187 57 59 —

213 223 89 65 L.
258 223 104 65 s.;
317 223 134 65 1808,
406 223 104 65 1/2
465 223 89 65 p.
510 223 134 65 in-4.
599 223 74 65 7
614 223 59 65 50

36 272 193 55 29201.
171 272 290 55 BEAUHARNAIS
403 272 290 55 (Hortense),
634 272 174 55 reine
750 272 116 55 de
808 272 251 55 Hollande,
1001 272 154 55 mère
1098 272 116 55 de
1136 272 97 55 Na-

217 323 180 55 poléon
343 323 144 55 III.
433 323 90 55 —
469 323 108 55 L.
523 323 126 55 s.;
595 323 162 55 1830,
703 323 90 55 1
740 323 108 55 p.
794 323 162 55 in-8.
902 323 162 55 Jolie
1010 323 198 55 lettre.
1154 323 90 55 4
1172 323 54 55 »

180 360 165 63 29202.
295 360 198 63 BEAUVOIR
443 360 165 63 (Roger
558 360 132 63 de),
640 360 214 63 spirituel
805 360 230 63 romancier.
986 360 82 63 —
1019 360 165 63 Dessin
1118 360 115 63 signé

217 411 105 52 R.
270 411 105 52 B.
323 411 280 52 représentant
550 411 105 52 le
603 411 193 52 château
743 411 105 52 de
795 411 263 52 Stolzenfelz
1005 411 123 52 sur
1075 411 105 52 le
1110 411 123 52 Rhin,

226 456 86 55 in-4.
284 456 48 55 3
293 456 29 55 »

184 510 162 57 29203.
297 510 194 57 BÉRANGER
442 510 162 57 (P.-J.
555 510 129 57 de),
636 510 97 57 le
685 510 178 57 célèbre
814 510 259 57 chansonnier.
1024 510 81 57 —
1056 510 97 57 L.
1105 510 97 57 a.
1153 510 97 57 s.
1186 510 48 57 à

225 555 163 54 Tissot;
344 555 163 54 (1822),
463 555 74 54 2
493 555 89 54 p.
537 555 104 54 3/4
597 555 134 54 in-8.
686 555 89 54 10
715 555 45 54 »

215 596 70 41 Il
250 596 70 41 le
286 596 141 41 remercie
391 596 82 41 des
438 596 141 41 louanges
544 596 106 41 qu’il
614 596 82 41 lui
661 596 59 41 a
685 596 164 41 prodiguées
814 596 94 41 dans
872 596 70 41 le
907 596 223 41 Mercure
1083 596 153 41 «Savez

180 628 105 45 bien
245 628 92 45 que
298 628 118 45 voilà
376 628 170 45 peut-etre
507 628 78 45 la
546 628 157 45 première
664 628 105 45 fois
729 628 118 45 qu’en
808 628 131 45 France
899 628 92 45 (je
951 628 92 45 dis
1004 628 78 45 en
1043 628 144 45 France,
1147 628 92 45 car
1187 628 52 45 en

181 663 187 44 Angleterre
328 663 80 44 on
368 663 67 44 a
395 663 120 44 donné
475 663 201 44 l’exemple),
636 663 80 44 on
676 663 80 44 me
716 663 134 44 traite
810 663 120 44 comme
890 663 80 44 un
930 663 120 44 grand
1010 663 147 44 garçon,
1118 663 80 44 au
1144 663 94 44 moins

182 696 106 53 dans
248 696 93 53 les
301 696 159 53 feuilles
407 696 173 53 publiques.»

180 734 160 60 29204.
292 734 224 60 BERNOUILLI
469 734 208 60 (Daniel),
629 734 176 60 célèbre
757 734 224 60 astronome.
933 734 112 60 —L.
998 734 96 60 a.
1046 734 96 60 s.
1094 734 80 60 à
1110 734 128 60 Grand-

216 785 141 52 jean
305 785 106 52 de
358 785 212 52 Fouchy.;
517 785 159 52 Bâle,
623 785 106 52 22
676 785 159 52 avril
782 785 159 52 1753,
888 785 124 52 3/4
958 785 106 52 de
1011 785 106 52 p.
1064 785 159 52 in-4,
1153 785 88 52 ca-

222 826 95 49 chet.
286 826 53 49 6
296 826 32 49 »

210 836 110 85 Belle
283 836 122 85 lettre
369 836 73 85 où
405 836 73 85 il
442 836 73 85 le
479 836 147 85 félicite
589 836 73 85 de
625 836 134 85 l’éloge
723 836 110 85 qu’il
797 836 61 85 a
821 836 98 85 fait
882 836 73 85 de
919 836 86 85 son
955 836 86 85 père.

183 906 170 66 29205.
302 906 153 66 BERRI
405 906 460 66 (Marie-Louise-Elisabeth
814 906 239 66 d’ORLÉAns,
1001 906 205 66 duchesse
1138 906 102 66 de),

222 954 147 41 fille
320 954 98 41 du
368 954 179 41 Régent,
499 954 179 41 fameuse
629 954 114 41 par
695 954 114 41 ses
760 954 228 41 débauches.
939 954 82 41 —
972 954 98 41 P.
1004 954 82 41 s.;

225 996 225 44 Versailles,
405 996 90 44 30
450 996 120 44 nov.
525 996 135 44 1712,
614 996 75 44 1
644 996 90 44 p.
689 996 165 44 in-fol.
809 996 90 44 12
839 996 45 44 »

221 1030 130 55 Curieux
316 1030 154 55 document.
434 1030 106 55 C’est
505 1030 130 55 l’ordre
599 1030 71 55 de
635 1030 142 55 payement
741 1030 71 55 de
776 1030 83 55 269
824 1030 118 55 livres
906 1030 71 55 10
942 1030 106 55 sous,
1013 1030 95 55 prix
1060 1030 59 55 des

191 1070 115 46 rubans
271 1070 126 46 fournis
362 1070 92 46 pour
420 1070 69 46 le
454 1070 115 46 second
534 1070 103 46 deuil
603 1070 69 46 de
638 1070 69 46 la
672 1070 138 46 duchesse
775 1070 69 46 de
810 1070 115 46 Berri.
890 1070 80 46 (Il
936 1070 115 46 s’agit
1016 1070 69 46 de
1050 1070 69 46 la
1073 1070 69 46 mort

190 1102 80 55 de
230 1102 94 55 son
283 1102 187 55 beau-père,
430 1102 80 55 le
470 1102 120 55 grand
537 1102 147 55 Dauphin.)

189 1144 145 54 29206.
291 1144 145 54 BESLAY
393 1144 145 54 (Ch.),
494 1144 189 54 président
640 1144 87 54 de
683 1144 87 54 la
727 1144 160 54 commune
843 1144 87 54 de
887 1144 131 54 1871.
974 1144 73 54 —
1003 1144 87 54 L.
1032 1144 58 54 a.

223 1192 102 61 s.;
281 1192 131 61 1861,
368 1192 73 61 1
397 1192 87 61 p.
440 1192 131 61 in-8.
527 1192 73 61 3
542 1192 44 61 »

193 1243 163 62 29207.
307 1243 147 62 BEUST
404 1243 114 62 (le
470 1243 147 62 comte
567 1243 130 62 de),
649 1243 179 62 célèbre
779 1243 147 62 homme
877 1243 163 62 d’Etat
991 1243 212 62 allemand.
1137 1243 49 62 —

222 1291 87 58 L.
265 1291 87 58 a.
309 1291 102 58 s.,
367 1291 102 58 1/2
425 1291 87 58 p.
468 1291 131 58 in-8.
555 1291 73 58 3
570 1291 44 58 »

183 1350 153 63 29208.
290 1350 230 63 BLANCHEMAIN
474 1350 215 63 (Prosper),
643 1350 153 63 poëte,
750 1350 169 63 éditeur
873 1350 92 63 de
919 1350 184 63 Ronsard.
1057 1350 77 63 —
1073 1350 61 63 L.

227 1393 81 46 a.
267 1393 81 46 s.
307 1393 243 46 Prosper
510 1393 67 46 à
537 1393 81 46 un
577 1393 108 46 ami,
645 1393 67 46 4
672 1393 81 46 p.
712 1393 94 46 pl.
766 1393 121 46 in-8.
847 1393 67 46 3
861 1393 40 46 »

219 1435 170 42 Charmante
349 1435 130 42 épître
441 1435 91 42 sur
493 1435 91 42 son
545 1435 170 42 portrait,
675 1435 117 42 qu’il
754 1435 104 42 veut
819 1435 117 42 faire
897 1435 130 42 graver
988 1435 104 42 pour
1053 1435 130 42 mettre
1145 1435 78 42 en
1171 1435 78 42 tete

184 1467 82 54 de
225 1467 96 54 son
280 1467 165 54 prochain
390 1467 124 54 volume.

184 1507 160 70 29209.
296 1507 160 70 BONAMY
408 1507 224 70 (P.-Nic.),
585 1507 224 70 historien,
761 1507 289 70 bibliothécaire
1002 1507 96 70 de
1050 1507 96 70 la
1098 1507 144 70 ville
1178 1507 64 70 de

231 1557 149 42 Paris,
335 1557 149 42 membre
440 1557 89 42 de
484 1557 164 42 l’Acad.
604 1557 104 42 des
663 1557 253 42 Inscriptions.
872 1557 75 42 —
902 1557 89 42 L.
947 1557 89 42 a.
976 1557 60 42 s.

220 1595 93 50 à
258 1595 204 50 Mercier
406 1595 297 50 Saint-Léger;
647 1595 185 50 Paris,
777 1595 111 50 13
832 1595 148 50 nov.
925 1595 167 50 1763,
1036 1595 93 50 1
1073 1595 111 50 p.
1110 1595 130 50 in

228 1638 136 47 cachet.
327 1638 62 47 6
339 1638 37 47 »

219 1650 152 86 Relative
333 1650 63 86 à
359 1650 89 86 une
409 1650 152 86 question
511 1650 253 86 bibliographique.*.

196 1722 125 57 29210.
284 1722 163 57 BONAPARTE
409 1722 163 57 (Lucien),
534 1722 113 57 frère
609 1722 88 57 de.
659 1722 150 57 Napoléon
772 1722 100 57 Ier.
834 1722 63 57 —
859 1722 75 57 L.
897 1722 75 57 a.
934 1722 75 57 s.
959 1722 38 57 à

225 1768 226 63 l’avocat
395 1768 226 63 Ravioli;
565 1768 245 63 Florence,
753 1768 113 63 21
810 1768 170 63 avril
923 1768 170 63 1831,
1036 1768 94 63 3
1074 1768 113 63 p.
1112 1768 132 63 in

1113 1806 152 49 15
1163 1806 76 49 »

231 1828 217 60 Très-curieuse
410 1828 128 60 épître
499 1828 153 60 relative
614 1828 64 60 à
640 1828 77 60 la
678 1828 140 60 demande
780 1828 115 60 qu’il
857 1828 64 60 a
882 1828 115 60 faite
959 1828 77 60 de
997 1828 140 60 rentrer
1100 1828 77 60 en
1125 1828 115 60 France.

190 1880 78 49 Il
229 1880 156 49 s’engage
346 1880 65 49 à
372 1880 130 49 prêter
463 1880 143 49 serment
567 1880 78 49 au
606 1880 208 49 gouvernement
774 1880 78 49 du
813 1880 91 49 roi
865 1880 234 49 Louis-Philippe
1060 1880 78 49 et
1099 1880 78 49 en
1125 1880 117 49 appelle

186 1914 64 45 à
212 1914 77 45 la
250 1914 179 45 protection
391 1914 77 45 du
430 1914 141 45 général
532 1914 179 45 Lafayette,
673 1914 90 45 «ce
724 1914 179 45 patriarche
865 1914 90 45 des
917 1914 128 45 grands
1006 1914 167 45 citoyens.
1122 1914 38 45 »

192 1956 178 49 29211.
317 1956 196 49 BONNARD
460 1956 125 49 (le
531 1956 232 49 chevalier
709 1956 196 49 Bernard
852 1956 143 49 de),
941 1956 160 49 poëte
1048 1956 196 49 aimable
1173 1956 71 49 du
