1172 2199
478 6 148 63 —
538 6 148 63 4
567 6 89 63 —

294 73 88 53 23796
353 73 107 53 FALLOUX
430 73 68 53 (le
469 73 88 53 comte
528 73 58 53 A.
557 73 78 53 de),
605 73 136 53 publiciste
712 73 58 53 et
742 73 126 53 écrivain.
839 73 88 53 L.
897 73 58 53 a.
926 73 107 53 s.
1004 73 49 53 1
1023 73 58 53 p.
1043 73 68 53 in

141 117 78 50 Jolie
194 117 87 50 pièce.
254 117 44 50 3
263 117 35 50 50

142 164 122 36 23797
224 164 163 36 FEUILLET
346 164 177 36 (Octave),
482 164 136 36 auteur
577 164 190 36 dramatique
726 164 81 36 et
767 164 190 36 romancier,
916 164 81 36 de
957 164 149 36 l’Acad.
1052 164 68 36 fr.

131 191 99 40 L.
197 191 66 40 a.
230 191 120 40 s.
317 191 99 40 Paris
383 191 99 40 1858;
449 191 55 40 1
470 191 66 40 p.
503 191 99 40 in-8.
569 191 99 40 Jolie
635 191 109 40 pièce.
711 191 109 40 Peu
788 191 164 40 commun
919 191 55 40 4
930 191 33 40 »

142 223 122 46 23798
224 223 136 46 FODÈRÉ
319 223 109 46 (Fr.
387 223 136 46 Emm.),
482 223 149 46 célèbre
590 223 149 46 médecin
699 223 190 46 savoisien,
848 223 81 46 né
888 223 68 46 à
902 223 217 46 Saint-

136 263 178 41 Maurienne,
276 263 76 41 où
314 263 76 41 on
352 263 89 41 lui
403 263 64 41 a
429 263 114 41 élevé
505 263 89 41 une
556 263 140 41 statue.
657 263 114 41 L.
734 263 76 41 a.
772 263 127 41 s.
861 263 76 41 au
899 263 102 41 cit.
950 263 165 41 Déterville;

140 294 130 45 Nice,
226 294 87 45 15
270 294 217 45 vendémiaire
443 294 87 45 an
487 294 116 45 VII,
559 294 101 45 1/2
617 294 87 45 p.
660 294 130 45 in-4.
747 294 130 45 Belle
834 294 159 45 lettre.
949 294 72 45 3
964 294 43 45 »

140 329 89 61 23799
199 329 98 61 FOUCHÉ
268 329 128 61 (Joseph),
367 329 69 61 duc
406 329 138 61 d’Otrante,
514 329 167 61 conventionnel
652 329 98 61 fameux
721 329 69 61 par
760 329 59 61 sa
780 329 59 61 mis-

141 364 73 59 sion
187 364 46 59 à
205 364 82 59 Lyon,
260 364 73 59 puis
305 364 110 59 ministre
388 364 55 59 de
415 364 55 59 la
442 364 100 59 police.
515 364 73 59 Reçu
561 364 55 59 de
588 364 46 59 3
607 364 73 59 lig.
652 364 73 59 aut.
698 364 82 59 sig.;
753 364 55 59 17
771 364 55 59 fri-

138 399 105 48 maire
208 399 70 48 an
243 399 93 48 VII,
301 399 82 48 1/4
348 399 70 48 de
383 399 70 48 p.
418 399 105 48 in-4.
488 399 58 48 5
499 399 47 48 50

144 433 84 52 23800
200 433 195 52 FOUQUIER-TINVILLE
367 433 84 52 (Ant.
423 433 121 52 Quentin),
516 433 130 52 accusateur
618 433 93 52 public
683 433 74 52 près
730 433 56 52 le
749 433 74 52 tribu-

143 465 59 46 nal
176 465 168 46 révolutionnaire,
319 465 101 46 décapité
394 465 50 46 en
419 465 75 46 1795.
469 465 117 46 Témoins
562 465 75 46 à
612 465 126 46 entendre
712 465 67 46 dans
746 465 92 46 l’af

135 509 162 45 faire
256 509 175 45 Harville,
391 509 162 45 Boucher,
512 509 202 45 Barneville,
673 509 202 45 Montchoisy,
835 509 148 45 Foinac,
943 509 135 45 Quivit
1024 509 94 45 et

140 537 153 43 Osselin,
262 537 61 43 p.
293 537 112 43 a.
374 537 51 43 1
395 537 61 43 p.
425 537 92 43 in-4.
486 537 92 43 Belle
548 537 102 43 pièce.
619 537 61 43 10
639 537 31 43 »

140 581 124 39 23801
223 581 207 39 FRAYSSINOUS
389 581 124 39 (D.),
472 581 138 39 évêque
568 581 235 39 d’Hermopolis,
762 581 221 39 grand-maître
941 581 83 39 de
969 581 152 39 l’Univer-

140 608 105 41 sité,
210 608 117 41 membre
292 608 70 41 de
327 608 129 41 l’Acad.
421 608 94 41 fr.,
480 608 105 41 L.
550 608 129 41 a.
643 608 94 41 sig.
702 608 269 41 Frayssinous
936 608 58 41 à
959 608 70 41 M.
994 608 129 41 Bouvet,
1076 608 47 41 23

138 644 84 47 mai
186 644 108 47 1814,
258 644 60 47 1
282 644 72 47 p.
318 644 108 47 in-4.
389 644 108 47 Belle
461 644 132 47 lettre.
557 644 60 47 3
569 644 48 47 50

139 674 96 47 23802
203 674 117 47 GAMBARA
289 674 75 47 (le
331 674 128 47 cardinal
427 674 128 47 Uberto),
523 674 96 47 nonce
587 674 64 47 en
619 674 139 47 Portugal,
726 674 160 47 ambassadeur
843 674 43 47 en

138 717 210 37 Angleterre,
306 717 84 37 où
348 717 84 37 il
390 717 182 37 sollicita
530 717 98 37 les
586 717 154 37 secours
699 717 84 37 de
741 717 126 37 Henri
825 717 112 37 VIII
895 717 140 37 contre
979 717 140 37 Charles-

132 749 129 38 Quint.
223 749 116 38 L.
300 749 142 38 s.
403 749 103 38 avec
468 749 78 38 la
507 749 181 38 souscript.
649 749 155 38 autogr.,
765 749 78 38 au
804 749 155 38 cardinal
920 749 78 38 de
946 749 168 38 Saint

133 788 115 36 Rome,
210 788 77 36 12
248 788 115 36 janv.
325 788 115 36 1547,
402 788 64 36 1
428 788 77 36 p.
466 788 154 36 in-fol.,
581 788 141 36 cachet.
684 788 64 36 5
697 788 38 36 »

167 809 132 47 Belle
255 809 146 47 lettre
358 809 88 47 de
402 809 264 47 recommandation
621 809 88 47 en
665 809 146 47 faveur
768 809 88 47 du
812 809 132 47 comte
899 809 161 47 Antoine
1017 809 88 47 de
1046 809 73 47 To

121 842 139 45 lentino.

140 881 91 56 23803
201 881 121 56 GAVARNI,
292 881 61 56 un
322 881 61 56 dé
352 881 71 56 nos
393 881 132 56 meilleurs
494 881 172 56 dessinateurs.
636 881 91 56 L.
696 881 61 56 a.
727 881 101 56 s.
797 881 71 56 1/2
838 881 61 56 p.
858 881 71 56 in

1020 919 130 45 2
1046 919 78 45 »

135 932 128 56 23804
220 932 142 56 GÉRARD
320 932 85 56 DE
363 932 157 56 NERVAL,
476 932 85 56 un
519 932 85 56 de
562 932 100 56 nos
619 932 185 56 meilleurs
761 932 185 56 écrivains
889 932 228 56 contemporains.

134 986 109 43 L.
207 986 73 43 a.
243 986 122 43 s.
328 986 61 43 à
353 986 73 43 M.
389 986 73 43 Du
425 986 146 43 Chateau;
535 986 61 43 5
559 986 85 43 mai
608 986 134 43 (1846),
705 986 61 43 1
729 986 73 43 p.
766 986 85 43 3/4
814 986 109 43 in-8.
887 986 170 43 Très-jolie
1009 986 109 43 lettre.

969 1019 144 44 7»

306 1053 98 43 23805
371 1053 130 43 GIRARDIN
469 1053 141 43 (Delphine
577 1053 87 43 GAY,
631 1053 76 43 Mme
675 1053 87 43 de),
729 1053 119 43 célèbre
816 1053 184 43 femme-auteur.
967 1053 98 43 L.
1021 1053 98 43 a.

135 1086 94 38 sig.
194 1086 236 38 Delphine
395 1086 59 38 à
418 1086 83 38 Mme
465 1086 106 38 Guyot
536 1086 201 38 Desfontaines,
701 1086 83 38 3/4
749 1086 71 38 de
784 1086 71 38 p.
819 1086 106 38 in-8.
890 1086 59 38 2
902 1086 47 38 50

375 1123 88 46 23806
434 1123 98 46 GOUNOD
503 1123 98 46 (Ch.),
571 1123 108 46 célèbre
650 1123 147 46 compositeur
768 1123 59 46 de
797 1123 118 46 musique,
885 1123 98 46 auteur
954 1123 59 46 de
974 1123 147 46 Faust

138 1156 119 42 membre
221 1156 71 42 de
257 1156 178 42 l’Institut.
400 1156 107 42 L.
471 1156 71 42 a.
507 1156 131 42 s.
602 1156 59 42 1
626 1156 71 42 p.
661 1156 119 42 in-12.
745 1156 59 42 2
756 1156 48 42 50

145 1190 122 47 23807
227 1190 150 47 HANRIOT
336 1190 122 47 (F.),
417 1190 299 47 commandant-général
675 1190 82 47 de
716 1190 82 47 la
757 1190 122 47 garde
839 1190 204 47 parisienne,
988 1190 136 47 décapité

139 1230 101 45 avec
202 1230 202 45 Robespierre.
366 1230 113 45 L.
442 1230 139 45 s.
543 1230 63 45 6
568 1230 151 45 pluviôse
682 1230 76 45 an
719 1230 88 45 II,
770 1230 63 45 1
795 1230 76 45 p.
833 1230 113 45 in-4,
909 1230 101 45 tête
972 1230 113 45 impr.
1035 1230 88 45 Belle

144 1257 78 49 pièce.
199 1257 39 49 4
207 1257 23 49 »

307 1297 92 42 23808
368 1297 92 42 HENRI
430 1297 72 42 IV,
470 1297 72 42 roi
511 1297 61 42 de
542 1297 113 42 France.
624 1297 72 42 L.
665 1297 113 42 s.,
747 1297 82 42 avec
798 1297 61 42 le
828 1297 82 42 visa
880 1297 82 42 aut.
931 1297 82 42 sig.
982 1297 61 42 de
1002 1297 123 42 DUPLESSIS-

314 1331 118 54 MORNAY
397 1331 83 54 (le
444 1331 107 54 grand
515 1331 166 54 ministre);
646 1331 118 54 Brest,
728 1331 71 54 18
764 1331 95 54 août
823 1331 107 54 1588,
894 1331 83 54 1/2
941 1331 71 54 p.
977 1331 130 54 in-fol.
1060 1331 59 54 Su-

144 1362 88 49 perbe
203 1362 98 49 pièce.
271 1362 59 49 12
291 1362 29 49 »

321 1392 116 46 Lettre
402 1392 81 46 par
449 1392 139 46 laquelle
553 1392 69 46 il
587 1392 127 46 ordonne
680 1392 69 46 de
714 1392 104 46 payer
784 1392 58 46 à
807 1392 81 46 son
853 1392 127 46 premiar
946 1392 104 46 valet
1015 1392 69 46 de
1038 1392 81 46 cham-

313 1430 93 43 bre,
372 1430 117 43 Siméon
453 1430 164 43 d’Amagnac,
582 1430 70 43 la
617 1430 105 43 somme
687 1430 70 43 de
722 1430 70 43 12
757 1430 93 43 écus
804 1430 105 43 soleil.

312 1468 89 43 23809
371 1468 118 43 HERBELIN
460 1468 148 43 (Mathilde),
578 1468 108 43 célèbre
657 1468 167 43 miniaturiste.
794 1468 89 43 L.
853 1468 59 43 a.
883 1468 108 43 s.
962 1468 49 43 1
981 1468 59 43 p.
1011 1468 98 43 in-12.
1080 1468 49 43 1
1090 1468 39 43 75

360 1503 77 40 23810
412 1503 69 40 HUGO
455 1503 112 40 (Victor),
541 1503 103 40 illustre
618 1503 86 40 poëte,
678 1503 52 40 de
704 1503 94 40 l’Acad,
773 1503 60 40 fr.
807 1503 77 40 L.
858 1503 52 40 a.
884 1503 86 40 s.
944 1503 43 40 à
961 1503 52 40 M.
987 1503 52 40 A.
1013 1503 52 40 de
1039 1503 86 40 Latour
1090 1503 26 40 :

358 1539 55 46 17
385 1539 64 46 mai
422 1539 101 46 (1833),
496 1539 46 46 1
514 1539 55 46 p.
542 1539 83 46 in-8.
597 1539 83 46 Belle
652 1539 55 46 et
680 1539 147 46 intéressante
800 1539 101 46 lettre.
873 1539 46 46 3
882 1539 28 46 »

146 1577 101 45 23881
213 1577 123 45 INGRAND
303 1577 78 45 (F.
348 1577 90 45 P.),
404 1577 112 45 député
482 1577 67 45 de
516 1577 67 45 la
549 1577 112 45 Vienne
628 1577 56 45 à
650 1577 67 45 la
684 1577 168 45 Convention,
818 1577 123 45 célèbre
897 1577 56 45 par

137 1613 90 39 ses
189 1613 168 39 missions.
318 1613 116 39 L.
395 1613 77 39 a.
434 1613 129 39 s.
524 1613 90 39 aux
575 1613 142 39 membres
679 1613 90 39 des
730 1613 168 39 autorités
859 1613 193 39 constituées
1001 1613 116 39 réunies

141 1648 91 43 en
186 1648 211 43 permanence
352 1648 75 43 à
382 1648 166 43 Vannès;
503 1648 91 43 22
548 1648 121 43 mars
624 1648 136 43 1793,
714 1648 75 43 1
745 1648 75 43 p
775 1648 181 43 in-fol.,
911 1648 121 43 tête
986 1648 136 43 impr.
1062 1648 60 43 du

130 1680 293 37 omité
326 1680 196 37 de
424 1680 326 37 sûreté
619 1680 359 37 générale.

182 1711 166 35 Relative
307 1711 69 35 à
335 1711 83 35 la
376 1711 180 35 situation
515 1711 180 35 alarmante
653 1711 83 35 de
695 1711 166 35 quelques
819 1711 180 35 districts
958 1711 83 35 du
985 1711 139 35 Morbihan

147 1745 148 38 ravagés
254 1745 94 38 par
308 1745 94 38 les
362 1745 377 38 contre-révolutionnaires.
699 1745 175 38 Nouyelles
834 1745 81 38 de
874 1745 81 38 la
915 1745 148 38 Vendée;
1023 1745 81 38 où
1050 1745 67 38 les

147 1777 165 50 brigands
271 1777 96 50 ont
326 1777 96 50 été
381 1777 248 50 repoussés’avec
588 1777 124 50 perte
671 1777 220 50 :«Convaincus
850 1777 83 50 de
891 1777 124 50 votre
974 1777 110 50 zèle
1042 1777 83 50 et
1070 1777 55 50 de

151 1815 123 38 votre
233 1815 164 38 activité
357 1815 68 38 à
384 1815 164 38 réprimer
507 1815 96 38 les
562 1815 151 38 auteurs
671 1815 82 38 de
712 1815 109 38 tous
781 1815 96 38 les
836 1815 192 38 désordres,
986 1815 109 38 nous
1041 1815 82 38 pen-

145 1843 114 51 sons
216 1843 100 51 que
273 1843 85 51 le
316 1843 128 51 calme
401 1843 114 51 sera
472 1843 157 51 bientôt
586 1843 157 51 rétabli
700 1843 114 51 dans
771 1843 128 51 votre
843 1843 256 51 département...»-

161 1882 125 41 23812
245 1882 181 41 ISENGHIEN
384 1882 139 41 (Louis
481 1882 83 41 de
537 1882 223 41 Gand-Villain
718 1882 83 41 de
759 1882 139 41 MÉRODE
857 1882 83 41 et
898 1882 83 41 de
926 1882 195 41 MONTMORENCY,

155 1916 117 38 rince
233 1916 104 38 d’),
299 1916 157 38 maréchal
416 1916 78 38 de
455 1916 131 38 France
547 1916 104 38 sous
612 1916 117 38 Louis
690 1916 91 38 XV,
742 1916 104 38 L.
808 1916 144 38 s.;
912 1916 131 38 Paris,
1004 1916 78 38 30
1030 1916 91 38 janv.

152 1948 111 48 1742,
226 1948 86 48 3/4
275 1948 74 48 de
312 1948 74 48 p.
349 1948 111 48 in-4.
423 1948 62 48 3
435 1948 37 48 »

561 1986 53 40 23813
596 1986 70 40 JOHANNOT
649 1986 64 40 (Tony);
696 1986 70 40 peintre,
749 1986 64 40 célèbre
795 1986 41 40 par
819 1986 41 40 ses
842 1986 105 40 illustrations.
930 1986 53 40 L.
965 1986 35 40 a.
983 1986 59 40 s.
1024 1986 29 40 1
1030 1986 23 40 p.

155 2018 57 45 in-8.
193 2018 32 45 1
199 2018 25 45 50

156 2061 103 40 23814
224 2061 125 40 JOUBERT
315 2061 148 40 (Barth.),
429 2061 137 40 illustre
532 2061 125 40 général
623 2061 68 40 en
658 2061 103 40 chef,
726 2061 80 40 tué
772 2061 57 40 à
794 2061 68 40 la
829 2061 137 40 bataille
931 2061 68 40 de
954 2061 80 40 Novi.

156 2095 112 48 Billet
234 2095 89 48 aut,
290 2095 101 48 sig.;
357 2095 134 48 Foligno,
457 2095 78 48 1er
502 2095 134 48 germinal
603 2095 67 48 an
636 2095 78 48 IV,
681 2095 56 48 1
703 2095 67 48 p.
737 2095 89 48 in-8
792 2095 123 48 oblong.
871 2095 156 48 Rare

1042 2126 52 41 6
1052 2126 31 41 »
