1169 2206
560 8 44 43 —
578 8 44 43 8
587 8 26 43 —

139 50 133 64 jours
228 50 192 64 également
376 50 104 64 sûr
435 50 89 64 de
480 50 133 64 votre
568 50 237 64 attachement,
761 50 89 64 et
805 50 118 64 j’en
879 50 89 64 ai
924 50 89 64 yu
968 50 104 64 une
1013 50 118 64 preuve

137 103 116 42 bien
210 103 189 42 touchante
355 103 116 42 dans
428 103 131 42 votre
515 103 160 42 dernier
631 103 116 42 acte
703 103 131 42 comme
790 103 145 42 évêque
892 103 87 42 de
921 103 203 42 Sisteron...»

143 140 107 47 22234
214 140 213 47 LOUIS-PHILIPPE
392 140 95 47 Ier,
451 140 83 47 roi
498 140 83 47 des
546 140 154 47 Français.
664 140 107 47 L.
735 140 142 47 a.,
842 140 95 47 sig.
901 140 83 47 D.,
948 140 59 47 à
972 140 71 47 M.
996 140 130 47 Pascalis;

144 179 76 50 19
182 179 114 50 sept,
258 179 114 50 1819,
334 179 63 50 1
359 179 76 50 p.
397 179 88 50 1/2
448 179 114 50 in-8.
523 179 63 50 8
536 179 38 50 »

172 195 159 62 Curieuse
291 195 133 62 épître
384 195 93 62 sur
437 195 106 62 deux
504 195 159 62 tableaux
623 195 80 62 de
663 195 146 62 Granet,
769 195 159 62 Saint
889 195 106 62 Paul
955 195 106 62 dans
1008 195 120 62 les

142 252 145 39 caves
251 252 73 39 de
287 252 206 39 Marcellus
456 252 73 39 et
493 252 73 39 la
529 252 157 39 Prison
650 252 73 39 de
686 252 109 39 Citta
759 252 73 39 di
795 252 206 39 Castello
965 252 85 39 que
1013 252 73 39 sa
1037 252 85 39 femme

150 286 253 46 (Marie-Amélie)
361 286 84 46 et
403 286 84 46 sa
445 286 113 46 sœur
516 286 113 46 (Mme
586 286 183 46 Adélaïde)
727 286 99 46 ont
783 286 155 46 achetés
896 286 141 46 chacun
994 286 113 46 2500
1051 286 70 46 fr.

139 320 83 40 au
167 320 139 40 peintre.

145 332 92 74 22235
206 332 61 74 LE
237 332 92 74 MÊME.
298 332 92 74 L.
360 332 113 74 s.
442 332 92 74 1845,
503 332 72 74 1/2
544 332 61 74 p.
575 332 92 74 in-4.
636 332 51 74 3
646 332 31 74 »

141 371 119 59 22236
220 371 119 59 LOUIS
299 371 93 59 (L.
352 371 119 59 Dom.,
432 371 145 59 baron),
537 371 145 59 célèbre
643 371 172 59 financier
775 371 79 59 et
815 371 119 59 homme
894 371 145 59 d’État,
1000 371 119 59 émule
1066 371 53 59 de

140 425 200 43 Talleyrand,
300 425 80 43 né
340 425 67 43 à
366 425 120 43 Toul.
446 425 120 43 L.
526 425 80 43 a.
566 425 147 43 s.
673 425 187 43 Amsterdam,
819 425 80 43 14
859 425 107 43 nov.
926 425 120 43 1810,
1006 425 67 43 2
1033 425 80 43 p.
1059 425 67 43 1/4

143 454 127 43 in-4.
228 454 141 43 Envoyé
326 454 99 43 par
383 454 197 43 l’empereur
538 454 113 43 pour
608 454 169 43 liquider
735 454 99 43 les
792 454 141 43 dettes
890 454 85 43 de
933 454 85 43 la
961 454 155 43 Hollande,

136 478 86 65 il
179 478 129 65 parle
265 478 86 65 de
308 478 86 65 ce
351 478 86 65 ce
394 478 115 65 pays
466 478 86 65 et
509 478 115 65 fait
581 478 158 65 l’éloge
695 478 86 65 du
738 478 144 65 prince
839 478 158 65 Lebrun,
954 478 100 65 qui
1011 478 72 65 y
1026 478 100 65 était

144 523 100 45 alors
210 523 166 45 gouverneur.
344 523 55 45 2
355 523 44 45 50

142 558 121 50 22237
222 558 134 50 LUYNES
316 558 94 50 (H.
369 558 94 50 Th.
423 558 80 50 P.
463 558 107 50 Jos.
530 558 174 50 d’ALBERT,
664 558 94 50 duc
717 558 107 50 de),
784 558 134 50 savant
878 558 214 50 archéologue,
1039 558 80 50 pro-

141 596 125 40 tecteur
231 596 79 40 des
277 596 125 40 lettres
367 596 68 40 et
401 596 79 40 des
446 596 102 40 arts,
514 596 113 40 membre
594 596 68 40 de
628 596 170 40 l’Institut.
764 596 102 40 L.
831 596 68 40 a.
865 596 125 40 s.
945 596 79 40 1851,

145 625 45 48 2
163 625 54 48 p.
190 625 80 48 in-8.
243 625 45 48 1
252 625 36 48 75

147 665 108 45 22238
219 665 108 45 LYELL
291 665 168 45 (Charles),
423 665 72 45 le
459 665 96 45 plus
519 665 120 45 sayant
603 665 144 45 géologue
710 665 72 45 de
746 665 204 45 l’Angleterre.
914 665 108 45 L.
986 665 72 45 a.
1022 665 120 45 s.
1094 665 36 45 à

137 696 81 43 M.
178 696 135 43 Trimm;
273 696 149 43 Londres
381 696 122 43 1865,
462 696 68 43 1
489 696 81 43 p.
529 696 122 43 in-8,
611 696 189 43 enveloppe.
759 696 122 43 Jolie
840 696 135 43 pièce.
935 696 68 43 3
948 696 41 43 »

146 735 98 52 22239
211 735 98 52 MABLY
277 735 131 52 (Gabriel
375 735 120 52 BONNOT,
462 735 87 52 abbé
516 735 87 52 de),
570 735 120 52 célèbre
657 735 163 52 publiciste,
788 735 109 52 auteur
864 735 65 52 du
886 735 152 52 Droit

147 774 139 41 public
255 774 64 41 de
287 774 139 41 l’Europe,
394 774 97 41 fondé
458 774 75 41 sur
501 774 75 41 les
544 774 129 41 traités.
641 774 97 41 L.
705 774 64 41 a.
737 774 107 41 s.
812 774 54 41 à
834 774 64 41 M.
866 774 118 41 Bonnot;
941 774 86 41 Paris,

148 803 57 41 8
170 803 124 41 janvier
261 803 102 41 1783,
329 803 79 41 3/4
374 803 68 41 de
408 803 68 41 p.
442 803 102 41 in-4,
510 803 124 41 cachet.
600 803 181 41 Rare
747 803 68 41 25
770 803 34 41 »

178 838 160 47 Très-jolie
303 838 114 47 lettre
383 838 68 47 où
417 838 68 47 il
451 838 80 47 lui
497 838 137 47 souhaite
600 838 114 47 toutes
680 838 114 47 sortes
760 838 68 47 de
794 838 183 47 prospérités.
942 838 57 47 «
954 838 68 47 Pour

146 866 113 53 moi,
217 866 156 53 dit-il,
330 866 71 53 à
358 866 99 53 mon
415 866 99 53 âge
472 866 85 53 il
514 866 85 53 ne
557 866 85 53 me
599 866 127 53 reste
684 866 113 53 qu’à
755 866 156 53 désirer
868 866 85 53 du
897 866 127 53 repos.»

151 907 127 55 22240
235 907 127 55 MAINE
320 907 84 55 DE
362 907 127 55 BIRAN
446 907 99 55 (F.
503 907 84 55 P.
545 907 113 55 G.),
615 907 155 55 célèbre
728 907 197 55 philosophe
883 907 84 55 et
925 907 127 55 homme
995 907 127 55 d’État.

149 953 110 50 L.
222 953 73 50 a.
258 953 122 50 s.
344 953 61 50 à
368 953 73 50 M.
405 953 171 50 Durandeau;
539 953 171 50 Périgueux,
673 953 61 50 6
697 953 171 50 septembre,
831 953 61 50 3
855 953 73 50 p.
892 953 110 50 in-4.
953 953 85 50 Très-

150 978 87 48 belle
208 978 106 48 lettre.
285 978 48 48 3
295 978 29 48 »

144 1004 118 60 22241
223 1004 118 60 MALET
301 1004 105 60 (CI.
367 1004 79 60 F.
406 1004 105 60 de),
472 1004 157 60 général,
590 1004 92 60 qui
643 1004 144 60 chercha
747 1004 66 60 à
774 1004 171 60 renverser
905 1004 157 60 Napoléon
1023 1004 105 60 Ier,
1076 1004 52 60 et

146 1058 95 39 fut
200 1058 149 39 fusillé
308 1058 81 39 en
348 1058 122 39 1812.
429 1058 122 39 L.
510 1058 81 39 a.
551 1058 149 39 s.
659 1058 122 39 comme
740 1058 189 39 commandant
888 1058 81 39 du
929 1058 203 39 département
1077 1058 54 39 de

137 1089 83 54 la
179 1089 153 54 Vendée;
290 1089 97 54 Les
345 1089 153 54 Sables,
456 1089 83 54 25
498 1089 166 54 messidor
623 1089 83 54 an
664 1089 111 54 XII,
734 1089 69 54 1
761 1089 83 54 p.
803 1089 166 54 in-fol.,
928 1089 125 54 vign.
1011 1089 83 54 et
1039 1089 83 54 tête

146 1114 99 51 impr.
212 1114 99 51 Belle
279 1114 110 51 pièce.
356 1114 55 51 4
367 1114 33 51 »

144 1160 111 43 22242
217 1160 147 43 MALHERBE
328 1160 160 43 (François
451 1160 98 43 de),
512 1160 74 43 le
549 1160 98 43 père
610 1160 74 43 de
647 1160 74 43 la
684 1160 123 43 poésie
770 1160 172 43 française.
905 1160 111 43 P.
979 1160 135 43 s.
1065 1160 61 43 sur

145 1191 128 45 vélin,
235 1191 102 45 avec
299 1191 89 45 une
350 1191 115 45 ligne
426 1191 153 45 autogr.;
541 1191 77 45 16
580 1191 102 45 juin
644 1191 115 45 1627,
720 1191 64 45 1
746 1191 77 45 p.
784 1191 102 45 in-4
848 1191 141 45 oblong.
938 1191 89 45 Très-

157 1226 77 42 jolie
209 1226 85 42 pièce.
268 1226 51 42 35
285 1226 26 42 »

166 1241 84 55 Il
208 1241 169 55 confesse
335 1241 127 55 avoir
419 1241 113 55 reçu
490 1241 84 55 la
532 1241 127 55 somme
616 1241 84 55 de
659 1241 113 55 3000
729 1241 141 55 livres
827 1241 113 55 dont
898 1241 84 55 il
940 1241 70 55 a
968 1241 99 55 plu
1024 1241 84 55 au
1053 1241 70 55 roi

140 1292 88 47 de
184 1292 103 47 lui
243 1292 133 47 faire
332 1292 118 47 don.
405 1292 74 47 —
435 1292 177 47 Malherbe
567 1292 103 47 fut
626 1292 118 47 sans
700 1292 133 47 doute
788 1292 177 47 gratifié
921 1292 88 47 de
965 1292 88 47 ce
994 1292 133 47 présent

210 1330 104 44 pour
275 1330 91 44 ces
327 1330 104 44 vers
391 1330 78 44 où
430 1330 78 44 il
469 1330 168 44 prédisait
599 1330 65 44 à
625 1330 117 44 Louis
702 1330 104 44 XIII
767 1330 78 44 la
806 1330 117 44 prise
884 1330 78 44 de
923 1330 78 44 La
961 1330 155 44 Rochelle
1065 1330 39 44 :

235 1361 167 42 «Prends
356 1361 91 42 ta
402 1361 167 42 foudre,
523 1361 152 42 Louis,
629 1361 91 42 et
674 1361 91 42 va
720 1361 136 42 comme
811 1361 91 42 un
841 1361 91 42 lion

243 1398 152 46 «Donner
354 1398 83 46 le
395 1398 152 46 dernier
506 1398 111 46 coup
575 1398 69 46 à
603 1398 83 46 la
644 1398 166 46 dernière
755 1398 83 46 tête

427 1426 103 53 «De
486 1426 88 53 la
516 1426 191 53 rébellion.»

138 1460 112 53 22243
212 1460 212 53 MALLET-DU-PAN
386 1460 174 53 (Jacques),
523 1460 137 53 célèbre
623 1460 174 53 publiciste
760 1460 75 53 et
797 1460 162 53 écrivain.
921 1460 112 53 L.
996 1460 75 53 a.
1021 1460 112 53 s.

145 1503 139 52 Genève;
247 1503 63 52 8
272 1503 114 52 févr.
348 1503 114 52 1781,
424 1503 63 52 3
449 1503 76 52 p.
487 1503 114 52 in-4.
563 1503 63 52 6
576 1503 38 52 »

173 1538 143 42 Lettre
273 1538 114 42 fort
344 1538 171 42 curieuse
472 1538 86 42 où
515 1538 86 42 il
558 1538 157 42 raconte
672 1538 100 42 ses
729 1538 185 42 relations
871 1538 114 42 avec
943 1538 171 42 Linguet,
1057 1538 71 42 qui

145 1573 116 46 vient
222 1573 129 46 d’être
312 1573 90 46 mis
364 1573 77 46 en
402 1573 141 46 prison,
505 1573 141 46 annonce
608 1573 116 46 qu’il
685 1573 141 46 reprend
788 1573 90 46 les
839 1573 231 46 Annales
1032 1573 77 46 de
1058 1573 64 46 ce-

146 1608 147 41 lui-ci,
253 1608 80 41 et
293 1608 80 41 il
333 1608 107 41 fait
400 1608 80 41 en
440 1608 161 41 quelques
561 1608 107 41 mots
628 1608 80 41 sa
668 1608 188 41 profession
816 1608 80 41 de
843 1608 80 41 foi.

145 1642 124 49 22244
228 1642 124 49 MARAT
311 1642 97 49 (J.
366 1642 111 49 P.),
436 1642 138 49 fameux
532 1642 194 49 publiciste
684 1642 83 49 et
726 1642 249 49 conventionnel,
933 1642 180 49 assassiné
1058 1642 69 49 par

146 1678 172 43 Charlotte
278 1678 146 43 Corday.
384 1678 119 43 L.
464 1678 80 43 a.
504 1678 133 43 s.
597 1678 93 43 (au
650 1678 119 43 comte
729 1678 80 43 de
769 1678 133 43 Gouy),
862 1678 66 43 1
888 1678 80 43 p.
928 1678 93 43 1/2
981 1678 119 43 in-8.
1061 1678 80 43 75
1087 1678 40 43 »

178 1710 125 56 Jolie
261 1710 153 56 lettre,
372 1710 194 56 antérieure
525 1710 69 56 à
553 1710 83 56 la
595 1710 208 56 Révolution,
761 1710 83 56 où
803 1710 83 56 il
844 1710 167 56 remercie
955 1710 167 56 affectueu-

147 1745 134 47 sement
240 1745 80 47 le
281 1745 121 47 comte
361 1745 107 47 d’un
428 1745 107 47 prêt
495 1745 121 47 qu’il
576 1745 94 47 lui
629 1745 121 47 avait
696 1745 94 47 fait.

144 1784 124 60 22245
227 1784 151 60 MARCEAU
337 1784 110 60 (Fr.
406 1784 110 60 Sév.
474 1784 220 60 DESGRAVIERS)
653 1784 165 60 illustre
777 1784 151 60 général
887 1784 83 60 en
928 1784 110 60 chef
983 1784 138 60 républi-

146 1819 119 46 cain,
225 1819 93 46 tué
278 1819 79 46 en
318 1819 119 46 1796.
397 1819 119 46 L.
477 1819 79 46 a.
516 1819 132 46 s.
609 1819 66 46 à
635 1819 146 46 Kléber;
741 1819 265 46 quartier-général
966 1819 79 46 de
993 1819 132 46 Simeren,

150 1855 84 38 15
192 1855 169 38 brumaire
319 1855 84 38 an
361 1855 99 38 IV,
417 1855 70 38 1
445 1855 84 38 p.
488 1855 155 38 in-fol.
600 1855 127 38 vign.
685 1855 84 38 et
727 1855 113 38 tête
797 1855 127 38 impr.
882 1855 141 38 Légère
966 1855 155 38 déchirure

158 1890 41 39 et
179 1890 108 39 raccommodage
267 1890 108 39 n’atteignant
354 1890 47 39 pas
382 1890 41 39 le
402 1890 68 39 texte.
449 1890 108 39 Rare
537 1890 41 39 22
551 1890 20 39 »

587 1913 124 50 Intéressante
688 1913 77 50 lettre
742 1913 108 50 militaire.
827 1913 39 50 —
842 1913 46 50 Il
865 1913 85 50 défend,
927 1913 77 50 malgré
981 1913 46 50 sa
1004 1913 108 50 faiblesse,
1082 1913 46 50 tous

142 1948 102 55 les
201 1948 189 55 débouchés
346 1948 87 55 du
389 1948 189 55 Sundwall,
534 1948 87 55 et
578 1948 87 55 se
621 1948 145 55 plaint
723 1948 87 55 de
766 1948 160 55 n’avoir
882 1948 102 55 pas
940 1948 102 55 été
984 1948 145 55 renforcé

142 1989 132 46 d’une
230 1989 161 46 brigade
347 1989 132 46 comme
435 1989 88 46 il
479 1989 219 46 l’espérait.
654 1989 88 46 Il
698 1989 161 46 demande
815 1989 205 46 instamment
976 1989 102 46 des
1020 1989 102 46 muni-

147 2027 142 52 tions.
246 2027 100 52 «Le
303 2027 114 52 tems
374 2027 100 52 est
431 2027 185 52 terrible:
573 2027 85 52 il
616 2027 142 52 semble
716 2027 100 52 que
772 2027 114 52 tous
844 2027 100 52 les
900 2027 171 52 éléments
1014 2027 114 52 soient

147 2066 197 40 déchaînés
298 2066 151 40 contre
389 2066 121 40 nous.»

569 2097 72 61 22246
617 2097 136 61 MARIE-LOUISE,
729 2097 120 61 impératrice
825 2097 56 61 des
857 2097 104 61 Français,
937 2097 72 61 femmé
985 2097 48 61 de
1009 2097 96 61 Napoléon
1073 2097 48 61 Ier.
