1187 2203
569 32 73 50 —
599 32 73 50 2
613 32 44 50 —

148 67 122 73 22146
230 67 190 73 BELGIOJOSO
380 67 95 73 (la
434 67 177 73 princesse
570 67 109 73 de),
638 67 150 73 célèbre
747 67 163 73 pâtriote
869 67 177 73 italienne
1006 67 82 73 et
1033 67 95 73 femme

158 124 56 49 de
186 124 111 49 lettres.
269 124 83 49 L.
325 124 56 49 a.
352 124 102 49 s.
427 124 46 49 1
445 124 56 49 p.
473 124 83 49 in-8.
529 124 46 49 2
538 124 37 49 50

152 141 100 69 22147
219 141 134 69 BELLANGÉ
319 141 134 69 (Hipp.),
419 141 122 69 célèbre
508 141 122 69 peintre
597 141 67 69 de
630 141 156 69 batailles.
753 141 100 69 L.
820 141 67 69 a.
853 141 122 69 s.
942 141 78 69 1/2
975 141 45 69 p.

169 202 50 42 in-8.
202 202 28 42 1
207 202 22 42 50

150 237 120 43 22148
230 237 161 43 BÉRANGER
350 237 94 43 (P.
404 237 80 43 J.
444 237 107 43 de),
511 237 120 43 notre
591 237 201 43 chansonnier
752 237 174 43 national.
886 237 120 43 L.
966 237 80 43 a.
1006 237 134 43 s.
1086 237 54 43 (à

152 272 89 45 Mme
203 272 281 45 Cauchois-Lemaire),
446 272 64 45 1
471 272 77 45 p.
509 272 89 45 pl.
560 272 115 45 in-8.
637 272 64 45 6
650 272 38 45 »

187 304 183 37 Curieuse
324 304 152 37 épître
431 304 183 37 relative
568 304 76 37 à
598 304 107 37 une
659 304 152 37 notice
766 304 107 37 sur
827 304 107 37 lui
888 304 137 37 qu’on
980 304 76 37 a
1010 304 137 37 faite
1086 304 46 37 à

146 333 185 45 Bruxelles
288 333 85 45 et
331 333 85 45 où
374 333 85 45 on
416 333 71 45 a
445 333 128 45 joint
530 333 85 45 un
573 333 185 45 portrait.
715 333 100 45 «Il
772 333 100 45 est
829 333 114 45 bien
900 333 128 45 laid;
971 333 157 45 cependant

152 368 86 42 il
195 368 86 42 ne
237 368 86 42 me
280 368 185 42 ressemble
423 368 114 42 pas.
494 368 157 42 J’avais
608 368 157 42 presque
722 368 128 42 envie
807 368 86 42 de
850 368 171 42 réclamer
978 368 128 42 aussi
1050 368 86 42 pour

153 402 88 43 le
197 402 146 43 compte
300 402 88 43 de
343 402 88 43 ma
373 402 175 43 figure...»

149 435 113 43 22149
225 435 151 43 BERCHOUX
338 435 164 43 (Joseph),
464 435 126 43 poëte,
552 435 76 43 le
590 435 164 43 spirituel
716 435 126 43 auteur
804 435 76 43 de
842 435 76 43 la
867 435 264 43 Gastronomie

149 479 118 45 L.
228 479 79 45 a.
267 479 131 45 s.
359 479 66 45 à
385 479 79 45 M.
425 479 158 45 Boucher;
543 479 171 45 Marcigni,
674 479 79 45 22
714 479 105 45 déc.
779 479 118 45 1821,
858 479 66 45 2
884 479 79 45 p.
924 479 92 45 pl.
976 479 118 45 in-4.
1042 479 92 45 Jolie

158 514 138 40 pièce.
255 514 221 40 Rare
435 514 83 40 12
463 514 42 40 »

150 523 126 66 22150
234 523 155 66 BERLIOZ
347 523 183 66 (Hector),
487 523 155 66 célèbre
599 523 211 66 compositeur
768 523 84 66 de
810 523 169 66 musique,
937 523 140 66 membre
1021 523 56 66 de

156 584 165 41 l’Institut.
288 584 77 41 Son
332 584 198 41 portrait-carte
496 584 176 41 photographié
639 584 77 41 par
683 584 121 41 Carjat,
771 584 198 41 signé,
935 584 110 41 in-18.
1012 584 55 41 5
1023 584 33 41 »

156 608 100 52 22151
223 608 123 52 BERTHET
312 608 123 52 (Élie),
401 608 145 52 romancier
513 608 156 52 distingué.
636 608 100 52 L.
703 608 67 52 a.
736 608 123 52 s.
826 608 67 52 18
859 608 100 52 avril
926 608 100 52 1846;
993 608 56 52 1
1004 608 45 52 p.

160 656 59 41 pl.
193 656 75 41 in-8.
243 656 42 41 2
252 656 25 41 »

181 686 151 40 Curieuse
295 686 126 40 épître
383 686 88 40 sur
433 686 88 40 son
483 686 113 40 roman
559 686 76 40 de
597 686 76 40 la
635 686 151 40 Belle
735 686 189 40 Drapière

151 717 120 48 22152
231 717 160 48 BERTHIER
350 717 213 48 (Alexandre);
523 717 160 48 maréchal
643 717 80 48 de
683 717 133 48 France
776 717 80 48 et
816 717 173 48 ministre.
949 717 120 48 L.
1015 717 120 48 a.

153 763 115 41 sig.
224 763 129 41 ALEX.
311 763 101 41 B.,
368 763 72 41 à
397 763 216 41 Kellermann;
569 763 129 41 Nice,
656 763 72 41 9
684 763 172 41 germinal
814 763 86 41 an
857 763 101 41 IV,
914 763 72 41 3
943 763 86 41 p.
986 763 101 41 3/4
1029 763 101 41 in

157 794 93 44 vign.
219 794 62 44 et
250 794 83 44 tête
301 794 93 44 impr.
363 794 62 44 10
384 794 31 44 »

185 806 235 63 Très-curieuse
379 806 138 63 épître
475 806 97 63 sur
530 806 180 63 l’arrivée
669 806 83 63 de
710 806 180 63 Bonaparte
848 806 69 63 à
876 806 124 63 Nice,
958 806 83 63 où
1000 806 83 63 il
1028 806 110 63 venait

158 858 99 40 remplacer
235 858 84 40 Schérer
296 858 69 40 comme
342 858 84 40 général
403 858 46 40 en
426 858 61 40 chef
464 858 46 40 de
487 858 84 40 l’armée
548 858 99 40 d’Italie.
617 858 46 40 Ber-

157 889 70 44 thier
204 889 70 44 donne
250 889 139 44 d’intéressants
366 889 85 44 détails
428 889 54 44 sur
459 889 54 44 les
490 889 77 44 forces
544 889 46 44 de
568 889 85 44 l’armée
630 889 46 44 et
653 889 54 44 sur
676 889 31 44 le

166 922 104 44 plan
231 922 78 44 de
270 922 170 44 campagne.
401 922 91 44 Ils
453 922 104 44 vont
518 922 143 44 bientôt
622 922 170 44 entrer
753 922 78 44 en
792 922 196 44 action
948 922 91 44 «Je
1001 922 104 44 suis
1053 922 78 44 con-

166 952 64 45 tent
206 952 48 45 de
230 952 111 45 Bonaparte.
317 952 48 45 Il
341 952 40 45 a
357 952 56 45 des
388 952 79 45 moyens
444 952 48 45 et
468 952 48 45 il
492 952 103 45 travaille
571 952 103 45 beaucoup.
650 952 48 45 Je
666 952 48 45 n’ai

161 983 70 52 ju’à
205 983 70 52 m’en
249 983 79 52 louer
301 983 202 52 personnellement...»
477 983 44 52 —
494 983 114 52 Bonaparte
582 983 96 52 gagnait
652 983 53 52 13
670 983 61 52 jours

156 1022 118 41 après
234 1022 118 41 cette
313 1022 131 41 lettre
404 1022 78 41 la
443 1022 157 41 bataille
561 1022 78 41 de
587 1022 183 41 Montenotte.)

153 1053 73 46 22153
201 1053 73 46 BIRON
250 1053 89 46 (Armand
314 1053 48 46 de
339 1053 97 46 GONTAUT,
411 1053 73 46 baron
460 1053 65 46 de),
500 1053 129 46 grand-maître
605 1053 48 46 de
621 1053 121 46 l’artillerie,

153 1092 183 42 maréchal
290 1092 92 42 de
336 1092 168 42 France,
458 1092 92 42 un
504 1092 107 42 des
565 1092 122 42 plus
641 1092 153 42 grands
748 1092 214 42 capitaines
916 1092 92 42 de
962 1092 107 42 son
1008 1092 122 42 temps,

149 1125 90 40 tué
201 1125 77 40 au
239 1125 116 40 siège
316 1125 180 40 d’Epernay,
458 1125 77 40 en
496 1125 116 40 1592.
573 1125 116 40 L.
651 1125 141 40 s.
753 1125 103 40 avec
818 1125 77 40 la
856 1125 180 40 souscript.
998 1125 116 40 aut.,
1075 1125 64 40 à
1088 1125 51 40 la

145 1154 129 51 reine
231 1154 201 51 (Catherine
389 1154 86 51 de
432 1154 187 51 Medicis);
575 1154 201 51 Périgueux,
733 1154 86 51 19
776 1154 115 51 mars
848 1154 129 51 1561,
934 1154 72 51 1
963 1154 86 51 p.
991 1154 144 51 in

161 1196 92 40 cachet.
227 1196 50 40 25
244 1196 25 40 »

186 1198 215 69 Intéressante
360 1198 134 69 lettre
454 1198 80 69 où
494 1198 80 69 il
534 1198 94 69 lui
588 1198 148 69 annonce
695 1198 121 69 qu’il
776 1198 67 69 a
803 1198 148 69 assisté
910 1198 94 69 aux
964 1198 121 69 États
1031 1198 107 69 d’Age-

149 1261 116 45 nois
222 1261 87 45 et
266 1261 73 45 à
295 1261 116 45 ceux
368 1261 87 45 de
411 1261 174 45 Périgord
542 1261 87 45 et
586 1261 102 45 que
644 1261 116 45 tout
716 1261 116 45 «est
789 1261 131 45 enfin
876 1261 145 45 réussy
978 1261 160 45 presque
1080 1261 58 45 au

156 1289 135 38 poinct
250 1289 94 38 que
304 1289 81 38 je
344 1289 162 38 désiroys
466 1289 162 38 conforme
587 1289 67 38 à
614 1289 135 38 vostre
709 1289 121 38 désir
790 1289 81 38 et
817 1289 202 38 intention...»

149 1311 122 68 22154
231 1311 122 68 BIRON
312 1311 162 68 (Charles
434 1311 81 68 de
474 1311 162 68 GONTAUT,
596 1311 95 68 duc
650 1311 108 68 de),
718 1311 108 68 fils
785 1311 81 68 du
826 1311 189 68 précédent,
975 1311 162 68 maréchal
1083 1311 54 68 de

159 1357 164 54 France,
278 1357 149 54 fameux
382 1357 104 54 par
442 1357 89 54 sa
486 1357 193 54 trahison,
635 1357 179 54 décapité
769 1357 74 54 à
799 1357 89 54 la
843 1357 193 54 Bastille,
992 1357 89 54 en
1022 1357 104 54 1602.

149 1389 117 47 L.
227 1389 78 47 a.
266 1389 130 47 s.
357 1389 65 47 à
383 1389 78 47 M.
422 1389 78 47 de
461 1389 169 47 Villeroy;
591 1389 130 47 Dijon,
681 1389 78 47 10
720 1389 117 47 avril
798 1389 117 47 1600,
876 1389 65 47 1
902 1389 78 47 p.
941 1389 143 47 in-fol.
1032 1389 104 47 Signée

147 1423 90 60 sur
198 1423 77 60 la
237 1423 128 60 marge.
327 1423 180 60 Légèrement
468 1423 128 60 jaunie
558 1423 90 60 sur
609 1423 90 60 les
660 1423 128 60 bords.
750 1423 77 60 40
776 1423 38 60 »

179 1447 124 71 Belle
262 1447 83 71 et
303 1447 221 71 intéressante
483 1447 138 71 lettre
579 1447 83 71 où
621 1447 83 71 il
662 1447 152 71 annonce
772 1447 124 71 qu’il
855 1447 83 71 va
897 1447 83 71 se
938 1447 138 71 rendre
1021 1447 110 71 auprès

148 1505 84 37 du
176 1505 84 37 roi.

167 1528 57 64 BIRON
205 1528 44 64 (A.
230 1528 38 64 L.
249 1528 38 64 de
268 1528 76 64 GONTAUT,
325 1528 44 64 duc
351 1528 51 64 de),
383 1528 102 64 constituant,
465 1528 70 64 général
516 1528 38 64 en
535 1528 51 64 chef
560 1528 32 64 des

147 1576 149 46 troupes
256 1576 230 46 républicaines
445 1576 108 46 dans
513 1576 81 46 la
553 1576 149 46 Vendée,
662 1576 162 46 décapité
783 1576 81 46 en
824 1576 122 46 1793.
905 1576 122 46 P.
986 1576 81 46 a.
1013 1576 122 46 s.

156 1608 100 45 1792,
223 1608 56 45 1
245 1608 67 45 p.
278 1608 123 45 in-fol.
367 1608 56 45 3
379 1608 33 45 »

166 1623 87 59 22156
224 1623 106 59 BITAUBÉ
302 1623 68 59 (P.
340 1623 77 59 J.),
389 1623 155 59 littérateur,
514 1623 135 59 traducteur
621 1623 126 59 d’Homère,
718 1623 97 59 membre
785 1623 58 59 de
805 1623 77 59 l’Ins-

156 1672 122 51 titut.
241 1672 110 51 L.
315 1672 73 51 a.
351 1672 122 51 s.
437 1672 61 51 à
461 1672 73 51 M.
498 1672 134 51 Rochas;
596 1672 122 51 Paris,
681 1672 73 51 11
718 1672 122 51 nivôse
803 1672 73 51 an
840 1672 98 51 XII,
901 1672 61 51 1
925 1672 73 51 p.
962 1672 86 51 pl.
1011 1672 110 51 in-8.
1084 1672 61 51 4
1096 1672 37 51 »

182 1713 90 44 Il
227 1713 166 44 annonce
347 1713 105 44 que
408 1713 241 44 l’impression
603 1713 90 44 de
648 1713 90 44 sa
694 1713 211 44 traduction
859 1713 181 44 d’Homère
995 1713 150 44 touche
1085 1713 45 44 à

151 1738 75 51 sa
175 1738 75 51 fin.

163 1766 66 68 22157
207 1766 81 68 BLUCHER
266 1766 154 68 (Gebhard-Lebrecht
398 1766 59 68 de),
435 1766 81 68 célèbre
494 1766 125 68 feld-maréchal
589 1766 81 68 prussien,

162 1825 87 35 qui
211 1825 124 35 décida
298 1825 74 35 le
335 1825 99 35 gain
397 1825 74 35 de
435 1825 74 35 la
472 1825 149 35 bataille
584 1825 74 35 de
621 1825 161 35 Waterloo.
745 1825 112 35 L.
820 1825 137 35 s.
919 1825 149 35 Munster,
1031 1825 62 35 3
1043 1825 87 35 sept.

167 1849 102 50 1799,
234 1849 79 50 1/2
280 1849 68 50 p.
313 1849 124 50 in-fol.
404 1849 102 50 Belle
472 1849 113 50 pièce.
551 1849 68 50 10
573 1849 34 50 »

156 1868 114 56 22158
232 1868 165 56 BONAPARTE
359 1868 152 56 (Charles
473 1868 101 56 de),
536 1868 76 56 le
574 1868 101 56 père
638 1868 76 56 de
676 1868 152 56 Napoléon
790 1868 89 56 Ier
841 1868 114 56 L.
917 1868 152 56 a.,
1031 1868 101 56 sig.
1081 1868 51 56 DE

159 1918 189 45 BUONAPARTE,
311 1918 202 45 assesseur
474 1918 76 45 de
512 1918 76 45 la
550 1918 202 45 jurisdiction
714 1918 126 45 royale
802 1918 164 45 d’Ajaccio
928 1918 76 45 en
966 1918 126 45 l’isle
1041 1918 101 45 de

164 1954 166 44 Corse,
292 1954 140 44 faisant
394 1954 153 44 fonction
509 1954 77 44 de
547 1954 166 44 juge
675 1954 64 44 à
700 1954 128 44 M....;
789 1954 153 44 Ajaccio,
904 1954 115 44 (août
981 1954 128 44 1783),
1070 1954 64 44 4
1083 1954 51 44 p.

161 1982 122 44 in-4.
243 1982 149 44 Superbe
351 1982 135 44 pièce,
445 1982 81 44 la
486 1982 108 44 plus
553 1982 122 44 belle
634 1982 81 44 et
675 1982 81 44 la
715 1982 108 44 plus
783 1982 135 44 longue
877 1982 95 44 que
931 1982 108 44 l’on
985 1982 149 44 connaisse

157 2019 51 46 de
182 2019 68 46 lui.
224 2019 177 46 Très-rare
376 2019 59 46 100
402 2019 25 46 »

189 2046 80 46 Il
229 2046 173 46 sollicite
362 2046 93 46 des
415 2046 146 46 secours
522 2046 107 46 pour
588 2046 80 46 la
628 2046 120 46 fille
708 2046 107 46 d’un
775 2046 133 46 ancien
868 2046 186 46 chirurgien
1014 2046 80 46 au
1041 2046 93 46 régi-

162 2090 112 44 ment
232 2090 225 44 d’infanterie
415 2090 183 44 allemande
555 2090 183 44 d’Anhalt,
696 2090 140 44 lequel
794 2090 70 44 a
822 2090 98 44 été
878 2090 183 44 assassiné
1019 2090 98 44 par
1061 2090 70 44 des

97 2124 374 51 brigands
