1912 2915
499 10 104 56 —
541 10 104 56 4
562 10 62 56 —

29 84 111 49 7838.
102 84 74 49 LE
139 84 111 49 MÊME.
213 84 98 49 Note
274 84 172 49 aut
410 84 147 49 relative
520 84 61 49 à
545 84 86 49 son
594 84 111 49 cours
668 84 74 49 de
704 84 197 49 littérature.
864 84 86 49 3/4
913 84 74 49 de
938 84 49 49 p.

123 120 59 40 in-4.
162 120 33 40 2
168 120 26 40 50

123 146 96 63 7839.
187 146 139 63 LAMARTINE
294 146 107 63 (Alph.
369 146 85 63 de),
422 146 107 63 poëte,
497 146 64 63 de
529 146 117 63 l’Acad.
615 146 75 63 fr.
657 146 96 63 L.
721 146 64 63 a.
753 146 107 63 s.
817 146 150 63 Saint

121 191 98 44 1855,
186 191 54 44 2
208 191 65 44 p.
240 191 98 44 in-8.
306 191 54 44 2
316 191 33 44 »

106 230 118 49 7840.
185 230 131 49 LANNES
276 230 144 49 (Jean),
381 230 92 49 duc
434 230 79 49 de
473 230 197 49 Montebello,
630 230 157 49 maréchal
748 230 79 49 de
787 230 144 49 France.
879 230 92 49 Pièce

121 269 105 49 signée
194 269 84 49 avec
246 269 73 49 ces
288 269 84 49 mots
340 269 136 49 autog.
445 269 52 49 :
466 269 105 49 Acordé
540 269 63 49 la
571 269 126 49 demision
665 269 189 49 ci-dessus
822 269 94 49 le
875 269 94 49 gé

124 302 122 42 néral
215 302 153 42 Lannes
337 302 61 42 An
368 302 71 42 IX,
409 302 51 42 1
429 302 61 42 p.
460 302 112 42 in-fol.
541 302 51 42 4
551 302 51 42 »

114 333 116 59 7841.
192 333 168 59 LAURISTON
321 333 129 59 (Alex.
411 333 142 59 comte),
514 333 155 59 maréchal
631 333 77 59 de
669 333 142 59 France.
773 333 103 59 Etat
837 333 77 59 de
876 333 90 59 ses
915 333 90 59 frais

114 368 73 48 de
150 368 121 48 poste,
235 368 61 48 4
259 368 73 48 p.
295 368 85 48 pl.
344 368 133 48 in-fol.
441 368 61 48 2
453 368 36 48 »

107 402 132 49 7842.
195 402 161 49 LECLERC
313 402 132 49 (Em),
401 402 161 49 général
518 402 88 49 en
562 402 117 49 chef
636 402 88 49 de
680 402 161 49 l’armée
797 402 88 49 de
826 402 250 49 Saint

122 444 112 46 L.
196 444 74 46 a.
233 444 124 46 s.
320 444 149 46 Estaing,
432 444 74 46 an
469 444 74 46 X,
506 444 62 46 1
531 444 74 46 p.
568 444 87 46 pl.
618 444 137 46 in-fol.
717 444 99 46 Tête
779 444 112 46 impr.
854 444 62 46 3
866 444 50 46 75

111 476 110 48 7843.
184 476 147 48 LEFEBVRE
294 476 159 48 (F.-Jh.),
416 476 147 48 maréchal
526 476 73 48 de
563 476 134 48 France,
661 476 86 48 duc
710 476 73 48 de
746 476 159 48 Dantzick.
868 476 110 48 L.
942 476 73 48 a.
966 476 98 48 s.

113 512 62 54 à
137 512 137 54 Kléber.
237 512 75 54 An
275 512 100 54 III,
337 512 87 54 3/4
387 512 75 54 de
424 512 75 54 p.
462 512 137 54 in-fol.
561 512 137 54 Détails
661 512 187 54 militaires.
811 512 62 54 3
823 512 50 54 50

115 551 129 56 7844.
201 551 158 56 LEGOUVE
316 551 259 56 (G.-M.-J.-B.),
531 551 129 56 poëte
617 551 86 56 et
660 551 144 56 auteur
761 551 215 56 dramatique,
933 551 144 56 membre
1020 551 57 56 de

110 586 191 50 l’Institut.
263 586 114 50 L.
339 586 76 50 a.
377 586 127 50 s.
466 586 64 50 à
491 586 114 50 Cadet
568 586 191 50 Gassicourt.
720 586 76 50 An
758 586 89 50 VI,
809 586 64 50 1
835 586 76 50 p.
873 586 89 50 1/2
924 586 114 50 in-4.
987 586 89 50 Très-

115 625 122 43 jolie
197 625 136 43 lettre
292 625 81 43 en
333 625 149 43 réponse
441 625 68 43 à
468 625 81 43 la
509 625 204 43 proposition
672 625 68 43 à
699 625 95 43 lui
754 625 122 43 faite
835 625 95 43 par
889 625 81 43 le
930 625 122 43 Lycée
998 625 68 43 ré-

118 659 174 45 publicain,
254 659 75 45 de
292 659 75 45 la
329 659 124 45 chaire
416 659 75 45 de
453 659 199 45 littérature.
615 659 62 45 5
628 659 37 45 »

110 695 97 44 7845.
175 695 65 44 LE
208 695 97 44 MÊME.
272 695 97 44 L.
337 695 65 44 a.
370 695 108 44 s.
445 695 65 44 au
478 695 97 44 même,
543 695 54 44 1
564 695 65 44 p.
597 695 97 44 in-4.
662 695 54 44 4
673 695 32 44 »

112 727 104 56 7846.
181 727 115 56 MANIN,
261 727 150 56 président
376 727 69 56 de
411 727 69 56 la
445 727 161 56 république
572 727 69 56 de
606 727 127 56 Venise.
698 727 104 56 L.
767 727 69 56 a.
802 727 173 56 s.1356,
940 727 58 56 1
951 727 46 56 p.

112 763 108 45 in-12.
188 763 98 45 Jolie
253 763 119 45 lettre.
340 763 54 45 2
351 763 43 45 50

105 803 114 57 7847.
181 803 151 57 MARCHAND
295 803 88 57 (Le
345 803 139 57 comte),
446 803 139 57 général
547 803 76 57 de
585 803 164 57 division.
711 803 114 57 L.
787 803 76 57 a.
824 803 126 57 s.
913 803 76 57 au
938 803 126 57 maréchal

110 838 103 45 Ney.
174 838 167 45 Santiago,
303 838 64 45 9
328 838 103 45 mars
393 838 116 45 1809,
470 838 64 45 3
495 838 77 45 p.
534 838 90 45 pl.
585 838 141 45 in-fol.
688 838 64 45 3
701 838 51 45 50

141 877 198 38 Très-belle
296 877 141 38 lettre
395 877 184 38 militaire
536 877 113 38 dans
607 877 169 38 laquelle
734 877 85 38 il
776 877 113 38 rend
847 877 141 38 compte
946 877 113 38 d’un
1002 877 71 38 en-

109 912 193 49 gagement
254 912 129 49 avec
335 912 113 49 les
399 912 290 49 -Espagnols....
641 912 97 49 On
689 912 129 49 leur
770 912 81 49 a
802 912 113 49 tué
866 912 97 49 au
915 912 145 49 moins
995 912 81 49 400

110 949 159 40 hommes,
225 949 116 40 dont
298 949 72 40 6
327 949 159 40 prêtres
443 949 87 40 et
486 949 72 40 2
515 949 145 40 moines
617 949 174 40 habillés
747 949 87 40 de
791 949 145 40 blanc,
892 949 101 40 qui
936 949 130 40 étaient

104 983 115 47 tous
176 983 101 47 les
233 983 72 47 8
262 983 72 47 à
291 983 87 47 la
334 983 115 47 tête
406 983 101 47 des
464 983 173 47 paysans,
594 983 115 47 avec
666 983 144 47 chacun
767 983 87 47 un
810 983 130 47 fusil
897 983 115 47 dont
969 983 101 47 ils
1012 983 58 47 se

115 1017 193 44 servaient
249 1017 297 44 très

113 1053 125 52 7848.
197 1053 237 52 MARIE-LOUISE,
392 1053 209 52 impératrice
559 1053 98 52 des
615 1053 181 52 Français.
754 1053 139 52 Brevet
852 1053 98 52 sur
908 1053 125 52 vélin
977 1053 98 52 signé

114 1094 132 44 comme
202 1094 176 44 régente,
334 1094 234 44 contre-signé
524 1094 88 44 le
568 1094 102 44 duc
627 1094 88 44 de
671 1094 132 44 Massa
759 1094 88 44 et
802 1094 88 44 de
846 1094 161 44 Cadore.
949 1094 117 44 Saint-

114 1124 152 53 loud,
215 1124 152 53 1813.
317 1124 152 53 Jolie
418 1124 152 53 pièce
519 1124 169 53 double
638 1124 186 53 in-fol.
789 1124 84 53 7
806 1124 51 53 »

108 1163 113 45 7849.
184 1163 113 45 MARIE
259 1163 138 45 AMÉLIE;
359 1163 113 45 reine
434 1163 88 45 des
484 1163 163 45 Français.
610 1163 113 45 L.
685 1163 75 45 a.
723 1163 213 45 paraphée,
886 1163 175 45 Saint

116 1202 78 40 18
155 1202 169 40 septembre
285 1202 117 40 1843,
363 1202 65 40 2
389 1202 78 40 p.
428 1202 91 40 1/2
480 1202 117 40 in-4.
558 1202 182 40 Très-jolie
701 1202 143 40 lettre.
805 1202 65 40 8
818 1202 39 40 »

106 1234 92 43 7850
163 1234 161 43 MIACZINSKI
289 1234 149 43 (Joseph),
404 1234 126 43 général
496 1234 149 43 polonais,
611 1234 138 43 décapité
715 1234 69 43 en
749 1234 103 43 1793,
807 1234 172 43 Pièce

102 1269 245 40 signée
306 1269 109 40 Note
374 1269 177 40 détaillée
510 1269 95 40 des
564 1269 163 40 services
687 1269 122 40 qu’il
768 1269 68 40 a
795 1269 136 40 rendus
890 1269 68 40 à
918 1269 82 40 la
945 1269 122 40 France,

110 1301 68 40 26
144 1301 125 40 juillet
235 1301 102 40 1791,
303 1301 57 40 3
326 1301 68 40 p.
360 1301 80 40 pl.
405 1301 125 40 in-fol.
496 1301 57 40 5
508 1301 45 40 50

105 1335 133 49 7851.
194 1335 221 49 MONTESQUIOU
371 1335 251 49 (Anne-Pierre,
577 1335 162 49 marquis
695 1335 118 49 de),
754 1335 310 49 lieutenant

106 1378 128 38 député,
199 1378 116 38 membre
281 1378 70 38 de
316 1378 128 38 l’Acad.
409 1378 81 38 fr.
455 1378 105 38 L.
525 1378 70 38 a.
560 1378 116 38 s.
642 1378 58 38 1
665 1378 70 38 p.
700 1378 105 38 in-4.
769 1378 58 38 2
781 1378 35 38 »

111 1410 100 47 7852.
177 1410 122 47 MORTIER
266 1410 111 47 (Ed.),
344 1410 78 47 duc
388 1410 67 47 de
421 1410 133 47 Trévise,
521 1410 133 47 maréchal
621 1410 67 47 de
654 1410 122 47 France.
743 1410 100 47 L.
810 1410 67 47 a.
843 1410 111 47 s.
909 1410 78 47 1808.

108 1445 75 48 3/4
151 1445 65 48 de
184 1445 65 48 p.
216 1445 97 48 in-4.
280 1445 54 48 2
291 1445 43 48 50

108 1461 109 59 7853.
181 1461 109 59 MURAT
254 1461 170 59 (Joachim),
387 1461 85 59 roi
436 1461 73 59 de
473 1461 134 59 Naples.
570 1461 122 59 Projet
655 1461 73 59 de
691 1461 146 59 lett.
801 1461 146 59 aut
910 1461 61 59 à
922 1461 134 59 Napoléon,

108 1514 94 46 S.
170 1514 63 46 l.
202 1514 63 46 n.
233 1514 115 46 d.
317 1514 52 46 4
338 1514 63 46 p.
369 1514 73 46 pl.
411 1514 115 46 in-fol.
495 1514 115 46 Détails
578 1514 157 46 militaires.
704 1514 52 46 7
714 1514 42 46 50

107 1553 94 52 7854.
169 1553 105 52 MUSSET
243 1553 136 52 (Alfred),
347 1553 63 52 de
379 1553 115 52 l’Acad.
463 1553 73 52 fr.
504 1553 94 52 L.
567 1553 63 52 a.
599 1553 105 52 s.
672 1553 52 52 1
693 1553 63 52 p.
724 1553 94 52 in-8.
787 1553 52 52 4
798 1553 31 52 »

106 1568 102 68 7855.
174 1568 79 68 NEY
219 1568 147 68 (Michel),
332 1568 113 68 prince
411 1568 68 68 de
445 1568 68 68 la
479 1568 136 68 Moskowa,
581 1568 136 68 maréchal
683 1568 68 68 de
717 1568 125 68 France.
808 1568 102 68 L.
876 1568 68 68 a.
898 1568 91 68 s.

110 1619 78 46 au
149 1619 142 46 général
252 1619 168 46 Dessoles,
382 1619 78 46 an
421 1619 91 46 IX,
473 1619 91 46 3/4
524 1619 78 46 de
563 1619 78 46 p.
602 1619 155 46 in-fol.,
719 1619 104 46 tête
783 1619 104 46 imp.
848 1619 65 46 5
861 1619 39 46 »

110 1650 124 46 7856.
193 1650 179 46 PELISSIER
330 1650 124 46 (A.),
413 1650 165 46 maréchal
537 1650 83 46 de
578 1650 151 46 France.
688 1650 193 46 Ampliation
840 1650 138 46 signée
936 1650 110 46 d’un
991 1650 69 46 or-

103 1692 95 55 dre
158 1692 81 55 du
198 1692 163 55 maréchal
320 1692 163 55 Bugeaud,
443 1692 122 55 armée
524 1692 190 55 d’Afrique,
673 1692 122 55 1845,
755 1692 95 55 1/2
809 1692 81 55 p.
836 1692 122 55 in

988 1724 36 52 1
995 1724 29 52 75

110 1747 98 62 7857.
175 1747 131 62 PÉRIGNON
274 1747 142 62 (D.-Cath.
382 1747 87 62 de),
437 1747 131 62 maréchal
535 1747 65 62 de
568 1747 120 62 France.
655 1747 98 62 L.
720 1747 65 62 a.
753 1747 109 62 s.
829 1747 65 62 au
851 1747 98 62 général

111 1805 144 46 Scherer,
219 1805 72 46 an
255 1805 96 46 VII,
315 1805 60 46 1
340 1805 72 46 p,
376 1805 132 46 in-fol.
472 1805 60 46 3
484 1805 36 46 »

105 1825 100 67 7858.
172 1825 111 67 RACHEL
250 1825 122 67 (Mlle),
339 1825 122 67 célèbre
428 1825 178 67 tragédienne,
572 1825 100 67 L.
639 1825 67 67 a.
672 1825 111 67 s.
750 1825 100 67 1843.
817 1825 56 67 2
839 1825 67 67 p.
873 1825 100 67 in-8.
939 1825 56 67 4
951 1825 33 67 »

111 1878 110 44 7859.
184 1878 159 44 SARRAZIN,
307 1878 135 44 genéral
405 1878 74 44 et
442 1878 147 44 écrivain
552 1878 172 44 militaire,
687 1878 147 44 condamné
797 1878 86 44 aux
834 1878 110 44 galères

114 1915 94 41 pour
173 1915 105 41 crime
243 1915 70 41 de
278 1915 140 41 bigamie.
383 1915 105 41 L.
454 1915 70 41 a.
489 1915 117 41 s.
571 1915 58 41 à
594 1915 105 41 Genty
664 1915 70 41 de
699 1915 117 41 Bussy.
781 1915 164 41 Bruxellès,
898 1915 82 41 1842,

108 1954 70 40 1
136 1954 84 40 p.
178 1954 98 40 pl.
234 1954 126 40 in-4.
318 1954 168 40 Curieuse
444 1954 140 40 épître
542 1954 112 40 dans
612 1954 168 40 laquelle
738 1954 84 40 il
780 1954 84 40 se
822 1954 140 40 plaint
920 1954 98 40 des
962 1954 98 40 persé

110 1976 155 50 cutions
222 1976 127 50 qu’il
307 1976 70 50 à
335 1976 183 50 éprouvées
475 1976 98 50 par
532 1976 127 50 suite
616 1976 84 50 de
658 1976 98 50 son
715 1976 127 50 refus
799 1976 141 50 formel
897 1976 84 50 de
925 1976 141 50 seconder

110 2019 172 52 l’ambition
245 2019 74 52 de
282 2019 172 52 Bonaparte.
417 2019 61 52 3
429 2019 49 52 50

109 2034 95 73 7860.
173 2034 95 73 SOULT
236 2034 74 73 (J.
278 2034 63 73 de
309 2034 105 73 Dieu),
383 2034 74 73 duc
425 2034 63 73 de
457 2034 137 73 Dalmatie,
562 2034 126 73 maréchal
657 2034 63 73 de
688 2034 116 73 France.
773 2034 95 73 L.
836 2034 63 73 a.
857 2034 84 73 s.

106 2095 74 48 au
143 2095 161 48 ministre,
267 2095 74 48 an
304 2095 87 48 XI,
354 2095 62 48 1
379 2095 74 48 p.
416 2095 149 48 in-fol.,
527 2095 99 48 tête
590 2095 112 48 impr.
664 2095 62 48 4
676 2095 50 48 50
