1611 2589
644 347 361 89 RÉGLEMENT.

375 526 72 65 1°
411 526 85 65 Les
459 526 121 65 salons
544 526 97 65 sont
604 526 133 65 ouverts
701 526 133 65 tous
798 526 85 65 les
846 526 169 65 jours
979 526 72 65 de
1015 526 85 65 dix
1063 526 121 65 heures
1148 526 72 65 du
1184 526 109 65 matin
1257 526 60 65 à
1269 526 60 65 six

346 592 131 44 heures
438 592 79 44 du
464 592 92 44 soir.

373 612 77 64 2°
412 612 77 64 Le
450 612 128 64 Comité
539 612 77 64 de
577 612 77 64 la
616 612 179 64 Sociëté
756 612 89 64 des
807 612 102 64 Amis
871 612 89 64 des
922 612 153 64 Arts
1037 612 115 64 émet,
1113 612 102 64 dans
1177 612 77 64 le
1215 612 115 64 cours
1279 612 51 64 de

348 669 196 50 l’exposition
507 669 74 50 et
544 669 147 50 jusqu’au
654 669 123 50 moment
740 669 74 50 du
777 669 135 50 tirage,
875 669 86 50 des
924 669 172 50 actions
1059 669 74 50 du
1096 669 98 50 prix
1157 669 74 50 de
1194 669 61 50 5
1206 669 123 50 fr.

348 705 107 56 dont
415 705 81 56 le
455 705 161 56 produit,
576 705 121 56 joint
656 705 67 56 à
683 705 81 56 la
723 705 121 56 somme
804 705 148 56 fournie
911 705 94 56 par
965 705 81 56 la
1005 705 134 56 caisse
1099 705 148 56 sociale
1206 705 107 56 pour
1260 705 67 56 les

349 739 137 51 actions
448 739 87 51 des
498 739 199 51 sociétaires,
660 739 100 51 sera
722 739 150 51 consacré
835 739 62 51 à
859 739 212 51 l’acquisition
1034 739 174 51 d’ouvrages
1171 739 150 51 exposés,
1271 739 62 51 qui

347 791 130 46 seront
438 791 181 46 distribués
580 791 220 46 publiquement,
762 791 65 46 à
788 791 78 46 la
827 791 91 46 fin
878 791 78 46 de
917 791 143 46 l’année
1021 791 78 46 et
1060 791 91 46 par
1112 791 78 46 la
1151 791 104 46 voie
1215 791 78 46 du
1241 791 91 46 sort,

348 832 112 45 entre
422 832 87 45 les
459 832 186 45 actionnaires.

373 868 83 38 3°
415 868 97 38 Une
470 868 194 38 commission
623 868 83 38 de
664 868 111 38 cinq
734 868 166 38 membres,
859 868 139 38 nommée
956 868 97 38 par
1011 868 83 38 le
1053 868 153 38 Comité,
1164 868 97 38 est
1205 868 125 38 chargée

348 910 80 44 du
388 910 120 44 choix
468 910 93 44 des
521 910 160 44 ouvrages
641 910 67 44 à
667 910 160 44 proposer
787 910 107 44 pour
854 910 240 44 l’acquisition;
1053 910 80 44 le
1093 910 146 44 Comité,
1200 910 120 44 après
1266 910 67 44 que

348 941 80 42 le
388 941 133 42 public
481 941 67 42 a
508 941 93 42 été
561 941 147 42 informé
668 941 93 42 des
721 941 213 42 propositions
894 941 147 42 faites,
1001 941 160 42 prononce
1121 941 80 42 en
1147 941 187 42 s’adjoignant

345 977 96 60 les
400 977 151 60 membres
510 977 192 60 suppléants
660 977 82 60 du
688 977 123 60 Comité.

376 1021 78 50 4°
415 1021 78 50 En
454 1021 91 50 cas
505 1021 78 50 de
544 1021 194 50 concurrence
699 1021 91 50 sur
751 1021 91 50 les
803 1021 220 50 acquisitions,
984 1021 116 50 toute
1061 1021 168 50 personne,
1178 1021 155 50 sociétaire

349 1061 76 67 ou
387 1061 102 67 non,
451 1061 64 67 a
476 1061 76 67 la
515 1061 178 67 préférence
654 1061 89 67 sur
705 1061 76 67 le
731 1061 114 67 Comité.

556 1226 210 57 Avantages
726 1226 157 57 réservés
845 1226 92 57 aux
884 1226 236 57 Sociétaires.

375 1331 75 48 Le
413 1331 176 48 sociétaire
551 1331 63 48 a
564 1331 100 48 droit:

376 1359 77 70 1°
415 1359 65 70 A
441 1359 155 70 l’entrée
557 1359 155 70 gratuite
673 1359 103 70 avec
737 1359 77 70 sa
776 1359 142 70 famille
879 1359 90 70 aux
931 1359 142 70 grandes
1034 1359 77 70 et
1073 1359 142 70 petites
1163 1359 168 70 expositions

349 1409 79 56 de
388 1409 79 56 la
415 1409 132 56 Société;

375 1434 75 57 2°
413 1434 63 57 A
438 1434 113 57 trois
514 1434 138 57 actions
614 1434 188 57 participant
765 1434 75 57 au
802 1434 126 57 tirage
890 1434 75 57 au
928 1434 100 57 sort
991 1434 88 57 des
1041 1434 126 57 objets
1129 1434 113 57 d’art
1204 1434 113 57 entre
1267 1434 63 57 les

350 1488 179 50 sociétaires
493 1488 71 50 et
529 1488 83 50 les
564 1488 179 50 actionnaires.

375 1527 78 48 3°
414 1527 78 48 Il
453 1527 157 48 devient,
571 1527 105 48 dans
636 1527 91 48 les
689 1527 144 48 limites
793 1527 78 48 du
832 1527 183 48 règlement,
976 1527 235 48 copropriétaire
1172 1527 78 48 du
1211 1527 118 48 Musée
1277 1527 52 48 de

348 1574 77 40 la
374 1574 128 40 Société.

374 1595 91 54 Les
426 1595 168 54 personnes
555 1595 91 54 qui
607 1595 155 54 auraient
724 1595 194 54 l’intention
879 1595 78 54 de
918 1595 78 54 se
957 1595 117 54 faire
1034 1595 155 54 recevoir
1151 1595 142 54 membres
1254 1595 78 54 de
1280 1595 52 54 la

348 1636 157 53 Société,
466 1636 157 53 pourront
584 1636 79 53 se
623 1636 118 53 faire
702 1636 157 53 inscrire
820 1636 105 53 dans
885 1636 79 53 le
925 1636 157 53 registre
1043 1636 131 53 déposé
1134 1636 66 53 à
1161 1636 92 53 cet
1213 1636 118 53 effet
1279 1636 52 53 au

349 1687 138 46 bureau,
450 1687 101 46 dans
513 1687 76 46 la
551 1687 113 46 salle
626 1687 214 46 d’exposition.
802 1687 88 46 Si,
853 1687 101 46 dans
916 1687 76 46 le
953 1687 138 46 courant
1054 1687 76 46 de
1092 1687 151 46 l’année,
1193 1687 138 46 quelqu’un

350 1715 135 59 voulait
448 1715 73 59 se
484 1715 110 59 faire
558 1715 159 59 admettre,
680 1715 73 59 il
717 1715 122 59 voudra
803 1715 98 59 bien
864 1715 171 59 s’adresser
999 1715 73 59 au
1035 1715 159 59 Président
1158 1715 73 59 de
1194 1715 73 59 la
1219 1715 110 59 Société

349 1767 75 45 En
386 1767 124 45 payant
473 1767 75 45 la
510 1767 112 45 somme
585 1767 75 45 de
622 1767 62 45 5
647 1767 87 45 fr.
697 1767 100 45 pour
759 1767 149 45 première
871 1767 124 45 entrée
959 1767 75 45 et
996 1767 75 45 la
1033 1767 224 45 rétribution
1208 1767 124 45 pour

349 1795 158 52 l’année
473 1795 192 52 entière,
631 1795 79 52 qui
676 1795 79 52 est
721 1795 68 52 de
755 1795 68 52 15
789 1795 90 52 fr.,
846 1795 68 52 on
879 1795 113 52 jouira
958 1795 68 52 de
992 1795 90 52 tous
1049 1795 79 52 les
1094 1795 147 52 avantages
1207 1795 135 52 attachés
1297 1795 34 52 à

347 1845 72 48 la
383 1845 133 48 qualité
480 1845 72 48 de
504 1845 157 48 sociétaire.

375 1885 94 42 Les
428 1885 202 42 sociétaires
590 1885 148 42 peuvent
698 1885 81 42 en
739 1885 121 42 outre
820 1885 189 42 souscrire,
968 1885 121 42 comme
1049 1885 94 42 les
1103 1885 189 42 étrangers,
1251 1885 67 42 à
1265 1885 67 42 des

348 1922 151 50 actions
458 1922 261 50 supplémentaires
677 1922 82 50 au
719 1922 110 50 prix
787 1922 82 50 de
828 1922 69 50 5
856 1922 96 50 fr.
911 1922 165 50 chacune,
1034 1922 82 50 et
1075 1922 178 50 augmenter
1199 1922 123 50 d’autan

349 1959 112 51 leurs
423 1959 137 51 chances
523 1959 100 51 pour
586 1959 75 51 le
623 1959 125 51 tirage
711 1959 75 51 de
748 1959 75 51 la
773 1959 125 51 loterie.

430 2032 81 58 NB.
477 2032 116 58 Les
558 2032 127 58 numéros
650 2032 81 58 sur
697 2032 116 58 papier
778 2032 93 58 gris
835 2032 93 58 sont
893 2032 81 58 les
940 2032 104 58 seuls
1009 2032 81 58 qui
1044 2032 208 58 s’appliquent

686 2075 77 53 à
734 2075 58 53 la
763 2075 115 53 présente
840 2075 163 53 exposition
