1625 2570
535 426 467 96 EXPLICATION

329 517 179 81 DES
432 517 282 81 LETTRES
637 517 333 81 ATTACHÉES
893 517 179 81 AUX
969 517 282 81 TABLEAUX.

390 615 81 57 NB.
437 615 115 57 Les
517 615 127 57 numéros
610 615 81 57 sur
656 615 115 57 papier
736 615 92 57 gris
794 615 92 57 sont
852 615 81 57 les
898 615 104 57 seuls
967 615 81 57 qui
1001 615 208 57 s'appliquent

639 662 78 61 à
688 662 59 61 la
717 662 117 61 présente
796 662 166 61 exposition

501 912 436 109 OBJETS
763 912 305 109 D’ART

307 1067 477 64 EXPOSÉS
653 1067 217 64 A
697 1067 563 64 STRASBOURG.

298 1308 231 102 AMMAN,
437 1308 231 102 Charles.

377 1381 219 56 Strasbourg

361 1437 128 56 1.
425 1437 298 56 Andromaque
659 1437 128 56 de
723 1437 319 56 Rochegrosse
957 1437 170 56 (Salon

463 1486 114 76 de
520 1486 190 76 1883),
653 1486 209 76 d’après
805 1486 133 76 une
862 1486 266 76 reproduction

468 1536 78 55 du
507 1536 182 55 Journal
637 1536 195 55 illustré

299 1596 363 84 ANTHONISSEN,
572 1596 340 84 Louis

390 1657 168 73 Belge.
519 1657 65 73 —
532 1657 155 73 Paris

361 1688 118 97 2.
420 1688 138 97 Les
499 1688 237 97 raisins.
677 1688 99 97 .
716 1688 99 97 .
756 1688 99 97 .
795 1688 99 97 .
835 1688 99 97 .
874 1688 99 97 .
913 1688 99 97 .
953 1688 99 97 .
992 1688 99 97 .
1032 1688 99 97 .
1071 1688 99 97 .
1111 1688 138 97 fr.
1170 1688 118 97 1000

359 1766 129 69 3.
424 1766 194 69 Effet
554 1766 129 69 de
618 1766 216 69 neige.
769 1766 108 69 .
812 1766 108 69 .
856 1766 108 69 .
899 1766 108 69 .
942 1766 108 69 .
985 1766 108 69 .
1028 1766 108 69 .
1071 1766 108 69 .
1114 1766 108 69 .
1158 1766 108 69 .
1179 1766 108 69 300

361 1802 126 99 4.
424 1802 190 99 Effet
551 1802 126 99 de
614 1802 169 99 soir
719 1802 169 99 dans
824 1802 147 99 les
909 1802 274 99 Flandres.
1119 1802 105 99 .
1162 1802 105 99 .
1183 1802 105 99 150

299 1870 261 83 d’AVRIL,
473 1870 218 83 Édouard.

385 1937 179 53 Grenoble

362 1988 132 71 5.
428 1988 132 71 Le
494 1988 242 71 passage
670 1988 132 71 du
736 1988 286 71 ruisseau.
957 1988 110 71 .
1001 1988 110 71 .
1045 1988 110 71 .
1089 1988 110 71 .
1133 1988 110 71 .
1155 1988 132 71 1000

362 2038 132 82 6.
428 2038 132 82 Un
494 2038 242 82 lavoir.
670 2038 110 82 .
714 2038 110 82 .
758 2038 110 82 .
802 2038 110 82 .
847 2038 110 82 .
891 2038 110 82 .
935 2038 110 82 .
979 2038 110 82 .
1023 2038 110 82 .
1067 2038 110 82 .
1111 2038 110 82 .
1155 2038 110 82 .
1177 2038 110 82 600
