1560 2953
687 62 158 77 290

63 139 194 92 3600.
193 139 344 92 Baner
473 139 409 92 (Gustave-Adam),
817 139 172 92 feld
925 139 258 92 maréchal
1118 139 258 92 suédois,
1312 139 194 92 élève
1420 139 86 92 du

111 214 193 54 grand
239 214 258 54 Gustave.
433 214 172 54 Mort
540 214 129 54 en
605 214 193 54 1641.
734 214 150 54 Une
820 214 193 54 ligne
948 214 129 54 et
1013 214 129 54 sa
1077 214 279 54 signature
1292 214 172 54 aut.
1378 214 129 54 sig.

105 263 233 55 Pièce
261 263 311 55 détachée
494 263 208 55 d’un
624 263 259 55 album.
806 263 233 55 1639,
961 263 337 55 demi-page
1221 263 233 55 in-8.
1376 263 130 55 2
1402 263 104 55 50

63 295 197 64 3601.
194 295 284 64 Barère
413 295 131 64 de
479 295 328 64 Vieuzac
741 295 328 64 (Bertrand),
1004 295 394 64 conventionnel.
1332 295 131 64 L.
1376 295 131 64 aut.

114 349 149 59 sig.
207 349 242 59 Barère
394 349 391 59 Roquefeuille
728 349 93 59 à
766 349 112 59 M.
822 349 205 59 Jacques
970 349 242 59 Laffitte.
1156 349 261 59 Bruxelles,
1361 349 112 59 26
1398 349 112 59 jan-

95 403 283 70 vier
271 403 318 70 1828.
483 403 177 70 1
554 403 212 70 p.
660 403 247 70 pl.
801 403 212 70 et
907 403 318 70 demie
1119 403 318 70 in-8.
1331 403 177 70 7
1367 403 141 70 50

156 438 196 66 Cette
287 438 218 66 lettre
440 438 153 66 lui
527 438 240 66 servira
702 438 131 66 de
767 438 284 66 quittance
985 438 131 66 de
1051 438 153 66 six
1138 438 196 66 cents
1269 438 218 66 francs
1400 438 109 66 «du

110 504 206 58 «prix
247 504 206 58 total
385 504 137 58 du
453 504 206 58 buste
591 504 137 58 de
659 504 275 58 Mirabeau
865 504 160 58 qui
957 504 252 58 devient
1140 504 206 58 votre
1254 504 252 58 propriété

108 544 270 53 «privée.
311 544 135 53 Je
379 544 180 53 vois
492 544 180 53 avec
604 544 361 53 satisfaction
897 544 135 53 ce
965 544 203 53 buste
1100 544 225 53 rester
1258 544 180 53 dans
1348 544 158 53 votre

109 605 252 48 «hôtel.
292 605 137 48 Ce
361 605 297 48 monument,
590 605 206 48 élevé
727 605 160 48 par
819 605 252 48 Houdon,
1002 605 137 48 au
1070 605 183 48 plus
1185 605 206 48 grand
1299 605 206 48 orateur

110 656 301 52 «politique
346 656 215 52 qu’ait
496 656 129 52 eu
560 656 129 52 la
625 656 236 52 France,
797 656 215 52 ornera
947 656 279 52 dignement
1162 656 129 52 le
1226 656 236 52 cabinet
1376 656 129 52 d’un

111 688 236 62 «député
282 688 129 62 de
346 688 129 62 la
410 688 257 62 capitale
603 688 107 62 à
646 688 129 62 la
710 688 257 62 première
903 688 236 62 chambre
1075 688 278 62 nationale
1289 688 129 62 de
1332 688 171 62 1828.»

64 737 188 64 3602.
190 737 356 64 Barrau
483 737 293 64 (Hippolyte
713 737 167 64 de),
817 737 188 64 frère
943 737 272 64 d’Adolphe
1152 737 126 64 de
1215 737 230 64 Barrau,
1362 737 146 64 bota-

111 789 218 58 niste,
264 789 284 58 président
482 789 131 58 de
548 789 306 58 l’Académie
788 789 131 58 de
853 789 306 58 l’Aveyron,
1093 789 109 58 a
1137 789 240 58 publié:
1290 789 218 58 Mémoires

109 839 153 59 sur
197 839 131 59 la
262 839 197 59 flore
393 839 131 59 de
459 839 306 59 l’Aveyron.
699 839 131 59 L.
765 839 175 59 aut.
874 839 175 59 sig.
983 839 219 59 Rodez,
1136 839 131 59 10
1202 839 240 59 février
1355 839 153 59 1838.

44 883 457 65 1
226 883 640 65 pl.
592 883 823 65 in-8.
1140 883 457 65 2
1232 883 274 65 »

66 911 189 95 3603.
192 911 357 95 Barrau
485 911 252 95 (Adolphe
674 911 168 95 de),
779 911 189 95 frère
905 911 315 95 d’Hippolyte
1157 911 126 95 de
1219 911 231 95 Barrau,
1366 911 147 95 bota-

112 995 200 58 niste
245 995 133 58 de
312 995 355 58 l’expédition
600 995 267 58 d’Alger.
800 995 133 58 L.
867 995 155 58 aut
956 995 178 58 sig.
1067 995 222 58 Rodez,
1222 995 111 58 3
1267 995 178 58 mars
1356 995 155 58 1831.

92 1036 203 55 2
172 1036 243 55 p.
294 1036 284 55 pl.
456 1036 243 55 et
578 1036 365 55 demie
821 1036 365 55 in-4.
1064 1036 324 55 Se..
1266 1036 203 55 5
1347 1036 203 55 2
1388 1036 122 55 »

67 1082 186 69 3604.
191 1082 371 69 Barthe,
501 1082 248 69 ministre
686 1082 124 69 de
748 1082 124 69 la
810 1082 248 69 justice,
996 1082 268 69 président
1202 1082 124 69 de
1264 1082 124 69 la
1326 1082 165 69 Cour
1409 1082 103 69 des

114 1124 236 59 Comptes.
291 1124 118 59 L.
350 1124 157 59 aut.
449 1124 177 59 sig.,
567 1124 98 59 à
606 1124 118 59 M.
665 1124 118 59 le
724 1124 256 59 baron....
921 1124 197 59 Paris,
1059 1124 118 59 15
1118 1124 216 59 janvier
1275 1124 177 59 1831.
1393 1124 98 59 1
1413 1124 98 59 gr.

49 1180 517 60 p.
307 1180 603 60 pl.
652 1180 775 60 in-4.
1169 1180 431 60 3
1255 1180 258 60 »

162 1212 280 88 Relative
371 1212 163 88 aux
465 1212 303 88 désordres
698 1212 163 88 qui
791 1212 163 88 ont
884 1212 256 88 troublé
1070 1212 163 88 les
1164 1212 210 88 cours
1303 1212 140 88 de
1350 1212 163 88 droit

114 1261 132 74 de
180 1261 132 74 M.
246 1261 132 74 de
290 1261 221 74 Porletz.

69 1306 185 74 3605.
193 1306 330 74 Bary
461 1306 227 74 attaché
626 1306 124 74 au
688 1306 227 74 cabinet
853 1306 124 74 de
914 1306 289 74 l’empereur
1141 1306 268 74 Napoléon.
1347 1306 124 74 L.
1388 1306 124 74 aut.

113 1372 204 60 sig.
240 1372 255 60 Paris,
418 1372 153 60 23
495 1372 204 60 mars
623 1372 230 60 1812.
776 1372 128 60 1
827 1372 153 60 p.
903 1372 179 60 pl.
1005 1372 153 60 et
1082 1372 230 60 demie
1235 1372 230 60 in-4.
1388 1372 128 60 2
1413 1372 102 60 50

70 1413 169 94 3606.
183 1413 300 94 Baune
427 1413 244 94 (Eugène),
614 1413 188 94 député
745 1413 113 94 de
802 1413 113 94 la
858 1413 300 94 Loire
1102 1413 94 94 à
1139 1413 281 94 l’assemblée
1345 1413 169 94 consti

117 1479 212 51 tuante
265 1479 127 51 et
328 1479 106 51 à
371 1479 317 51 l’assemblée
625 1479 338 51 législative,
900 1479 169 51 l’un
1005 1479 148 51 des
1090 1479 233 51 accusés
1259 1479 254 51 d’avril.
1428 1479 85 51 L.

119 1524 158 63 aut.
218 1524 177 63 sig.,
336 1524 118 63 au
395 1524 394 63 directeur-gérant
730 1524 118 63 de
790 1524 177 63 la
908 1524 315 63 Réforme
1164 1524 256 63 Peitiers,
1361 1524 118 63 30
1401 1524 118 63 août

106 1554 282 66 1846.
294 1554 157 66 2
356 1554 188 66 p.
450 1554 219 66 pl.
575 1554 188 66 et
669 1554 282 66 demie
857 1554 282 66 in-8,
1045 1554 407 66 curieuse.
1358 1554 157 66 2
1390 1554 125 66 50

70 1593 178 86 3607.
189 1593 337 86 Bavoux
466 1593 257 86 (Pierre),
664 1593 357 86 jurisconsulte,
961 1593 198 86 membre
1100 1593 119 86 du
1160 1593 178 86 Corps
1259 1593 257 86 Législatif.

118 1665 125 87 L.
181 1665 167 87 aut.
285 1665 188 87 sig.,
410 1665 125 87 au
472 1665 250 87 ministre
660 1665 125 87 de
722 1665 125 87 la
785 1665 250 87 justice.
972 1665 208 87 Paris,
1118 1665 125 87 26
1181 1665 208 87 nivôse
1327 1665 125 87 an
1368 1665 146 87 XIII.

88 1716 274 68 1
198 1716 384 68 gr.
417 1716 329 68 p.
582 1716 384 68 pl.
801 1716 603 68 in-fol.
1240 1716 274 68 2
1295 1716 219 68 50

69 1758 200 79 3608.
202 1758 468 79 Beaugeard
603 1758 312 79 secrétaire
848 1758 156 79 des
937 1758 379 79 commandements
1249 1758 134 79 de
1316 1758 134 79 la
1360 1758 156 79 reine

117 1812 445 55 Marie-Antoinette.
498 1812 127 55 L.
562 1812 148 55 aut
646 1812 169 55 sig.
752 1812 212 55 Paris.
901 1812 127 55 12
964 1812 233 55 octobre
1134 1812 191 55 1781.
1261 1812 106 55 1
1303 1812 127 55 p.
1367 1812 148 55 pl.
1430 1812 85 55 et

117 1858 200 52 demie
250 1858 200 52 in-4.
383 1858 222 52 Cachet
539 1858 133 52 du
605 1858 244 52 cabinet
783 1858 133 52 de
850 1858 133 52 la
916 1858 200 52 reine
1050 1858 111 52 à
1094 1858 133 52 la
1161 1858 178 52 cire
1272 1858 222 52 noire.
1427 1858 111 52 3
1449 1858 67 52 »

71 1899 200 85 3609.
204 1899 422 85 Beaumont
560 1899 200 85 (Elie
693 1899 178 85 de),
804 1899 244 85 avocat,
982 1899 244 85 célèbre
1160 1899 156 85 par
1248 1899 156 85 son
1315 1899 200 85 mémoire

122 1957 115 57 en
179 1957 191 57 faveur
313 1957 134 57 des
389 1957 325 57 Calas
657 1957 115 57 L.
714 1957 153 57 aut.
809 1957 172 57 sig.,
924 1957 95 57 à
962 1957 153 57 M...
1058 1957 191 57 Paris,
1191 1957 115 57 21
1249 1957 210 57 février
1382 1957 134 57 1768.

75 2010 313 67 2
201 2010 438 67 gr.
451 2010 376 67 p.
639 2010 438 67 pl.
889 2010 563 67 in-4.
1265 2010 313 67 5
1327 2010 188 67 »

166 2058 129 64 Il
230 2058 107 64 a
273 2058 129 64 lu
337 2058 172 64 avec
444 2058 172 64 bien
552 2058 129 64 du
616 2058 236 64 plaisir
788 2058 150 64 son
873 2058 279 64 plaidoyer
1088 2058 129 64 si
1152 2058 322 64 intéressant
1388 2058 129 64 pour

116 2103 214 59 cette
259 2103 356 59 malheureuse
544 2103 380 59 protestante,
852 2103 380 59 qu’abandonne
1161 2103 142 59 un
1232 2103 261 59 méchant
1398 2103 119 59 qui

120 2153 223 55 outrage
282 2153 162 55 deux
383 2153 263 55 religions
585 2153 101 55 à
626 2153 121 55 la
666 2153 223 55 fois.....

71 2197 201 80 3610.
204 2197 512 80 Beaurepaire,
650 2197 334 80 gentilhomme
917 2197 245 80 servant
1096 2197 134 80 de
1163 2197 134 80 la
1229 2197 201 80 reine
1341 2197 178 80 Marie

120 2254 313 65 Antoinette.
370 2254 125 65 L.
433 2254 167 65 aut.
537 2254 188 65 sig.,
662 2254 104 65 à
704 2254 167 65 M...
808 2254 208 65 Paris,
954 2254 104 65 5
995 2254 188 65 août.
1120 2254 104 65 2
1162 2254 125 65 p.
1224 2254 146 65 pl.
1308 2254 188 65 in-4.
1433 2254 104 65 2
1454 2254 63 65 »

72 2302 192 74 3611.
199 2302 362 74 Béjot,
497 2302 192 74 garde
625 2302 149 74 des
710 2302 298 74 manuscrits
944 2302 128 74 de
1008 2302 128 74 la
1072 2302 341 74 Bibliothèque
1349 2302 128 74 du
1391 2302 128 74 roi,

118 2358 216 64 membre
269 2358 129 64 de
334 2358 302 64 l’Académie
571 2358 151 64 des
658 2358 410 64 belles-lettres.
1003 2358 237 64 Mémoire
1175 2358 173 64 aut.
1283 2358 173 64 sig.
1391 2358 129 64 (à
1434 2358 86 64 la

120 2407 133 57 3e
186 2407 311 57 personne),
431 2407 244 57 adressé
608 2407 111 57 à
652 2407 133 57 M.
719 2407 133 57 de
786 2407 311 57 Vergennes.
1030 2407 133 57 16
1096 2407 155 57 mai
1185 2407 200 57 1784.
1318 2407 111 57 1
1363 2407 155 57 gr.
1429 2407 89 57 p.

49 2461 643 54 pl.
416 2461 1010 54 in-fol.
1151 2461 459 54 3
1243 2461 275 54 »

70 2502 198 57 3612.
202 2502 418 57 Bélanger
554 2502 308 57 (Charles),
796 2502 506 57 botaniste-voyageur,
1235 2502 220 57 auteur
1389 2502 132 57 de
1433 2502 88 57 la

122 2548 215 62 Flore
284 2548 287 62 persane
517 2548 108 62 L.
571 2548 144 62 aut.
660 2548 144 62 sig.
750 2548 108 62 29
804 2548 162 62 avril
912 2548 162 62 1835,
1019 2548 90 62 1
1055 2548 108 62 p.
1109 2548 126 62 pl.
1181 2548 162 62 in-8.
1289 2548 197 62 Cachet.
1432 2548 90 62 1
1450 2548 72 62 50

71 2596 181 62 3613.
192 2596 342 62 Belloy
473 2596 362 62 (Jean-Baptiste
775 2596 161 62 de),
875 2596 201 62 évêque
1016 2596 121 62 de
1077 2596 282 62 Marseille,
1298 2596 181 62 puis,
1398 2596 121 62 car

118 2644 209 58 dinal,
264 2644 292 58 archevêque
494 2644 125 58 de
556 2644 209 58 Paris.
702 2644 125 58 L.
765 2644 167 58 aut.
869 2644 188 58 sig.,
994 2644 104 58 à
1036 2644 167 58 Mgr.
1140 2644 250 58 l’évêque
1328 2644 125 58 de
1370 2644 146 58 Metz.

110 2699 448 59 Marseille,
462 2699 192 59 28
558 2699 384 59 décembre
845 2699 288 59 1756.
1037 2699 160 59 1
1101 2699 192 59 p.
1197 2699 288 59 in-4.
1389 2699 160 59 3
1421 2699 96 59 »

72 2743 165 76 3613
176 2743 310 76 bis
423 2743 310 76 Belzunce
671 2743 124 76 de
733 2743 413 76 Castel-Moron
1084 2743 206 76 évêque
1228 2743 124 76 de
1269 2743 248 76 Marseille,
