1540 2923
568 41 173 101 —
603 41 173 101 291

47 152 235 66 célèbre
218 152 150 66 par
303 152 150 66 son
388 152 278 66 dévoûment
602 152 235 66 pendant
773 152 128 66 la
837 152 192 66 peste
965 152 128 66 de
1029 152 299 66 Marseille.
1264 152 128 66 L.
1307 152 128 66 aut.

30 207 304 57 sig.
220 207 228 57 La
334 207 418 57 Ciotat,
638 207 342 57 1720.
866 207 190 57 1
942 207 228 57 p.
1056 207 342 57 in-4.
1284 207 190 57 6
1322 207 114 57 »

112 249 130 59 Au
177 249 195 59 sujet
307 249 152 59 des
394 249 325 59 religieuses
654 249 304 59 d’Aubagne.
893 249 195 59 Elles
1023 249 173 59 sont
1131 249 217 59 vexées
1283 249 152 59 par
1348 249 87 59 un

68 301 202 62 homme
202 301 157 62 qui
292 301 135 62 ne
360 301 247 62 connait
540 301 225 62 aucune
697 301 225 62 règle,
854 301 135 62 et
922 301 157 62 qui
1012 301 112 62 a
1057 301 135 62 en
1124 301 225 62 vérité
1259 301 180 62 besoin

70 344 199 61 d’être
190 344 179 61 arrêté.

4 389 179 80 3614.
124 389 379 80 Béranger
443 389 239 80 (J.-P.),
622 389 179 80 notre
741 389 179 80 poëte
861 389 259 80 national.
1060 389 120 80 L.
1120 389 159 80 aut.
1220 389 179 80 sig.,
1339 389 100 80 à
1359 389 80 80 M.

37 449 195 51 du
135 449 391 51 Château.
428 449 195 51 30
526 449 391 51 janvier.
819 449 163 51 1
884 449 195 51 p.
981 449 228 51 pl.
1112 449 293 51 in-4.
1307 449 163 51 4
1339 449 98 51 »

92 491 123 49 Au
154 491 185 49 sujet
277 491 144 49 des
359 491 164 49 vers
462 491 185 49 qu’il
585 491 103 49 a
627 491 164 49 bien
729 491 185 49 voulu
852 491 144 49 lui
914 491 226 49 adresser.

7 539 187 63 3615.
132 539 395 63 Béranger
465 539 250 63 (J.-P.),
652 539 187 63 notre
777 539 187 63 poëte
902 539 271 63 national.
1110 539 125 63 L.
1172 539 166 63 aut.
1277 539 187 63 sig.,
1381 539 62 63 à

33 588 211 52 M.
138 588 211 52 du
244 588 422 52 Château.
560 588 457 52 Dimanche.
912 588 176 52 1
982 588 211 52 p.
1087 588 316 52 in-8.
1298 588 176 52 3
1334 588 105 52 »

6 635 196 54 3616.
137 635 413 54 Bernard
485 635 304 54 botaniste.
724 635 130 54 L.
789 635 174 54 aut.
898 635 196 54 sig.,
1028 635 109 54 à
1071 635 130 54 M.
1137 635 130 54 le
1202 635 239 54 marquis
1354 635 87 54 de

45 682 305 52 Chesnel.
273 682 330 52 Dolomieu,
527 682 152 52 16
603 682 279 52 janvier
806 682 229 52 1821.
959 682 127 52 2
1009 682 178 52 gr.
1111 682 152 52 p.
1187 682 229 52 in-4.
1314 682 127 52 250

93 728 181 56 Jolie
214 728 201 56 lettre
355 728 342 56 scientifique.
637 728 121 56 Il
697 728 101 56 y
737 728 181 56 parle
858 728 121 56 de
898 728 222 56 Dolomieu.

6 771 179 61 3617.
126 771 359 61 Bernard
425 771 140 61 (le
504 771 259 61 cénéral),
704 771 239 61 ministre
883 771 120 61 de
943 771 120 61 la
1003 771 219 61 guerre.
1162 771 120 61 L.
1222 771 159 61 aut.
1301 771 140 61 sig.,

47 826 152 50 au
123 826 279 50 colonel
326 826 304 50 Géneray.
554 826 254 50 Paris,
731 826 152 50 16
807 826 177 50 mai
909 826 228 50 1832.
1061 826 127 50 1
1111 826 152 50 p.
1187 826 228 50 in-4.
1340 826 127 50 2
1365 826 76 50 »

7 870 190 59 3618.
133 870 380 59 Bérulle
450 870 232 59 (Pierre
619 870 169 59 de),
724 870 232 59 premier
893 870 274 59 président
1104 870 127 59 du
1167 870 274 59 Parlement
1357 870 84 59 du

49 921 302 80 Dauphiné,
281 921 139 80 et
351 921 325 80 commandant
606 921 139 80 de
676 921 209 80 cette
816 921 302 80 province.
1048 921 232 80 Quitt.
1211 921 186 80 sig.
1304 921 139 80 (sur

30 969 484 61 parch.).
393 969 403 61 Paris,
675 969 242 61 18
796 969 323 61 juin
997 969 363 61 1709.
1239 969 202 61 2
1280 969 161 61 50

11 999 163 69 3619.
119 999 326 69 Béthune
391 999 235 69 (Philippe
572 999 145 69 de),
662 999 163 69 comte
771 999 109 69 de
825 999 326 69 Selles
1078 999 362 69 lieutenant

49 1066 135 55 de
116 1066 270 55 Bretagne
318 1066 135 55 et
386 1066 315 55 gouverneur
633 1066 135 55 de
701 1066 247 55 Rennes,
881 1066 337 55 ambassadeur
1151 1066 135 55 en
1218 1066 247 55 Écosse,
1376 1066 67 55 à

49 1111 202 50 Rome,
183 1111 135 50 en
250 1111 224 50 Savoie
407 1111 135 50 et
475 1111 135 50 en
542 1111 314 50 Allemagne,
789 1111 135 50 où
856 1111 135 50 il
923 1111 224 50 apaisa
1080 1111 157 50 les
1170 1111 269 50 troubles
1349 1111 90 50 de

50 1159 239 61 Bohême.
224 1159 174 61 Mort
333 1159 131 61 en
398 1159 196 61 1649,
529 1159 109 61 à
573 1159 131 61 88
638 1159 174 61 ans.
747 1159 174 61 Acte
855 1159 239 61 notarié
1030 1159 218 61 signé,
1182 1159 196 61 signé
1291 1159 152 61 aussi

42 1205 209 61 par
161 1205 328 61 Salomon
400 1205 179 61 de
489 1205 358 61 Béthune.
757 1205 268 61 1586.
936 1205 149 61 2
996 1205 179 61 p.
1085 1205 328 61 in-fol.
1324 1205 149 61 6
1354 1205 89 61 »

11 1249 179 73 3620.
130 1249 398 73 Billault,
469 1249 219 73 avocat,
628 1249 219 73 député,
787 1249 239 73 ministre
966 1249 119 73 de
1025 1249 318 73 l’intérieur.
1284 1249 119 73 L.
1324 1249 119 73 aut.

38 1296 245 65 sig.
191 1296 306 65 Paris,
405 1296 183 65 26
497 1296 336 65 juillet
742 1296 275 65 1839.
925 1296 153 65 1
986 1296 214 65 pl.
1109 1296 275 65 in-8.
1292 1296 153 65 1
1323 1296 122 65 25

12 1347 192 65 3621.
140 1347 256 65 Biron
332 1347 149 65 Von
417 1347 342 65 Curlande
695 1347 149 65 (le
780 1347 256 65 prince),
972 1347 299 65 certificat
1207 1347 128 65 de
1250 1347 192 65 liberté

54 1394 218 60 adressé
213 1394 119 60 de
272 1394 198 60 Nancy,
411 1394 119 60 le
470 1394 119 60 25
530 1394 158 60 mars
629 1394 178 60 1814,
748 1394 198 60 Aux
886 1394 357 60 Partisans
1183 1394 99 60 2
1223 1394 139 60 gr.
1302 1394 119 60 p.
1342 1394 99 60 pl.

46 1443 161 67 et
127 1443 269 67 demie,
315 1443 134 67 à
368 1443 349 67 mi-marge,
637 1443 295 67 in-fol.
852 1443 269 67 Cachet
1040 1443 376 67 (fatigué).
1336 1443 134 67 5
1362 1443 81 67 »

98 1493 260 66 Promesse
294 1493 174 66 d’un
402 1493 239 66 échange
576 1493 130 66 de
641 1493 347 66 prisonniers.
923 1493 130 66 Il
988 1493 174 66 fera
1097 1493 174 66 tout
1205 1493 130 66 ce
1270 1493 152 66 qui
1335 1493 109 66 est

55 1545 132 60 en
121 1545 154 60 son
209 1545 242 60 pouvoir
385 1545 176 60 pour
494 1545 264 60 prévenir
692 1545 154 60 les
780 1545 198 60 excès
912 1545 154 60 des
1000 1545 242 60 soldats
1175 1545 154 60 des
1241 1545 198 60 troupes

55 1600 241 53 alliées,
236 1600 121 53 et
296 1600 221 53 alléger
457 1600 141 53 les
537 1600 161 53 maux
638 1600 322 53 inséparables
899 1600 121 53 de
959 1600 121 53 la
1000 1600 261 53 guerre.....

12 1607 181 86 3622.
133 1607 322 86 Biron
394 1607 382 86 (Charles-Armand
715 1607 121 86 de
776 1607 221 86 Gontaut
937 1607 161 86 de),
1037 1607 241 86 maréchal
1218 1607 121 86 de
1258 1607 181 86 France.

56 1681 163 59 Acte
157 1681 224 59 notarié
320 1681 183 59 signé
442 1681 183 59 trois
565 1681 183 59 fois,
687 1681 183 59 signé
809 1681 183 59 trois
931 1681 163 59 fois
1033 1681 183 59 aussi
1155 1681 143 59 par
1236 1681 122 59 sa
1277 1681 163 59 femme,

51 1729 440 56 Marie-Antonine
417 1729 147 56 de
490 1729 293 56 Beautru.
710 1729 122 56 3
759 1729 195 56 mars
881 1729 220 56 1692.
1028 1729 122 56 3
1077 1729 147 56 p.
1150 1729 269 56 in-fol.
1345 1729 122 56 4
1370 1729 73 56 »

13 1782 181 56 3623.
134 1782 342 56 Blacas
415 1782 141 56 (le
496 1782 141 56 duc
576 1782 161 56 de),
677 1782 241 56 ministre
858 1782 121 56 de
918 1782 121 56 la
978 1782 201 56 maison
1119 1782 121 56 de
1180 1782 181 56 Louis
1280 1782 161 56 XVIII,

56 1838 310 56 académicien
305 1838 186 56 libre
429 1838 145 56 des
512 1838 393 56 belles-lettres.
843 1838 124 56 1°
905 1838 124 56 L.
967 1838 166 56 sig.
1070 1838 207 56 Paris,
1215 1838 103 56 4
1236 1838 207 56 novembre

53 1870 205 56 1814.
190 1870 114 56 1
235 1870 136 56 p.
303 1870 205 56 in-4.
440 1870 114 56 —
485 1870 136 56 2°
553 1870 136 56 L.
622 1870 182 56 aut.
735 1870 182 56 sig.
849 1870 159 56 B.,
940 1870 114 56 à
985 1870 136 56 M.
1054 1870 136 56 le
1122 1870 159 56 duc
1190 1870 250 56 d’Aumont.

45 1928 357 67 Hartwel,
313 1928 178 67 13
402 1928 387 67 septembre
700 1928 268 67 1811,
878 1928 149 67 3
937 1928 178 67 p.
1027 1928 208 67 pl.
1146 1928 268 67 in-4.
1324 1928 149 67 4
1354 1928 89 67 »

104 1961 121 78 Il
164 1961 323 78 s’entretient
427 1961 121 78 du
488 1961 162 78 roi,
589 1961 121 78 de
649 1961 121 78 la
710 1961 162 78 mort
811 1961 121 78 du
871 1961 141 78 duc
952 1961 263 78 d’Avaray,
1134 1961 121 78 etc.

13 1991 198 88 3624.
145 1991 352 88 Blanc
431 1991 264 88 (Louis),
629 1991 220 88 membre
783 1991 132 88 du
849 1991 352 88 gouvernement
1135 1991 308 88 provisoire
1355 1991 88 88 de

56 2062 195 57 1848,
186 2062 282 57 historien
403 2062 130 57 de
468 2062 130 57 la
533 2062 303 57 Révolution
771 2062 130 57 et
836 2062 130 57 du
901 2062 195 57 règne
1031 2062 130 57 de
1075 2062 368 57 Louis

60 2107 119 68 L.
120 2107 158 68 aut.
219 2107 158 68 sig.
318 2107 119 68 30
377 2107 158 68 nov.
476 2107 178 68 1842.
595 2107 99 68 1
634 2107 119 68 p.
694 2107 178 68 in-8.
812 2107 178 68 Jolie
931 2107 218 68 lettre.
1090 2107 178 68 Sujet
1208 2107 198 68 gravé.
1347 2107 99 68 3
1367 2107 79 68 50

15 2152 195 68 3625.
145 2152 238 68 Blin
319 2152 130 68 de
384 2152 325 68 Bourdon
644 2152 152 68 (le
731 2152 282 68 vicomte),
947 2152 173 68 l’un
1056 2152 152 68 des
1143 2152 173 68 cinq
1229 2152 217 68 députés,

63 2220 151 56 dits
158 2220 359 56 flétris
460 2220 114 56 L.
517 2220 151 56 aut.
612 2220 151 56 sig.
706 2220 189 56 Paris,
839 2220 114 56 22
895 2220 208 56 février
1047 2220 170 56 1817.
1160 2220 95 56 1
1198 2220 114 56 p.
1255 2220 170 56 in-8.
1368 2220 95 56 2
1387 2220 57 56 »

16 2259 189 54 3626.
142 2259 463 54 Boislecomte
542 2259 147 54 (le
626 2259 189 54 comte
753 2259 168 54 de),
858 2259 168 54 pair
963 2259 126 54 de
1026 2259 231 54 France,
1173 2259 274 54 ambassadeur

58 2302 126 57 de
121 2302 210 57 France
268 2302 126 57 en
331 2302 231 57 Suisse.
500 2302 126 57 L.
563 2302 126 57 a.
626 2302 147 57 s.,
710 2302 105 57 à
752 2302 126 57 M.
815 2302 231 57 Cauchy,
983 2302 189 57 garde
1110 2302 147 57 des
1194 2302 252 57 archives
1362 2302 84 57 de

59 2352 126 64 la
122 2352 231 64 Chambre
290 2352 147 64 des
374 2352 210 64 pairs.
521 2352 210 64 Paris,
668 2352 126 64 30
731 2352 189 64 janv.
858 2352 189 64 1847.
984 2352 105 64 1
1026 2352 147 64 gr.
1110 2352 126 64 p.
1173 2352 231 64 in-fol.
1341 2352 105 64 3
1362 2352 84 64 50

101 2393 269 67 Relative
303 2393 112 67 à
348 2393 135 67 sa
415 2393 314 67 nomination
662 2393 135 67 au
729 2393 202 67 titre
864 2393 135 67 de
931 2393 225 67 comte,
1089 2393 180 67 pour
1201 2393 157 67 son
1268 2393 180 67 ambas-

60 2449 168 51 sade
165 2449 168 51 près
270 2449 126 51 la
333 2449 357 51 Confédération
606 2449 189 51 suisse.

20 2483 179 67 3627.
139 2483 338 67 Bonald
417 2483 139 67 (le
497 2483 218 67 vicomte
656 2483 159 67 de),
755 2483 218 67 célèbre
914 2483 238 67 écrivain
1093 2483 278 67 politique,
1291 2483 159 67 membre

59 2552 124 51 de
121 2552 311 51 l'Institut.
370 2552 124 51 1°
432 2552 124 51 L.
495 2552 166 51 aut.
598 2552 187 51 sig.,
723 2552 124 51 au
785 2552 187 51 baron
909 2552 124 51 de
971 2552 249 51 Trémont.
1158 2552 124 51 26
1220 2552 166 51 août
1303 2552 145 51 1811.

63 2594 96 58 1
101 2594 115 58 p.
159 2594 134 58 pl.
236 2594 173 58 in-8.
351 2594 96 58 —
389 2594 115 58 2°
447 2594 115 58 L.
505 2594 154 58 aut.
601 2594 154 58 sig.
697 2594 269 58 B.
908 2594 115 58 au
966 2594 173 58 même.
1081 2594 96 58 6
1119 2594 154 58 mars
1215 2594 173 58 1812.
1331 2594 96 58 3
1350 2594 96 58 gr.

61 2643 147 69 pl.
145 2643 126 69 et
208 2643 189 69 demie
335 2643 189 69 in-4.
461 2643 210 69 Lettre
608 2643 337 69 intéressante
882 2643 147 69 sur
966 2643 147 69 des
1050 2643 274 69 questions
1261 2643 126 69 de
1303 2643 147 69 poli-

46 2675 333 66 tique
268 2675 222 66 et
379 2675 739 66 d’administration
1007 2675 407 66 civile.
1303 2675 185 66 6
1340 2675 111 66 »

19 2719 193 79 3628.
147 2719 428 79 Bonaparte
511 2719 278 79 (Joseph),
725 2719 150 79 roi
810 2719 128 79 de
874 2719 214 79 Naples
1024 2719 128 79 et
1088 2719 300 79 d’Espagne.
1302 2719 150 79 Pièce
