1690 2975
718 77 251 84 299
826 77 107 84 —

77 167 174 68 3717.
193 167 290 68 Karr
425 167 290 68 (Alphonse),
657 167 193 68 auteur
792 167 135 68 des
869 167 348 68 Guèpes
1159 167 116 68 L.
1217 167 155 68 aut.
1314 167 155 68 sig.
1410 167 97 68 1
1430 167 77 68 p.

2 228 1238 68 in-8.
827 228 688 68 1
964 228 550 68 50

79 275 161 64 3718.
186 275 322 64 Lacroix
455 275 197 64 (Paul),
598 275 125 64 dit
669 275 107 64 le
723 275 322 64 Bibliophile
991 275 250 64 Jacob
1188 275 107 64 L.
1242 275 143 64 aut.
1331 275 143 64 sig.
1421 275 89 64 2
1438 275 72 64 p.

52 329 772 63 petit
567 329 858 63 in-18.
1167 329 429 63 2
1253 329 257 63 »

170 380 144 49 ...
253 380 124 49 Il
315 380 103 49 y
356 380 103 49 a
397 380 144 49 sur
480 380 248 49 Rabelais
666 380 186 49 trois
790 380 268 49 nouvelles
996 380 144 49 qui
1079 380 248 49 feraient
1264 380 124 49 un
1326 380 165 49 tout
1409 380 103 49 cu-

116 418 215 59 rieux:
266 418 129 59 la
331 418 280 59 Servante,
546 418 129 59 la
610 418 280 59 Pantoufle
825 418 129 59 du
890 418 194 59 pape,
1019 418 129 59 et
1083 418 151 59 les
1169 418 215 59 Gaités
1320 418 129 59 de
1363 418 151 59 Rabe-

117 465 187 54 lais,
242 465 187 54 aussi
367 465 146 54 sur
450 465 125 54 la
513 465 187 54 saint
617 465 312 54 Barthélemy...

70 504 182 71 3719.
191 504 182 71 La
313 504 303 71 Chambre
555 504 223 71 (l’abbé
717 504 162 71 de),
818 504 243 71 chanoine
1000 504 121 71 de
1061 504 243 71 l’église
1243 504 121 71 de
1283 504 223 71 Chartres.

115 565 135 63 L.
183 565 180 63 aut.
296 565 203 63 sig.,
431 565 113 63 à
476 565 135 63 M.
544 565 316 63 Patenôtre,
792 565 293 63 procureur
1018 565 135 63 au
1085 565 316 63 Parlement,
1311 565 203 63 cloître

114 610 316 54 Notre-Dame,
367 610 105 54 à
409 610 211 54 Paris.
557 610 274 54 Chartres,
768 610 127 54 le
831 610 105 54 3
873 610 169 54 août
979 610 190 54 1775.
1105 610 105 54 1
1147 610 127 54 p.
1211 610 190 54 in-4.
1316 610 190 54 Cachet.

82 658 459 50 Jolie
388 658 561 50 lettre.
796 658 663 50 Curieuse.
1307 658 255 50 5
1358 658 153 50 »

66 700 186 72 3720.
190 700 372 72 Lagarde
501 700 145 72 (le
583 700 227 72 baron),
749 700 290 72 secrétaire
976 700 227 72 général
1142 700 124 72 du
1204 700 310 72 Directoire.
1431 700 83 72 Ce

112 741 156 76 fut
201 741 156 76 lui
290 741 156 76 qui
379 741 156 76 lut
468 741 111 76 à
512 741 200 76 Louis
646 741 156 76 XVI
735 741 156 76 son
824 741 200 76 arrêt
957 741 133 76 de
1024 741 200 76 mort.
1157 741 133 76 L.
1224 741 178 76 aut.
1335 741 200 76 sig.,
1446 741 67 76 à

104 803 180 53 M.
194 803 329 53 Cochin.
433 803 180 53 10
523 803 329 53 octobre
763 803 269 53 1818.
942 803 150 53 1
1002 803 180 53 p.
1092 803 210 53 pl.
1212 803 269 53 in-4.
1391 803 150 53 3
1421 803 90 53 »

66 838 192 63 3721.
193 838 362 63 Lameth
492 838 319 63 (Théodore),
747 838 256 63 maréchal
939 838 128 63 de
1003 838 192 63 camp,
1131 838 213 63 député
1280 838 106 63 à
1301 838 213 63 l’Assem-

115 895 162 61 blée
216 895 324 61 législative.
480 895 122 61 L.
540 895 162 61 aut.
642 895 182 61 sig.,
763 895 101 61 à
804 895 122 61 la
865 895 182 61 reine
986 895 345 61 Marie-Amélie.
1270 895 122 61 Il
1331 895 101 61 y
1371 895 101 61 a
1391 895 122 61 der-

113 945 191 65 rière
240 945 212 65 quatre
388 945 212 65 lignes
537 945 127 65 de
600 945 127 65 la
664 945 169 65 main
770 945 127 65 de
833 945 127 65 la
897 945 212 65 reine.
1045 945 106 65 3
1087 945 148 65 gr.
1172 945 127 65 p.
1236 945 233 65 in-fol.
1405 945 127 65 10
1447 945 64 65 »

161 997 279 64 Supplique
375 997 172 64 pour
483 997 129 64 la
547 997 193 64 prier
676 997 129 64 de
741 997 193 64 faire
869 997 258 64 accorder
1063 997 107 64 à
1106 997 129 64 M.
1170 997 344 64 Sallandrouze
1428 997 86 64 la

113 1029 318 65 fabrication
368 1029 170 65 d’un
474 1029 191 65 tapis
601 1029 191 65 qu’il
728 1029 276 65 exécutera
941 1029 170 65 pour
1047 1029 212 65 30,000
1196 1029 149 65 fr.
1280 1029 127 65 au
1344 1029 170 65 lieu
1429 1029 85 65 de

115 1086 236 55 100,000
286 1086 193 55 qu’il
415 1086 279 55 coûterait
630 1086 107 55 à
673 1086 129 55 la
738 1086 322 55 Savonnerie;
995 1086 129 55 au
1060 1086 193 55 moyen
1189 1086 129 55 de
1232 1086 279 55 l’obtention

116 1137 129 61 de
180 1137 194 61 cette
309 1137 237 61 faveur,
481 1137 151 61 ses
567 1137 151 61 six
653 1137 194 61 cents
782 1137 258 61 ouvriers
976 1137 129 61 ne
1040 1137 215 61 seront
1191 1137 194 61 point
1298 1137 215 61 renvoyés

116 1181 200 66 faute
227 1181 310 66 d’ouvrage...

68 1203 213 80 3722.
210 1203 332 80 Languet
471 1203 142 80 de
542 1203 426 80 Rochefort,
897 1203 308 80 président
1134 1203 142 80 au
1205 1203 308 80 Parlement
1418 1203 95 80 de

114 1277 218 84 Dijon.
267 1277 131 84 L.
332 1277 174 84 aut.
441 1277 196 84 sig.,
572 1277 109 84 à
616 1277 131 84 M.
681 1277 131 84 le
747 1277 327 84 chancelier.
1008 1277 218 84 Dijon,
1161 1277 131 84 15
1226 1277 240 84 janvier
1379 1277 131 84 1757

68 1330 329 60 2
200 1330 460 60 gr.
463 1330 394 60 p.
660 1330 723 60 in-fol.
1185 1330 329 60 4
1251 1330 263 60 50

160 1385 125 61 La
223 1385 249 61 nouvelle
410 1385 125 61 du
472 1385 374 61 rétablissement
784 1385 125 61 de
846 1385 125 61 la
908 1385 187 61 santé
1033 1385 125 61 du
1095 1385 145 61 roi
1179 1385 104 61 a
1220 1385 229 61 dissipé
1366 1385 145 61 leurs

114 1424 270 66 alarmes;
317 1424 135 66 la
385 1424 180 66 joie
498 1424 113 66 a
543 1424 248 66 succédé
723 1424 113 66 à
768 1424 135 66 la
836 1424 406 66 consternation;
1174 1424 135 66 le
1242 1424 293 66 parlement
1444 1424 68 66 a

109 1469 194 58 pensé
239 1469 151 58 que
325 1469 129 58 le
390 1469 237 58 premier
562 1469 215 58 devoir
713 1469 194 58 était
842 1469 129 58 de
907 1469 280 58 remercier
1122 1469 172 58 Dieu
1230 1469 237 58 d’avoir
1381 1469 129 58 con-

114 1517 192 55 servé
242 1517 149 55 des
327 1517 192 55 jours
454 1517 128 55 si
497 1517 277 55 précieux...

65 1537 186 96 3723.
189 1537 186 96 La
313 1537 289 96 Reynie
541 1537 413 96 (Gabriel-Nicolas
892 1537 165 96 de),
995 1537 455 96 lieutenant-général
1388 1537 124 96 de
1429 1537 83 96 la

113 1610 197 62 police
251 1610 118 62 de
310 1610 197 62 Paris.
448 1610 197 62 Quitt.
585 1610 157 62 sig,
684 1610 157 62 (sur
782 1610 236 62 parch,).
959 1610 197 62 Paris,
1097 1610 118 62 18
1156 1610 216 62 juillet
1313 1610 177 62 1675.
1431 1610 98 62 2
1451 1610 59 62 »

64 1656 189 62 3724.
190 1656 189 62 La
316 1656 440 62 Rochefoucauld
693 1656 294 62 (François,
924 1656 147 62 duc
1008 1656 168 62 de),
1113 1656 168 62 fils
1217 1656 168 62 ainé
1322 1656 126 62 de
1364 1656 147 62 l’au

116 1708 155 55 teur
213 1708 136 55 des
290 1708 368 55 Maximes
600 1708 174 55 grand
716 1708 194 55 veneur
852 1708 116 55 de
910 1708 213 55 France.
1065 1708 116 55 Sa
1123 1708 271 55 signature,
1317 1708 194 55 derrière

111 1756 144 54 une
194 1756 267 54 quittance
399 1756 164 54 (sur
502 1756 226 54 parch.)
666 1756 123 54 de
728 1756 123 54 la
790 1756 185 54 somme
913 1756 123 54 de
975 1756 164 54 1596
1077 1756 206 54 livres
1221 1756 123 54 17
1283 1756 164 54 sous
1386 1756 103 54 6
1406 1756 103 54 de-

111 1808 212 60 niers,
259 1808 170 60 pour
365 1808 127 60 la
429 1808 297 60 nourriture
662 1808 127 60 et
726 1808 360 60 entretenement
1022 1808 127 60 de
1086 1808 339 60 soixante-dix
1340 1808 170 60 chiens

111 1849 306 70 ordinaires
351 1849 175 70 dans
461 1849 131 70 la
526 1849 240 70 vénerie
701 1849 131 70 du
766 1849 175 70 roi,
876 1849 240 70 pendant
1050 1849 153 70 les
1138 1849 175 70 mois
1247 1849 131 70 de
1291 1849 218 70 janvier,

77 1899 605 57 février
517 1899 330 57 et
682 1899 440 57 mars
958 1899 495 57 1693.
1288 1899 275 57 6
1343 1899 165 57 »

64 1917 200 83 3725.
197 1917 200 83 La
331 1917 467 83 Rochefoucauld
731 1917 156 83 (le
820 1917 156 83 duc
909 1917 178 83 de),
1020 1917 222 83 membre
1175 1917 133 83 de
1220 1917 289 83 l’assemblée

110 1991 355 53 constituante,
402 1991 250 53 massacré
590 1991 104 53 à
632 1991 230 53 Gisors.
799 1991 125 53 L.
861 1991 167 53 aut.
966 1991 188 53 sig.,
1091 1991 104 53 à
1132 1991 125 53 M.
1195 1991 230 53 Boutin,
1341 1991 167 53 tréso-

112 2037 157 66 rier
211 2037 217 66 général
368 2037 118 66 de
427 2037 118 66 la
486 2037 217 66 marine.
644 2037 276 66 Villetart,
860 2037 98 66 3
900 2037 177 66 sept.
1018 2037 177 66 1785.
1136 2037 177 66 Jolie
1254 2037 217 66 lettre.
1412 2037 98 66 3
1431 2037 79 66 50

62 2078 192 66 3726.
189 2078 192 66 La
317 2078 447 66 Rochejaquelin
700 2078 149 66 (le
785 2078 255 66 général,
977 2078 192 66 comte
1105 2078 234 66 Auguste
1275 2078 170 66 de),
1360 2078 149 66 frère

113 2134 127 57 du
176 2134 232 57 général
345 2134 148 57 tué
430 2134 169 57 dans
535 2134 127 57 la
598 2134 211 57 Vendée
746 2134 127 57 en
809 2134 190 57 1815.
936 2134 127 57 L.
999 2134 169 57 aut.
1105 2134 190 57 sig.,
1232 2134 106 57 à
1274 2134 190 57 MM...
1379 2134 127 57 Châ-

98 2184 378 58 tillon,
373 2184 206 58 19
476 2184 378 58 février
751 2184 310 58 1791.
958 2184 172 58 1
1026 2184 206 58 p.
1130 2184 310 58 in-4.
1336 2184 172 58 3
1370 2184 138 58 50

67 2226 151 67 3727.
168 2226 302 67 Lautrec
419 2226 201 67 (Jacques
570 2226 134 67 de),
654 2226 134 67 juge
738 2226 386 67 dapproulx...
1073 2226 151 67 de
1174 2226 101 67 la
1207 2226 302 67 sénéchaussée

111 2283 189 60 de....
243 2283 170 60 et
356 2283 358 60 albigois..
658 2283 189 60 Quitt.
790 2283 151 60 sig.
885 2283 151 60 (sur
979 2283 207 60 parch.)
1130 2283 113 60 de
1186 2283 113 60 la
1243 2283 170 60 somme
1356 2283 113 60 de
1394 2283 113 60 cin-

108 2328 222 73 quante
263 2328 222 73 livres
418 2328 177 73 pour
529 2328 133 73 la
596 2328 177 73 pave
707 2328 155 73 des
795 2328 200 73 gages
928 2328 310 73 ordinaires
1172 2328 133 73 de
1239 2328 155 73 son
1305 2328 200 73 office,

109 2376 199 83 reçue
242 2376 133 83 de
308 2376 199 83 noble
441 2376 221 83 Pierre
596 2376 133 83 de
662 2376 288 83 Montfort,
883 2376 266 83 seigneur
1083 2376 133 83 de
1149 2376 243 83 Brax...
1326 2376 133 83 24
1370 2376 133 83 nov.

-8 2422 1240 59 1532.
819 2422 689 59 2
957 2422 551 59 50

63 2467 183 61 3728.
185 2467 183 61 La
307 2467 325 61 Vallière
571 2467 142 61 (le
653 2467 224 61 marquis
815 2467 163 61 de),
917 2467 203 61 mestre
1059 2467 122 61 de
1120 2467 163 61 camp
1222 2467 163 61 d’un
1304 2467 203 61 régiment

109 2517 120 58 de
169 2517 279 58 cavalerie.
388 2517 279 58 Certificat
607 2517 259 58 militaire
807 2517 159 58 aut.
906 2517 159 58 sig.
1006 2517 179 58 Toul,
1125 2517 100 58 4
1165 2517 179 58 avril
1285 2517 179 58 1692,
1384 2517 120 58 in

45 2563 515 52 en
303 2563 1031 52 travers.
1076 2563 429 52 1
1162 2563 344 52 50

60 2605 194 69 3729.
190 2605 194 69 La
319 2605 345 69 Vallière
600 2605 302 69 (Ferdinand
837 2605 129 69 de
902 2605 129 69 la
967 2605 194 69 Baume
1096 2605 173 69 de),
1204 2605 194 69 comte
1333 2605 129 69 de
1377 2605 129 69 Mon-

102 2660 343 61 treuil.
351 2660 312 61 Quitt.
570 2660 249 61 sig.
725 2660 249 61 (sur
881 2660 374 61 parch.).
1162 2660 281 61 1639.
1349 2660 156 61 1
1380 2660 125 61 50

60 2681 142 86 3729
149 2681 266 86 bis
362 2681 160 86 Le
469 2681 213 86 Brun
629 2681 284 86 (Ponce-Denis
860 2681 391 86 Ecouchard),
1197 2681 178 86 poëte,
1321 2681 178 86 membre
1428 2681 71 86 de

108 2759 282 72 l’Institut.
334 2759 113 72 1°
390 2759 207 72 Odes
540 2759 319 72 républicaines
803 2759 113 72 au
859 2759 188 72 peuple
991 2759 244 72 François,
1179 2759 244 72 composées
1348 2759 150 72 en
