1551 2860
666 48 143 88 304

82 127 177 70 aut.
193 127 199 70 sig.,
325 127 111 70 à
370 127 133 70 M.
436 127 133 70 le
502 127 199 70 grand
635 127 354 70 référendaire
923 127 133 70 de
989 127 133 70 la
1056 127 243 70 Chambre
1233 127 155 70 des
1299 127 177 70 pairs.

67 191 344 65 Paris,
307 191 206 65 11
411 191 275 65 nov.
583 191 310 65 1837.
789 191 172 65 1
858 191 241 65 gr.
995 191 206 65 p.
1099 191 310 65 in-4.
1305 191 172 65 2
1339 191 138 65 50

37 218 173 90 3742.
152 218 345 90 Meynard
440 218 192 90 député
574 218 115 90 de
632 218 115 90 la
689 218 365 90 Dordogne
996 218 96 90 à
1035 218 115 90 la
1092 218 288 90 Convention.
1322 218 115 90 L.
1361 218 115 90 aut.

80 287 199 63 sig.,
212 287 133 63 au
279 287 265 63 ministre
478 287 133 63 de
544 287 133 63 la
610 287 243 63 guerre.
787 287 243 63 Ribeau,
964 287 110 63 6
1008 287 265 63 messidor
1207 287 133 63 an
1273 287 155 63 IX.
1362 287 110 63 2
1384 287 88 63 p.

-53 336 1375 65 in-4.
864 336 764 65 3
1017 336 458 65 »

36 371 171 87 3743.
150 371 342 87 Milhaud
434 371 133 87 (le
510 371 228 87 général,
681 371 209 87 comte),
833 371 190 87 député
966 371 114 87 du
1023 371 323 87 Cantal
1288 371 95 87 à
1326 371 114 87 la
1364 371 114 87 Con

76 426 286 65 vention.
290 426 214 65 Pièce
433 426 190 65 aut.
552 426 190 65 sig.
671 426 214 65 comme
814 426 381 65 représentant
1123 426 143 65 du
1194 426 238 65 peuple
1337 426 143 65 près

78 466 261 69 l’armée
268 466 142 69 du
339 466 213 69 Rhin,
481 466 237 69 signée
647 466 213 69 aussi
789 466 166 69 par
884 466 166 69 les
979 466 403 69 représentants
1286 466 190 69 Borie,

77 518 221 69 J.-B.
225 518 295 69 Lacoste,
446 518 295 69 Richaud,
667 518 246 69 Ruamps
839 518 147 69 et
912 518 319 69 Mallarmé,
1133 518 344 69 Wissembourg,

64 574 197 70 8
142 574 354 70 sept.
378 574 354 70 1793.
614 574 511 70 Demi-page
1008 574 433 70 in-fol.
1323 574 197 70 5
1362 574 118 70 »

131 609 311 78 Réquisition
380 609 166 78 pour
484 609 208 78 placer
629 609 145 78 des
712 609 208 78 relais
858 609 187 78 entre
982 609 291 78 Strasbourg
1210 609 125 78 et
1252 609 228 78 Huningue.

37 651 180 94 3744.
157 651 301 94 Mina
398 651 200 94 (Espoz
538 651 140 94 y),
618 651 220 94 célèbre
779 651 220 94 général
939 651 261 94 espagnol.
1139 651 120 94 L.
1199 651 180 94 sig.,
1320 651 120 94 au
1360 651 120 94 doc-

85 724 166 72 teur
189 724 229 72 Oméara,
355 724 104 72 à
397 724 249 72 Londres.
584 724 208 72 Cambo,
730 724 125 72 le
792 724 125 72 10
854 724 166 72 oct.
958 724 187 72 1834.
1083 724 104 72 1
1125 724 146 72 gr.
1208 724 125 72 p.
1270 724 146 72 pl.
1332 724 146 72 in

59 772 208 64 Cachet.

130 807 215 76 Depuis
280 807 150 76 son
366 807 215 76 départ
516 807 343 76 d’Angleterre
795 807 129 76 il
859 807 107 76 a
902 807 150 76 été
988 807 172 76 bien
1095 807 236 76 malade;
1266 807 129 76 il
1309 807 172 76 espère

84 864 163 67 que
177 864 187 67 sous
294 864 163 67 peu
387 864 140 67 de
457 864 210 67 jours
597 864 140 67 il
667 864 187 67 aura
783 864 140 67 le
853 864 257 67 bonheur
1040 864 140 67 de
1110 864 257 67 rentrer
1296 864 187 67 dans
1390 864 93 67 sa

84 916 244 69 patrie.
261 916 133 69 Le
328 916 355 69 commandement
616 916 133 69 de
683 916 133 69 la
750 916 244 69 Navarre
927 916 155 69 lui
1016 916 111 69 a
1060 916 155 69 été
1149 916 222 69 confié
1304 916 155 69 par
1371 916 111 69 son

42 963 1063 61 gouvernement,
918 963 500 61 etc.
1231 963 313 61 5
1293 963 188 61 »

40 993 159 90 3745.
146 993 299 90 Minée
393 993 176 90 évêque
516 993 335 90 constitutionnel
798 993 106 90 de
851 993 106 90 la
904 993 493 90 Loire-Inférieure
1344 993 106 90 L.
1379 993 106 90 aut.

88 1051 200 73 sig.,
221 1051 133 73 au
288 1051 244 73 citoyen
465 1051 333 73 ministre...
731 1051 244 73 Nantes,
909 1051 133 73 22
976 1051 289 73 novembre,
1197 1051 178 73 l’an
1286 1051 200 73 premier

79 1101 176 71 de
167 1101 176 71 la
254 1101 439 71 République.
606 1101 146 71 2
665 1101 176 71 p.
753 1101 205 71 pl.
870 1101 264 71 in-4.
1046 1101 381 71 Curieuse.
1339 1101 146 71 3
1368 1101 117 71 50

135 1148 133 75 En
201 1148 221 75 faveur
356 1148 133 75 de
422 1148 155 75 son
511 1148 309 75 beau-frère
754 1148 243 75 Vassal,
931 1148 221 75 chargé
1085 1148 133 75 de
1152 1148 221 75 quatre
1284 1148 199 75 enfants

86 1204 137 63 en
155 1204 160 63 bas
223 1204 137 63 âge.

41 1215 183 105 3746.
163 1215 326 105 Molé,
428 1215 204 105 acteur
570 1215 224 105 eélèbre
733 1215 122 105 du
794 1215 428 105 Théâtre-Français.
1161 1215 122 105 L.
1222 1215 163 105 aut.
1324 1215 183 105 sig.,
1426 1215 61 105 à

89 1303 160 62 son
181 1303 229 62 ami...
341 1303 115 62 2
387 1303 275 62 décembre
593 1303 206 62 1785.
731 1303 115 62 1
777 1303 138 62 p.
845 1303 160 62 pl.
937 1303 206 62 in-8.
1075 1303 390 62 Intéressante.
1395 1303 115 62 5
1418 1303 69 62 »

41 1324 194 86 3747.
171 1324 432 86 Montholon
538 1324 151 86 (le
625 1324 259 86 général,
819 1324 238 86 comte),
992 1324 281 86 compagnon
1208 1324 130 86 de
1251 1324 238 86 captivité

91 1397 127 71 de
154 1397 254 71 Napoléon
345 1397 106 71 à
387 1397 380 71 Sainte-Hélène.
704 1397 127 71 L.
767 1397 169 71 aut.
873 1397 190 71 sig.,
1000 1397 106 71 à
1042 1397 127 71 M.
1106 1397 127 71 le
1169 1397 190 71 baron
1275 1397 211 71 Séguier.

82 1430 293 66 Paris,
287 1430 176 66 17
375 1430 323 66 janvier
609 1430 264 66 1823.
785 1430 147 66 1
844 1430 176 66 p.
932 1430 264 66 in-8.
1108 1430 323 66 Cachet.
1342 1430 147 66 2
1372 1430 117 66 50

40 1474 203 86 3748.
176 1474 429 86 Montigny
538 1474 429 86 (Étienne-Mignol
899 1474 181 86 de),
1012 1474 294 86 trésorier
1238 1474 136 86 de
1284 1474 203 86 France,

89 1545 241 66 membre
258 1545 145 66 de
330 1545 338 66 l’Académie
595 1545 169 66 des
692 1545 314 66 sciences.
933 1545 145 66 L.
1006 1545 193 66 aut.
1126 1545 193 66 sig.
1223 1545 265 66 Besançon,

70 1576 258 68 19
199 1576 344 68 août
414 1576 387 68 1760.
672 1576 215 68 3
758 1576 258 68 p.
888 1576 301 68 pl.
1060 1576 387 68 in-4.
1318 1576 215 68 5
1361 1576 129 68 »

139 1630 232 63 Rapport
308 1630 317 63 intéressant
561 1630 127 63 de
624 1630 148 63 ses
709 1630 232 63 visites
878 1630 148 63 aux
962 1630 274 63 verreries
1173 1630 127 63 et
1237 1630 148 63 aux
1300 1630 190 63 salines

92 1672 123 67 de
154 1672 206 67 Bayel,
298 1672 247 67 Rouëlle,
483 1672 370 67 Saint-Antoine,
792 1672 288 67 Montmorot,
1018 1672 267 67 Besançon,
1224 1672 226 67 Salins,
1368 1672 123 67 etc.

45 1715 191 76 3749.
172 1715 383 76 Moreau
491 1715 234 76 général
662 1715 128 76 en
725 1715 170 76 chef
832 1715 128 76 de
895 1715 234 76 l’armée
1066 1715 128 76 de
1108 1715 383 76 Sambre

93 1768 127 64 L.
156 1768 170 64 aut.
262 1768 191 64 sig.,
390 1768 127 64 au
453 1768 254 64 ministre
644 1768 127 64 de
708 1768 127 64 la
771 1768 233 64 guerre.
941 1768 254 64 Quartier
1132 1768 233 64 général
1280 1768 212 64 d’Ossen-

92 1818 226 75 bourg,
251 1818 136 75 10
318 1818 271 75 messidor
522 1818 136 75 an
590 1818 158 75 IV.
680 1818 113 75 2
725 1818 158 75 gr.
816 1818 136 75 p.
884 1818 158 75 pl.
974 1818 203 75 in-4.
1110 1818 181 75 Tête
1223 1818 271 75 imprimée
1404 1818 90 75 et

16 1866 1280 77 vignette.
1000 1866 492 77 7
1098 1866 394 77 50

140 1900 133 82 Au
206 1900 200 82 sujet
339 1900 155 82 des
428 1900 266 82 derniers
628 1900 222 82 succès
783 1900 288 82 remportés
1004 1900 155 82 sur
1093 1900 355 82 l’ennemi....
1359 1900 133 82 Mais

96 1962 212 63 l’état
244 1962 127 63 de
307 1962 402 63 désorganisation
646 1962 127 63 de
709 1962 233 63 l’armée
879 1962 148 63 n’a
963 1962 148 63 pas
1048 1962 212 63 permis
1196 1962 296 63 d’empêcher
1407 1962 85 63 le

91 2007 248 75 pillage
272 2007 158 75 des
362 2007 248 75 troupes
543 2007 181 75 dans
656 2007 158 75 une
747 2007 271 75 quantité
950 2007 136 75 de
1018 2007 271 75 villages
1221 2007 271 75 emportés
1402 2007 90 75 de

95 2062 162 59 vive
196 2062 243 59 force...
378 2062 263 59 Nécessité
581 2062 122 59 de
642 2062 385 59 l’établissement
966 2062 122 59 et
1027 2062 122 59 de
1088 2062 365 59 l’organisation
1371 2062 122 59 dans

96 2104 129 74 un
160 2104 193 74 quart
289 2104 236 74 d’heure
460 2104 172 74 d’un
568 2104 257 74 tribunal
761 2104 150 74 qui
846 2104 236 74 punisse
1018 2104 129 74 de
1082 2104 172 74 mort
1190 2104 150 74 les
1254 2104 236 74 pillards,

97 2163 122 61 ou
158 2163 183 61 finir
280 2163 122 61 la
320 2163 183 61 guerre.

49 2192 178 78 3750.
168 2192 316 78 Mouhy
425 2192 237 78 (Charles
602 2192 119 78 de
662 2192 198 78 Fieux,
800 2192 257 78 chevalier
997 2192 158 78 de),
1096 2192 316 78 littérateur,
1333 2192 158 78 membre

99 2245 118 70 de
158 2245 275 70 l’Académie
374 2245 118 70 de
433 2245 196 70 Dijon.
571 2245 118 70 Né
630 2245 98 70 à
669 2245 295 70 Metz
905 2245 275 70 (Moselle).
1121 2245 255 70 Quittance
1317 2245 118 70 de
1357 2245 138 70 trois

98 2296 205 65 lignes
242 2296 164 65 aut.
345 2296 164 65 sig.
447 2296 205 65 Paris,
591 2296 123 65 27
652 2296 246 65 décembre
837 2296 185 65 1761.
960 2296 123 65 En
1021 2296 164 65 tête
1124 2296 123 65 se
1185 2296 205 65 trouve
1308 2296 185 65 l’ordre

96 2352 133 66 de
162 2352 266 66 payement
362 2352 178 66 aut.
473 2352 178 66 sig.
584 2352 133 66 du
651 2352 266 66 maréchal
850 2352 133 66 de
917 2352 289 66 Castries,
1139 2352 133 66 en
1205 2352 178 66 date
1316 2352 133 66 du
1361 2352 133 66 même

74 2405 375 58 jour.
324 2405 208 58 1
408 2405 250 58 p.
533 2405 375 58 in-4.
783 2405 667 58 Rare
1325 2405 208 58 5
1367 2405 125 58 »

144 2437 196 71 «J’ai
275 2437 174 71 reçu
384 2437 131 71 de
449 2437 131 71 M.
515 2437 283 71 Figuières
733 2437 131 71 la
798 2437 196 71 somme
929 2437 131 71 de
995 2437 174 71 deux
1104 2437 196 71 mille
1234 2437 218 71 quatre
1365 2437 131 71 cent

98 2499 248 54 «livres
279 2499 180 54 dont
391 2499 135 54 je
459 2499 180 54 suis
571 2499 293 54 redevable
797 2499 113 54 à
842 2499 135 54 la
909 2499 270 54 grandeur
1112 2499 180 54 dame
1225 2499 135 54 de
1270 2499 225 54 monsieur

98 2542 150 68 «le
183 2542 236 68 marquis
355 2542 129 68 de
420 2542 279 68 Castries,
634 2542 129 68 et
699 2542 172 68 dont
806 2542 129 68 je
870 2542 193 68 serai
999 2542 365 68 reconnaissant
1278 2542 215 68 jusqu’au

94 2595 321 58 «dernier
308 2595 294 58 soupir..»

55 2598 170 108 3751.
169 2598 303 108 Murat
415 2598 208 108 (l’abbé
566 2598 151 108 de),
661 2598 227 108 aumônier
831 2598 114 108 de
888 2598 341 108 Madame
1172 2598 227 108 comtesse
1343 2598 114 108 de
1380 2598 114 108 Pro

99 2675 205 66 vence.
243 2675 123 66 L.
305 2675 164 66 aut.
407 2675 185 66 sig.,
530 2675 103 66 à
571 2675 123 66 M.
633 2675 267 66 Peyrault.
838 2675 308 66 Versailles,
1085 2675 123 66 12
1146 2675 185 66 avril
1269 2675 185 66 1776.
1392 2675 103 66 2
1413 2675 82 66 p.

43 2727 690 88 in-4.
503 2727 843 88 Cachet.
1116 2727 383 88 2
1193 2727 306 88 50
