1272 2101
619 4 44 46 —
637 4 44 46 2
646 4 26 46 —

167 51 87 80 à
201 51 261 80 Strasbourg.
410 51 87 80 —
445 51 104 80 L.
497 51 104 80 a.
549 51 104 80 s.
601 51 87 80 à
636 51 122 80 Mme
706 51 104 80 de
758 51 296 80 Saint-Pierre;
1001 51 87 80 4
1036 51 139 80 mars
1105 51 122 80 1814,

192 109 54 54 1
214 109 65 54 p.
246 109 97 54 in-4.
311 109 54 54 4
322 109 32 54 »

207 143 163 56 Relative
330 143 95 56 aux
384 143 163 56 sublimes
507 143 204 56 productions
671 143 82 56 de
711 143 177 56 Bernardin
848 143 82 56 de
888 143 218 56 Saint-Pierre
1066 143 109 56 (qui
1120 143 109 56 venait

177 182 81 50 de
205 182 135 50 mourir).

176 223 112 66 26682.
254 223 146 66 ANTONELLI
367 223 79 66 (le
412 223 135 66 cardinal
513 223 146 66 Giacomo),
625 223 124 66 premier
715 223 135 66 ministre
805 223 45 66 du

168 275 146 56 pape
259 275 127 56 Pie
332 275 127 56 IX.
404 275 91 56 —
441 275 109 56 L.
495 275 109 56 s.
550 275 109 56 au
604 275 218 56 ministre
768 275 109 56 du
823 275 182 56 Brésil
950 275 146 56 près
1041 275 109 56 le
1077 275 146 56 Saint-

172 312 106 59 Siége,
247 312 53 59 à
268 312 117 59 Naples;
353 312 128 59 Portici,
449 312 64 59 22
481 312 96 59 sept.
545 312 96 59 1849,
609 312 53 59 2
630 312 64 59 p.
662 312 75 59 3/4
705 312 117 59 in-fol.
790 312 64 59 12
811 312 32 59 »

204 357 125 48 Pièce
287 357 194 48 historique
440 357 83 48 où
481 357 83 48 il
523 357 111 48 fait
592 357 139 48 savoir
689 357 166 48 qu’après
814 357 97 48 les
870 357 194 48 douloureux
1022 357 194 48 événements
1161 357 69 48 qui

170 395 104 48 ont
230 395 194 48 nécessité
379 395 89 48 le
423 395 164 48 secours
542 395 104 48 des
602 395 134 48 armes
691 395 238 48 catholiques,
885 395 89 48 le
929 395 208 48 Saint-Père
1078 395 149 48 s’occupe

168 430 219 40 sérieusement
346 430 82 40 de
387 430 137 40 donner
483 430 68 40 à
510 430 96 40 ses
565 430 137 40 sujets
660 430 96 40 les
715 430 219 40 institutions
893 430 123 40 qu’il
975 430 109 40 juge
1043 430 82 40 le
1084 430 109 40 plus
1139 430 82 40 con-

176 456 157 42 venables
294 456 66 42 à
320 456 105 42 leur
386 456 105 42 vrai
438 456 92 42 bien.

173 493 173 50 26683.
294 493 225 50 AUBETERRE
467 493 139 50 (Fr.
554 493 242 50 d’Esparbès
744 493 104 50 de
796 493 190 50 Lussan,
935 493 190 50 marquis
1073 493 139 50 d’),
1142 493 87 50 ma-

164 547 173 48 réchal
285 547 104 48 de
337 547 190 48 France.
475 547 87 48 —
510 547 104 48 P.
562 547 121 48 s.,
631 547 121 48 sur
700 547 173 48 vélin;
821 547 87 48 6
856 547 138 48 oct.
942 547 156 48 1621,
1046 547 87 48 1
1081 547 104 48 p.
1115 547 104 48 in

171 579 125 51 oblong.
262 579 57 51 3
273 579 34 51 »

169 624 148 59 26684.
273 624 134 59 AUGER
362 624 178 59 (L.-S.),
496 624 237 59 littérateur,
689 624 208 59 secrétaire
852 624 193 59 perpétuel
1000 624 89 59 de
1045 624 163 59 l’Acad.
1149 624 74 59 fr.

210 670 78 52 —
242 670 93 52 L.
288 670 93 52 a.
335 670 93 52 s.
381 670 78 52 à
412 670 109 52 Mme
474 670 171 52 Foster;
598 670 171 52 (1816),
723 670 109 52 3/4
785 670 93 52 de
831 670 93 52 p.
878 670 140 52 in-8.
971 670 78 52 3
986 670 47 52 »

198 712 146 62 Relative
308 712 61 62 à
332 712 73 62 la
369 712 195 62 présentation
527 712 73 62 de
564 712 195 62 Ducis
722 712 61 62 à
746 712 110 62 Louis
807 712 98 62 XVIII.

164 743 154 72 26685.
271 743 154 72 AUGER.
379 743 154 72 Les
487 743 200 72 agréments
640 743 92 72 de
687 743 92 72 la
733 743 231 72 goutte
917 743 169 72 chanson
1025 743 200 72 autographe,

170 800 60 57 1
194 800 72 57 p.
230 800 84 57 1/2
278 800 108 57 in-8.
350 800 60 57 2
362 800 48 57 50

162 848 164 58 26686.
276 848 180 58 AZEGLIO
407 848 197 58 (Massimo
555 848 131 58 d’),
637 848 180 58 célèbre
768 848 147 58 homme
866 848 164 58 d’Etat
981 848 197 58 italien.
1112 848 49 58 —

160 893 253 48 Proclamation
366 893 79 48 à
398 893 174 48 l’armée
524 893 222 48 italienne,
698 893 158 48 signée
809 893 111 48 par
873 893 95 48 le
920 893 174 48 général
1031 893 190 48 Du

168 939 252 55 rando
376 939 163 55 rédigée
494 939 89 55 et
539 939 148 55 écrite
643 939 104 55 par
702 939 208 55 Massimo
865 939 267 55 d’Azeglio;
1073 939 148 55 Bologne,

161 971 88 62 28
205 971 117 62 mars
278 971 131 62 1848,
366 971 73 62 2
395 971 88 62 p.
439 971 102 62 1/2
497 971 161 62 in-fol.
614 971 88 62 30
643 971 44 62 »

196 1021 189 47 Important
342 1021 175 47 document
473 1021 204 47 historique
633 1021 117 47 dont
706 1021 131 47 voici
794 1021 87 47 un
837 1021 189 47 fragment:
983 1021 189 47 «Soldats!
1114 1021 102 47 mili-

161 1052 144 40 ciens!
262 1052 144 40 Honoré
363 1052 87 40 de
406 1052 87 40 la
449 1052 188 40 confiance
593 1052 87 40 du
637 1052 303 40 Souverain-Pontife
897 1052 101 40 qui
954 1052 101 40 m’a
1012 1052 130 40 remis
1099 1052 87 40 le
1127 1052 87 40 com-

167 1088 186 33 mandement
310 1088 86 33 de
353 1088 100 33 ses
410 1088 158 33 armées,
525 1088 86 33 je
568 1088 115 33 suis
640 1088 115 33 fier
712 1088 86 33 de
755 1088 158 33 pouvoir
869 1088 86 33 me
912 1088 115 33 dire
984 1088 129 33 votre
1070 1088 172 33 général.
1185 1088 43 33 —

166 1118 135 39 L’état
261 1118 149 39 présent
370 1118 81 39 de
410 1118 163 39 l’Europe
532 1118 81 39 et
573 1118 81 39 de
613 1118 163 39 l’Italie
735 1118 95 39 est
790 1118 135 39 grave,
884 1118 176 39 solennel.
1020 1118 108 39 Dans
1088 1118 81 39 un
1115 1118 108 39 avenir

165 1148 240 45 très-prochain
362 1148 113 45 nous
433 1148 141 45 serons
531 1148 183 45 peut-être
672 1148 155 45 appelés
785 1148 70 45 à
813 1148 155 45 remplir
926 1148 85 45 de
968 1148 141 45 grands
1067 1148 169 45 devoirs,
1180 1148 42 45 à

165 1184 115 35 faire
242 1184 77 35 de
281 1184 128 35 grands
370 1184 192 35 sacrifices,
524 1184 64 35 à
550 1184 77 35 la
588 1184 103 35 voix
652 1184 77 35 de
691 1184 77 35 la
729 1184 128 35 patrie
819 1184 77 35 et
857 1184 77 35 de
896 1184 103 35 Pie,
960 1184 90 35 son
1011 1184 115 35 saint
1075 1184 141 35 régénéra-

161 1214 151 38 teur...
271 1214 165 38 Soldats!
394 1214 82 38 le
436 1214 123 38 monde
518 1214 137 38 entier
614 1214 110 38 fixe
682 1214 96 38 ses
737 1214 151 38 regards
847 1214 96 38 sur
902 1214 123 38 vous,
984 1214 82 38 et
1025 1214 110 38 dit:
1094 1214 137 38 voyons
1176 1214 41 38 à

163 1246 152 37 l’œuvre
274 1246 97 37 les
329 1246 152 37 troupes
440 1246 208 37 italiennes.
606 1246 97 37 Les
662 1246 125 37 mânes
745 1246 166 37 glorieux
870 1246 83 37 de
911 1246 111 37 ceux
980 1246 97 37 qui
1022 1246 194 37 combattirent

164 1279 66 38 à
190 1279 145 38 Legnano
295 1279 105 38 vous
361 1279 158 38 sourient
479 1279 79 38 du
519 1279 105 38 haut
584 1279 79 38 du
624 1279 118 38 ciel.
703 1279 158 38 L’Italie
821 1279 79 38 se
860 1279 131 38 confie
952 1279 66 38 à
978 1279 118 38 votre
1044 1279 171 38 bravoure...

166 1308 167 45 J’espère
292 1308 98 45 que
347 1308 139 45 chacun
445 1308 84 45 de
487 1308 112 45 vous
557 1308 112 45 fera
626 1308 98 45 son
682 1308 139 45 devoir
780 1308 84 45 de
822 1308 167 45 citoyen,
947 1308 84 45 de
989 1308 139 45 soldat
1073 1308 139 45 italien.

166 1341 111 34 Vive
236 1341 98 34 Pie
291 1341 98 34 IX!
347 1341 111 34 Vive
417 1341 251 34 l’Indépendance
612 1341 181 34 italienne!»

160 1371 166 69 26687.
277 1371 182 69 BALTARD
409 1371 216 69 (Victor),
575 1371 265 69 l’architecte
791 1371 116 69 des
857 1371 166 69 Halles
973 1371 100 69 et
1023 1371 100 69 de
1056 1371 166 69 l’église

156 1420 304 56 Saint-Augustin.
412 1420 80 56 —
444 1420 96 56 L.
492 1420 96 56 a.
539 1420 112 56 s.,
603 1420 80 56 1
635 1420 96 56 p.
683 1420 144 56 in-8.
779 1420 80 56 2
795 1420 48 56 »

162 1451 179 73 26688.
287 1451 161 73 BAYEN
395 1451 232 73 (Pierre),
573 1451 161 73 grand
681 1451 232 73 chimiste,
859 1451 161 73 émule
967 1451 107 73 de
1002 1451 215 73 Lavoisier,

159 1517 184 48 membre
288 1517 111 48 de
343 1517 277 48 l’Institut.
564 1517 92 48 —
601 1517 111 48 L.
657 1517 111 48 a.
712 1517 111 48 s.
767 1517 92 48 à
804 1517 111 48 M.
860 1517 240 48 Charlard;
1044 1517 111 48 14
1081 1517 129 48 nov.,

164 1553 60 51 1
188 1553 72 51 p.
224 1553 107 51 in-4.
295 1553 60 51 5
307 1553 36 51 »

164 1586 162 76 26689.
277 1586 260 76 BEAUMARCHAIS
488 1586 162 76 (P.-A.
602 1586 146 76 CARON
699 1586 130 76 de),
780 1586 195 76 l’auteur
926 1586 97 76 du
959 1586 260 76 Mariage

163 1643 130 57 de
249 1643 217 57 Figaro
423 1643 72 57 —
452 1643 87 57 P.
496 1643 101 57 s.,
554 1643 116 57 avec
626 1643 72 57 2
655 1643 145 57 lignes
757 1643 130 57 aut.;
844 1643 87 57 22
887 1643 116 57 fév.
960 1643 130 57 1778,
1047 1643 72 57 4
1061 1643 58 57 p.

174 1680 81 53 in-4.
228 1680 54 53 12
246 1680 27 53 »

197 1712 158 61 Curieux
312 1712 173 61 document
441 1712 101 61 qui
499 1712 173 61 contient
629 1712 101 61 les
686 1712 144 61 copies
787 1712 130 61 d’une
873 1712 245 61 très-piquante
1075 1712 144 61 lettre
1161 1712 58 61 de

170 1763 226 40 Beaumarchais
354 1763 85 40 au
396 1763 127 40 comte
481 1763 85 40 de
524 1763 184 40 Vergennes
665 1763 99 40 sur
722 1763 85 40 la
764 1763 156 40 fameuse
877 1763 198 40 chevalière
1033 1763 142 40 d’Eon,
1132 1763 85 40 de
1160 1763 57 40 la

166 1798 154 47 réponse
278 1798 84 47 du
320 1798 140 47 comte,
418 1798 84 47 et
459 1798 84 47 de
501 1798 154 47 l’envoi
613 1798 98 47 par
669 1798 224 47 Beaumarchais
851 1798 98 47 des
907 1798 112 47 deux
976 1798 154 47 lettres
1088 1798 70 47 à
1102 1798 112 47 ladite

171 1823 191 50 chevalière
308 1823 109 50 d’Eon.

166 1851 134 65 26690.
259 1851 120 65 BEYLE
339 1851 160 65 (Henri),
460 1851 94 65 dit
513 1851 267 65 Stendhal
740 1851 160 65 l’auteur
860 1851 80 65 de
900 1851 120 65 la
981 1851 187 65 Chartreuse
1114 1851 107 65 de

169 1906 267 51 Parme
389 1906 78 51 —
420 1906 94 51 L.
468 1906 141 51 aut.,
562 1906 126 51 sig.
640 1906 314 51 Caumartin
907 1906 110 51 (un
970 1906 94 51 de
1017 1906 110 51 ses
1064 1906 157 51 nombreux

163 1953 313 53 pseudonymés),
420 1953 92 53 à
457 1953 110 53 M.
512 1953 110 53 de
567 1953 313 53 Sainte-Barbe;
825 1953 110 53 (9
880 1953 166 53 avril
990 1953 184 53 1844),
1119 1953 92 53 1
1137 1953 74 53 p.

179 1996 83 62 in-8.
234 1996 46 62 5
243 1996 28 62 »
