<?xml version='1.0' encoding='UTF8'?>
<alto xmlns:xsi="http://www.w3.org/2001/XMLSchema-instance" xmlns="http://www.loc.gov/standards/alto/ns-v2#" xmlns:page="http://schema.primaresearch.org/PAGE/gts/pagecontent/2013-07-15" xsi:schemaLocation="http://www.loc.gov/standards/alto/ns-v2# http://www.loc.gov/standards/alto/alto.xsd">
  <Description>
    <MeasurementUnit>mm10</MeasurementUnit>
    <sourceImageInformation>
         <fileName>1875_02_LAC_N182_0006.jpg</fileName>
      </sourceImageInformation>
    <OCRProcessing ID="IdOcr">
      <ocrProcessingStep>
        <processingDateTime>2020-11-06T13:47:48.616+01:00</processingDateTime>
        <processingSoftware>
               <softwareCreator>CONTRIBUTORS</softwareCreator>
               <softwareName>pdfalto</softwareName>
               <softwareVersion>0.1</softwareVersion>
            </processingSoftware>
      </ocrProcessingStep>
    </OCRProcessing>
  </Description>
  <Styles>
   <TextStyle ID="FONT0" FONTFAMILY="unknown" FONTSIZE="unknown" FONTSTYLE=""/>
   <TextStyle ID="FONT1" FONTFAMILY="unknown" FONTSIZE="unknown" FONTSTYLE="bold"/>
   <TextStyle ID="FONT2" FONTFAMILY="unknown" FONTSIZE="unknown" FONTSTYLE="italics"/>
  </Styles>
  <Tags/>
  <Layout>
    <Page ID="Page1" PHYSICAL_IMG_NR="1" HEIGHT="2107" WIDTH="1298">
      <PrintSpace HEIGHT="2107" WIDTH="1298" VPOS="0" HPOS="0">
        <TextBlock ID="r2" HEIGHT="2039" WIDTH="1073" VPOS="39" HPOS="186">
          <TextLine ID="r2l1" BASELINE="81" HEIGHT="77" WIDTH="140" VPOS="4" HPOS="572">
            <String HEIGHT="77" WIDTH="140" VPOS="4" HPOS="544" CONTENT="—" ID="r2l1_1" STYLEREFS="FONT0"/>
            <SP HEIGHT="77" WIDTH="28" VPOS="4" HPOS="684"/>
            <String HEIGHT="77" WIDTH="140" VPOS="4" HPOS="600" CONTENT="6" ID="r2l1_2" STYLEREFS="FONT0"/>
            <SP HEIGHT="77" WIDTH="28" VPOS="4" HPOS="740"/>
            <String HEIGHT="77" WIDTH="84" VPOS="4" HPOS="628" CONTENT="—" ID="r2l1_3" STYLEREFS="FONT0"/>
          </TextLine>
          <TextLine ID="r2l2" BASELINE="143" HEIGHT="66" WIDTH="1047" VPOS="77" HPOS="189">
            <String HEIGHT="66" WIDTH="159" VPOS="77" HPOS="173" CONTENT="26728." ID="r2l2_1" STYLEREFS="FONT0"/>
            <SP HEIGHT="66" WIDTH="16" VPOS="77" HPOS="332"/>
            <String HEIGHT="66" WIDTH="206" VPOS="77" HPOS="284" CONTENT="LAMENNAIS" ID="r2l2_2" STYLEREFS="FONT0"/>
            <SP HEIGHT="66" WIDTH="16" VPOS="77" HPOS="490"/>
            <String HEIGHT="66" WIDTH="111" VPOS="77" HPOS="443" CONTENT="(F." ID="r2l2_3" STYLEREFS="FONT0"/>
            <SP HEIGHT="66" WIDTH="16" VPOS="77" HPOS="554"/>
            <String HEIGHT="66" WIDTH="127" VPOS="77" HPOS="506" CONTENT="de)," ID="r2l2_4" STYLEREFS="FONT0"/>
            <SP HEIGHT="66" WIDTH="16" VPOS="77" HPOS="633"/>
            <String HEIGHT="66" WIDTH="95" VPOS="77" HPOS="586" CONTENT="le" ID="r2l2_5" STYLEREFS="FONT0"/>
            <SP HEIGHT="66" WIDTH="16" VPOS="77" HPOS="681"/>
            <String HEIGHT="66" WIDTH="175" VPOS="77" HPOS="633" CONTENT="célèbre" ID="r2l2_6" STYLEREFS="FONT0"/>
            <SP HEIGHT="66" WIDTH="16" VPOS="77" HPOS="808"/>
            <String HEIGHT="66" WIDTH="206" VPOS="77" HPOS="760" CONTENT="écrivain." ID="r2l2_7" STYLEREFS="FONT0"/>
            <SP HEIGHT="66" WIDTH="16" VPOS="77" HPOS="966"/>
            <String HEIGHT="66" WIDTH="79" VPOS="77" HPOS="919" CONTENT="—" ID="r2l2_8" STYLEREFS="FONT0"/>
            <SP HEIGHT="66" WIDTH="16" VPOS="77" HPOS="998"/>
            <String HEIGHT="66" WIDTH="95" VPOS="77" HPOS="950" CONTENT="L." ID="r2l2_9" STYLEREFS="FONT0"/>
            <SP HEIGHT="66" WIDTH="16" VPOS="77" HPOS="1046"/>
            <String HEIGHT="66" WIDTH="95" VPOS="77" HPOS="998" CONTENT="a." ID="r2l2_10" STYLEREFS="FONT0"/>
            <SP HEIGHT="66" WIDTH="16" VPOS="77" HPOS="1093"/>
            <String HEIGHT="66" WIDTH="95" VPOS="77" HPOS="1046" CONTENT="s." ID="r2l2_11" STYLEREFS="FONT0"/>
            <SP HEIGHT="66" WIDTH="16" VPOS="77" HPOS="1141"/>
            <String HEIGHT="66" WIDTH="79" VPOS="77" HPOS="1093" CONTENT="à" ID="r2l2_12" STYLEREFS="FONT0"/>
            <SP HEIGHT="66" WIDTH="16" VPOS="77" HPOS="1173"/>
            <String HEIGHT="66" WIDTH="127" VPOS="77" HPOS="1109" CONTENT="l’abbé" ID="r2l2_13" STYLEREFS="FONT0"/>
          </TextLine>
          <TextLine ID="r2l4" BASELINE="196" HEIGHT="66" WIDTH="874" VPOS="130" HPOS="179">
            <String HEIGHT="66" WIDTH="210" VPOS="130" HPOS="163" CONTENT="Allemand;" ID="r2l4_1" STYLEREFS="FONT0"/>
            <SP HEIGHT="66" WIDTH="16" VPOS="130" HPOS="373"/>
            <String HEIGHT="66" WIDTH="97" VPOS="130" HPOS="325" CONTENT="La" ID="r2l4_2" STYLEREFS="FONT0"/>
            <SP HEIGHT="66" WIDTH="16" VPOS="130" HPOS="422"/>
            <String HEIGHT="66" WIDTH="194" VPOS="130" HPOS="373" CONTENT="Chenaie," ID="r2l4_3" STYLEREFS="FONT0"/>
            <SP HEIGHT="66" WIDTH="16" VPOS="130" HPOS="567"/>
            <String HEIGHT="66" WIDTH="81" VPOS="130" HPOS="519" CONTENT="6" ID="r2l4_4" STYLEREFS="FONT0"/>
            <SP HEIGHT="66" WIDTH="16" VPOS="130" HPOS="600"/>
            <String HEIGHT="66" WIDTH="129" VPOS="130" HPOS="551" CONTENT="déc." ID="r2l4_5" STYLEREFS="FONT0"/>
            <SP HEIGHT="66" WIDTH="16" VPOS="130" HPOS="681"/>
            <String HEIGHT="66" WIDTH="146" VPOS="130" HPOS="632" CONTENT="1825," ID="r2l4_6" STYLEREFS="FONT0"/>
            <SP HEIGHT="66" WIDTH="16" VPOS="130" HPOS="778"/>
            <String HEIGHT="66" WIDTH="81" VPOS="130" HPOS="729" CONTENT="1" ID="r2l4_7" STYLEREFS="FONT0"/>
            <SP HEIGHT="66" WIDTH="16" VPOS="130" HPOS="810"/>
            <String HEIGHT="66" WIDTH="97" VPOS="130" HPOS="762" CONTENT="p." ID="r2l4_8" STYLEREFS="FONT0"/>
            <SP HEIGHT="66" WIDTH="16" VPOS="130" HPOS="859"/>
            <String HEIGHT="66" WIDTH="113" VPOS="130" HPOS="810" CONTENT="1/2" ID="r2l4_9" STYLEREFS="FONT0"/>
            <SP HEIGHT="66" WIDTH="16" VPOS="130" HPOS="924"/>
            <String HEIGHT="66" WIDTH="146" VPOS="130" HPOS="875" CONTENT="in-8." ID="r2l4_10" STYLEREFS="FONT0"/>
            <SP HEIGHT="66" WIDTH="16" VPOS="130" HPOS="1021"/>
            <String HEIGHT="66" WIDTH="97" VPOS="130" HPOS="972" CONTENT="15" ID="r2l4_11" STYLEREFS="FONT0"/>
            <SP HEIGHT="66" WIDTH="16" VPOS="130" HPOS="1069"/>
            <String HEIGHT="66" WIDTH="49" VPOS="130" HPOS="1004" CONTENT="»" ID="r2l4_12" STYLEREFS="FONT0"/>
          </TextLine>
          <TextLine ID="r2l5" BASELINE="222" HEIGHT="44" WIDTH="1015" VPOS="178" HPOS="224">
            <String HEIGHT="44" WIDTH="233" VPOS="178" HPOS="210" CONTENT="Très-curieuse" ID="r2l5_1" STYLEREFS="FONT0"/>
            <SP HEIGHT="44" WIDTH="14" VPOS="178" HPOS="443"/>
            <String HEIGHT="44" WIDTH="137" VPOS="178" HPOS="402" CONTENT="lettre" ID="r2l5_2" STYLEREFS="FONT0"/>
            <SP HEIGHT="44" WIDTH="14" VPOS="178" HPOS="539"/>
            <String HEIGHT="44" WIDTH="192" VPOS="178" HPOS="498" CONTENT="antérieure" ID="r2l5_3" STYLEREFS="FONT0"/>
            <SP HEIGHT="44" WIDTH="14" VPOS="178" HPOS="690"/>
            <String HEIGHT="44" WIDTH="69" VPOS="178" HPOS="649" CONTENT="à" ID="r2l5_4" STYLEREFS="FONT0"/>
            <SP HEIGHT="44" WIDTH="14" VPOS="178" HPOS="718"/>
            <String HEIGHT="44" WIDTH="82" VPOS="178" HPOS="677" CONTENT="sa" ID="r2l5_5" STYLEREFS="FONT0"/>
            <SP HEIGHT="44" WIDTH="14" VPOS="178" HPOS="759"/>
            <String HEIGHT="44" WIDTH="151" VPOS="178" HPOS="718" CONTENT="rupture" ID="r2l5_6" STYLEREFS="FONT0"/>
            <SP HEIGHT="44" WIDTH="14" VPOS="178" HPOS="869"/>
            <String HEIGHT="44" WIDTH="110" VPOS="178" HPOS="828" CONTENT="avec" ID="r2l5_7" STYLEREFS="FONT0"/>
            <SP HEIGHT="44" WIDTH="14" VPOS="178" HPOS="937"/>
            <String HEIGHT="44" WIDTH="178" VPOS="178" HPOS="896" CONTENT="l’Eglise." ID="r2l5_8" STYLEREFS="FONT0"/>
            <SP HEIGHT="44" WIDTH="14" VPOS="178" HPOS="1074"/>
            <String HEIGHT="44" WIDTH="82" VPOS="178" HPOS="1033" CONTENT="Le" ID="r2l5_9" STYLEREFS="FONT0"/>
            <SP HEIGHT="44" WIDTH="14" VPOS="178" HPOS="1116"/>
            <String HEIGHT="44" WIDTH="137" VPOS="178" HPOS="1074" CONTENT="moment" ID="r2l5_10" STYLEREFS="FONT0"/>
            <SP HEIGHT="44" WIDTH="14" VPOS="178" HPOS="1212"/>
            <String HEIGHT="44" WIDTH="82" VPOS="178" HPOS="1157" CONTENT="pré" SUBS_TYPE="HypPart1" SUBS_CONTENT="présent" ID="r2l5_11" STYLEREFS="FONT0"/>
            <HYP CONTENT="-"/>
          </TextLine>
          <TextLine ID="r2l6" BASELINE="259" HEIGHT="50" WIDTH="1046" VPOS="209" HPOS="187">
            <String HEIGHT="50" WIDTH="113" VPOS="209" HPOS="173" CONTENT="sent" SUBS_TYPE="HypPart2" SUBS_CONTENT="présent" ID="r2l6_1" STYLEREFS="FONT0"/>
            <SP HEIGHT="50" WIDTH="14" VPOS="209" HPOS="286"/>
            <String HEIGHT="50" WIDTH="99" VPOS="209" HPOS="244" CONTENT="est" ID="r2l6_2" STYLEREFS="FONT0"/>
            <SP HEIGHT="50" WIDTH="14" VPOS="209" HPOS="342"/>
            <String HEIGHT="50" WIDTH="85" VPOS="209" HPOS="300" CONTENT="un" ID="r2l6_3" STYLEREFS="FONT0"/>
            <SP HEIGHT="50" WIDTH="14" VPOS="209" HPOS="385"/>
            <String HEIGHT="50" WIDTH="141" VPOS="209" HPOS="342" CONTENT="moment" ID="r2l6_4" STYLEREFS="FONT0"/>
            <SP HEIGHT="50" WIDTH="14" VPOS="209" HPOS="484"/>
            <String HEIGHT="50" WIDTH="85" VPOS="209" HPOS="441" CONTENT="de" ID="r2l6_5" STYLEREFS="FONT0"/>
            <SP HEIGHT="50" WIDTH="14" VPOS="209" HPOS="526"/>
            <String HEIGHT="50" WIDTH="141" VPOS="209" HPOS="484" CONTENT="crise," ID="r2l6_6" STYLEREFS="FONT0"/>
            <SP HEIGHT="50" WIDTH="14" VPOS="209" HPOS="625"/>
            <String HEIGHT="50" WIDTH="99" VPOS="209" HPOS="583" CONTENT="les" ID="r2l6_7" STYLEREFS="FONT0"/>
            <SP HEIGHT="50" WIDTH="14" VPOS="209" HPOS="682"/>
            <String HEIGHT="50" WIDTH="155" VPOS="209" HPOS="639" CONTENT="efforts" ID="r2l6_8" STYLEREFS="FONT0"/>
            <SP HEIGHT="50" WIDTH="14" VPOS="209" HPOS="795"/>
            <String HEIGHT="50" WIDTH="85" VPOS="209" HPOS="752" CONTENT="de" ID="r2l6_9" STYLEREFS="FONT0"/>
            <SP HEIGHT="50" WIDTH="14" VPOS="209" HPOS="837"/>
            <String HEIGHT="50" WIDTH="155" VPOS="209" HPOS="795" CONTENT="l’enfer" ID="r2l6_10" STYLEREFS="FONT0"/>
            <SP HEIGHT="50" WIDTH="14" VPOS="209" HPOS="950"/>
            <String HEIGHT="50" WIDTH="85" VPOS="209" HPOS="908" CONTENT="et" ID="r2l6_11" STYLEREFS="FONT0"/>
            <SP HEIGHT="50" WIDTH="14" VPOS="209" HPOS="993"/>
            <String HEIGHT="50" WIDTH="85" VPOS="209" HPOS="950" CONTENT="sa" ID="r2l6_12" STYLEREFS="FONT0"/>
            <SP HEIGHT="50" WIDTH="14" VPOS="209" HPOS="1035"/>
            <String HEIGHT="50" WIDTH="113" VPOS="209" HPOS="993" CONTENT="rage" ID="r2l6_13" STYLEREFS="FONT0"/>
            <SP HEIGHT="50" WIDTH="14" VPOS="209" HPOS="1106"/>
            <String HEIGHT="50" WIDTH="113" VPOS="209" HPOS="1063" CONTENT="sont" ID="r2l6_14" STYLEREFS="FONT0"/>
            <SP HEIGHT="50" WIDTH="14" VPOS="209" HPOS="1176"/>
            <String HEIGHT="50" WIDTH="71" VPOS="209" HPOS="1134" CONTENT="à" ID="r2l6_15" STYLEREFS="FONT0"/>
            <SP HEIGHT="50" WIDTH="14" VPOS="209" HPOS="1205"/>
            <String HEIGHT="50" WIDTH="85" VPOS="209" HPOS="1148" CONTENT="leur" ID="r2l6_16" STYLEREFS="FONT0"/>
          </TextLine>
          <TextLine ID="r2l7" BASELINE="287" HEIGHT="37" WIDTH="1040" VPOS="250" HPOS="191">
            <String HEIGHT="37" WIDTH="153" VPOS="250" HPOS="177" CONTENT="comble." ID="r2l7_1" STYLEREFS="FONT0"/>
            <SP HEIGHT="37" WIDTH="14" VPOS="250" HPOS="330"/>
            <String HEIGHT="37" WIDTH="111" VPOS="250" HPOS="288" CONTENT="Tous" ID="r2l7_2" STYLEREFS="FONT0"/>
            <SP HEIGHT="37" WIDTH="14" VPOS="250" HPOS="399"/>
            <String HEIGHT="37" WIDTH="97" VPOS="250" HPOS="357" CONTENT="les" ID="r2l7_3" STYLEREFS="FONT0"/>
            <SP HEIGHT="37" WIDTH="14" VPOS="250" HPOS="454"/>
            <String HEIGHT="37" WIDTH="180" VPOS="250" HPOS="413" CONTENT="sectaires" ID="r2l7_4" STYLEREFS="FONT0"/>
            <SP HEIGHT="37" WIDTH="14" VPOS="250" HPOS="593"/>
            <String HEIGHT="37" WIDTH="111" VPOS="250" HPOS="552" CONTENT="sont" ID="r2l7_5" STYLEREFS="FONT0"/>
            <SP HEIGHT="37" WIDTH="14" VPOS="250" HPOS="662"/>
            <String HEIGHT="37" WIDTH="139" VPOS="250" HPOS="621" CONTENT="ligués" ID="r2l7_6" STYLEREFS="FONT0"/>
            <SP HEIGHT="37" WIDTH="14" VPOS="250" HPOS="760"/>
            <String HEIGHT="37" WIDTH="139" VPOS="250" HPOS="718" CONTENT="contre" ID="r2l7_7" STYLEREFS="FONT0"/>
            <SP HEIGHT="37" WIDTH="14" VPOS="250" HPOS="857"/>
            <String HEIGHT="37" WIDTH="180" VPOS="250" HPOS="815" CONTENT="l’Eglise," ID="r2l7_8" STYLEREFS="FONT0"/>
            <SP HEIGHT="37" WIDTH="14" VPOS="250" HPOS="995"/>
            <String HEIGHT="37" WIDTH="111" VPOS="250" HPOS="954" CONTENT="mais" ID="r2l7_9" STYLEREFS="FONT0"/>
            <SP HEIGHT="37" WIDTH="14" VPOS="250" HPOS="1065"/>
            <String HEIGHT="37" WIDTH="83" VPOS="250" HPOS="1023" CONTENT="le" ID="r2l7_10" STYLEREFS="FONT0"/>
            <SP HEIGHT="37" WIDTH="14" VPOS="250" HPOS="1106"/>
            <String HEIGHT="37" WIDTH="166" VPOS="250" HPOS="1065" CONTENT="Seigneur" ID="r2l7_11" STYLEREFS="FONT0"/>
            <SP HEIGHT="37" WIDTH="14" VPOS="250" HPOS="1231"/>
            <String HEIGHT="37" WIDTH="55" VPOS="250" HPOS="1176" CONTENT="se" ID="r2l7_12" STYLEREFS="FONT0"/>
          </TextLine>
          <TextLine ID="r2l8" BASELINE="314" HEIGHT="39" WIDTH="1039" VPOS="275" HPOS="195">
            <String HEIGHT="39" WIDTH="111" VPOS="275" HPOS="181" CONTENT="rira" ID="r2l8_1" STYLEREFS="FONT0"/>
            <SP HEIGHT="39" WIDTH="14" VPOS="275" HPOS="292"/>
            <String HEIGHT="39" WIDTH="139" VPOS="275" HPOS="250" CONTENT="d’eux." ID="r2l8_2" STYLEREFS="FONT0"/>
            <SP HEIGHT="39" WIDTH="14" VPOS="275" HPOS="389"/>
            <String HEIGHT="39" WIDTH="166" VPOS="275" HPOS="347" CONTENT="«Prions," ID="r2l8_3" STYLEREFS="FONT0"/>
            <SP HEIGHT="39" WIDTH="14" VPOS="275" HPOS="514"/>
            <String HEIGHT="39" WIDTH="194" VPOS="275" HPOS="472" CONTENT="combattons" ID="r2l8_4" STYLEREFS="FONT0"/>
            <SP HEIGHT="39" WIDTH="14" VPOS="275" HPOS="666"/>
            <String HEIGHT="39" WIDTH="83" VPOS="275" HPOS="624" CONTENT="et" ID="r2l8_5" STYLEREFS="FONT0"/>
            <SP HEIGHT="39" WIDTH="14" VPOS="275" HPOS="708"/>
            <String HEIGHT="39" WIDTH="249" VPOS="275" HPOS="666" CONTENT="attachons-nous" ID="r2l8_6" STYLEREFS="FONT0"/>
            <SP HEIGHT="39" WIDTH="14" VPOS="275" HPOS="915"/>
            <String HEIGHT="39" WIDTH="111" VPOS="275" HPOS="874" CONTENT="plus" ID="r2l8_7" STYLEREFS="FONT0"/>
            <SP HEIGHT="39" WIDTH="14" VPOS="275" HPOS="985"/>
            <String HEIGHT="39" WIDTH="180" VPOS="275" HPOS="943" CONTENT="fortement" ID="r2l8_8" STYLEREFS="FONT0"/>
            <SP HEIGHT="39" WIDTH="14" VPOS="275" HPOS="1123"/>
            <String HEIGHT="39" WIDTH="97" VPOS="275" HPOS="1082" CONTENT="que" ID="r2l8_9" STYLEREFS="FONT0"/>
            <SP HEIGHT="39" WIDTH="14" VPOS="275" HPOS="1179"/>
            <String HEIGHT="39" WIDTH="111" VPOS="275" HPOS="1123" CONTENT="jamais" ID="r2l8_10" STYLEREFS="FONT0"/>
          </TextLine>
          <TextLine ID="r2l9" BASELINE="350" HEIGHT="38" WIDTH="1045" VPOS="312" HPOS="193">
            <String HEIGHT="38" WIDTH="68" VPOS="312" HPOS="179" CONTENT="à" ID="r2l9_1" STYLEREFS="FONT0"/>
            <SP HEIGHT="38" WIDTH="14" VPOS="312" HPOS="247"/>
            <String HEIGHT="38" WIDTH="81" VPOS="312" HPOS="207" CONTENT="la" ID="r2l9_2" STYLEREFS="FONT0"/>
            <SP HEIGHT="38" WIDTH="14" VPOS="312" HPOS="288"/>
            <String HEIGHT="38" WIDTH="136" VPOS="312" HPOS="247" CONTENT="barque" ID="r2l9_3" STYLEREFS="FONT0"/>
            <SP HEIGHT="38" WIDTH="14" VPOS="312" HPOS="383"/>
            <String HEIGHT="38" WIDTH="81" VPOS="312" HPOS="342" CONTENT="de" ID="r2l9_4" STYLEREFS="FONT0"/>
            <SP HEIGHT="38" WIDTH="14" VPOS="312" HPOS="424"/>
            <String HEIGHT="38" WIDTH="136" VPOS="312" HPOS="383" CONTENT="Pierre" ID="r2l9_5" STYLEREFS="FONT0"/>
            <SP HEIGHT="38" WIDTH="14" VPOS="312" HPOS="519"/>
            <String HEIGHT="38" WIDTH="95" VPOS="312" HPOS="478" CONTENT="qui" ID="r2l9_6" STYLEREFS="FONT0"/>
            <SP HEIGHT="38" WIDTH="14" VPOS="312" HPOS="573"/>
            <String HEIGHT="38" WIDTH="81" VPOS="312" HPOS="532" CONTENT="ne" ID="r2l9_7" STYLEREFS="FONT0"/>
            <SP HEIGHT="38" WIDTH="14" VPOS="312" HPOS="614"/>
            <String HEIGHT="38" WIDTH="136" VPOS="312" HPOS="573" CONTENT="périra" ID="r2l9_8" STYLEREFS="FONT0"/>
            <SP HEIGHT="38" WIDTH="14" VPOS="312" HPOS="709"/>
            <String HEIGHT="38" WIDTH="149" VPOS="312" HPOS="668" CONTENT="point.»" ID="r2l9_9" STYLEREFS="FONT0"/>
            <SP HEIGHT="38" WIDTH="14" VPOS="312" HPOS="817"/>
            <String HEIGHT="38" WIDTH="81" VPOS="312" HPOS="777" CONTENT="Il" ID="r2l9_10" STYLEREFS="FONT0"/>
            <SP HEIGHT="38" WIDTH="14" VPOS="312" HPOS="858"/>
            <String HEIGHT="38" WIDTH="149" VPOS="312" HPOS="817" CONTENT="termine" ID="r2l9_11" STYLEREFS="FONT0"/>
            <SP HEIGHT="38" WIDTH="14" VPOS="312" HPOS="967"/>
            <String HEIGHT="38" WIDTH="81" VPOS="312" HPOS="926" CONTENT="en" ID="r2l9_12" STYLEREFS="FONT0"/>
            <SP HEIGHT="38" WIDTH="14" VPOS="312" HPOS="1007"/>
            <String HEIGHT="38" WIDTH="136" VPOS="312" HPOS="967" CONTENT="disant" ID="r2l9_13" STYLEREFS="FONT0"/>
            <SP HEIGHT="38" WIDTH="14" VPOS="312" HPOS="1102"/>
            <String HEIGHT="38" WIDTH="95" VPOS="312" HPOS="1062" CONTENT="que" ID="r2l9_14" STYLEREFS="FONT0"/>
            <SP HEIGHT="38" WIDTH="14" VPOS="312" HPOS="1157"/>
            <String HEIGHT="38" WIDTH="81" VPOS="312" HPOS="1116" CONTENT="ce" ID="r2l9_15" STYLEREFS="FONT0"/>
            <SP HEIGHT="38" WIDTH="14" VPOS="312" HPOS="1197"/>
            <String HEIGHT="38" WIDTH="95" VPOS="312" HPOS="1143" CONTENT="n’est" ID="r2l9_16" STYLEREFS="FONT0"/>
          </TextLine>
          <TextLine ID="r2l10" BASELINE="396" HEIGHT="48" WIDTH="1042" VPOS="348" HPOS="189">
            <String HEIGHT="48" WIDTH="99" VPOS="348" HPOS="175" CONTENT="pas" ID="r2l10_1" STYLEREFS="FONT0"/>
            <SP HEIGHT="48" WIDTH="14" VPOS="348" HPOS="273"/>
            <String HEIGHT="48" WIDTH="99" VPOS="348" HPOS="231" CONTENT="une" ID="r2l10_2" STYLEREFS="FONT0"/>
            <SP HEIGHT="48" WIDTH="14" VPOS="348" HPOS="330"/>
            <String HEIGHT="48" WIDTH="127" VPOS="348" HPOS="288" CONTENT="chose" ID="r2l10_3" STYLEREFS="FONT0"/>
            <SP HEIGHT="48" WIDTH="14" VPOS="348" HPOS="414"/>
            <String HEIGHT="48" WIDTH="99" VPOS="348" HPOS="372" CONTENT="peu" ID="r2l10_4" STYLEREFS="FONT0"/>
            <SP HEIGHT="48" WIDTH="14" VPOS="348" HPOS="471"/>
            <String HEIGHT="48" WIDTH="211" VPOS="348" HPOS="428" CONTENT="instructive" ID="r2l10_5" STYLEREFS="FONT0"/>
            <SP HEIGHT="48" WIDTH="14" VPOS="348" HPOS="640"/>
            <String HEIGHT="48" WIDTH="99" VPOS="348" HPOS="597" CONTENT="que" ID="r2l10_6" STYLEREFS="FONT0"/>
            <SP HEIGHT="48" WIDTH="14" VPOS="348" HPOS="696"/>
            <String HEIGHT="48" WIDTH="197" VPOS="348" HPOS="654" CONTENT="l’alliance" ID="r2l10_7" STYLEREFS="FONT0"/>
            <SP HEIGHT="48" WIDTH="14" VPOS="348" HPOS="851"/>
            <String HEIGHT="48" WIDTH="84" VPOS="348" HPOS="809" CONTENT="du" ID="r2l10_8" STYLEREFS="FONT0"/>
            <SP HEIGHT="48" WIDTH="14" VPOS="348" HPOS="893"/>
            <String HEIGHT="48" WIDTH="225" VPOS="348" HPOS="851" CONTENT="gallicanisme" ID="r2l10_9" STYLEREFS="FONT0"/>
            <SP HEIGHT="48" WIDTH="14" VPOS="348" HPOS="1076"/>
            <String HEIGHT="48" WIDTH="84" VPOS="348" HPOS="1034" CONTENT="et" ID="r2l10_10" STYLEREFS="FONT0"/>
            <SP HEIGHT="48" WIDTH="14" VPOS="348" HPOS="1118"/>
            <String HEIGHT="48" WIDTH="84" VPOS="348" HPOS="1076" CONTENT="du" ID="r2l10_11" STYLEREFS="FONT0"/>
            <SP HEIGHT="48" WIDTH="14" VPOS="348" HPOS="1161"/>
            <String HEIGHT="48" WIDTH="127" VPOS="348" HPOS="1104" CONTENT="protes" ID="r2l10_12" STYLEREFS="FONT0"/>
          </TextLine>
          <TextLine ID="r2l11" BASELINE="422" HEIGHT="43" WIDTH="126" VPOS="379" HPOS="195">
            <String HEIGHT="43" WIDTH="154" VPOS="379" HPOS="167" CONTENT="tantisme." ID="r2l11_1" STYLEREFS="FONT0"/>
          </TextLine>
          <TextLine ID="r2l12" BASELINE="483" HEIGHT="89" WIDTH="1047" VPOS="394" HPOS="192">
            <String HEIGHT="89" WIDTH="177" VPOS="394" HPOS="174" CONTENT="26729." ID="r2l12_1" STYLEREFS="FONT0"/>
            <SP HEIGHT="89" WIDTH="18" VPOS="394" HPOS="352"/>
            <String HEIGHT="89" WIDTH="302" VPOS="394" HPOS="298" CONTENT="LEDRU-ROLLIN," ID="r2l12_2" STYLEREFS="FONT0"/>
            <SP HEIGHT="89" WIDTH="18" VPOS="394" HPOS="600"/>
            <String HEIGHT="89" WIDTH="106" VPOS="394" HPOS="547" CONTENT="le" ID="r2l12_3" STYLEREFS="FONT0"/>
            <SP HEIGHT="89" WIDTH="18" VPOS="394" HPOS="653"/>
            <String HEIGHT="89" WIDTH="142" VPOS="394" HPOS="600" CONTENT="chef" ID="r2l12_4" STYLEREFS="FONT0"/>
            <SP HEIGHT="89" WIDTH="18" VPOS="394" HPOS="742"/>
            <String HEIGHT="89" WIDTH="106" VPOS="394" HPOS="689" CONTENT="du" ID="r2l12_5" STYLEREFS="FONT0"/>
            <SP HEIGHT="89" WIDTH="18" VPOS="394" HPOS="795"/>
            <String HEIGHT="89" WIDTH="160" VPOS="394" HPOS="742" CONTENT="parti" ID="r2l12_6" STYLEREFS="FONT0"/>
            <SP HEIGHT="89" WIDTH="18" VPOS="394" HPOS="902"/>
            <String HEIGHT="89" WIDTH="284" VPOS="394" HPOS="849" CONTENT="démocratique" ID="r2l12_7" STYLEREFS="FONT0"/>
            <SP HEIGHT="89" WIDTH="18" VPOS="394" HPOS="1133"/>
            <String HEIGHT="89" WIDTH="106" VPOS="394" HPOS="1079" CONTENT="en" ID="r2l12_8" STYLEREFS="FONT0"/>
            <SP HEIGHT="89" WIDTH="18" VPOS="394" HPOS="1186"/>
            <String HEIGHT="89" WIDTH="124" VPOS="394" HPOS="1115" CONTENT="1848." ID="r2l12_9" STYLEREFS="FONT0"/>
          </TextLine>
          <TextLine ID="r2l14" BASELINE="521" HEIGHT="64" WIDTH="391" VPOS="457" HPOS="195">
            <String HEIGHT="64" WIDTH="75" VPOS="457" HPOS="180" CONTENT="—" ID="r2l14_1" STYLEREFS="FONT0"/>
            <SP HEIGHT="64" WIDTH="15" VPOS="457" HPOS="255"/>
            <String HEIGHT="64" WIDTH="90" VPOS="457" HPOS="210" CONTENT="L." ID="r2l14_2" STYLEREFS="FONT0"/>
            <SP HEIGHT="64" WIDTH="15" VPOS="457" HPOS="300"/>
            <String HEIGHT="64" WIDTH="90" VPOS="457" HPOS="255" CONTENT="a." ID="r2l14_3" STYLEREFS="FONT0"/>
            <SP HEIGHT="64" WIDTH="15" VPOS="457" HPOS="345"/>
            <String HEIGHT="64" WIDTH="105" VPOS="457" HPOS="300" CONTENT="s.," ID="r2l14_4" STYLEREFS="FONT0"/>
            <SP HEIGHT="64" WIDTH="15" VPOS="457" HPOS="406"/>
            <String HEIGHT="64" WIDTH="75" VPOS="457" HPOS="360" CONTENT="1" ID="r2l14_5" STYLEREFS="FONT0"/>
            <SP HEIGHT="64" WIDTH="15" VPOS="457" HPOS="436"/>
            <String HEIGHT="64" WIDTH="90" VPOS="457" HPOS="391" CONTENT="p." ID="r2l14_6" STYLEREFS="FONT0"/>
            <SP HEIGHT="64" WIDTH="15" VPOS="457" HPOS="481"/>
            <String HEIGHT="64" WIDTH="135" VPOS="457" HPOS="436" CONTENT="in-8." ID="r2l14_7" STYLEREFS="FONT0"/>
            <SP HEIGHT="64" WIDTH="15" VPOS="457" HPOS="571"/>
            <String HEIGHT="64" WIDTH="75" VPOS="457" HPOS="526" CONTENT="3" ID="r2l14_8" STYLEREFS="FONT0"/>
            <SP HEIGHT="64" WIDTH="15" VPOS="457" HPOS="601"/>
            <String HEIGHT="64" WIDTH="45" VPOS="457" HPOS="541" CONTENT="»" ID="r2l14_9" STYLEREFS="FONT0"/>
          </TextLine>
          <TextLine ID="r2l15" BASELINE="570" HEIGHT="84" WIDTH="1051" VPOS="486" HPOS="190">
            <String HEIGHT="84" WIDTH="175" VPOS="486" HPOS="172" CONTENT="26730." ID="r2l15_1" STYLEREFS="FONT0"/>
            <SP HEIGHT="84" WIDTH="18" VPOS="486" HPOS="348"/>
            <String HEIGHT="84" WIDTH="210" VPOS="486" HPOS="295" CONTENT="LORRAINE" ID="r2l15_2" STYLEREFS="FONT0"/>
            <SP HEIGHT="84" WIDTH="18" VPOS="486" HPOS="505"/>
            <String HEIGHT="84" WIDTH="228" VPOS="486" HPOS="453" CONTENT="(Charles," ID="r2l15_3" STYLEREFS="FONT0"/>
            <SP HEIGHT="84" WIDTH="18" VPOS="486" HPOS="680"/>
            <String HEIGHT="84" WIDTH="210" VPOS="486" HPOS="628" CONTENT="cardinal" ID="r2l15_4" STYLEREFS="FONT0"/>
            <SP HEIGHT="84" WIDTH="18" VPOS="486" HPOS="838"/>
            <String HEIGHT="84" WIDTH="140" VPOS="486" HPOS="786" CONTENT="de)," ID="r2l15_5" STYLEREFS="FONT0"/>
            <SP HEIGHT="84" WIDTH="18" VPOS="486" HPOS="926"/>
            <String HEIGHT="84" WIDTH="193" VPOS="486" HPOS="873" CONTENT="célèbre" ID="r2l15_6" STYLEREFS="FONT0"/>
            <SP HEIGHT="84" WIDTH="18" VPOS="486" HPOS="1066"/>
            <String HEIGHT="84" WIDTH="210" VPOS="486" HPOS="1013" CONTENT="ministre" ID="r2l15_7" STYLEREFS="FONT0"/>
            <SP HEIGHT="84" WIDTH="18" VPOS="486" HPOS="1223"/>
            <String HEIGHT="84" WIDTH="88" VPOS="486" HPOS="1153" CONTENT="des" ID="r2l15_8" STYLEREFS="FONT0"/>
          </TextLine>
          <TextLine ID="r2l16" BASELINE="609" HEIGHT="41" WIDTH="1052" VPOS="568" HPOS="191">
            <String HEIGHT="41" WIDTH="140" VPOS="568" HPOS="173" CONTENT="rois" ID="r2l16_1" STYLEREFS="FONT0"/>
            <SP HEIGHT="41" WIDTH="18" VPOS="568" HPOS="314"/>
            <String HEIGHT="41" WIDTH="210" VPOS="568" HPOS="261" CONTENT="François" ID="r2l16_2" STYLEREFS="FONT0"/>
            <SP HEIGHT="41" WIDTH="18" VPOS="568" HPOS="472"/>
            <String HEIGHT="41" WIDTH="105" VPOS="568" HPOS="419" CONTENT="II" ID="r2l16_3" STYLEREFS="FONT0"/>
            <SP HEIGHT="41" WIDTH="18" VPOS="568" HPOS="524"/>
            <String HEIGHT="41" WIDTH="105" VPOS="568" HPOS="472" CONTENT="et" ID="r2l16_4" STYLEREFS="FONT0"/>
            <SP HEIGHT="41" WIDTH="18" VPOS="568" HPOS="577"/>
            <String HEIGHT="41" WIDTH="193" VPOS="568" HPOS="524" CONTENT="Charles" ID="r2l16_5" STYLEREFS="FONT0"/>
            <SP HEIGHT="41" WIDTH="18" VPOS="568" HPOS="717"/>
            <String HEIGHT="41" WIDTH="123" VPOS="568" HPOS="664" CONTENT="IX." ID="r2l16_6" STYLEREFS="FONT0"/>
            <SP HEIGHT="41" WIDTH="18" VPOS="568" HPOS="787"/>
            <String HEIGHT="41" WIDTH="88" VPOS="568" HPOS="735" CONTENT="—" ID="r2l16_7" STYLEREFS="FONT0"/>
            <SP HEIGHT="41" WIDTH="18" VPOS="568" HPOS="822"/>
            <String HEIGHT="41" WIDTH="105" VPOS="568" HPOS="770" CONTENT="P." ID="r2l16_8" STYLEREFS="FONT0"/>
            <SP HEIGHT="41" WIDTH="18" VPOS="568" HPOS="875"/>
            <String HEIGHT="41" WIDTH="123" VPOS="568" HPOS="822" CONTENT="s.," ID="r2l16_9" STYLEREFS="FONT0"/>
            <SP HEIGHT="41" WIDTH="18" VPOS="568" HPOS="945"/>
            <String HEIGHT="41" WIDTH="123" VPOS="568" HPOS="892" CONTENT="sur" ID="r2l16_10" STYLEREFS="FONT0"/>
            <SP HEIGHT="41" WIDTH="18" VPOS="568" HPOS="1015"/>
            <String HEIGHT="41" WIDTH="175" VPOS="568" HPOS="962" CONTENT="vélin;" ID="r2l16_11" STYLEREFS="FONT0"/>
            <SP HEIGHT="41" WIDTH="18" VPOS="568" HPOS="1138"/>
            <String HEIGHT="41" WIDTH="175" VPOS="568" HPOS="1068" CONTENT="Villers" SUBS_TYPE="HypPart1" SUBS_CONTENT="VillersCotterets," ID="r2l16_12" STYLEREFS="FONT0"/>
            <HYP CONTENT="-"/>
          </TextLine>
          <TextLine ID="r2l18" BASELINE="658" HEIGHT="57" WIDTH="1048" VPOS="601" HPOS="194">
            <String HEIGHT="57" WIDTH="233" VPOS="601" HPOS="177" CONTENT="Cotterets," SUBS_TYPE="HypPart2" SUBS_CONTENT="VillersCotterets," ID="r2l18_1" STYLEREFS="FONT0"/>
            <SP HEIGHT="57" WIDTH="17" VPOS="601" HPOS="410"/>
            <String HEIGHT="57" WIDTH="83" VPOS="601" HPOS="360" CONTENT="2" ID="r2l18_2" STYLEREFS="FONT0"/>
            <SP HEIGHT="57" WIDTH="17" VPOS="601" HPOS="444"/>
            <String HEIGHT="57" WIDTH="150" VPOS="601" HPOS="394" CONTENT="sept." ID="r2l18_3" STYLEREFS="FONT0"/>
            <SP HEIGHT="57" WIDTH="17" VPOS="601" HPOS="543"/>
            <String HEIGHT="57" WIDTH="150" VPOS="601" HPOS="493" CONTENT="1559," ID="r2l18_4" STYLEREFS="FONT0"/>
            <SP HEIGHT="57" WIDTH="17" VPOS="601" HPOS="643"/>
            <String HEIGHT="57" WIDTH="83" VPOS="601" HPOS="593" CONTENT="1" ID="r2l18_5" STYLEREFS="FONT0"/>
            <SP HEIGHT="57" WIDTH="17" VPOS="601" HPOS="676"/>
            <String HEIGHT="57" WIDTH="100" VPOS="601" HPOS="627" CONTENT="p." ID="r2l18_6" STYLEREFS="FONT0"/>
            <SP HEIGHT="57" WIDTH="17" VPOS="601" HPOS="726"/>
            <String HEIGHT="57" WIDTH="183" VPOS="601" HPOS="676" CONTENT="in-fol." ID="r2l18_7" STYLEREFS="FONT0"/>
            <SP HEIGHT="57" WIDTH="17" VPOS="601" HPOS="859"/>
            <String HEIGHT="57" WIDTH="183" VPOS="601" HPOS="809" CONTENT="oblong." ID="r2l18_8" STYLEREFS="FONT0"/>
            <SP HEIGHT="57" WIDTH="17" VPOS="601" HPOS="992"/>
            <String HEIGHT="57" WIDTH="166" VPOS="601" HPOS="943" CONTENT="Légère" ID="r2l18_9" STYLEREFS="FONT0"/>
            <SP HEIGHT="57" WIDTH="17" VPOS="601" HPOS="1109"/>
            <String HEIGHT="57" WIDTH="166" VPOS="601" HPOS="1059" CONTENT="tache." ID="r2l18_10" STYLEREFS="FONT0"/>
            <SP HEIGHT="57" WIDTH="17" VPOS="601" HPOS="1225"/>
            <String HEIGHT="57" WIDTH="83" VPOS="601" HPOS="1175" CONTENT="5" ID="r2l18_11" STYLEREFS="FONT0"/>
            <SP HEIGHT="57" WIDTH="17" VPOS="601" HPOS="1259"/>
            <String HEIGHT="57" WIDTH="50" VPOS="601" HPOS="1192" CONTENT="»" ID="r2l18_12" STYLEREFS="FONT0"/>
          </TextLine>
          <TextLine ID="r2l19" BASELINE="703" HEIGHT="56" WIDTH="1047" VPOS="647" HPOS="196">
            <String HEIGHT="56" WIDTH="175" VPOS="647" HPOS="179" CONTENT="26731." ID="r2l19_1" STYLEREFS="FONT0"/>
            <SP HEIGHT="56" WIDTH="17" VPOS="647" HPOS="353"/>
            <String HEIGHT="56" WIDTH="175" VPOS="647" HPOS="301" CONTENT="MAGNIN" ID="r2l19_2" STYLEREFS="FONT0"/>
            <SP HEIGHT="56" WIDTH="17" VPOS="647" HPOS="475"/>
            <String HEIGHT="56" WIDTH="175" VPOS="647" HPOS="423" CONTENT="(Ch.)," ID="r2l19_3" STYLEREFS="FONT0"/>
            <SP HEIGHT="56" WIDTH="17" VPOS="647" HPOS="597"/>
            <String HEIGHT="56" WIDTH="192" VPOS="647" HPOS="545" CONTENT="érudit," ID="r2l19_4" STYLEREFS="FONT0"/>
            <SP HEIGHT="56" WIDTH="17" VPOS="647" HPOS="737"/>
            <String HEIGHT="56" WIDTH="175" VPOS="647" HPOS="685" CONTENT="membre" ID="r2l19_5" STYLEREFS="FONT0"/>
            <SP HEIGHT="56" WIDTH="17" VPOS="647" HPOS="859"/>
            <String HEIGHT="56" WIDTH="105" VPOS="647" HPOS="807" CONTENT="de" ID="r2l19_6" STYLEREFS="FONT0"/>
            <SP HEIGHT="56" WIDTH="17" VPOS="647" HPOS="911"/>
            <String HEIGHT="56" WIDTH="262" VPOS="647" HPOS="859" CONTENT="l’Institut," ID="r2l19_7" STYLEREFS="FONT0"/>
            <SP HEIGHT="56" WIDTH="17" VPOS="647" HPOS="1121"/>
            <String HEIGHT="56" WIDTH="175" VPOS="647" HPOS="1069" CONTENT="auteur" ID="r2l19_8" STYLEREFS="FONT0"/>
            <SP HEIGHT="56" WIDTH="17" VPOS="647" HPOS="1243"/>
            <String HEIGHT="56" WIDTH="70" VPOS="647" HPOS="1173" CONTENT="de" ID="r2l19_9" STYLEREFS="FONT0"/>
          </TextLine>
          <TextLine ID="r2l20" BASELINE="746" HEIGHT="47" WIDTH="1047" VPOS="699" HPOS="189">
            <String HEIGHT="47" WIDTH="270" VPOS="699" HPOS="173" CONTENT="l'Histoire" ID="r2l20_1" STYLEREFS="FONT2"/>
            <SP HEIGHT="47" WIDTH="16" VPOS="699" HPOS="443"/>
            <String HEIGHT="47" WIDTH="111" VPOS="699" HPOS="395" CONTENT="des" ID="r2l20_2" STYLEREFS="FONT2"/>
            <SP HEIGHT="47" WIDTH="16" VPOS="699" HPOS="506"/>
            <String HEIGHT="47" WIDTH="190" VPOS="699" HPOS="459" CONTENT="origines" ID="r2l20_3" STYLEREFS="FONT2"/>
            <SP HEIGHT="47" WIDTH="16" VPOS="699" HPOS="649"/>
            <String HEIGHT="47" WIDTH="95" VPOS="699" HPOS="601" CONTENT="du" ID="r2l20_4" STYLEREFS="FONT2"/>
            <SP HEIGHT="47" WIDTH="16" VPOS="699" HPOS="697"/>
            <String HEIGHT="47" WIDTH="175" VPOS="699" HPOS="649" CONTENT="théâtre" ID="r2l20_5" STYLEREFS="FONT2"/>
            <SP HEIGHT="47" WIDTH="16" VPOS="699" HPOS="824"/>
            <String HEIGHT="47" WIDTH="254" VPOS="699" HPOS="776" CONTENT="moderne" ID="r2l20_6" STYLEREFS="FONT2"/>
            <SP HEIGHT="47" WIDTH="16" VPOS="699" HPOS="1030"/>
            <String HEIGHT="47" WIDTH="79" VPOS="699" HPOS="982" CONTENT="—" ID="r2l20_7" STYLEREFS="FONT0"/>
            <SP HEIGHT="47" WIDTH="16" VPOS="699" HPOS="1062"/>
            <String HEIGHT="47" WIDTH="95" VPOS="699" HPOS="1014" CONTENT="L." ID="r2l20_8" STYLEREFS="FONT0"/>
            <SP HEIGHT="47" WIDTH="16" VPOS="699" HPOS="1109"/>
            <String HEIGHT="47" WIDTH="95" VPOS="699" HPOS="1062" CONTENT="a." ID="r2l20_9" STYLEREFS="FONT0"/>
            <SP HEIGHT="47" WIDTH="16" VPOS="699" HPOS="1157"/>
            <String HEIGHT="47" WIDTH="95" VPOS="699" HPOS="1109" CONTENT="s." ID="r2l20_10" STYLEREFS="FONT0"/>
            <SP HEIGHT="47" WIDTH="16" VPOS="699" HPOS="1204"/>
            <String HEIGHT="47" WIDTH="79" VPOS="699" HPOS="1157" CONTENT="à" ID="r2l20_11" STYLEREFS="FONT0"/>
            <SP HEIGHT="47" WIDTH="16" VPOS="699" HPOS="1236"/>
            <String HEIGHT="47" WIDTH="63" VPOS="699" HPOS="1173" CONTENT="Le" ID="r2l20_12" STYLEREFS="FONT0"/>
          </TextLine>
          <TextLine ID="r2l22" BASELINE="799" HEIGHT="56" WIDTH="800" VPOS="743" HPOS="191">
            <String HEIGHT="56" WIDTH="215" VPOS="743" HPOS="176" CONTENT="Chevalier;" ID="r2l22_1" STYLEREFS="FONT0"/>
            <SP HEIGHT="56" WIDTH="15" VPOS="743" HPOS="391"/>
            <String HEIGHT="56" WIDTH="138" VPOS="743" HPOS="345" CONTENT="1830," ID="r2l22_2" STYLEREFS="FONT0"/>
            <SP HEIGHT="56" WIDTH="15" VPOS="743" HPOS="483"/>
            <String HEIGHT="56" WIDTH="77" VPOS="743" HPOS="437" CONTENT="2" ID="r2l22_3" STYLEREFS="FONT0"/>
            <SP HEIGHT="56" WIDTH="15" VPOS="743" HPOS="514"/>
            <String HEIGHT="56" WIDTH="92" VPOS="743" HPOS="468" CONTENT="p." ID="r2l22_4" STYLEREFS="FONT0"/>
            <SP HEIGHT="56" WIDTH="15" VPOS="743" HPOS="560"/>
            <String HEIGHT="56" WIDTH="138" VPOS="743" HPOS="514" CONTENT="in-4." ID="r2l22_5" STYLEREFS="FONT0"/>
            <SP HEIGHT="56" WIDTH="15" VPOS="743" HPOS="653"/>
            <String HEIGHT="56" WIDTH="246" VPOS="743" HPOS="606" CONTENT="Intéressante" ID="r2l22_6" STYLEREFS="FONT0"/>
            <SP HEIGHT="56" WIDTH="15" VPOS="743" HPOS="853"/>
            <String HEIGHT="56" WIDTH="169" VPOS="743" HPOS="806" CONTENT="lettre." ID="r2l22_7" STYLEREFS="FONT0"/>
            <SP HEIGHT="56" WIDTH="15" VPOS="743" HPOS="976"/>
            <String HEIGHT="56" WIDTH="77" VPOS="743" HPOS="929" CONTENT="3" ID="r2l22_8" STYLEREFS="FONT0"/>
            <SP HEIGHT="56" WIDTH="15" VPOS="743" HPOS="1006"/>
            <String HEIGHT="56" WIDTH="46" VPOS="743" HPOS="945" CONTENT="»" ID="r2l22_9" STYLEREFS="FONT0"/>
          </TextLine>
          <TextLine ID="r2l23" BASELINE="846" HEIGHT="53" WIDTH="986" VPOS="793" HPOS="197">
            <String HEIGHT="53" WIDTH="152" VPOS="793" HPOS="182" CONTENT="26732." ID="r2l23_1" STYLEREFS="FONT0"/>
            <SP HEIGHT="53" WIDTH="15" VPOS="793" HPOS="334"/>
            <String HEIGHT="53" WIDTH="137" VPOS="793" HPOS="288" CONTENT="MANIN" ID="r2l23_2" STYLEREFS="FONT0"/>
            <SP HEIGHT="53" WIDTH="15" VPOS="793" HPOS="425"/>
            <String HEIGHT="53" WIDTH="212" VPOS="793" HPOS="379" CONTENT="(Daniele)," ID="r2l23_3" STYLEREFS="FONT0"/>
            <SP HEIGHT="53" WIDTH="15" VPOS="793" HPOS="591"/>
            <String HEIGHT="53" WIDTH="212" VPOS="793" HPOS="546" CONTENT="l’illustre" ID="r2l23_4" STYLEREFS="FONT0"/>
            <SP HEIGHT="53" WIDTH="15" VPOS="793" HPOS="758"/>
            <String HEIGHT="53" WIDTH="197" VPOS="793" HPOS="713" CONTENT="dictateur" ID="r2l23_5" STYLEREFS="FONT0"/>
            <SP HEIGHT="53" WIDTH="15" VPOS="793" HPOS="910"/>
            <String HEIGHT="53" WIDTH="91" VPOS="793" HPOS="864" CONTENT="de" ID="r2l23_6" STYLEREFS="FONT0"/>
            <SP HEIGHT="53" WIDTH="15" VPOS="793" HPOS="955"/>
            <String HEIGHT="53" WIDTH="152" VPOS="793" HPOS="910" CONTENT="Venise" ID="r2l23_7" STYLEREFS="FONT0"/>
            <SP HEIGHT="53" WIDTH="15" VPOS="793" HPOS="1062"/>
            <String HEIGHT="53" WIDTH="91" VPOS="793" HPOS="1016" CONTENT="en" ID="r2l23_8" STYLEREFS="FONT0"/>
            <SP HEIGHT="53" WIDTH="15" VPOS="793" HPOS="1107"/>
            <String HEIGHT="53" WIDTH="137" VPOS="793" HPOS="1062" CONTENT="1848." ID="r2l23_9" STYLEREFS="FONT0"/>
            <SP HEIGHT="53" WIDTH="15" VPOS="793" HPOS="1198"/>
            <String HEIGHT="53" WIDTH="46" VPOS="793" HPOS="1137" CONTENT="—" ID="r2l23_10" STYLEREFS="FONT0"/>
          </TextLine>
          <TextLine ID="r2l26" BASELINE="896" HEIGHT="65" WIDTH="757" VPOS="831" HPOS="194">
            <String HEIGHT="65" WIDTH="87" VPOS="831" HPOS="179" CONTENT="P." ID="r2l26_1" STYLEREFS="FONT0"/>
            <SP HEIGHT="65" WIDTH="15" VPOS="831" HPOS="267"/>
            <String HEIGHT="65" WIDTH="87" VPOS="831" HPOS="223" CONTENT="a." ID="r2l26_2" STYLEREFS="FONT0"/>
            <SP HEIGHT="65" WIDTH="15" VPOS="831" HPOS="310"/>
            <String HEIGHT="65" WIDTH="102" VPOS="831" HPOS="267" CONTENT="s.," ID="r2l26_3" STYLEREFS="FONT0"/>
            <SP HEIGHT="65" WIDTH="15" VPOS="831" HPOS="369"/>
            <String HEIGHT="65" WIDTH="87" VPOS="831" HPOS="325" CONTENT="en" ID="r2l26_4" STYLEREFS="FONT0"/>
            <SP HEIGHT="65" WIDTH="15" VPOS="831" HPOS="412"/>
            <String HEIGHT="65" WIDTH="189" VPOS="831" HPOS="369" CONTENT="français," ID="r2l26_5" STYLEREFS="FONT0"/>
            <SP HEIGHT="65" WIDTH="15" VPOS="831" HPOS="558"/>
            <String HEIGHT="65" WIDTH="73" VPOS="831" HPOS="514" CONTENT="1" ID="r2l26_6" STYLEREFS="FONT0"/>
            <SP HEIGHT="65" WIDTH="15" VPOS="831" HPOS="587"/>
            <String HEIGHT="65" WIDTH="87" VPOS="831" HPOS="543" CONTENT="p." ID="r2l26_7" STYLEREFS="FONT0"/>
            <SP HEIGHT="65" WIDTH="15" VPOS="831" HPOS="631"/>
            <String HEIGHT="65" WIDTH="102" VPOS="831" HPOS="587" CONTENT="gr." ID="r2l26_8" STYLEREFS="FONT0"/>
            <SP HEIGHT="65" WIDTH="15" VPOS="831" HPOS="689"/>
            <String HEIGHT="65" WIDTH="160" VPOS="831" HPOS="645" CONTENT="in-fol." ID="r2l26_9" STYLEREFS="FONT0"/>
            <SP HEIGHT="65" WIDTH="15" VPOS="831" HPOS="805"/>
            <String HEIGHT="65" WIDTH="160" VPOS="831" HPOS="762" CONTENT="oblong." ID="r2l26_10" STYLEREFS="FONT0"/>
            <SP HEIGHT="65" WIDTH="15" VPOS="831" HPOS="922"/>
            <String HEIGHT="65" WIDTH="87" VPOS="831" HPOS="878" CONTENT="10" ID="r2l26_11" STYLEREFS="FONT0"/>
            <SP HEIGHT="65" WIDTH="15" VPOS="831" HPOS="966"/>
            <String HEIGHT="65" WIDTH="44" VPOS="831" HPOS="907" CONTENT="»" ID="r2l26_12" STYLEREFS="FONT0"/>
          </TextLine>
          <TextLine ID="r2l27" BASELINE="924" HEIGHT="50" WIDTH="1011" VPOS="874" HPOS="235">
            <String HEIGHT="50" WIDTH="126" VPOS="874" HPOS="221" CONTENT="Cette" ID="r2l27_1" STYLEREFS="FONT0"/>
            <SP HEIGHT="50" WIDTH="14" VPOS="874" HPOS="347"/>
            <String HEIGHT="50" WIDTH="140" VPOS="874" HPOS="305" CONTENT="pièce," ID="r2l27_2" STYLEREFS="FONT0"/>
            <SP HEIGHT="50" WIDTH="14" VPOS="874" HPOS="446"/>
            <String HEIGHT="50" WIDTH="169" VPOS="874" HPOS="404" CONTENT="extraite" ID="r2l27_3" STYLEREFS="FONT0"/>
            <SP HEIGHT="50" WIDTH="14" VPOS="874" HPOS="572"/>
            <String HEIGHT="50" WIDTH="112" VPOS="874" HPOS="530" CONTENT="d’un" ID="r2l27_4" STYLEREFS="FONT0"/>
            <SP HEIGHT="50" WIDTH="14" VPOS="874" HPOS="642"/>
            <String HEIGHT="50" WIDTH="140" VPOS="874" HPOS="600" CONTENT="album," ID="r2l27_5" STYLEREFS="FONT0"/>
            <SP HEIGHT="50" WIDTH="14" VPOS="874" HPOS="741"/>
            <String HEIGHT="50" WIDTH="70" VPOS="874" HPOS="698" CONTENT="a" ID="r2l27_6" STYLEREFS="FONT0"/>
            <SP HEIGHT="50" WIDTH="14" VPOS="874" HPOS="769"/>
            <String HEIGHT="50" WIDTH="140" VPOS="874" HPOS="726" CONTENT="quatre" ID="r2l27_7" STYLEREFS="FONT0"/>
            <SP HEIGHT="50" WIDTH="14" VPOS="874" HPOS="867"/>
            <String HEIGHT="50" WIDTH="154" VPOS="874" HPOS="825" CONTENT="lignes." ID="r2l27_8" STYLEREFS="FONT0"/>
            <SP HEIGHT="50" WIDTH="14" VPOS="874" HPOS="979"/>
            <String HEIGHT="50" WIDTH="126" VPOS="874" HPOS="937" CONTENT="C’est" ID="r2l27_9" STYLEREFS="FONT0"/>
            <SP HEIGHT="50" WIDTH="14" VPOS="874" HPOS="1063"/>
            <String HEIGHT="50" WIDTH="98" VPOS="874" HPOS="1021" CONTENT="une" ID="r2l27_10" STYLEREFS="FONT0"/>
            <SP HEIGHT="50" WIDTH="14" VPOS="874" HPOS="1120"/>
            <String HEIGHT="50" WIDTH="140" VPOS="874" HPOS="1078" CONTENT="pensée" ID="r2l27_11" STYLEREFS="FONT0"/>
            <SP HEIGHT="50" WIDTH="14" VPOS="874" HPOS="1218"/>
            <String HEIGHT="50" WIDTH="84" VPOS="874" HPOS="1162" CONTENT="dont" ID="r2l27_12" STYLEREFS="FONT0"/>
          </TextLine>
          <TextLine ID="r2l28" BASELINE="953" HEIGHT="50" WIDTH="1051" VPOS="903" HPOS="195">
            <String HEIGHT="50" WIDTH="124" VPOS="903" HPOS="181" CONTENT="voici" ID="r2l28_1" STYLEREFS="FONT0"/>
            <SP HEIGHT="50" WIDTH="14" VPOS="903" HPOS="306"/>
            <String HEIGHT="50" WIDTH="83" VPOS="903" HPOS="264" CONTENT="la" ID="r2l28_2" STYLEREFS="FONT0"/>
            <SP HEIGHT="50" WIDTH="14" VPOS="903" HPOS="347"/>
            <String HEIGHT="50" WIDTH="194" VPOS="903" HPOS="306" CONTENT="conclusion" ID="r2l28_3" STYLEREFS="FONT0"/>
            <SP HEIGHT="50" WIDTH="14" VPOS="903" HPOS="499"/>
            <String HEIGHT="50" WIDTH="69" VPOS="903" HPOS="458" CONTENT=":" ID="r2l28_4" STYLEREFS="FONT0"/>
            <SP HEIGHT="50" WIDTH="14" VPOS="903" HPOS="527"/>
            <String HEIGHT="50" WIDTH="97" VPOS="903" HPOS="485" CONTENT="«En" ID="r2l28_5" STYLEREFS="FONT0"/>
            <SP HEIGHT="50" WIDTH="14" VPOS="903" HPOS="582"/>
            <String HEIGHT="50" WIDTH="180" VPOS="903" HPOS="541" CONTENT="politique" ID="r2l28_6" STYLEREFS="FONT0"/>
            <SP HEIGHT="50" WIDTH="14" VPOS="903" HPOS="721"/>
            <String HEIGHT="50" WIDTH="124" VPOS="903" HPOS="679" CONTENT="comme" ID="r2l28_7" STYLEREFS="FONT0"/>
            <SP HEIGHT="50" WIDTH="14" VPOS="903" HPOS="803"/>
            <String HEIGHT="50" WIDTH="69" VPOS="903" HPOS="762" CONTENT="à" ID="r2l28_8" STYLEREFS="FONT0"/>
            <SP HEIGHT="50" WIDTH="14" VPOS="903" HPOS="831"/>
            <String HEIGHT="50" WIDTH="83" VPOS="903" HPOS="790" CONTENT="la" ID="r2l28_9" STYLEREFS="FONT0"/>
            <SP HEIGHT="50" WIDTH="14" VPOS="903" HPOS="873"/>
            <String HEIGHT="50" WIDTH="138" VPOS="903" HPOS="831" CONTENT="guerre" ID="r2l28_10" STYLEREFS="FONT0"/>
            <SP HEIGHT="50" WIDTH="14" VPOS="903" HPOS="969"/>
            <String HEIGHT="50" WIDTH="83" VPOS="903" HPOS="928" CONTENT="ce" ID="r2l28_11" STYLEREFS="FONT0"/>
            <SP HEIGHT="50" WIDTH="14" VPOS="903" HPOS="1011"/>
            <String HEIGHT="50" WIDTH="124" VPOS="903" HPOS="969" CONTENT="n’est" ID="r2l28_12" STYLEREFS="FONT0"/>
            <SP HEIGHT="50" WIDTH="14" VPOS="903" HPOS="1094"/>
            <String HEIGHT="50" WIDTH="97" VPOS="903" HPOS="1052" CONTENT="pas" ID="r2l28_13" STYLEREFS="FONT0"/>
            <SP HEIGHT="50" WIDTH="14" VPOS="903" HPOS="1149"/>
            <String HEIGHT="50" WIDTH="83" VPOS="903" HPOS="1108" CONTENT="le" ID="r2l28_14" STYLEREFS="FONT0"/>
            <SP HEIGHT="50" WIDTH="14" VPOS="903" HPOS="1191"/>
            <String HEIGHT="50" WIDTH="111" VPOS="903" HPOS="1135" CONTENT="combat" ID="r2l28_15" STYLEREFS="FONT0"/>
          </TextLine>
          <TextLine ID="r2l29" BASELINE="996" HEIGHT="41" WIDTH="438" VPOS="955" HPOS="205">
            <String HEIGHT="41" WIDTH="88" VPOS="955" HPOS="192" CONTENT="qui" ID="r2l29_1" STYLEREFS="FONT0"/>
            <SP HEIGHT="41" WIDTH="13" VPOS="955" HPOS="280"/>
            <String HEIGHT="41" WIDTH="88" VPOS="955" HPOS="243" CONTENT="est" ID="r2l29_2" STYLEREFS="FONT0"/>
            <SP HEIGHT="41" WIDTH="13" VPOS="955" HPOS="330"/>
            <String HEIGHT="41" WIDTH="75" VPOS="955" HPOS="293" CONTENT="le" ID="r2l29_3" STYLEREFS="FONT0"/>
            <SP HEIGHT="41" WIDTH="13" VPOS="955" HPOS="368"/>
            <String HEIGHT="41" WIDTH="100" VPOS="955" HPOS="330" CONTENT="but," ID="r2l29_4" STYLEREFS="FONT0"/>
            <SP HEIGHT="41" WIDTH="13" VPOS="955" HPOS="430"/>
            <String HEIGHT="41" WIDTH="113" VPOS="955" HPOS="393" CONTENT="c’est" ID="r2l29_5" STYLEREFS="FONT0"/>
            <SP HEIGHT="41" WIDTH="13" VPOS="955" HPOS="505"/>
            <String HEIGHT="41" WIDTH="75" VPOS="955" HPOS="468" CONTENT="la" ID="r2l29_6" STYLEREFS="FONT0"/>
            <SP HEIGHT="41" WIDTH="13" VPOS="955" HPOS="543"/>
            <String HEIGHT="41" WIDTH="150" VPOS="955" HPOS="493" CONTENT="victoire.»" ID="r2l29_7" STYLEREFS="FONT0"/>
          </TextLine>
          <TextLine ID="r2l30" BASELINE="1035" HEIGHT="52" WIDTH="1047" VPOS="983" HPOS="204">
            <String HEIGHT="52" WIDTH="166" VPOS="983" HPOS="187" CONTENT="26733." ID="r2l30_1" STYLEREFS="FONT0"/>
            <SP HEIGHT="52" WIDTH="17" VPOS="983" HPOS="354"/>
            <String HEIGHT="52" WIDTH="183" VPOS="983" HPOS="304" CONTENT="MEILHAC" ID="r2l30_2" STYLEREFS="FONT0"/>
            <SP HEIGHT="52" WIDTH="17" VPOS="983" HPOS="487"/>
            <String HEIGHT="52" WIDTH="150" VPOS="983" HPOS="437" CONTENT="(H.)," ID="r2l30_3" STYLEREFS="FONT0"/>
            <SP HEIGHT="52" WIDTH="17" VPOS="983" HPOS="586"/>
            <String HEIGHT="52" WIDTH="166" VPOS="983" HPOS="536" CONTENT="fécond" ID="r2l30_4" STYLEREFS="FONT0"/>
            <SP HEIGHT="52" WIDTH="17" VPOS="983" HPOS="703"/>
            <String HEIGHT="52" WIDTH="166" VPOS="983" HPOS="653" CONTENT="auteur" ID="r2l30_5" STYLEREFS="FONT0"/>
            <SP HEIGHT="52" WIDTH="17" VPOS="983" HPOS="819"/>
            <String HEIGHT="52" WIDTH="249" VPOS="983" HPOS="769" CONTENT="dramatique." ID="r2l30_6" STYLEREFS="FONT0"/>
            <SP HEIGHT="52" WIDTH="17" VPOS="983" HPOS="1018"/>
            <String HEIGHT="52" WIDTH="83" VPOS="983" HPOS="968" CONTENT="—" ID="r2l30_7" STYLEREFS="FONT0"/>
            <SP HEIGHT="52" WIDTH="17" VPOS="983" HPOS="1052"/>
            <String HEIGHT="52" WIDTH="100" VPOS="983" HPOS="1002" CONTENT="L." ID="r2l30_8" STYLEREFS="FONT0"/>
            <SP HEIGHT="52" WIDTH="17" VPOS="983" HPOS="1101"/>
            <String HEIGHT="52" WIDTH="100" VPOS="983" HPOS="1052" CONTENT="a." ID="r2l30_9" STYLEREFS="FONT0"/>
            <SP HEIGHT="52" WIDTH="17" VPOS="983" HPOS="1151"/>
            <String HEIGHT="52" WIDTH="116" VPOS="983" HPOS="1101" CONTENT="s.," ID="r2l30_10" STYLEREFS="FONT0"/>
            <SP HEIGHT="52" WIDTH="17" VPOS="983" HPOS="1218"/>
            <String HEIGHT="52" WIDTH="83" VPOS="983" HPOS="1168" CONTENT="1" ID="r2l30_11" STYLEREFS="FONT0"/>
            <SP HEIGHT="52" WIDTH="17" VPOS="983" HPOS="1251"/>
            <String HEIGHT="52" WIDTH="66" VPOS="983" HPOS="1185" CONTENT="p." ID="r2l30_12" STYLEREFS="FONT0"/>
          </TextLine>
          <TextLine ID="r2l32" BASELINE="1085" HEIGHT="52" WIDTH="96" VPOS="1033" HPOS="196">
            <String HEIGHT="52" WIDTH="86" VPOS="1033" HPOS="186" CONTENT="in-8." ID="r2l32_1" STYLEREFS="FONT0"/>
            <SP HEIGHT="52" WIDTH="10" VPOS="1033" HPOS="273"/>
            <String HEIGHT="52" WIDTH="48" VPOS="1033" HPOS="244" CONTENT="1" ID="r2l32_2" STYLEREFS="FONT0"/>
            <SP HEIGHT="52" WIDTH="10" VPOS="1033" HPOS="292"/>
            <String HEIGHT="52" WIDTH="38" VPOS="1033" HPOS="254" CONTENT="75" ID="r2l32_3" STYLEREFS="FONT0"/>
          </TextLine>
          <TextLine ID="r2l33" BASELINE="1146" HEIGHT="64" WIDTH="1049" VPOS="1082" HPOS="202">
            <String HEIGHT="64" WIDTH="178" VPOS="1082" HPOS="184" CONTENT="26734." ID="r2l33_1" STYLEREFS="FONT0"/>
            <SP HEIGHT="64" WIDTH="18" VPOS="1082" HPOS="362"/>
            <String HEIGHT="64" WIDTH="142" VPOS="1082" HPOS="309" CONTENT="MÉRY" ID="r2l33_2" STYLEREFS="FONT0"/>
            <SP HEIGHT="64" WIDTH="18" VPOS="1082" HPOS="451"/>
            <String HEIGHT="64" WIDTH="231" VPOS="1082" HPOS="398" CONTENT="(Joseph)," ID="r2l33_3" STYLEREFS="FONT0"/>
            <SP HEIGHT="64" WIDTH="18" VPOS="1082" HPOS="629"/>
            <String HEIGHT="64" WIDTH="196" VPOS="1082" HPOS="575" CONTENT="célèbre" ID="r2l33_4" STYLEREFS="FONT0"/>
            <SP HEIGHT="64" WIDTH="18" VPOS="1082" HPOS="771"/>
            <String HEIGHT="64" WIDTH="284" VPOS="1082" HPOS="718" CONTENT="littérateur." ID="r2l33_5" STYLEREFS="FONT0"/>
            <SP HEIGHT="64" WIDTH="18" VPOS="1082" HPOS="1002"/>
            <String HEIGHT="64" WIDTH="89" VPOS="1082" HPOS="949" CONTENT="—" ID="r2l33_6" STYLEREFS="FONT0"/>
            <SP HEIGHT="64" WIDTH="18" VPOS="1082" HPOS="1038"/>
            <String HEIGHT="64" WIDTH="107" VPOS="1082" HPOS="984" CONTENT="L." ID="r2l33_7" STYLEREFS="FONT0"/>
            <SP HEIGHT="64" WIDTH="18" VPOS="1082" HPOS="1091"/>
            <String HEIGHT="64" WIDTH="107" VPOS="1082" HPOS="1038" CONTENT="a." ID="r2l33_8" STYLEREFS="FONT0"/>
            <SP HEIGHT="64" WIDTH="18" VPOS="1082" HPOS="1144"/>
            <String HEIGHT="64" WIDTH="124" VPOS="1082" HPOS="1091" CONTENT="s.," ID="r2l33_9" STYLEREFS="FONT0"/>
            <SP HEIGHT="64" WIDTH="18" VPOS="1082" HPOS="1215"/>
            <String HEIGHT="64" WIDTH="89" VPOS="1082" HPOS="1162" CONTENT="1" ID="r2l33_10" STYLEREFS="FONT0"/>
            <SP HEIGHT="64" WIDTH="18" VPOS="1082" HPOS="1251"/>
            <String HEIGHT="64" WIDTH="71" VPOS="1082" HPOS="1180" CONTENT="p." ID="r2l33_11" STYLEREFS="FONT0"/>
          </TextLine>
          <TextLine ID="r2l35" BASELINE="1178" HEIGHT="52" WIDTH="84" VPOS="1126" HPOS="207">
            <String HEIGHT="52" WIDTH="84" VPOS="1126" HPOS="198" CONTENT="in-8." ID="r2l35_1" STYLEREFS="FONT0"/>
            <SP HEIGHT="52" WIDTH="9" VPOS="1126" HPOS="282"/>
            <String HEIGHT="52" WIDTH="47" VPOS="1126" HPOS="254" CONTENT="2" ID="r2l35_2" STYLEREFS="FONT0"/>
            <SP HEIGHT="52" WIDTH="9" VPOS="1126" HPOS="300"/>
            <String HEIGHT="52" WIDTH="28" VPOS="1126" HPOS="263" CONTENT="»" ID="r2l35_3" STYLEREFS="FONT0"/>
          </TextLine>
          <TextLine ID="r2l36" BASELINE="1241" HEIGHT="81" WIDTH="1043" VPOS="1160" HPOS="203">
            <String HEIGHT="81" WIDTH="163" VPOS="1160" HPOS="187" CONTENT="26735." ID="r2l36_1" STYLEREFS="FONT0"/>
            <SP HEIGHT="81" WIDTH="16" VPOS="1160" HPOS="350"/>
            <String HEIGHT="81" WIDTH="179" VPOS="1160" HPOS="301" CONTENT="PALAFOX" ID="r2l36_2" STYLEREFS="FONT0"/>
            <SP HEIGHT="81" WIDTH="16" VPOS="1160" HPOS="480"/>
            <String HEIGHT="81" WIDTH="196" VPOS="1160" HPOS="431" CONTENT="(Josef)," ID="r2l36_3" STYLEREFS="FONT0"/>
            <SP HEIGHT="81" WIDTH="16" VPOS="1160" HPOS="627"/>
            <String HEIGHT="81" WIDTH="179" VPOS="1160" HPOS="578" CONTENT="général" ID="r2l36_4" STYLEREFS="FONT0"/>
            <SP HEIGHT="81" WIDTH="16" VPOS="1160" HPOS="757"/>
            <String HEIGHT="81" WIDTH="212" VPOS="1160" HPOS="708" CONTENT="espagnol," ID="r2l36_5" STYLEREFS="FONT0"/>
            <SP HEIGHT="81" WIDTH="16" VPOS="1160" HPOS="920"/>
            <String HEIGHT="81" WIDTH="179" VPOS="1160" HPOS="871" CONTENT="célèbre" ID="r2l36_6" STYLEREFS="FONT0"/>
            <SP HEIGHT="81" WIDTH="16" VPOS="1160" HPOS="1050"/>
            <String HEIGHT="81" WIDTH="114" VPOS="1160" HPOS="1002" CONTENT="par" ID="r2l36_7" STYLEREFS="FONT0"/>
            <SP HEIGHT="81" WIDTH="16" VPOS="1160" HPOS="1116"/>
            <String HEIGHT="81" WIDTH="114" VPOS="1160" HPOS="1067" CONTENT="son" ID="r2l36_8" STYLEREFS="FONT0"/>
            <SP HEIGHT="81" WIDTH="16" VPOS="1160" HPOS="1181"/>
            <String HEIGHT="81" WIDTH="130" VPOS="1160" HPOS="1116" CONTENT="héroï" SUBS_TYPE="HypPart1" SUBS_CONTENT="héroïque" ID="r2l36_9" STYLEREFS="FONT0"/>
            <HYP CONTENT="-"/>
          </TextLine>
          <TextLine ID="r2l37" BASELINE="1271" HEIGHT="53" WIDTH="1041" VPOS="1218" HPOS="207">
            <String HEIGHT="53" WIDTH="132" VPOS="1218" HPOS="188" CONTENT="que" SUBS_TYPE="HypPart2" SUBS_CONTENT="héroïque" ID="r2l37_1" STYLEREFS="FONT0"/>
            <SP HEIGHT="53" WIDTH="19" VPOS="1218" HPOS="321"/>
            <String HEIGHT="53" WIDTH="208" VPOS="1218" HPOS="264" CONTENT="défense" ID="r2l37_2" STYLEREFS="FONT0"/>
            <SP HEIGHT="53" WIDTH="19" VPOS="1218" HPOS="472"/>
            <String HEIGHT="53" WIDTH="114" VPOS="1218" HPOS="415" CONTENT="de" ID="r2l37_3" STYLEREFS="FONT0"/>
            <SP HEIGHT="53" WIDTH="19" VPOS="1218" HPOS="529"/>
            <String HEIGHT="53" WIDTH="246" VPOS="1218" HPOS="472" CONTENT="Saragosse" ID="r2l37_4" STYLEREFS="FONT0"/>
            <SP HEIGHT="53" WIDTH="19" VPOS="1218" HPOS="718"/>
            <String HEIGHT="53" WIDTH="189" VPOS="1218" HPOS="661" CONTENT="contre" ID="r2l37_5" STYLEREFS="FONT0"/>
            <SP HEIGHT="53" WIDTH="19" VPOS="1218" HPOS="851"/>
            <String HEIGHT="53" WIDTH="132" VPOS="1218" HPOS="794" CONTENT="les" ID="r2l37_6" STYLEREFS="FONT0"/>
            <SP HEIGHT="53" WIDTH="19" VPOS="1218" HPOS="926"/>
            <String HEIGHT="53" WIDTH="227" VPOS="1218" HPOS="869" CONTENT="Français" ID="r2l37_7" STYLEREFS="FONT0"/>
            <SP HEIGHT="53" WIDTH="19" VPOS="1218" HPOS="1097"/>
            <String HEIGHT="53" WIDTH="114" VPOS="1218" HPOS="1040" CONTENT="en" ID="r2l37_8" STYLEREFS="FONT0"/>
            <SP HEIGHT="53" WIDTH="19" VPOS="1218" HPOS="1153"/>
            <String HEIGHT="53" WIDTH="170" VPOS="1218" HPOS="1097" CONTENT="1809." ID="r2l37_9" STYLEREFS="FONT0"/>
            <SP HEIGHT="53" WIDTH="19" VPOS="1218" HPOS="1267"/>
            <String HEIGHT="53" WIDTH="57" VPOS="1218" HPOS="1191" CONTENT="—" ID="r2l37_10" STYLEREFS="FONT0"/>
          </TextLine>
          <TextLine ID="r2l38" BASELINE="1316" HEIGHT="60" WIDTH="1034" VPOS="1256" HPOS="207">
            <String HEIGHT="60" WIDTH="102" VPOS="1256" HPOS="190" CONTENT="L." ID="r2l38_1" STYLEREFS="FONT0"/>
            <SP HEIGHT="60" WIDTH="17" VPOS="1256" HPOS="292"/>
            <String HEIGHT="60" WIDTH="119" VPOS="1256" HPOS="241" CONTENT="s.," ID="r2l38_2" STYLEREFS="FONT0"/>
            <SP HEIGHT="60" WIDTH="17" VPOS="1256" HPOS="360"/>
            <String HEIGHT="60" WIDTH="136" VPOS="1256" HPOS="309" CONTENT="avec" ID="r2l38_3" STYLEREFS="FONT0"/>
            <SP HEIGHT="60" WIDTH="17" VPOS="1256" HPOS="444"/>
            <String HEIGHT="60" WIDTH="136" VPOS="1256" HPOS="393" CONTENT="sept" ID="r2l38_4" STYLEREFS="FONT0"/>
            <SP HEIGHT="60" WIDTH="17" VPOS="1256" HPOS="529"/>
            <String HEIGHT="60" WIDTH="170" VPOS="1256" HPOS="478" CONTENT="lignes" ID="r2l38_5" STYLEREFS="FONT0"/>
            <SP HEIGHT="60" WIDTH="17" VPOS="1256" HPOS="648"/>
            <String HEIGHT="60" WIDTH="153" VPOS="1256" HPOS="597" CONTENT="aut.," ID="r2l38_6" STYLEREFS="FONT0"/>
            <SP HEIGHT="60" WIDTH="17" VPOS="1256" HPOS="749"/>
            <String HEIGHT="60" WIDTH="85" VPOS="1256" HPOS="699" CONTENT="à" ID="r2l38_7" STYLEREFS="FONT0"/>
            <SP HEIGHT="60" WIDTH="17" VPOS="1256" HPOS="783"/>
            <String HEIGHT="60" WIDTH="102" VPOS="1256" HPOS="732" CONTENT="D." ID="r2l38_8" STYLEREFS="FONT0"/>
            <SP HEIGHT="60" WIDTH="17" VPOS="1256" HPOS="834"/>
            <String HEIGHT="60" WIDTH="119" VPOS="1256" HPOS="783" CONTENT="Cl." ID="r2l38_9" STYLEREFS="FONT0"/>
            <SP HEIGHT="60" WIDTH="17" VPOS="1256" HPOS="902"/>
            <String HEIGHT="60" WIDTH="203" VPOS="1256" HPOS="851" CONTENT="Madrazo;" ID="r2l38_10" STYLEREFS="FONT0"/>
            <SP HEIGHT="60" WIDTH="17" VPOS="1256" HPOS="1055"/>
            <String HEIGHT="60" WIDTH="186" VPOS="1256" HPOS="1004" CONTENT="Madrid," ID="r2l38_11" STYLEREFS="FONT0"/>
            <SP HEIGHT="60" WIDTH="17" VPOS="1256" HPOS="1190"/>
            <String HEIGHT="60" WIDTH="119" VPOS="1256" HPOS="1122" CONTENT="1835," ID="r2l38_12" STYLEREFS="FONT0"/>
          </TextLine>
          <TextLine ID="r2l40" BASELINE="1373" HEIGHT="71" WIDTH="447" VPOS="1302" HPOS="202">
            <String HEIGHT="71" WIDTH="70" VPOS="1302" HPOS="188" CONTENT="1" ID="r2l40_1" STYLEREFS="FONT0"/>
            <SP HEIGHT="71" WIDTH="14" VPOS="1302" HPOS="258"/>
            <String HEIGHT="71" WIDTH="84" VPOS="1302" HPOS="216" CONTENT="p." ID="r2l40_2" STYLEREFS="FONT0"/>
            <SP HEIGHT="71" WIDTH="14" VPOS="1302" HPOS="300"/>
            <String HEIGHT="71" WIDTH="98" VPOS="1302" HPOS="258" CONTENT="1/2" ID="r2l40_3" STYLEREFS="FONT0"/>
            <SP HEIGHT="71" WIDTH="14" VPOS="1302" HPOS="356"/>
            <String HEIGHT="71" WIDTH="126" VPOS="1302" HPOS="314" CONTENT="in-4." ID="r2l40_4" STYLEREFS="FONT0"/>
            <SP HEIGHT="71" WIDTH="14" VPOS="1302" HPOS="439"/>
            <String HEIGHT="71" WIDTH="126" VPOS="1302" HPOS="398" CONTENT="Belle" ID="r2l40_5" STYLEREFS="FONT0"/>
            <SP HEIGHT="71" WIDTH="14" VPOS="1302" HPOS="523"/>
            <String HEIGHT="71" WIDTH="140" VPOS="1302" HPOS="481" CONTENT="pièce." ID="r2l40_6" STYLEREFS="FONT0"/>
            <SP HEIGHT="71" WIDTH="14" VPOS="1302" HPOS="621"/>
            <String HEIGHT="71" WIDTH="84" VPOS="1302" HPOS="579" CONTENT="10" ID="r2l40_7" STYLEREFS="FONT0"/>
            <SP HEIGHT="71" WIDTH="14" VPOS="1302" HPOS="663"/>
            <String HEIGHT="71" WIDTH="42" VPOS="1302" HPOS="607" CONTENT="»" ID="r2l40_8" STYLEREFS="FONT0"/>
          </TextLine>
          <TextLine ID="r2l42" BASELINE="1416" HEIGHT="61" WIDTH="928" VPOS="1355" HPOS="208">
            <String HEIGHT="61" WIDTH="136" VPOS="1355" HPOS="194" CONTENT="26736." ID="r2l42_1" STYLEREFS="FONT0"/>
            <SP HEIGHT="61" WIDTH="14" VPOS="1355" HPOS="331"/>
            <String HEIGHT="61" WIDTH="150" VPOS="1355" HPOS="290" CONTENT="PELLICO" ID="r2l42_2" STYLEREFS="FONT0"/>
            <SP HEIGHT="61" WIDTH="14" VPOS="1355" HPOS="440"/>
            <String HEIGHT="61" WIDTH="177" VPOS="1355" HPOS="399" CONTENT="(Silvio)," ID="r2l42_3" STYLEREFS="FONT0"/>
            <SP HEIGHT="61" WIDTH="14" VPOS="1355" HPOS="576"/>
            <String HEIGHT="61" WIDTH="164" VPOS="1355" HPOS="536" CONTENT="l’auteur" ID="r2l42_4" STYLEREFS="FONT0"/>
            <SP HEIGHT="61" WIDTH="14" VPOS="1355" HPOS="699"/>
            <String HEIGHT="61" WIDTH="82" VPOS="1355" HPOS="658" CONTENT="de" ID="r2l42_5" STYLEREFS="FONT0"/>
            <SP HEIGHT="61" WIDTH="14" VPOS="1355" HPOS="740"/>
            <String HEIGHT="61" WIDTH="136" VPOS="1355" HPOS="699" CONTENT="Mes" ID="r2l42_6" STYLEREFS="FONT2"/>
            <SP HEIGHT="61" WIDTH="14" VPOS="1355" HPOS="836"/>
            <String HEIGHT="61" WIDTH="218" VPOS="1355" HPOS="795" CONTENT="prisons" ID="r2l42_7" STYLEREFS="FONT2"/>
            <SP HEIGHT="61" WIDTH="14" VPOS="1355" HPOS="1013"/>
            <String HEIGHT="61" WIDTH="68" VPOS="1355" HPOS="972" CONTENT="—" ID="r2l42_8" STYLEREFS="FONT0"/>
            <SP HEIGHT="61" WIDTH="14" VPOS="1355" HPOS="1040"/>
            <String HEIGHT="61" WIDTH="82" VPOS="1355" HPOS="1000" CONTENT="L." ID="r2l42_9" STYLEREFS="FONT0"/>
            <SP HEIGHT="61" WIDTH="14" VPOS="1355" HPOS="1081"/>
            <String HEIGHT="61" WIDTH="82" VPOS="1355" HPOS="1040" CONTENT="a." ID="r2l42_10" STYLEREFS="FONT0"/>
            <SP HEIGHT="61" WIDTH="14" VPOS="1355" HPOS="1122"/>
            <String HEIGHT="61" WIDTH="68" VPOS="1355" HPOS="1068" CONTENT="s.;" ID="r2l42_11" STYLEREFS="FONT0"/>
          </TextLine>
          <TextLine ID="r2l46" BASELINE="1468" HEIGHT="59" WIDTH="311" VPOS="1409" HPOS="210">
            <String HEIGHT="59" WIDTH="122" VPOS="1409" HPOS="196" CONTENT="1839," ID="r2l46_1" STYLEREFS="FONT0"/>
            <SP HEIGHT="59" WIDTH="14" VPOS="1409" HPOS="318"/>
            <String HEIGHT="59" WIDTH="95" VPOS="1409" HPOS="278" CONTENT="1/2" ID="r2l46_2" STYLEREFS="FONT0"/>
            <SP HEIGHT="59" WIDTH="14" VPOS="1409" HPOS="372"/>
            <String HEIGHT="59" WIDTH="81" VPOS="1409" HPOS="332" CONTENT="p." ID="r2l46_3" STYLEREFS="FONT0"/>
            <SP HEIGHT="59" WIDTH="14" VPOS="1409" HPOS="413"/>
            <String HEIGHT="59" WIDTH="122" VPOS="1409" HPOS="372" CONTENT="in-8." ID="r2l46_4" STYLEREFS="FONT0"/>
            <SP HEIGHT="59" WIDTH="14" VPOS="1409" HPOS="494"/>
            <String HEIGHT="59" WIDTH="68" VPOS="1409" HPOS="453" CONTENT="7" ID="r2l46_5" STYLEREFS="FONT0"/>
            <SP HEIGHT="59" WIDTH="14" VPOS="1409" HPOS="521"/>
            <String HEIGHT="59" WIDTH="54" VPOS="1409" HPOS="467" CONTENT="50" ID="r2l46_6" STYLEREFS="FONT0"/>
          </TextLine>
          <TextLine ID="r2l47" BASELINE="1513" HEIGHT="62" WIDTH="1034" VPOS="1451" HPOS="212">
            <String HEIGHT="62" WIDTH="167" VPOS="1451" HPOS="195" CONTENT="26737." ID="r2l47_1" STYLEREFS="FONT0"/>
            <SP HEIGHT="62" WIDTH="17" VPOS="1451" HPOS="362"/>
            <String HEIGHT="62" WIDTH="167" VPOS="1451" HPOS="312" CONTENT="PETION" ID="r2l47_2" STYLEREFS="FONT0"/>
            <SP HEIGHT="62" WIDTH="17" VPOS="1451" HPOS="479"/>
            <String HEIGHT="62" WIDTH="217" VPOS="1451" HPOS="429" CONTENT="(Jérôme)," ID="r2l47_3" STYLEREFS="FONT0"/>
            <SP HEIGHT="62" WIDTH="17" VPOS="1451" HPOS="646"/>
            <String HEIGHT="62" WIDTH="183" VPOS="1451" HPOS="596" CONTENT="célèbre" ID="r2l47_4" STYLEREFS="FONT0"/>
            <SP HEIGHT="62" WIDTH="17" VPOS="1451" HPOS="779"/>
            <String HEIGHT="62" WIDTH="300" VPOS="1451" HPOS="729" CONTENT="conventionnel," ID="r2l47_5" STYLEREFS="FONT0"/>
            <SP HEIGHT="62" WIDTH="17" VPOS="1451" HPOS="1029"/>
            <String HEIGHT="62" WIDTH="150" VPOS="1451" HPOS="979" CONTENT="maire" ID="r2l47_6" STYLEREFS="FONT0"/>
            <SP HEIGHT="62" WIDTH="17" VPOS="1451" HPOS="1129"/>
            <String HEIGHT="62" WIDTH="100" VPOS="1451" HPOS="1079" CONTENT="de" ID="r2l47_7" STYLEREFS="FONT0"/>
            <SP HEIGHT="62" WIDTH="17" VPOS="1451" HPOS="1179"/>
            <String HEIGHT="62" WIDTH="133" VPOS="1451" HPOS="1113" CONTENT="Paris," ID="r2l47_8" STYLEREFS="FONT0"/>
          </TextLine>
          <TextLine ID="r2l48" BASELINE="1563" HEIGHT="53" WIDTH="1033" VPOS="1510" HPOS="213">
            <String HEIGHT="53" WIDTH="200" VPOS="1510" HPOS="196" CONTENT="proscrit" ID="r2l48_1" STYLEREFS="FONT0"/>
            <SP HEIGHT="53" WIDTH="17" VPOS="1510" HPOS="396"/>
            <String HEIGHT="53" WIDTH="133" VPOS="1510" HPOS="346" CONTENT="avec" ID="r2l48_2" STYLEREFS="FONT0"/>
            <SP HEIGHT="53" WIDTH="17" VPOS="1510" HPOS="480"/>
            <String HEIGHT="53" WIDTH="117" VPOS="1510" HPOS="430" CONTENT="les" ID="r2l48_3" STYLEREFS="FONT0"/>
            <SP HEIGHT="53" WIDTH="17" VPOS="1510" HPOS="546"/>
            <String HEIGHT="53" WIDTH="233" VPOS="1510" HPOS="496" CONTENT="Girondins." ID="r2l48_4" STYLEREFS="FONT0"/>
            <SP HEIGHT="53" WIDTH="17" VPOS="1510" HPOS="730"/>
            <String HEIGHT="53" WIDTH="83" VPOS="1510" HPOS="680" CONTENT="—" ID="r2l48_5" STYLEREFS="FONT0"/>
            <SP HEIGHT="53" WIDTH="17" VPOS="1510" HPOS="763"/>
            <String HEIGHT="53" WIDTH="100" VPOS="1510" HPOS="713" CONTENT="L." ID="r2l48_6" STYLEREFS="FONT0"/>
            <SP HEIGHT="53" WIDTH="17" VPOS="1510" HPOS="813"/>
            <String HEIGHT="53" WIDTH="100" VPOS="1510" HPOS="763" CONTENT="s." ID="r2l48_7" STYLEREFS="FONT0"/>
            <SP HEIGHT="53" WIDTH="17" VPOS="1510" HPOS="863"/>
            <String HEIGHT="53" WIDTH="83" VPOS="1510" HPOS="813" CONTENT="a" ID="r2l48_8" STYLEREFS="FONT0"/>
            <SP HEIGHT="53" WIDTH="17" VPOS="1510" HPOS="896"/>
            <String HEIGHT="53" WIDTH="117" VPOS="1510" HPOS="846" CONTENT="ses" ID="r2l48_9" STYLEREFS="FONT0"/>
            <SP HEIGHT="53" WIDTH="17" VPOS="1510" HPOS="963"/>
            <String HEIGHT="53" WIDTH="267" VPOS="1510" HPOS="913" CONTENT="concitoyens;" ID="r2l48_10" STYLEREFS="FONT0"/>
            <SP HEIGHT="53" WIDTH="17" VPOS="1510" HPOS="1179"/>
            <String HEIGHT="53" WIDTH="133" VPOS="1510" HPOS="1113" CONTENT="Paris," ID="r2l48_11" STYLEREFS="FONT0"/>
          </TextLine>
          <TextLine ID="r2l51" BASELINE="1597" HEIGHT="52" WIDTH="479" VPOS="1545" HPOS="219">
            <String HEIGHT="52" WIDTH="70" VPOS="1545" HPOS="205" CONTENT="9" ID="r2l51_1" STYLEREFS="FONT0"/>
            <SP HEIGHT="52" WIDTH="14" VPOS="1545" HPOS="275"/>
            <String HEIGHT="52" WIDTH="113" VPOS="1545" HPOS="233" CONTENT="août" ID="r2l51_2" STYLEREFS="FONT0"/>
            <SP HEIGHT="52" WIDTH="14" VPOS="1545" HPOS="346"/>
            <String HEIGHT="52" WIDTH="127" VPOS="1545" HPOS="304" CONTENT="1792," ID="r2l51_3" STYLEREFS="FONT0"/>
            <SP HEIGHT="52" WIDTH="14" VPOS="1545" HPOS="430"/>
            <String HEIGHT="52" WIDTH="70" VPOS="1545" HPOS="388" CONTENT="1" ID="r2l51_4" STYLEREFS="FONT0"/>
            <SP HEIGHT="52" WIDTH="14" VPOS="1545" HPOS="459"/>
            <String HEIGHT="52" WIDTH="85" VPOS="1545" HPOS="416" CONTENT="p." ID="r2l51_5" STYLEREFS="FONT0"/>
            <SP HEIGHT="52" WIDTH="14" VPOS="1545" HPOS="501"/>
            <String HEIGHT="52" WIDTH="99" VPOS="1545" HPOS="459" CONTENT="1/2" ID="r2l51_6" STYLEREFS="FONT0"/>
            <SP HEIGHT="52" WIDTH="14" VPOS="1545" HPOS="557"/>
            <String HEIGHT="52" WIDTH="155" VPOS="1545" HPOS="515" CONTENT="in-fol." ID="r2l51_7" STYLEREFS="FONT0"/>
            <SP HEIGHT="52" WIDTH="14" VPOS="1545" HPOS="670"/>
            <String HEIGHT="52" WIDTH="85" VPOS="1545" HPOS="628" CONTENT="15" ID="r2l51_8" STYLEREFS="FONT0"/>
            <SP HEIGHT="52" WIDTH="14" VPOS="1545" HPOS="712"/>
            <String HEIGHT="52" WIDTH="42" VPOS="1545" HPOS="656" CONTENT="»" ID="r2l51_9" STYLEREFS="FONT0"/>
          </TextLine>
          <TextLine ID="r2l52" BASELINE="1638" HEIGHT="52" WIDTH="1007" VPOS="1586" HPOS="243">
            <String HEIGHT="52" WIDTH="124" VPOS="1586" HPOS="229" CONTENT="Pièce" ID="r2l52_1" STYLEREFS="FONT0"/>
            <SP HEIGHT="52" WIDTH="14" VPOS="1586" HPOS="353"/>
            <String HEIGHT="52" WIDTH="193" VPOS="1586" HPOS="312" CONTENT="historique" ID="r2l52_2" STYLEREFS="FONT0"/>
            <SP HEIGHT="52" WIDTH="14" VPOS="1586" HPOS="505"/>
            <String HEIGHT="52" WIDTH="110" VPOS="1586" HPOS="464" CONTENT="dans" ID="r2l52_3" STYLEREFS="FONT0"/>
            <SP HEIGHT="52" WIDTH="14" VPOS="1586" HPOS="574"/>
            <String HEIGHT="52" WIDTH="166" VPOS="1586" HPOS="533" CONTENT="laquelle" ID="r2l52_4" STYLEREFS="FONT0"/>
            <SP HEIGHT="52" WIDTH="14" VPOS="1586" HPOS="698"/>
            <String HEIGHT="52" WIDTH="83" VPOS="1586" HPOS="657" CONTENT="il" ID="r2l52_5" STYLEREFS="FONT0"/>
            <SP HEIGHT="52" WIDTH="14" VPOS="1586" HPOS="740"/>
            <String HEIGHT="52" WIDTH="152" VPOS="1586" HPOS="698" CONTENT="demande" ID="r2l52_6" STYLEREFS="FONT0"/>
            <SP HEIGHT="52" WIDTH="14" VPOS="1586" HPOS="850"/>
            <String HEIGHT="52" WIDTH="83" VPOS="1586" HPOS="809" CONTENT="au" ID="r2l52_7" STYLEREFS="FONT0"/>
            <SP HEIGHT="52" WIDTH="14" VPOS="1586" HPOS="891"/>
            <String HEIGHT="52" WIDTH="138" VPOS="1586" HPOS="850" CONTENT="peupie" ID="r2l52_8" STYLEREFS="FONT0"/>
            <SP HEIGHT="52" WIDTH="14" VPOS="1586" HPOS="988"/>
            <String HEIGHT="52" WIDTH="83" VPOS="1586" HPOS="947" CONTENT="du" ID="r2l52_9" STYLEREFS="FONT0"/>
            <SP HEIGHT="52" WIDTH="14" VPOS="1586" HPOS="1029"/>
            <String HEIGHT="52" WIDTH="138" VPOS="1586" HPOS="988" CONTENT="calme." ID="r2l52_10" STYLEREFS="FONT0"/>
            <SP HEIGHT="52" WIDTH="14" VPOS="1586" HPOS="1126"/>
            <String HEIGHT="52" WIDTH="179" VPOS="1586" HPOS="1071" CONTENT="L’Assemblée" ID="r2l52_11" STYLEREFS="FONT0"/>
          </TextLine>
          <TextLine ID="r2l53" BASELINE="1664" HEIGHT="44" WIDTH="1036" VPOS="1620" HPOS="217">
            <String HEIGHT="44" WIDTH="161" VPOS="1620" HPOS="204" CONTENT="s’occupe" ID="r2l53_1" STYLEREFS="FONT0"/>
            <SP HEIGHT="44" WIDTH="13" VPOS="1620" HPOS="365"/>
            <String HEIGHT="44" WIDTH="81" VPOS="1620" HPOS="325" CONTENT="en" ID="r2l53_2" STYLEREFS="FONT0"/>
            <SP HEIGHT="44" WIDTH="13" VPOS="1620" HPOS="405"/>
            <String HEIGHT="44" WIDTH="81" VPOS="1620" HPOS="365" CONTENT="ce" ID="r2l53_3" STYLEREFS="FONT0"/>
            <SP HEIGHT="44" WIDTH="13" VPOS="1620" HPOS="446"/>
            <String HEIGHT="44" WIDTH="135" VPOS="1620" HPOS="405" CONTENT="moment" ID="r2l53_4" STYLEREFS="FONT0"/>
            <SP HEIGHT="44" WIDTH="13" VPOS="1620" HPOS="540"/>
            <String HEIGHT="44" WIDTH="94" VPOS="1620" HPOS="500" CONTENT="des" ID="r2l53_5" STYLEREFS="FONT0"/>
            <SP HEIGHT="44" WIDTH="13" VPOS="1620" HPOS="594"/>
            <String HEIGHT="44" WIDTH="108" VPOS="1620" HPOS="553" CONTENT="plus" ID="r2l53_6" STYLEREFS="FONT0"/>
            <SP HEIGHT="44" WIDTH="13" VPOS="1620" HPOS="661"/>
            <String HEIGHT="44" WIDTH="135" VPOS="1620" HPOS="621" CONTENT="grands" ID="r2l53_7" STYLEREFS="FONT0"/>
            <SP HEIGHT="44" WIDTH="13" VPOS="1620" HPOS="755"/>
            <String HEIGHT="44" WIDTH="161" VPOS="1620" HPOS="715" CONTENT="intérêts" ID="r2l53_8" STYLEREFS="FONT0"/>
            <SP HEIGHT="44" WIDTH="13" VPOS="1620" HPOS="876"/>
            <String HEIGHT="44" WIDTH="81" VPOS="1620" HPOS="836" CONTENT="de" ID="r2l53_9" STYLEREFS="FONT0"/>
            <SP HEIGHT="44" WIDTH="13" VPOS="1620" HPOS="917"/>
            <String HEIGHT="44" WIDTH="81" VPOS="1620" HPOS="876" CONTENT="la" ID="r2l53_10" STYLEREFS="FONT0"/>
            <SP HEIGHT="44" WIDTH="13" VPOS="1620" HPOS="957"/>
            <String HEIGHT="44" WIDTH="148" VPOS="1620" HPOS="917" CONTENT="France." ID="r2l53_11" STYLEREFS="FONT0"/>
            <SP HEIGHT="44" WIDTH="13" VPOS="1620" HPOS="1065"/>
            <String HEIGHT="44" WIDTH="121" VPOS="1620" HPOS="1024" CONTENT="«S’il" ID="r2l53_12" STYLEREFS="FONT0"/>
            <SP HEIGHT="44" WIDTH="13" VPOS="1620" HPOS="1145"/>
            <String HEIGHT="44" WIDTH="121" VPOS="1620" HPOS="1105" CONTENT="étoit" ID="r2l53_13" STYLEREFS="FONT0"/>
            <SP HEIGHT="44" WIDTH="13" VPOS="1620" HPOS="1226"/>
            <String HEIGHT="44" WIDTH="81" VPOS="1620" HPOS="1172" CONTENT="pos" SUBS_TYPE="HypPart1" SUBS_CONTENT="possible" ID="r2l53_14" STYLEREFS="FONT0"/>
            <HYP CONTENT="-"/>
          </TextLine>
          <TextLine ID="r2l54" BASELINE="1693" HEIGHT="42" WIDTH="1033" VPOS="1651" HPOS="219">
            <String HEIGHT="42" WIDTH="121" VPOS="1651" HPOS="206" CONTENT="sible" SUBS_TYPE="HypPart2" SUBS_CONTENT="possible" ID="r2l54_1" STYLEREFS="FONT0"/>
            <SP HEIGHT="42" WIDTH="13" VPOS="1651" HPOS="326"/>
            <String HEIGHT="42" WIDTH="94" VPOS="1651" HPOS="286" CONTENT="que" ID="r2l54_2" STYLEREFS="FONT0"/>
            <SP HEIGHT="42" WIDTH="13" VPOS="1651" HPOS="380"/>
            <String HEIGHT="42" WIDTH="94" VPOS="1651" HPOS="340" CONTENT="ses" ID="r2l54_3" STYLEREFS="FONT0"/>
            <SP HEIGHT="42" WIDTH="13" VPOS="1651" HPOS="434"/>
            <String HEIGHT="42" WIDTH="107" VPOS="1651" HPOS="393" CONTENT="murs" ID="r2l54_4" STYLEREFS="FONT0"/>
            <SP HEIGHT="42" WIDTH="13" VPOS="1651" HPOS="501"/>
            <String HEIGHT="42" WIDTH="148" VPOS="1651" HPOS="460" CONTENT="fussent" ID="r2l54_5" STYLEREFS="FONT0"/>
            <SP HEIGHT="42" WIDTH="13" VPOS="1651" HPOS="608"/>
            <String HEIGHT="42" WIDTH="161" VPOS="1651" HPOS="568" CONTENT="hérissés" ID="r2l54_6" STYLEREFS="FONT0"/>
            <SP HEIGHT="42" WIDTH="13" VPOS="1651" HPOS="729"/>
            <String HEIGHT="42" WIDTH="80" VPOS="1651" HPOS="689" CONTENT="de" ID="r2l54_7" STYLEREFS="FONT0"/>
            <SP HEIGHT="42" WIDTH="13" VPOS="1651" HPOS="769"/>
            <String HEIGHT="42" WIDTH="215" VPOS="1651" HPOS="729" CONTENT="bayonnettes," ID="r2l54_8" STYLEREFS="FONT0"/>
            <SP HEIGHT="42" WIDTH="13" VPOS="1651" HPOS="943"/>
            <String HEIGHT="42" WIDTH="67" VPOS="1651" HPOS="903" CONTENT="à" ID="r2l54_9" STYLEREFS="FONT0"/>
            <SP HEIGHT="42" WIDTH="13" VPOS="1651" HPOS="970"/>
            <String HEIGHT="42" WIDTH="174" VPOS="1651" HPOS="930" CONTENT="l’instant" ID="r2l54_10" STYLEREFS="FONT0"/>
            <SP HEIGHT="42" WIDTH="13" VPOS="1651" HPOS="1104"/>
            <String HEIGHT="42" WIDTH="107" VPOS="1651" HPOS="1064" CONTENT="tous" ID="r2l54_11" STYLEREFS="FONT0"/>
            <SP HEIGHT="42" WIDTH="13" VPOS="1651" HPOS="1172"/>
            <String HEIGHT="42" WIDTH="94" VPOS="1651" HPOS="1131" CONTENT="les" ID="r2l54_12" STYLEREFS="FONT0"/>
            <SP HEIGHT="42" WIDTH="13" VPOS="1651" HPOS="1225"/>
            <String HEIGHT="42" WIDTH="80" VPOS="1651" HPOS="1172" CONTENT="cris" ID="r2l54_13" STYLEREFS="FONT0"/>
          </TextLine>
          <TextLine ID="r2l55" BASELINE="1731" HEIGHT="44" WIDTH="1034" VPOS="1687" HPOS="219">
            <String HEIGHT="44" WIDTH="81" VPOS="1687" HPOS="206" CONTENT="de" ID="r2l55_1" STYLEREFS="FONT0"/>
            <SP HEIGHT="44" WIDTH="13" VPOS="1687" HPOS="286"/>
            <String HEIGHT="44" WIDTH="81" VPOS="1687" HPOS="246" CONTENT="la" ID="r2l55_2" STYLEREFS="FONT0"/>
            <SP HEIGHT="44" WIDTH="13" VPOS="1687" HPOS="326"/>
            <String HEIGHT="44" WIDTH="215" VPOS="1687" HPOS="286" CONTENT="malveillance" ID="r2l55_3" STYLEREFS="FONT0"/>
            <SP HEIGHT="44" WIDTH="13" VPOS="1687" HPOS="501"/>
            <String HEIGHT="44" WIDTH="228" VPOS="1687" HPOS="461" CONTENT="s’élèveraient" ID="r2l55_4" STYLEREFS="FONT0"/>
            <SP HEIGHT="44" WIDTH="13" VPOS="1687" HPOS="689"/>
            <String HEIGHT="44" WIDTH="107" VPOS="1687" HPOS="649" CONTENT="pour" ID="r2l55_5" STYLEREFS="FONT0"/>
            <SP HEIGHT="44" WIDTH="13" VPOS="1687" HPOS="756"/>
            <String HEIGHT="44" WIDTH="107" VPOS="1687" HPOS="716" CONTENT="dire" ID="r2l55_6" STYLEREFS="FONT0"/>
            <SP HEIGHT="44" WIDTH="13" VPOS="1687" HPOS="823"/>
            <String HEIGHT="44" WIDTH="148" VPOS="1687" HPOS="783" CONTENT="qu’elle" ID="r2l55_7" STYLEREFS="FONT0"/>
            <SP HEIGHT="44" WIDTH="13" VPOS="1687" HPOS="931"/>
            <String HEIGHT="44" WIDTH="121" VPOS="1687" HPOS="890" CONTENT="n’est" ID="r2l55_8" STYLEREFS="FONT0"/>
            <SP HEIGHT="44" WIDTH="13" VPOS="1687" HPOS="1011"/>
            <String HEIGHT="44" WIDTH="94" VPOS="1687" HPOS="971" CONTENT="pas" ID="r2l55_9" STYLEREFS="FONT0"/>
            <SP HEIGHT="44" WIDTH="13" VPOS="1687" HPOS="1065"/>
            <String HEIGHT="44" WIDTH="121" VPOS="1687" HPOS="1025" CONTENT="libre" ID="r2l55_10" STYLEREFS="FONT0"/>
            <SP HEIGHT="44" WIDTH="13" VPOS="1687" HPOS="1146"/>
            <String HEIGHT="44" WIDTH="81" VPOS="1687" HPOS="1105" CONTENT="et" ID="r2l55_11" STYLEREFS="FONT0"/>
            <SP HEIGHT="44" WIDTH="13" VPOS="1687" HPOS="1186"/>
            <String HEIGHT="44" WIDTH="121" VPOS="1687" HPOS="1146" CONTENT="qu’on" ID="r2l55_12" STYLEREFS="FONT0"/>
            <SP HEIGHT="44" WIDTH="13" VPOS="1687" HPOS="1266"/>
            <String HEIGHT="44" WIDTH="40" VPOS="1687" HPOS="1213" CONTENT="a" ID="r2l55_13" STYLEREFS="FONT0"/>
          </TextLine>
          <TextLine ID="r2l57" BASELINE="1769" HEIGHT="49" WIDTH="831" VPOS="1720" HPOS="211">
            <String HEIGHT="49" WIDTH="147" VPOS="1720" HPOS="198" CONTENT="arraché" ID="r2l57_1" STYLEREFS="FONT0"/>
            <SP HEIGHT="49" WIDTH="13" VPOS="1720" HPOS="345"/>
            <String HEIGHT="49" WIDTH="67" VPOS="1720" HPOS="305" CONTENT="à" ID="r2l57_2" STYLEREFS="FONT0"/>
            <SP HEIGHT="49" WIDTH="13" VPOS="1720" HPOS="372"/>
            <String HEIGHT="49" WIDTH="80" VPOS="1720" HPOS="332" CONTENT="la" ID="r2l57_3" STYLEREFS="FONT0"/>
            <SP HEIGHT="49" WIDTH="13" VPOS="1720" HPOS="412"/>
            <String HEIGHT="49" WIDTH="147" VPOS="1720" HPOS="372" CONTENT="crainte" ID="r2l57_4" STYLEREFS="FONT0"/>
            <SP HEIGHT="49" WIDTH="13" VPOS="1720" HPOS="519"/>
            <String HEIGHT="49" WIDTH="80" VPOS="1720" HPOS="479" CONTENT="ce" ID="r2l57_5" STYLEREFS="FONT0"/>
            <SP HEIGHT="49" WIDTH="13" VPOS="1720" HPOS="559"/>
            <String HEIGHT="49" WIDTH="94" VPOS="1720" HPOS="519" CONTENT="que" ID="r2l57_6" STYLEREFS="FONT0"/>
            <SP HEIGHT="49" WIDTH="13" VPOS="1720" HPOS="613"/>
            <String HEIGHT="49" WIDTH="94" VPOS="1720" HPOS="573" CONTENT="son" ID="r2l57_7" STYLEREFS="FONT0"/>
            <SP HEIGHT="49" WIDTH="13" VPOS="1720" HPOS="667"/>
            <String HEIGHT="49" WIDTH="147" VPOS="1720" HPOS="627" CONTENT="civisme" ID="r2l57_8" STYLEREFS="FONT0"/>
            <SP HEIGHT="49" WIDTH="13" VPOS="1720" HPOS="774"/>
            <String HEIGHT="49" WIDTH="107" VPOS="1720" HPOS="734" CONTENT="seul" ID="r2l57_9" STYLEREFS="FONT0"/>
            <SP HEIGHT="49" WIDTH="13" VPOS="1720" HPOS="841"/>
            <String HEIGHT="49" WIDTH="107" VPOS="1720" HPOS="801" CONTENT="doit" ID="r2l57_10" STYLEREFS="FONT0"/>
            <SP HEIGHT="49" WIDTH="13" VPOS="1720" HPOS="908"/>
            <String HEIGHT="49" WIDTH="94" VPOS="1720" HPOS="868" CONTENT="lui" ID="r2l57_11" STYLEREFS="FONT0"/>
            <SP HEIGHT="49" WIDTH="13" VPOS="1720" HPOS="962"/>
            <String HEIGHT="49" WIDTH="134" VPOS="1720" HPOS="908" CONTENT="dicter.»" ID="r2l57_12" STYLEREFS="FONT0"/>
          </TextLine>
          <TextLine ID="r2l58" BASELINE="1817" HEIGHT="55" WIDTH="1034" VPOS="1762" HPOS="221">
            <String HEIGHT="55" WIDTH="157" VPOS="1762" HPOS="205" CONTENT="26738." ID="r2l58_1" STYLEREFS="FONT0"/>
            <SP HEIGHT="55" WIDTH="16" VPOS="1762" HPOS="362"/>
            <String HEIGHT="55" WIDTH="141" VPOS="1762" HPOS="315" CONTENT="PIRON" ID="r2l58_2" STYLEREFS="FONT0"/>
            <SP HEIGHT="55" WIDTH="16" VPOS="1762" HPOS="456"/>
            <String HEIGHT="55" WIDTH="204" VPOS="1762" HPOS="409" CONTENT="(Alexis)," ID="r2l58_3" STYLEREFS="FONT0"/>
            <SP HEIGHT="55" WIDTH="16" VPOS="1762" HPOS="613"/>
            <String HEIGHT="55" WIDTH="172" VPOS="1762" HPOS="566" CONTENT="célèbre" ID="r2l58_4" STYLEREFS="FONT0"/>
            <SP HEIGHT="55" WIDTH="16" VPOS="1762" HPOS="738"/>
            <String HEIGHT="55" WIDTH="141" VPOS="1762" HPOS="691" CONTENT="poëte" ID="r2l58_5" STYLEREFS="FONT0"/>
            <SP HEIGHT="55" WIDTH="16" VPOS="1762" HPOS="832"/>
            <String HEIGHT="55" WIDTH="219" VPOS="1762" HPOS="785" CONTENT="dramatique" ID="r2l58_6" STYLEREFS="FONT0"/>
            <SP HEIGHT="55" WIDTH="16" VPOS="1762" HPOS="1004"/>
            <String HEIGHT="55" WIDTH="94" VPOS="1762" HPOS="957" CONTENT="et" ID="r2l58_7" STYLEREFS="FONT0"/>
            <SP HEIGHT="55" WIDTH="16" VPOS="1762" HPOS="1051"/>
            <String HEIGHT="55" WIDTH="188" VPOS="1762" HPOS="1004" CONTENT="grivois," ID="r2l58_8" STYLEREFS="FONT0"/>
            <SP HEIGHT="55" WIDTH="16" VPOS="1762" HPOS="1192"/>
            <String HEIGHT="55" WIDTH="125" VPOS="1762" HPOS="1130" CONTENT="auteur" ID="r2l58_9" STYLEREFS="FONT0"/>
          </TextLine>
          <TextLine ID="r2l59" BASELINE="1854" HEIGHT="53" WIDTH="1041" VPOS="1801" HPOS="217">
            <String HEIGHT="53" WIDTH="96" VPOS="1801" HPOS="201" CONTENT="de" ID="r2l59_1" STYLEREFS="FONT0"/>
            <SP HEIGHT="53" WIDTH="16" VPOS="1801" HPOS="297"/>
            <String HEIGHT="53" WIDTH="144" VPOS="1801" HPOS="249" CONTENT="la" ID="r2l59_2" STYLEREFS="FONT2"/>
            <SP HEIGHT="53" WIDTH="16" VPOS="1801" HPOS="393"/>
            <String HEIGHT="53" WIDTH="304" VPOS="1801" HPOS="345" CONTENT="Métromanie" ID="r2l59_3" STYLEREFS="FONT2"/>
            <SP HEIGHT="53" WIDTH="16" VPOS="1801" HPOS="649"/>
            <String HEIGHT="53" WIDTH="80" VPOS="1801" HPOS="601" CONTENT="—" ID="r2l59_4" STYLEREFS="FONT0"/>
            <SP HEIGHT="53" WIDTH="16" VPOS="1801" HPOS="681"/>
            <String HEIGHT="53" WIDTH="144" VPOS="1801" HPOS="633" CONTENT="Trois" ID="r2l59_5" STYLEREFS="FONT0"/>
            <SP HEIGHT="53" WIDTH="16" VPOS="1801" HPOS="778"/>
            <String HEIGHT="53" WIDTH="160" VPOS="1801" HPOS="729" CONTENT="pièces" ID="r2l59_6" STYLEREFS="FONT0"/>
            <SP HEIGHT="53" WIDTH="16" VPOS="1801" HPOS="890"/>
            <String HEIGHT="53" WIDTH="96" VPOS="1801" HPOS="842" CONTENT="de" ID="r2l59_7" STYLEREFS="FONT0"/>
            <SP HEIGHT="53" WIDTH="16" VPOS="1801" HPOS="938"/>
            <String HEIGHT="53" WIDTH="128" VPOS="1801" HPOS="890" CONTENT="vers" ID="r2l59_8" STYLEREFS="FONT0"/>
            <SP HEIGHT="53" WIDTH="16" VPOS="1801" HPOS="1018"/>
            <String HEIGHT="53" WIDTH="256" VPOS="1801" HPOS="970" CONTENT="autographes," ID="r2l59_9" STYLEREFS="FONT0"/>
            <SP HEIGHT="53" WIDTH="16" VPOS="1801" HPOS="1226"/>
            <String HEIGHT="53" WIDTH="80" VPOS="1801" HPOS="1178" CONTENT="2" ID="r2l59_10" STYLEREFS="FONT0"/>
            <SP HEIGHT="53" WIDTH="16" VPOS="1801" HPOS="1258"/>
            <String HEIGHT="53" WIDTH="64" VPOS="1801" HPOS="1194" CONTENT="p." ID="r2l59_11" STYLEREFS="FONT0"/>
          </TextLine>
          <TextLine ID="r2l61" BASELINE="1907" HEIGHT="56" WIDTH="82" VPOS="1851" HPOS="226">
            <String HEIGHT="56" WIDTH="74" VPOS="1851" HPOS="218" CONTENT="in-4." ID="r2l61_1" STYLEREFS="FONT0"/>
            <SP HEIGHT="56" WIDTH="8" VPOS="1851" HPOS="292"/>
            <String HEIGHT="56" WIDTH="41" VPOS="1851" HPOS="267" CONTENT="7" ID="r2l61_2" STYLEREFS="FONT0"/>
            <SP HEIGHT="56" WIDTH="8" VPOS="1851" HPOS="308"/>
            <String HEIGHT="56" WIDTH="33" VPOS="1851" HPOS="275" CONTENT="50" ID="r2l61_3" STYLEREFS="FONT0"/>
          </TextLine>
          <TextLine ID="r2l62" BASELINE="1948" HEIGHT="79" WIDTH="1034" VPOS="1869" HPOS="223">
            <String HEIGHT="79" WIDTH="175" VPOS="1869" HPOS="205" CONTENT="26739." ID="r2l62_1" STYLEREFS="FONT0"/>
            <SP HEIGHT="79" WIDTH="18" VPOS="1869" HPOS="381"/>
            <String HEIGHT="79" WIDTH="228" VPOS="1869" HPOS="328" CONTENT="ROCHEFORT" ID="r2l62_2" STYLEREFS="FONT0"/>
            <SP HEIGHT="79" WIDTH="18" VPOS="1869" HPOS="556"/>
            <String HEIGHT="79" WIDTH="175" VPOS="1869" HPOS="503" CONTENT="(H.-L." ID="r2l62_3" STYLEREFS="FONT0"/>
            <SP HEIGHT="79" WIDTH="18" VPOS="1869" HPOS="679"/>
            <String HEIGHT="79" WIDTH="245" VPOS="1869" HPOS="626" CONTENT="d’ALOIGNY," ID="r2l62_4" STYLEREFS="FONT0"/>
            <SP HEIGHT="79" WIDTH="18" VPOS="1869" HPOS="871"/>
            <String HEIGHT="79" WIDTH="193" VPOS="1869" HPOS="819" CONTENT="marquis" ID="r2l62_5" STYLEREFS="FONT0"/>
            <SP HEIGHT="79" WIDTH="18" VPOS="1869" HPOS="1012"/>
            <String HEIGHT="79" WIDTH="140" VPOS="1869" HPOS="959" CONTENT="de)," ID="r2l62_6" STYLEREFS="FONT0"/>
            <SP HEIGHT="79" WIDTH="18" VPOS="1869" HPOS="1099"/>
            <String HEIGHT="79" WIDTH="210" VPOS="1869" HPOS="1047" CONTENT="maréchal" ID="r2l62_7" STYLEREFS="FONT0"/>
            <SP HEIGHT="79" WIDTH="18" VPOS="1869" HPOS="1257"/>
            <String HEIGHT="79" WIDTH="70" VPOS="1869" HPOS="1187" CONTENT="de" ID="r2l62_8" STYLEREFS="FONT0"/>
          </TextLine>
          <TextLine ID="r2l63" BASELINE="2002" HEIGHT="67" WIDTH="603" VPOS="1935" HPOS="654">
            <String HEIGHT="67" WIDTH="114" VPOS="1935" HPOS="644" CONTENT="France," ID="r2l63_1" STYLEREFS="FONT0"/>
            <SP HEIGHT="67" WIDTH="10" VPOS="1935" HPOS="758"/>
            <String HEIGHT="67" WIDTH="62" VPOS="1935" HPOS="727" CONTENT="un" ID="r2l63_2" STYLEREFS="FONT0"/>
            <SP HEIGHT="67" WIDTH="10" VPOS="1935" HPOS="789"/>
            <String HEIGHT="67" WIDTH="73" VPOS="1935" HPOS="758" CONTENT="des" ID="r2l63_3" STYLEREFS="FONT0"/>
            <SP HEIGHT="67" WIDTH="10" VPOS="1935" HPOS="831"/>
            <String HEIGHT="67" WIDTH="135" VPOS="1935" HPOS="800" CONTENT="meilleurs" ID="r2l63_4" STYLEREFS="FONT0"/>
            <SP HEIGHT="67" WIDTH="10" VPOS="1935" HPOS="935"/>
            <String HEIGHT="67" WIDTH="146" VPOS="1935" HPOS="904" CONTENT="capitaines" ID="r2l63_5" STYLEREFS="FONT0"/>
            <SP HEIGHT="67" WIDTH="10" VPOS="1935" HPOS="1049"/>
            <String HEIGHT="67" WIDTH="62" VPOS="1935" HPOS="1018" CONTENT="du" ID="r2l63_6" STYLEREFS="FONT0"/>
            <SP HEIGHT="67" WIDTH="10" VPOS="1935" HPOS="1080"/>
            <String HEIGHT="67" WIDTH="94" VPOS="1935" HPOS="1049" CONTENT="règne" ID="r2l63_7" STYLEREFS="FONT0"/>
            <SP HEIGHT="67" WIDTH="10" VPOS="1935" HPOS="1143"/>
            <String HEIGHT="67" WIDTH="62" VPOS="1935" HPOS="1111" CONTENT="de" ID="r2l63_8" STYLEREFS="FONT0"/>
            <SP HEIGHT="67" WIDTH="10" VPOS="1935" HPOS="1174"/>
            <String HEIGHT="67" WIDTH="94" VPOS="1935" HPOS="1143" CONTENT="Louis" ID="r2l63_9" STYLEREFS="FONT0"/>
            <SP HEIGHT="67" WIDTH="10" VPOS="1935" HPOS="1236"/>
            <String HEIGHT="67" WIDTH="62" VPOS="1935" HPOS="1195" CONTENT="XIV," ID="r2l63_10" STYLEREFS="FONT0"/>
          </TextLine>
          <TextLine ID="r2l65" BASELINE="2045" HEIGHT="70" WIDTH="1041" VPOS="1975" HPOS="225">
            <String HEIGHT="70" WIDTH="251" VPOS="1975" HPOS="207" CONTENT="gouverneur" ID="r2l65_1" STYLEREFS="FONT0"/>
            <SP HEIGHT="70" WIDTH="18" VPOS="1975" HPOS="458"/>
            <String HEIGHT="70" WIDTH="108" VPOS="1975" HPOS="404" CONTENT="de" ID="r2l65_2" STYLEREFS="FONT0"/>
            <SP HEIGHT="70" WIDTH="18" VPOS="1975" HPOS="512"/>
            <String HEIGHT="70" WIDTH="233" VPOS="1975" HPOS="458" CONTENT="Lorraine." ID="r2l65_3" STYLEREFS="FONT0"/>
            <SP HEIGHT="70" WIDTH="18" VPOS="1975" HPOS="692"/>
            <String HEIGHT="70" WIDTH="90" VPOS="1975" HPOS="638" CONTENT="—" ID="r2l65_4" STYLEREFS="FONT0"/>
            <SP HEIGHT="70" WIDTH="18" VPOS="1975" HPOS="728"/>
            <String HEIGHT="70" WIDTH="108" VPOS="1975" HPOS="674" CONTENT="P." ID="r2l65_5" STYLEREFS="FONT0"/>
            <SP HEIGHT="70" WIDTH="18" VPOS="1975" HPOS="781"/>
            <String HEIGHT="70" WIDTH="126" VPOS="1975" HPOS="728" CONTENT="s.;" ID="r2l65_6" STYLEREFS="FONT0"/>
            <SP HEIGHT="70" WIDTH="18" VPOS="1975" HPOS="853"/>
            <String HEIGHT="70" WIDTH="179" VPOS="1975" HPOS="799" CONTENT="Nancy," ID="r2l65_7" STYLEREFS="FONT0"/>
            <SP HEIGHT="70" WIDTH="18" VPOS="1975" HPOS="979"/>
            <String HEIGHT="70" WIDTH="162" VPOS="1975" HPOS="925" CONTENT="1676," ID="r2l65_8" STYLEREFS="FONT0"/>
            <SP HEIGHT="70" WIDTH="18" VPOS="1975" HPOS="1087"/>
            <String HEIGHT="70" WIDTH="90" VPOS="1975" HPOS="1033" CONTENT="1" ID="r2l65_9" STYLEREFS="FONT0"/>
            <SP HEIGHT="70" WIDTH="18" VPOS="1975" HPOS="1122"/>
            <String HEIGHT="70" WIDTH="108" VPOS="1975" HPOS="1069" CONTENT="p." ID="r2l65_10" STYLEREFS="FONT0"/>
            <SP HEIGHT="70" WIDTH="18" VPOS="1975" HPOS="1176"/>
            <String HEIGHT="70" WIDTH="162" VPOS="1975" HPOS="1104" CONTENT="in" ID="r2l65_11" STYLEREFS="FONT0"/>
          </TextLine>
          <TextLine ID="r2l67" BASELINE="2090" HEIGHT="59" WIDTH="126" VPOS="2031" HPOS="225">
            <String HEIGHT="59" WIDTH="126" VPOS="2031" HPOS="214" CONTENT="oblong." ID="r2l67_1" STYLEREFS="FONT0"/>
            <SP HEIGHT="59" WIDTH="11" VPOS="2031" HPOS="340"/>
            <String HEIGHT="59" WIDTH="57" VPOS="2031" HPOS="305" CONTENT="5" ID="r2l67_2" STYLEREFS="FONT0"/>
            <SP HEIGHT="59" WIDTH="11" VPOS="2031" HPOS="362"/>
            <String HEIGHT="59" WIDTH="34" VPOS="2031" HPOS="317" CONTENT="»" ID="r2l67_3" STYLEREFS="FONT0"/>
          </TextLine>
        </TextBlock>
      </PrintSpace>
    </Page>
  </Layout>
</alto>
