1626 2593
701 225 99 61 5

325 279 162 59 Mouzon,
443 279 162 59 mémoire
561 279 118 59 pour
635 279 103 59 les
694 279 147 59 villes
797 279 88 59 de
841 279 133 59 Givet
930 279 88 59 et
974 279 221 59 Charlemont,
1136 279 74 59 Mo-

340 323 100 51 gue
397 323 114 51 (des
468 323 200 51 Ardennes),
626 323 229 51 propagateurs
812 323 100 51 des
869 323 143 51 droits
969 323 86 51 de
1012 323 172 51 l’homme,
1126 323 86 51 Jac-

339 355 126 50 quot,
423 355 112 50 juge
493 355 84 50 du
534 355 167 50 tribunal
660 355 181 50 criminel,
799 355 181 50 adresses,
939 355 181 50 rapports,
1078 355 126 50 etc.,
1148 355 70 50 une

333 395 128 49 pièce
418 395 142 49 signée
518 395 100 49 des
575 395 271 49 administrateurs
803 395 85 49 en
845 395 114 49 l’an
917 395 85 49 V,
959 395 85 49 et
1002 395 128 49 pièce
1073 395 214 49 autog

345 436 209 44 D’halmu
519 436 81 44 sur
566 436 70 44 le
601 436 128 44 collége
694 436 70 44 de
728 436 197 44 Sedan
891 436 58 44 7
914 436 104 44 pages
984 436 128 44 in-fol.
1077 436 162 44 (curieux),
1193 436 46 44 29

343 467 107 58 pièces
418 467 96 58 in-8°
482 467 64 58 et
514 467 107 58 in-4°.
589 467 64 58 17
610 467 43 58 50

337 504 106 69 21.
397 504 152 69 MARNE.
504 504 152 69 Voyage
610 504 121 69 dans
686 504 91 69 ce
731 504 243 69 département;
928 504 136 69 1793,
1019 504 136 69 carte
1110 504 91 69 et
1140 504 152 69 fignres,

343 559 158 50 plaintes
461 559 79 50 du
501 559 184 50 tiers-état
646 559 79 50 de
685 559 158 50 Châlons,
804 559 171 50 événement
935 559 66 50 à
962 559 250 50 Cormisy
1159 559 132 50 adresses

336 588 109 53 aux
399 588 217 53 assemblées
569 588 93 53 de
616 588 186 53 Châlons,
755 588 171 53 réponse
879 588 78 53 à
910 588 202 53 l’adresse
1065 588 109 53 des
1112 588 186 53 assemblées

343 629 219 49 primaires,
515 629 187 49 discours
656 629 187 49 prononcé
796 629 78 49 à
828 629 187 49 Châlons,
968 629 109 49 par
1031 629 172 49 Charon,
1140 629 156 49 pétition

334 670 109 39 des
397 670 186 39 citoyens
536 670 93 39 de
583 670 186 39 Sézanne,
723 670 186 39 discours
863 670 109 39 des
925 670 171 39 députés
1049 670 93 39 de
1096 670 155 39 Reims,
1189 670 93 39 rap-

339 697 154 51 portsur
451 697 84 51 le
493 697 252 51 rétablissement
703 697 84 51 de
745 697 168 51 l’église
872 697 84 51 de
914 697 308 51 Saint-Elo,
1166 697 126 51 compte-

336 731 112 45 rendu
410 731 74 45 de
447 731 310 45 Guillemardet,
720 731 124 45 motion
807 731 136 45 d’ordre
906 731 74 45 de
944 731 236 45 Thomas,
1142 731 99 45 pour
1204 731 74 45 le
1229 731 62 45 re-

329 771 124 44 tour
407 771 109 44 des
469 771 202 44 tribunaux
625 771 78 44 à
656 771 186 44 Châlons,
796 771 140 44 etc.,
889 771 124 44 plus
967 771 140 44 trois
1060 771 155 44 pièces
1153 771 140 44 signées

343 804 104 46 des
403 804 297 46 administrateurs,
655 804 104 46 aus
715 804 104 46 II,
774 804 74 46 V
804 804 89 46 et
848 804 134 46 VIII,
937 804 89 46 23
982 804 149 46 pièces
1086 804 134 46 in-8°
1160 804 134 46 etin

285 844 95 47 br.
340 844 82 47 10
367 844 41 47 »

269 871 123 82 22.
340 871 158 82 AUBE.
445 871 176 82 Voyage
568 871 140 82 dans
656 871 105 82 ce
708 871 281 82 départemeni,
937 871 176 82 in-8°,
1060 871 158 82 carté
1165 871 105 82 et
1200 871 88 82 fig

341 931 223 50 Duchâlet
519 931 267 50 Berthelin
742 931 148 50 député
846 931 89 50 de
890 931 163 50 l’Aube,
1009 931 74 50 à
1039 931 104 50 ses
1083 931 208 50 concitoyens,

344 966 98 46 la
393 966 230 46 députation
573 966 98 46 de
622 966 164 46 l’Aube
737 966 82 46 à
770 966 148 46 leurs
869 966 262 46 commettants,
1082 966 98 46 la
1115 966 180 46 municipa-

345 1009 109 45 lité
414 1009 82 45 de
454 1009 136 45 Troyes
550 1009 68 45 à
577 1009 191 45 l’Assemble
727 1009 191 45 nationale,
877 1009 136 45 lettre
973 1009 82 45 de
1014 1009 273 45 Regnault,
1232 1009 68 45 dé-

348 1036 112 49 puté
418 1036 84 49 de
460 1036 154 49 l’Aube,
571 1036 126 49 1792,
655 1036 223 49 Ludot
836 1036 70 49 à
864 1036 98 49 ses
920 1036 223 49 concitoyens,
1088 1036 209 49 coinpte

352 1078 263 40 D'Albert,
578 1078 201 40 dénonciation
741 1078 63 40 à
766 1078 75 40 M.
804 1078 238 40 Beugnot
1005 1078 113 40 1790,
1080 1078 88 40 une
1117 1078 176 40 délibération

357 1114 101 43 des
414 1114 173 43 Jacobins
544 1114 87 43 de
587 1114 159 43 Troyes,
703 1114 202 43 concernant
861 1114 101 43 les
919 1114 159 43 prêtres
1034 1114 245 43 réfractaires,
1222 1114 72 43 des

347 1146 194 44 opinions
492 1146 113 44 des
557 1146 178 44 députés
686 1146 97 44 de
735 1146 162 44 l’Aube
848 1146 129 44 dans
928 1146 97 44 le
977 1146 162 44 procès
1090 1146 97 44 de
1138 1146 162 44 Louis,
1235 1146 65 44 et

348 1178 178 44 quelques
482 1178 148 44 pièces
586 1178 193 44 relatives
734 1178 89 44 au
779 1178 223 44 département
957 1178 89 44 de
1001 1178 163 44 l’Aube,
1120 1178 89 44 en
1164 1178 119 44 l’an
1224 1178 74 44 VII

350 1217 76 47 et
388 1217 76 47 en
426 1217 101 47 l’an
489 1217 114 47 VIII,
565 1217 114 47 etc.,
641 1217 89 47 une
692 1217 114 47 L.
768 1217 76 47 a.
806 1217 126 47 s.
894 1217 76 47 de
932 1217 164 47 Guelon
1059 1217 114 47 Marc,
1135 1217 114 47 ôtage
1198 1217 101 47 de

346 1249 160 42 Louis
466 1249 160 42 XVI
586 1249 147 42 Troyes,
692 1249 120 42 1822,
772 1249 67 42 4
799 1249 120 42 pages
879 1249 147 42 in-fol.
985 1249 120 42 (très
1065 1249 187 42 curieuse),
1212 1249 80 42 et
1238 1249 67 42 une

348 1290 131 45 pièce
436 1290 146 45 signée
538 1290 102 45 des
597 1290 278 45 administrateurs
831 1290 88 45 de
874 1290 146 45 l’Aube
977 1290 88 45 en
1020 1290 117 45 l’an
1093 1290 102 45 iV,
1152 1290 88 45 18
1181 1290 117 45 pièces

351 1314 114 47 in-4e
427 1314 76 47 et
465 1314 126 47 in-8°,
553 1314 88 47 br.
604 1314 76 47 38
629 1314 38 47 »

331 1358 117 71 23.
398 1358 268 71 HAUTE-MARNÉ.
616 1358 167 71 Voyage
733 1358 134 71 dans
816 1358 100 71 ce
866 1358 268 71 département,
1084 1358 167 71 in-8?,
1184 1358 117 71 1793,

352 1417 121 44 carte,
437 1417 145 44 figures,
546 1417 133 44 rapport
643 1417 85 44 des
691 1417 133 44 députés
788 1417 206 44 Perrin
958 1417 73 44 et
994 1417 182 44 Roux
1139 1417 133 44 envoyés
1224 1417 73 44 dans

348 1447 97 45 ce
396 1447 258 45 département,
606 1447 145 45 1793,
703 1447 178 45 adresse
833 1447 97 45 du
881 1447 162 45 canton
994 1447 97 45 de
1043 1447 178 45 Bielle,
1156 1447 145 45 mémoire

355 1483 116 49 pour
427 1483 305 49 Dureville,
688 1483 203 49 commandant
848 1483 87 49 de
891 1483 87 49 la
935 1483 131 49 garde
1022 1483 189 49 nationale
1167 1483 87 49 de
1196 1483 102 49 Chau-

353 1520 135 51 mont,
443 1520 135 51 etc.;
533 1520 135 51 pièce
623 1520 150 51 signée
728 1520 105 51 des
788 1520 285 51 administrateurs
1028 1520 90 51 du
1073 1520 225 51 département
1238 1520 60 51 en

353 1553 95 50 l’an
412 1553 83 50 II;
460 1553 83 50 six
507 1553 119 50 pièces
590 1553 107 50 in-8°
661 1553 71 50 et
697 1553 119 50 in-4°.
780 1553 59 50 5
792 1553 47 50 50

276 1593 91 74 24.
328 1593 259 74 LORRAINE
548 1593 65 74 —
574 1593 220 74 Meuse
755 1593 129 74 Voyage
846 1593 104 74 dans
910 1593 78 74 ce
949 1593 207 74 département,
1104 1593 91 74 1792,

345 1649 132 46 in-8°,
437 1649 119 46 carte
517 1649 79 46 et
557 1649 159 46 figures,
676 1649 93 46 les
729 1649 159 46 citoyens
848 1649 79 46 de
888 1649 238 46 Bar-sur-Ornain
1087 1649 66 46 à
1113 1649 79 46 la
1140 1649 79 46 Con-

350 1685 164 44 vention,
473 1685 150 44 rapport
583 1685 96 44 sur
637 1685 232 44 l’arrestation
829 1685 82 44 de
870 1685 205 44 Pons
1034 1685 82 44 de
1075 1685 150 44 Verdun,
1170 1685 137 44 discours

349 1721 86 48 de
392 1721 259 48 Gossin
608 1721 173 48 chanoine
737 1721 72 48 à
766 1721 158 48 Verdun,
881 1721 158 48 rapport
997 1721 101 48 des
1054 1721 230 48 commissaires
1227 1721 72 48 en-

353 1766 124 39 voyés
436 1766 110 39 dans
505 1766 97 39 les
560 1766 221 39 départements
740 1766 83 39 de
781 1766 83 39 la
823 1766 124 39 Meuse
906 1766 83 39 et
947 1766 83 39 de
988 1766 83 39 la
1030 1766 166 39 Moselle,
1140 1766 166 39 Re

346 1784 234 54 gnaull
539 1784 82 54 de
580 1784 261 54 Bar-sur-Ornain,
800 1784 151 54 jacobin
910 1784 137 54 moral,
1006 1784 151 54 adresse
1116 1784 82 54 de
1157 1784 82 54 la
1184 1784 124 54 société

347 1828 102 39 des
406 1828 117 39 Amis
479 1828 87 39 de
522 1828 87 39 la
566 1828 233 39 Constitution
755 1828 87 39 de
799 1828 248 39 Kigny
1003 1828 204 39 événements
1163 1828 160 39 arrivés
1265 1828 44 39 à

349 1857 144 47 Verdun,
453 1857 118 47 1789,
532 1857 144 47 rapport
636 1857 78 47 de
676 1857 222 47 Drouet
859 1857 78 47 et
898 1857 209 47 Pons
1068 1857 209 47 commissaires
1225 1857 78 47 dans

353 1899 83 40 ce
395 1899 221 40 département,
575 1899 152 40 rapport
685 1899 83 40 de
727 1899 249 40 Kacroix
934 1899 83 40 en
976 1899 152 40 mission
1086 1899 111 40 dans
1156 1899 83 40 ce
1183 1899 111 40 dépar-

352 1925 164 47 tement,
471 1925 164 47 rapport
590 1925 89 47 de
635 1925 297 47 Cavaignac
888 1925 104 47 sur
947 1925 89 47 la
992 1925 193 47 reddition
1140 1925 89 47 de
1170 1925 134 47 Verdun,

358 1966 253 38 Harmand
569 1966 70 38 à
597 1966 98 38 ses
653 1966 211 38 concitoyens
822 1966 84 38 et
864 1966 112 38 sept
934 1966 141 38 autres
1033 1966 155 38 pièces,
1145 1966 155 38 rapport
1244 1966 56 38 de

351 1999 217 38 Saladin
532 1999 85 38 sur
580 1999 72 38 la
617 1999 169 38 commission
749 1999 157 38 militaire
870 1999 133 38 établie
967 1999 60 38 à
991 1999 217 38 Verdun
1172 1999 133 38 rapport
1257 1999 48 38 de

356 2040 189 38 Pons
508 2040 76 38 de
546 2040 139 38 Verdun,
646 2040 126 38 précis
735 2040 76 38 de
772 2040 76 38 la
810 2040 101 38 fête
873 2040 126 38 donnée
962 2040 76 38 en
999 2040 164 38 l’honneur
1125 2040 76 38 de
1151 2040 151 38 Le

349 2074 203 45 petétièr,
514 2074 152 45 Chalier,
628 2074 165 45 Marat
755 2074 76 45 et
793 2074 292 45 Beaurepaire
1047 2074 63 45 à
1073 2074 140 45 lasuite
1174 2074 127 45 duquel
1250 2074 51 45 se

352 2103 187 43 trouvent
493 2103 109 43 des
555 2103 187 43 couplets
696 2103 94 43 en
742 2103 203 43 l’honneur
898 2103 94 43 de
945 2103 94 43 ce
992 2103 187 43 dernier;
1132 2103 140 43 etc.,
1210 2103 94 43 deux

355 2139 140 43 pièces
453 2139 154 43 signées
564 2139 98 43 par
620 2139 98 43 les
676 2139 265 43 administrateurs
899 2139 84 43 de
941 2139 84 43 la
983 2139 140 43 Meuse,
1081 2139 112 43 1792
1150 2139 84 43 et
1192 2139 84 43 an
1220 2139 84 43 VII,

353 2178 89 39 40
398 2178 148 39 pièces
501 2178 118 39 in-8
575 2178 89 39 et
619 2178 133 39 in-4,
707 2178 103 39 br.
766 2178 89 39 21
796 2178 44 39 »

277 2232 112 49 25.
341 2232 192 49 MOSELLE.
485 2232 160 49 Voyage
597 2232 128 49 dans
677 2232 96 49 ce
725 2232 256 49 département,
934 2232 144 49 1792,
1030 2232 144 49 in-8,
1126 2232 160 49 carte,
1222 2232 80 49 fi-

337 2276 137 47 gures,
433 2276 150 47 rapport
543 2276 82 47 de
584 2276 233 47 Couturier,
775 2276 137 47 Blaux,
871 2276 150 47 Ruhl
980 2276 82 47 et
1021 2276 246 47 Dentzel
1213 2276 82 47 cinq
