<?xml version='1.0' encoding='UTF8'?>
<alto xmlns:xsi="http://www.w3.org/2001/XMLSchema-instance" xmlns="http://www.loc.gov/standards/alto/ns-v2#" xmlns:page="http://schema.primaresearch.org/PAGE/gts/pagecontent/2013-07-15" xsi:schemaLocation="http://www.loc.gov/standards/alto/ns-v2# http://www.loc.gov/standards/alto/alto.xsd">
  <Description>
    <MeasurementUnit>mm10</MeasurementUnit>
    <sourceImageInformation>
         <fileName>1846_01_LAC_N03_15.jpg</fileName>
      </sourceImageInformation>
    <OCRProcessing ID="IdOcr">
      <ocrProcessingStep>
        <processingDateTime>2020-11-06T13:45:13.853+01:00</processingDateTime>
        <processingSoftware>
               <softwareCreator>CONTRIBUTORS</softwareCreator>
               <softwareName>pdfalto</softwareName>
               <softwareVersion>0.1</softwareVersion>
            </processingSoftware>
      </ocrProcessingStep>
    </OCRProcessing>
  </Description>
  <Styles>
     <TextStyle ID="FONT0" FONTSTYLE=""/>
     <TextStyle ID="FONT1" FONTSTYLE="bold"/>
     <TextStyle ID="FONT2" FONTSTYLE="italics"/>
</Styles>
  <Tags/>
  <Layout>
    <Page ID="Page1" PHYSICAL_IMG_NR="1" HEIGHT="2611" WIDTH="1608">
      <PrintSpace HEIGHT="2611" WIDTH="1608" VPOS="0" HPOS="0">
        <TextBlock ID="r2" HEIGHT="2116" WIDTH="1006" VPOS="220" HPOS="252">
          <TextLine ID="r2l1" BASELINE="261" HEIGHT="63" WIDTH="56" VPOS="198" HPOS="723">
            <String HEIGHT="63" WIDTH="112" VPOS="198" HPOS="667" CONTENT="15" ID="r2l1_1" STYLEREFS="FONT0"/>
          </TextLine>
          <TextLine ID="r2l2" BASELINE="305" HEIGHT="60" WIDTH="941" VPOS="245" HPOS="305">
            <String HEIGHT="60" WIDTH="221" VPOS="245" HPOS="291" CONTENT="beau," ID="r2l2_1" STYLEREFS="FONT2"/>
            <SP HEIGHT="60" WIDTH="14" VPOS="245" HPOS="513"/>
            <String HEIGHT="60" WIDTH="83" VPOS="245" HPOS="471" CONTENT="de" ID="r2l2_2" STYLEREFS="FONT0"/>
            <SP HEIGHT="60" WIDTH="14" VPOS="245" HPOS="554"/>
            <String HEIGHT="60" WIDTH="125" VPOS="245" HPOS="513" CONTENT="cequi" ID="r2l2_3" STYLEREFS="FONT0"/>
            <SP HEIGHT="60" WIDTH="14" VPOS="245" HPOS="637"/>
            <String HEIGHT="60" WIDTH="97" VPOS="245" HPOS="596" CONTENT="s’y" ID="r2l2_4" STYLEREFS="FONT0"/>
            <SP HEIGHT="60" WIDTH="14" VPOS="245" HPOS="692"/>
            <String HEIGHT="60" WIDTH="97" VPOS="245" HPOS="651" CONTENT="est" ID="r2l2_5" STYLEREFS="FONT0"/>
            <SP HEIGHT="60" WIDTH="14" VPOS="245" HPOS="748"/>
            <String HEIGHT="60" WIDTH="125" VPOS="245" HPOS="706" CONTENT="passé" ID="r2l2_6" STYLEREFS="FONT0"/>
            <SP HEIGHT="60" WIDTH="14" VPOS="245" HPOS="831"/>
            <String HEIGHT="60" WIDTH="152" VPOS="245" HPOS="789" CONTENT="pendant" ID="r2l2_7" STYLEREFS="FONT0"/>
            <SP HEIGHT="60" WIDTH="14" VPOS="245" HPOS="942"/>
            <String HEIGHT="60" WIDTH="111" VPOS="245" HPOS="900" CONTENT="leur" ID="r2l2_8" STYLEREFS="FONT0"/>
            <SP HEIGHT="60" WIDTH="14" VPOS="245" HPOS="1011"/>
            <String HEIGHT="60" WIDTH="152" VPOS="245" HPOS="969" CONTENT="séjours" ID="r2l2_9" STYLEREFS="FONT0"/>
            <SP HEIGHT="60" WIDTH="14" VPOS="245" HPOS="1121"/>
            <String HEIGHT="60" WIDTH="166" VPOS="245" HPOS="1080" CONTENT="discours" ID="r2l2_10" STYLEREFS="FONT0"/>
            <SP HEIGHT="60" WIDTH="14" VPOS="245" HPOS="1246"/>
            <String HEIGHT="60" WIDTH="55" VPOS="245" HPOS="1191" CONTENT="de" ID="r2l2_11" STYLEREFS="FONT0"/>
          </TextLine>
          <TextLine ID="r2l3" BASELINE="343" HEIGHT="46" WIDTH="939" VPOS="297" HPOS="307">
            <String HEIGHT="46" WIDTH="313" VPOS="297" HPOS="292" CONTENT="Brivatprononcé" ID="r2l3_1" STYLEREFS="FONT2"/>
            <SP HEIGHT="46" WIDTH="15" VPOS="297" HPOS="605"/>
            <String HEIGHT="46" WIDTH="89" VPOS="297" HPOS="560" CONTENT="au" ID="r2l3_2" STYLEREFS="FONT2"/>
            <SP HEIGHT="46" WIDTH="15" VPOS="297" HPOS="650"/>
            <String HEIGHT="46" WIDTH="134" VPOS="297" HPOS="605" CONTENT="club," ID="r2l3_3" STYLEREFS="FONT2"/>
            <SP HEIGHT="46" WIDTH="15" VPOS="297" HPOS="739"/>
            <String HEIGHT="46" WIDTH="224" VPOS="297" HPOS="695" CONTENT="exhortation" ID="r2l3_4" STYLEREFS="FONT2"/>
            <SP HEIGHT="46" WIDTH="15" VPOS="297" HPOS="918"/>
            <String HEIGHT="46" WIDTH="104" VPOS="297" HPOS="873" CONTENT="aux" ID="r2l3_5" STYLEREFS="FONT2"/>
            <SP HEIGHT="46" WIDTH="15" VPOS="297" HPOS="978"/>
            <String HEIGHT="46" WIDTH="179" VPOS="297" HPOS="933" CONTENT="citoyens" ID="r2l3_6" STYLEREFS="FONT2"/>
            <SP HEIGHT="46" WIDTH="15" VPOS="297" HPOS="1112"/>
            <String HEIGHT="46" WIDTH="89" VPOS="297" HPOS="1067" CONTENT="de" ID="r2l3_7" STYLEREFS="FONT2"/>
            <SP HEIGHT="46" WIDTH="15" VPOS="297" HPOS="1157"/>
            <String HEIGHT="46" WIDTH="149" VPOS="297" HPOS="1097" CONTENT="Bordeaux" ID="r2l3_8" STYLEREFS="FONT2"/>
          </TextLine>
          <TextLine ID="r2l5" BASELINE="381" HEIGHT="47" WIDTH="925" VPOS="334" HPOS="319">
            <String HEIGHT="47" WIDTH="88" VPOS="334" HPOS="307" CONTENT="par" ID="r2l5_1" STYLEREFS="FONT0"/>
            <SP HEIGHT="47" WIDTH="13" VPOS="334" HPOS="394"/>
            <String HEIGHT="47" WIDTH="225" VPOS="334" HPOS="357" CONTENT="Bordas," ID="r2l5_2" STYLEREFS="FONT2"/>
            <SP HEIGHT="47" WIDTH="13" VPOS="334" HPOS="582"/>
            <String HEIGHT="47" WIDTH="138" VPOS="334" HPOS="544" CONTENT="rapporf" ID="r2l5_3" STYLEREFS="FONT0"/>
            <SP HEIGHT="47" WIDTH="13" VPOS="334" HPOS="682"/>
            <String HEIGHT="47" WIDTH="75" VPOS="334" HPOS="644" CONTENT="de" ID="r2l5_4" STYLEREFS="FONT0"/>
            <SP HEIGHT="47" WIDTH="13" VPOS="334" HPOS="719"/>
            <String HEIGHT="47" WIDTH="175" VPOS="334" HPOS="682" CONTENT="Saladin" ID="r2l5_5" STYLEREFS="FONT2"/>
            <SP HEIGHT="47" WIDTH="13" VPOS="334" HPOS="857"/>
            <String HEIGHT="47" WIDTH="88" VPOS="334" HPOS="819" CONTENT="sur" ID="r2l5_6" STYLEREFS="FONT2"/>
            <SP HEIGHT="47" WIDTH="13" VPOS="334" HPOS="907"/>
            <String HEIGHT="47" WIDTH="200" VPOS="334" HPOS="869" CONTENT="Guadet," ID="r2l5_7" STYLEREFS="FONT2"/>
            <SP HEIGHT="47" WIDTH="13" VPOS="334" HPOS="1069"/>
            <String HEIGHT="47" WIDTH="75" VPOS="334" HPOS="1032" CONTENT="la" ID="r2l5_8" STYLEREFS="FONT0"/>
            <SP HEIGHT="47" WIDTH="13" VPOS="334" HPOS="1107"/>
            <String HEIGHT="47" WIDTH="138" VPOS="334" HPOS="1069" CONTENT="Société" ID="r2l5_9" STYLEREFS="FONT0"/>
            <SP HEIGHT="47" WIDTH="13" VPOS="334" HPOS="1207"/>
            <String HEIGHT="47" WIDTH="88" VPOS="334" HPOS="1157" CONTENT="répu" SUBS_TYPE="HypPart1" SUBS_CONTENT="républicaine" ID="r2l5_10" STYLEREFS="FONT0"/>
            <HYP CONTENT="-"/>
          </TextLine>
          <TextLine ID="r2l6" BASELINE="404" HEIGHT="40" WIDTH="923" VPOS="364" HPOS="310">
            <String HEIGHT="40" WIDTH="158" VPOS="364" HPOS="297" CONTENT="blicaine" SUBS_TYPE="HypPart2" SUBS_CONTENT="républicaine" ID="r2l6_1" STYLEREFS="FONT0"/>
            <SP HEIGHT="40" WIDTH="13" VPOS="364" HPOS="455"/>
            <String HEIGHT="40" WIDTH="66" VPOS="364" HPOS="415" CONTENT="à" ID="r2l6_2" STYLEREFS="FONT0"/>
            <SP HEIGHT="40" WIDTH="13" VPOS="364" HPOS="481"/>
            <String HEIGHT="40" WIDTH="79" VPOS="364" HPOS="442" CONTENT="là" ID="r2l6_3" STYLEREFS="FONT0"/>
            <SP HEIGHT="40" WIDTH="13" VPOS="364" HPOS="521"/>
            <String HEIGHT="40" WIDTH="198" VPOS="364" HPOS="481" CONTENT="Convention," ID="r2l6_4" STYLEREFS="FONT0"/>
            <SP HEIGHT="40" WIDTH="13" VPOS="364" HPOS="679"/>
            <String HEIGHT="40" WIDTH="145" VPOS="364" HPOS="640" CONTENT="adresse" ID="r2l6_5" STYLEREFS="FONT0"/>
            <SP HEIGHT="40" WIDTH="13" VPOS="364" HPOS="785"/>
            <String HEIGHT="40" WIDTH="79" VPOS="364" HPOS="745" CONTENT="du" ID="r2l6_6" STYLEREFS="FONT0"/>
            <SP HEIGHT="40" WIDTH="13" VPOS="364" HPOS="824"/>
            <String HEIGHT="40" WIDTH="119" VPOS="364" HPOS="785" CONTENT="club," ID="r2l6_7" STYLEREFS="FONT0"/>
            <SP HEIGHT="40" WIDTH="13" VPOS="364" HPOS="903"/>
            <String HEIGHT="40" WIDTH="119" VPOS="364" HPOS="864" CONTENT="récit" ID="r2l6_8" STYLEREFS="FONT0"/>
            <SP HEIGHT="40" WIDTH="13" VPOS="364" HPOS="982"/>
            <String HEIGHT="40" WIDTH="119" VPOS="364" HPOS="943" CONTENT="exact" ID="r2l6_9" STYLEREFS="FONT0"/>
            <SP HEIGHT="40" WIDTH="13" VPOS="364" HPOS="1062"/>
            <String HEIGHT="40" WIDTH="79" VPOS="364" HPOS="1022" CONTENT="de" ID="r2l6_10" STYLEREFS="FONT0"/>
            <SP HEIGHT="40" WIDTH="13" VPOS="364" HPOS="1101"/>
            <String HEIGHT="40" WIDTH="185" VPOS="364" HPOS="1048" CONTENT="Treit" ID="r2l6_11" STYLEREFS="FONT2"/>
          </TextLine>
          <TextLine ID="r2l8" BASELINE="440" HEIGHT="39" WIDTH="934" VPOS="401" HPOS="312">
            <String HEIGHT="39" WIDTH="187" VPOS="401" HPOS="300" CONTENT="hard" ID="r2l8_1" STYLEREFS="FONT2"/>
            <SP HEIGHT="39" WIDTH="12" VPOS="401" HPOS="486"/>
            <String HEIGHT="39" WIDTH="75" VPOS="401" HPOS="449" CONTENT="et" ID="r2l8_2" STYLEREFS="FONT0"/>
            <SP HEIGHT="39" WIDTH="12" VPOS="401" HPOS="524"/>
            <String HEIGHT="39" WIDTH="224" VPOS="401" HPOS="486" CONTENT="Mathieu" ID="r2l8_3" STYLEREFS="FONT2"/>
            <SP HEIGHT="39" WIDTH="12" VPOS="401" HPOS="711"/>
            <String HEIGHT="39" WIDTH="75" VPOS="401" HPOS="673" CONTENT="de" ID="r2l8_4" STYLEREFS="FONT0"/>
            <SP HEIGHT="39" WIDTH="12" VPOS="401" HPOS="748"/>
            <String HEIGHT="39" WIDTH="75" VPOS="401" HPOS="711" CONTENT="la" ID="r2l8_5" STYLEREFS="FONT0"/>
            <SP HEIGHT="39" WIDTH="12" VPOS="401" HPOS="785"/>
            <String HEIGHT="39" WIDTH="149" VPOS="401" HPOS="748" CONTENT="conduite" ID="r2l8_6" STYLEREFS="FONT0"/>
            <SP HEIGHT="39" WIDTH="12" VPOS="401" HPOS="897"/>
            <String HEIGHT="39" WIDTH="112" VPOS="401" HPOS="860" CONTENT="tenue" ID="r2l8_7" STYLEREFS="FONT0"/>
            <SP HEIGHT="39" WIDTH="12" VPOS="401" HPOS="972"/>
            <String HEIGHT="39" WIDTH="62" VPOS="401" HPOS="935" CONTENT="à" ID="r2l8_8" STYLEREFS="FONT0"/>
            <SP HEIGHT="39" WIDTH="12" VPOS="401" HPOS="997"/>
            <String HEIGHT="39" WIDTH="100" VPOS="401" HPOS="960" CONTENT="leur" ID="r2l8_9" STYLEREFS="FONT0"/>
            <SP HEIGHT="39" WIDTH="12" VPOS="401" HPOS="1059"/>
            <String HEIGHT="39" WIDTH="125" VPOS="401" HPOS="1022" CONTENT="égard," ID="r2l8_10" STYLEREFS="FONT0"/>
            <SP HEIGHT="39" WIDTH="12" VPOS="401" HPOS="1146"/>
            <String HEIGHT="39" WIDTH="125" VPOS="401" HPOS="1109" CONTENT="Collot" ID="r2l8_11" STYLEREFS="FONT0"/>
            <SP HEIGHT="39" WIDTH="12" VPOS="401" HPOS="1234"/>
            <String HEIGHT="39" WIDTH="62" VPOS="401" HPOS="1184" CONTENT="mi" SUBS_TYPE="HypPart1" SUBS_CONTENT="mitraillé" ID="r2l8_12" STYLEREFS="FONT0"/>
            <HYP CONTENT="-"/>
          </TextLine>
          <TextLine ID="r2l10" BASELINE="479" HEIGHT="41" WIDTH="915" VPOS="438" HPOS="319">
            <String HEIGHT="41" WIDTH="144" VPOS="438" HPOS="306" CONTENT="traillé" SUBS_TYPE="HypPart2" SUBS_CONTENT="mitraillé" ID="r2l10_1" STYLEREFS="FONT0"/>
            <SP HEIGHT="41" WIDTH="13" VPOS="438" HPOS="450"/>
            <String HEIGHT="41" WIDTH="92" VPOS="438" HPOS="411" CONTENT="par" ID="r2l10_2" STYLEREFS="FONT0"/>
            <SP HEIGHT="41" WIDTH="13" VPOS="438" HPOS="502"/>
            <String HEIGHT="41" WIDTH="235" VPOS="438" HPOS="463" CONTENT="Tallien" ID="r2l10_3" STYLEREFS="FONT2"/>
            <SP HEIGHT="41" WIDTH="13" VPOS="438" HPOS="698"/>
            <String HEIGHT="41" WIDTH="78" VPOS="438" HPOS="659" CONTENT="en" ID="r2l10_4" STYLEREFS="FONT0"/>
            <SP HEIGHT="41" WIDTH="13" VPOS="438" HPOS="737"/>
            <String HEIGHT="41" WIDTH="144" VPOS="438" HPOS="698" CONTENT="mission" ID="r2l10_5" STYLEREFS="FONT0"/>
            <SP HEIGHT="41" WIDTH="13" VPOS="438" HPOS="842"/>
            <String HEIGHT="41" WIDTH="65" VPOS="438" HPOS="803" CONTENT="à" ID="r2l10_6" STYLEREFS="FONT0"/>
            <SP HEIGHT="41" WIDTH="13" VPOS="438" HPOS="868"/>
            <String HEIGHT="41" WIDTH="170" VPOS="438" HPOS="829" CONTENT="Bordeaux," ID="r2l10_7" STYLEREFS="FONT0"/>
            <SP HEIGHT="41" WIDTH="13" VPOS="438" HPOS="999"/>
            <String HEIGHT="41" WIDTH="261" VPOS="438" HPOS="960" CONTENT="éclaircissements" ID="r2l10_8" STYLEREFS="FONT0"/>
            <SP HEIGHT="41" WIDTH="13" VPOS="438" HPOS="1221"/>
            <String HEIGHT="41" WIDTH="65" VPOS="438" HPOS="1169" CONTENT="vé" SUBS_TYPE="HypPart1" SUBS_CONTENT="véridiques" ID="r2l10_9" STYLEREFS="FONT0"/>
            <HYP CONTENT="-"/>
          </TextLine>
          <TextLine ID="r2l11" BASELINE="513" HEIGHT="42" WIDTH="928" VPOS="471" HPOS="311">
            <String HEIGHT="42" WIDTH="141" VPOS="471" HPOS="299" CONTENT="ridiques" SUBS_TYPE="HypPart2" SUBS_CONTENT="véridiques" ID="r2l11_1" STYLEREFS="FONT0"/>
            <SP HEIGHT="42" WIDTH="12" VPOS="471" HPOS="440"/>
            <String HEIGHT="42" WIDTH="70" VPOS="471" HPOS="405" CONTENT="de" ID="r2l11_2" STYLEREFS="FONT0"/>
            <SP HEIGHT="42" WIDTH="12" VPOS="471" HPOS="475"/>
            <String HEIGHT="42" WIDTH="211" VPOS="471" HPOS="440" CONTENT="Tallien" ID="r2l11_3" STYLEREFS="FONT2"/>
            <SP HEIGHT="42" WIDTH="12" VPOS="471" HPOS="652"/>
            <String HEIGHT="42" WIDTH="70" VPOS="471" HPOS="616" CONTENT="en" ID="r2l11_4" STYLEREFS="FONT0"/>
            <SP HEIGHT="42" WIDTH="12" VPOS="471" HPOS="687"/>
            <String HEIGHT="42" WIDTH="129" VPOS="471" HPOS="652" CONTENT="réponse" ID="r2l11_5" STYLEREFS="FONT0"/>
            <SP HEIGHT="42" WIDTH="12" VPOS="471" HPOS="781"/>
            <String HEIGHT="42" WIDTH="59" VPOS="471" HPOS="746" CONTENT="à" ID="r2l11_6" STYLEREFS="FONT0"/>
            <SP HEIGHT="42" WIDTH="12" VPOS="471" HPOS="804"/>
            <String HEIGHT="42" WIDTH="223" VPOS="471" HPOS="769" CONTENT="Collot," ID="r2l11_7" STYLEREFS="FONT2"/>
            <SP HEIGHT="42" WIDTH="12" VPOS="471" HPOS="992"/>
            <String HEIGHT="42" WIDTH="188" VPOS="471" HPOS="957" CONTENT="dénonciation" ID="r2l11_8" STYLEREFS="FONT0"/>
            <SP HEIGHT="42" WIDTH="12" VPOS="471" HPOS="1145"/>
            <String HEIGHT="42" WIDTH="141" VPOS="471" HPOS="1098" CONTENT="importante" ID="r2l11_9" STYLEREFS="FONT0"/>
          </TextLine>
          <TextLine ID="r2l12" BASELINE="553" HEIGHT="49" WIDTH="923" VPOS="504" HPOS="313">
            <String HEIGHT="49" WIDTH="108" VPOS="504" HPOS="298" CONTENT="des" ID="r2l12_1" STYLEREFS="FONT0"/>
            <SP HEIGHT="49" WIDTH="15" VPOS="504" HPOS="405"/>
            <String HEIGHT="49" WIDTH="200" VPOS="504" HPOS="359" CONTENT="vexations" ID="r2l12_2" STYLEREFS="FONT0"/>
            <SP HEIGHT="49" WIDTH="15" VPOS="504" HPOS="559"/>
            <String HEIGHT="49" WIDTH="92" VPOS="504" HPOS="513" CONTENT="et" ID="r2l12_3" STYLEREFS="FONT0"/>
            <SP HEIGHT="49" WIDTH="15" VPOS="504" HPOS="605"/>
            <String HEIGHT="49" WIDTH="185" VPOS="504" HPOS="559" CONTENT="horreurs" ID="r2l12_4" STYLEREFS="FONT0"/>
            <SP HEIGHT="49" WIDTH="15" VPOS="504" HPOS="744"/>
            <String HEIGHT="49" WIDTH="185" VPOS="504" HPOS="698" CONTENT="commises" ID="r2l12_5" STYLEREFS="FONT0"/>
            <SP HEIGHT="49" WIDTH="15" VPOS="504" HPOS="882"/>
            <String HEIGHT="49" WIDTH="77" VPOS="504" HPOS="836" CONTENT="à" ID="r2l12_6" STYLEREFS="FONT0"/>
            <SP HEIGHT="49" WIDTH="15" VPOS="504" HPOS="913"/>
            <String HEIGHT="49" WIDTH="185" VPOS="504" HPOS="867" CONTENT="Bordeaux" ID="r2l12_7" STYLEREFS="FONT0"/>
            <SP HEIGHT="49" WIDTH="15" VPOS="504" HPOS="1051"/>
            <String HEIGHT="49" WIDTH="108" VPOS="504" HPOS="1005" CONTENT="par" ID="r2l12_8" STYLEREFS="FONT0"/>
            <SP HEIGHT="49" WIDTH="15" VPOS="504" HPOS="1113"/>
            <String HEIGHT="49" WIDTH="154" VPOS="504" HPOS="1067" CONTENT="quatre" ID="r2l12_9" STYLEREFS="FONT0"/>
            <SP HEIGHT="49" WIDTH="15" VPOS="504" HPOS="1221"/>
            <String HEIGHT="49" WIDTH="77" VPOS="504" HPOS="1159" CONTENT="in" SUBS_TYPE="HypPart1" SUBS_CONTENT="intrigants," ID="r2l12_10" STYLEREFS="FONT0"/>
            <HYP CONTENT="-"/>
          </TextLine>
          <TextLine ID="r2l13" BASELINE="591" HEIGHT="48" WIDTH="929" VPOS="543" HPOS="315">
            <String HEIGHT="48" WIDTH="212" VPOS="543" HPOS="299" CONTENT="trigants," SUBS_TYPE="HypPart2" SUBS_CONTENT="intrigants," ID="r2l13_1" STYLEREFS="FONT0"/>
            <SP HEIGHT="48" WIDTH="16" VPOS="543" HPOS="511"/>
            <String HEIGHT="48" WIDTH="114" VPOS="543" HPOS="462" CONTENT="les" ID="r2l13_2" STYLEREFS="FONT0"/>
            <SP HEIGHT="48" WIDTH="16" VPOS="543" HPOS="576"/>
            <String HEIGHT="48" WIDTH="163" VPOS="543" HPOS="527" CONTENT="hommes" ID="r2l13_3" STYLEREFS="FONT0"/>
            <SP HEIGHT="48" WIDTH="16" VPOS="543" HPOS="690"/>
            <String HEIGHT="48" WIDTH="98" VPOS="543" HPOS="641" CONTENT="de" ID="r2l13_4" STYLEREFS="FONT0"/>
            <SP HEIGHT="48" WIDTH="16" VPOS="543" HPOS="739"/>
            <String HEIGHT="48" WIDTH="130" VPOS="543" HPOS="690" CONTENT="sang" ID="r2l13_5" STYLEREFS="FONT0"/>
            <SP HEIGHT="48" WIDTH="16" VPOS="543" HPOS="820"/>
            <String HEIGHT="48" WIDTH="228" VPOS="543" HPOS="771" CONTENT="démasqués," ID="r2l13_6" STYLEREFS="FONT0"/>
            <SP HEIGHT="48" WIDTH="16" VPOS="543" HPOS="1000"/>
            <String HEIGHT="48" WIDTH="98" VPOS="543" HPOS="951" CONTENT="ou" ID="r2l13_7" STYLEREFS="FONT0"/>
            <SP HEIGHT="48" WIDTH="16" VPOS="543" HPOS="1048"/>
            <String HEIGHT="48" WIDTH="114" VPOS="543" HPOS="1000" CONTENT="les" ID="r2l13_8" STYLEREFS="FONT0"/>
            <SP HEIGHT="48" WIDTH="16" VPOS="543" HPOS="1114"/>
            <String HEIGHT="48" WIDTH="179" VPOS="543" HPOS="1065" CONTENT="mêneurs" ID="r2l13_9" STYLEREFS="FONT0"/>
            <SP HEIGHT="48" WIDTH="16" VPOS="543" HPOS="1244"/>
            <String HEIGHT="48" WIDTH="65" VPOS="543" HPOS="1179" CONTENT="du" ID="r2l13_10" STYLEREFS="FONT0"/>
          </TextLine>
          <TextLine ID="r2l15" BASELINE="622" HEIGHT="45" WIDTH="921" VPOS="577" HPOS="319">
            <String HEIGHT="45" WIDTH="117" VPOS="577" HPOS="304" CONTENT="club" ID="r2l15_1" STYLEREFS="FONT0"/>
            <SP HEIGHT="45" WIDTH="15" VPOS="577" HPOS="421"/>
            <String HEIGHT="45" WIDTH="88" VPOS="577" HPOS="377" CONTENT="de" ID="r2l15_2" STYLEREFS="FONT0"/>
            <SP HEIGHT="45" WIDTH="15" VPOS="577" HPOS="465"/>
            <String HEIGHT="45" WIDTH="175" VPOS="577" HPOS="421" CONTENT="Bordeaux" ID="r2l15_3" STYLEREFS="FONT0"/>
            <SP HEIGHT="45" WIDTH="15" VPOS="577" HPOS="597"/>
            <String HEIGHT="45" WIDTH="175" VPOS="577" HPOS="553" CONTENT="dénoncés" ID="r2l15_4" STYLEREFS="FONT0"/>
            <SP HEIGHT="45" WIDTH="15" VPOS="577" HPOS="728"/>
            <String HEIGHT="45" WIDTH="73" VPOS="577" HPOS="684" CONTENT="à" ID="r2l15_5" STYLEREFS="FONT0"/>
            <SP HEIGHT="45" WIDTH="15" VPOS="577" HPOS="758"/>
            <String HEIGHT="45" WIDTH="88" VPOS="577" HPOS="714" CONTENT="la" ID="r2l15_6" STYLEREFS="FONT0"/>
            <SP HEIGHT="45" WIDTH="15" VPOS="577" HPOS="801"/>
            <String HEIGHT="45" WIDTH="219" VPOS="577" HPOS="758" CONTENT="Conyention," ID="r2l15_7" STYLEREFS="FONT0"/>
            <SP HEIGHT="45" WIDTH="15" VPOS="577" HPOS="977"/>
            <String HEIGHT="45" WIDTH="132" VPOS="577" HPOS="933" CONTENT="trois" ID="r2l15_8" STYLEREFS="FONT0"/>
            <SP HEIGHT="45" WIDTH="15" VPOS="577" HPOS="1065"/>
            <String HEIGHT="45" WIDTH="175" VPOS="577" HPOS="1021" CONTENT="parties," ID="r2l15_9" STYLEREFS="FONT0"/>
            <SP HEIGHT="45" WIDTH="15" VPOS="577" HPOS="1196"/>
            <String HEIGHT="45" WIDTH="102" VPOS="577" HPOS="1138" CONTENT="etc.," ID="r2l15_10" STYLEREFS="FONT0"/>
          </TextLine>
          <TextLine ID="r2l16" BASELINE="660" HEIGHT="49" WIDTH="934" VPOS="611" HPOS="314">
            <String HEIGHT="49" WIDTH="114" VPOS="611" HPOS="295" CONTENT="29" ID="r2l16_1" STYLEREFS="FONT0"/>
            <SP HEIGHT="49" WIDTH="19" VPOS="611" HPOS="409"/>
            <String HEIGHT="49" WIDTH="191" VPOS="611" HPOS="352" CONTENT="pièces" ID="r2l16_2" STYLEREFS="FONT0"/>
            <SP HEIGHT="49" WIDTH="19" VPOS="611" HPOS="543"/>
            <String HEIGHT="49" WIDTH="172" VPOS="611" HPOS="486" CONTENT="in-8." ID="r2l16_3" STYLEREFS="FONT0"/>
            <SP HEIGHT="49" WIDTH="19" VPOS="611" HPOS="657"/>
            <String HEIGHT="49" WIDTH="114" VPOS="611" HPOS="600" CONTENT="et" ID="r2l16_4" STYLEREFS="FONT0"/>
            <SP HEIGHT="49" WIDTH="19" VPOS="611" HPOS="714"/>
            <String HEIGHT="49" WIDTH="191" VPOS="611" HPOS="657" CONTENT="in-4.," ID="r2l16_5" STYLEREFS="FONT0"/>
            <SP HEIGHT="49" WIDTH="19" VPOS="611" HPOS="848"/>
            <String HEIGHT="49" WIDTH="210" VPOS="611" HPOS="791" CONTENT="br.snne" ID="r2l16_6" STYLEREFS="FONT0"/>
            <SP HEIGHT="49" WIDTH="19" VPOS="611" HPOS="1000"/>
            <String HEIGHT="49" WIDTH="172" VPOS="611" HPOS="943" CONTENT="seule" ID="r2l16_7" STYLEREFS="FONT0"/>
            <SP HEIGHT="49" WIDTH="19" VPOS="611" HPOS="1115"/>
            <String HEIGHT="49" WIDTH="152" VPOS="611" HPOS="1057" CONTENT="rog." ID="r2l16_8" STYLEREFS="FONT0"/>
            <SP HEIGHT="49" WIDTH="19" VPOS="611" HPOS="1210"/>
            <String HEIGHT="49" WIDTH="114" VPOS="611" HPOS="1153" CONTENT="19" ID="r2l16_9" STYLEREFS="FONT0"/>
            <SP HEIGHT="49" WIDTH="19" VPOS="611" HPOS="1267"/>
            <String HEIGHT="49" WIDTH="57" VPOS="611" HPOS="1191" CONTENT="»" ID="r2l16_10" STYLEREFS="FONT0"/>
          </TextLine>
          <TextLine ID="r2l18" BASELINE="689" HEIGHT="44" WIDTH="925" VPOS="645" HPOS="319">
            <String HEIGHT="44" WIDTH="108" VPOS="645" HPOS="304" CONTENT="78." ID="r2l18_1" STYLEREFS="FONT0"/>
            <SP HEIGHT="44" WIDTH="15" VPOS="645" HPOS="412"/>
            <String HEIGHT="44" WIDTH="293" VPOS="645" HPOS="365" CONTENT="LOT-ET-GARONNE." ID="r2l18_2" STYLEREFS="FONT0"/>
            <SP HEIGHT="44" WIDTH="15" VPOS="645" HPOS="658"/>
            <String HEIGHT="44" WIDTH="154" VPOS="645" HPOS="612" CONTENT="Voyage" ID="r2l18_3" STYLEREFS="FONT0"/>
            <SP HEIGHT="44" WIDTH="15" VPOS="645" HPOS="766"/>
            <String HEIGHT="44" WIDTH="123" VPOS="645" HPOS="720" CONTENT="dans" ID="r2l18_4" STYLEREFS="FONT0"/>
            <SP HEIGHT="44" WIDTH="15" VPOS="645" HPOS="843"/>
            <String HEIGHT="44" WIDTH="93" VPOS="645" HPOS="797" CONTENT="ce" ID="r2l18_5" STYLEREFS="FONT0"/>
            <SP HEIGHT="44" WIDTH="15" VPOS="645" HPOS="889"/>
            <String HEIGHT="44" WIDTH="247" VPOS="645" HPOS="843" CONTENT="département," ID="r2l18_6" STYLEREFS="FONT0"/>
            <SP HEIGHT="44" WIDTH="15" VPOS="645" HPOS="1090"/>
            <String HEIGHT="44" WIDTH="139" VPOS="645" HPOS="1044" CONTENT="1797," ID="r2l18_7" STYLEREFS="FONT0"/>
            <SP HEIGHT="44" WIDTH="15" VPOS="645" HPOS="1182"/>
            <String HEIGHT="44" WIDTH="123" VPOS="645" HPOS="1121" CONTENT="in" ID="r2l18_8" STYLEREFS="FONT0"/>
          </TextLine>
          <TextLine ID="r2l19" BASELINE="723" HEIGHT="41" WIDTH="931" VPOS="682" HPOS="314">
            <String HEIGHT="41" WIDTH="109" VPOS="682" HPOS="302" CONTENT="carte" ID="r2l19_1" STYLEREFS="FONT0"/>
            <SP HEIGHT="41" WIDTH="12" VPOS="682" HPOS="411"/>
            <String HEIGHT="41" WIDTH="73" VPOS="682" HPOS="374" CONTENT="et" ID="r2l19_2" STYLEREFS="FONT0"/>
            <SP HEIGHT="41" WIDTH="12" VPOS="682" HPOS="447"/>
            <String HEIGHT="41" WIDTH="109" VPOS="682" HPOS="411" CONTENT="fig.," ID="r2l19_3" STYLEREFS="FONT0"/>
            <SP HEIGHT="41" WIDTH="12" VPOS="682" HPOS="520"/>
            <String HEIGHT="41" WIDTH="133" VPOS="682" HPOS="483" CONTENT="rapport" ID="r2l19_4" STYLEREFS="FONT0"/>
            <SP HEIGHT="41" WIDTH="12" VPOS="682" HPOS="616"/>
            <String HEIGHT="41" WIDTH="73" VPOS="682" HPOS="580" CONTENT="de" ID="r2l19_5" STYLEREFS="FONT0"/>
            <SP HEIGHT="41" WIDTH="12" VPOS="682" HPOS="653"/>
            <String HEIGHT="41" WIDTH="242" VPOS="682" HPOS="616" CONTENT="Treilhard" ID="r2l19_6" STYLEREFS="FONT2"/>
            <SP HEIGHT="41" WIDTH="12" VPOS="682" HPOS="858"/>
            <String HEIGHT="41" WIDTH="73" VPOS="682" HPOS="822" CONTENT="et" ID="r2l19_7" STYLEREFS="FONT0"/>
            <SP HEIGHT="41" WIDTH="12" VPOS="682" HPOS="894"/>
            <String HEIGHT="41" WIDTH="218" VPOS="682" HPOS="858" CONTENT="Mathieu" ID="r2l19_8" STYLEREFS="FONT2"/>
            <SP HEIGHT="41" WIDTH="12" VPOS="682" HPOS="1076"/>
            <String HEIGHT="41" WIDTH="73" VPOS="682" HPOS="1039" CONTENT="de" ID="r2l19_9" STYLEREFS="FONT0"/>
            <SP HEIGHT="41" WIDTH="12" VPOS="682" HPOS="1112"/>
            <String HEIGHT="41" WIDTH="109" VPOS="682" HPOS="1076" CONTENT="leur," ID="r2l19_10" STYLEREFS="FONT0"/>
            <SP HEIGHT="41" WIDTH="12" VPOS="682" HPOS="1185"/>
            <String HEIGHT="41" WIDTH="109" VPOS="682" HPOS="1136" CONTENT="mission" ID="r2l19_11" STYLEREFS="FONT0"/>
          </TextLine>
          <TextLine ID="r2l21" BASELINE="754" HEIGHT="41" WIDTH="440" VPOS="713" HPOS="318">
            <String HEIGHT="41" WIDTH="95" VPOS="713" HPOS="306" CONTENT="dans" ID="r2l21_1" STYLEREFS="FONT0"/>
            <SP HEIGHT="41" WIDTH="12" VPOS="713" HPOS="401"/>
            <String HEIGHT="41" WIDTH="71" VPOS="713" HPOS="366" CONTENT="ce" ID="r2l21_2" STYLEREFS="FONT0"/>
            <SP HEIGHT="41" WIDTH="12" VPOS="713" HPOS="437"/>
            <String HEIGHT="41" WIDTH="190" VPOS="713" HPOS="401" CONTENT="départément," ID="r2l21_3" STYLEREFS="FONT0"/>
            <SP HEIGHT="41" WIDTH="12" VPOS="713" HPOS="592"/>
            <String HEIGHT="41" WIDTH="59" VPOS="713" HPOS="556" CONTENT="4" ID="r2l21_4" STYLEREFS="FONT0"/>
            <SP HEIGHT="41" WIDTH="12" VPOS="713" HPOS="615"/>
            <String HEIGHT="41" WIDTH="131" VPOS="713" HPOS="580" CONTENT="pièces." ID="r2l21_5" STYLEREFS="FONT0"/>
            <SP HEIGHT="41" WIDTH="12" VPOS="713" HPOS="710"/>
            <String HEIGHT="41" WIDTH="48" VPOS="713" HPOS="675" CONTENT="" ID="r2l21_6" STYLEREFS="FONT0"/>
            <SP HEIGHT="41" WIDTH="12" VPOS="713" HPOS="722"/>
            <String HEIGHT="41" WIDTH="83" VPOS="713" HPOS="675" CONTENT="4&lt;/&gt;»" ID="r2l21_7" STYLEREFS="FONT0"/>
          </TextLine>
          <TextLine ID="r2l27" BASELINE="799" HEIGHT="50" WIDTH="920" VPOS="749" HPOS="319">
            <String HEIGHT="50" WIDTH="102" VPOS="749" HPOS="304" CONTENT="79." ID="r2l27_1" STYLEREFS="FONT0"/>
            <SP HEIGHT="50" WIDTH="15" VPOS="749" HPOS="407"/>
            <String HEIGHT="50" WIDTH="292" VPOS="749" HPOS="363" CONTENT="TARN-ET-GARONNE," ID="r2l27_2" STYLEREFS="FONT0"/>
            <SP HEIGHT="50" WIDTH="15" VPOS="749" HPOS="655"/>
            <String HEIGHT="50" WIDTH="146" VPOS="749" HPOS="611" CONTENT="Voyage" ID="r2l27_3" STYLEREFS="FONT0"/>
            <SP HEIGHT="50" WIDTH="15" VPOS="749" HPOS="757"/>
            <String HEIGHT="50" WIDTH="117" VPOS="749" HPOS="713" CONTENT="dans" ID="r2l27_4" STYLEREFS="FONT0"/>
            <SP HEIGHT="50" WIDTH="15" VPOS="749" HPOS="830"/>
            <String HEIGHT="50" WIDTH="88" VPOS="749" HPOS="786" CONTENT="ce" ID="r2l27_5" STYLEREFS="FONT0"/>
            <SP HEIGHT="50" WIDTH="15" VPOS="749" HPOS="874"/>
            <String HEIGHT="50" WIDTH="234" VPOS="749" HPOS="830" CONTENT="département," ID="r2l27_6" STYLEREFS="FONT0"/>
            <SP HEIGHT="50" WIDTH="15" VPOS="749" HPOS="1064"/>
            <String HEIGHT="50" WIDTH="88" VPOS="749" HPOS="1020" CONTENT="an" ID="r2l27_7" STYLEREFS="FONT0"/>
            <SP HEIGHT="50" WIDTH="15" VPOS="749" HPOS="1108"/>
            <String HEIGHT="50" WIDTH="117" VPOS="749" HPOS="1064" CONTENT="VII," ID="r2l27_8" STYLEREFS="FONT0"/>
            <SP HEIGHT="50" WIDTH="15" VPOS="749" HPOS="1181"/>
            <String HEIGHT="50" WIDTH="117" VPOS="749" HPOS="1122" CONTENT="in" ID="r2l27_9" STYLEREFS="FONT0"/>
          </TextLine>
          <TextLine ID="r2l28" BASELINE="834" HEIGHT="45" WIDTH="921" VPOS="789" HPOS="321">
            <String HEIGHT="45" WIDTH="134" VPOS="789" HPOS="306" CONTENT="carte" ID="r2l28_1" STYLEREFS="FONT0"/>
            <SP HEIGHT="45" WIDTH="15" VPOS="789" HPOS="440"/>
            <String HEIGHT="45" WIDTH="89" VPOS="789" HPOS="395" CONTENT="et" ID="r2l28_2" STYLEREFS="FONT0"/>
            <SP HEIGHT="45" WIDTH="15" VPOS="789" HPOS="484"/>
            <String HEIGHT="45" WIDTH="134" VPOS="789" HPOS="440" CONTENT="fig.;" ID="r2l28_3" STYLEREFS="FONT0"/>
            <SP HEIGHT="45" WIDTH="15" VPOS="789" HPOS="574"/>
            <String HEIGHT="45" WIDTH="163" VPOS="789" HPOS="529" CONTENT="adresse" ID="r2l28_4" STYLEREFS="FONT0"/>
            <SP HEIGHT="45" WIDTH="15" VPOS="789" HPOS="692"/>
            <String HEIGHT="45" WIDTH="104" VPOS="789" HPOS="648" CONTENT="des" ID="r2l28_5" STYLEREFS="FONT0"/>
            <SP HEIGHT="45" WIDTH="15" VPOS="789" HPOS="752"/>
            <String HEIGHT="45" WIDTH="223" VPOS="789" HPOS="707" CONTENT="catholiques" ID="r2l28_6" STYLEREFS="FONT0"/>
            <SP HEIGHT="45" WIDTH="15" VPOS="789" HPOS="930"/>
            <String HEIGHT="45" WIDTH="89" VPOS="789" HPOS="885" CONTENT="de" ID="r2l28_7" STYLEREFS="FONT0"/>
            <SP HEIGHT="45" WIDTH="15" VPOS="789" HPOS="975"/>
            <String HEIGHT="45" WIDTH="193" VPOS="789" HPOS="930" CONTENT="Montanban" ID="r2l28_8" STYLEREFS="FONT0"/>
            <SP HEIGHT="45" WIDTH="15" VPOS="789" HPOS="1123"/>
            <String HEIGHT="45" WIDTH="74" VPOS="789" HPOS="1079" CONTENT="à" ID="r2l28_9" STYLEREFS="FONT0"/>
            <SP HEIGHT="45" WIDTH="15" VPOS="789" HPOS="1153"/>
            <String HEIGHT="45" WIDTH="149" VPOS="789" HPOS="1093" CONTENT="l’Assem" SUBS_TYPE="HypPart1" SUBS_CONTENT="l’Assemblée," ID="r2l28_10" STYLEREFS="FONT0"/>
            <HYP CONTENT="-"/>
          </TextLine>
          <TextLine ID="r2l29" BASELINE="865" HEIGHT="54" WIDTH="932" VPOS="811" HPOS="313">
            <String HEIGHT="54" WIDTH="142" VPOS="811" HPOS="297" CONTENT="blée," SUBS_TYPE="HypPart2" SUBS_CONTENT="l’Assemblée," ID="r2l29_1" STYLEREFS="FONT0"/>
            <SP HEIGHT="54" WIDTH="16" VPOS="811" HPOS="439"/>
            <String HEIGHT="54" WIDTH="95" VPOS="811" HPOS="392" CONTENT="la" ID="r2l29_2" STYLEREFS="FONT0"/>
            <SP HEIGHT="54" WIDTH="16" VPOS="811" HPOS="487"/>
            <String HEIGHT="54" WIDTH="190" VPOS="811" HPOS="439" CONTENT="nouvelle" ID="r2l29_3" STYLEREFS="FONT0"/>
            <SP HEIGHT="54" WIDTH="16" VPOS="811" HPOS="629"/>
            <String HEIGHT="54" WIDTH="316" VPOS="811" HPOS="582" CONTENT="Saint-Barthélemy" ID="r2l29_4" STYLEREFS="FONT0"/>
            <SP HEIGHT="54" WIDTH="16" VPOS="811" HPOS="897"/>
            <String HEIGHT="54" WIDTH="95" VPOS="811" HPOS="850" CONTENT="ou" ID="r2l29_5" STYLEREFS="FONT0"/>
            <SP HEIGHT="54" WIDTH="16" VPOS="811" HPOS="945"/>
            <String HEIGHT="54" WIDTH="190" VPOS="811" HPOS="897" CONTENT="massacre" ID="r2l29_6" STYLEREFS="FONT0"/>
            <SP HEIGHT="54" WIDTH="16" VPOS="811" HPOS="1087"/>
            <String HEIGHT="54" WIDTH="190" VPOS="811" HPOS="1040" CONTENT="horrible" ID="r2l29_7" STYLEREFS="FONT0"/>
            <SP HEIGHT="54" WIDTH="16" VPOS="811" HPOS="1229"/>
            <String HEIGHT="54" WIDTH="79" VPOS="811" HPOS="1166" CONTENT="des" ID="r2l29_8" STYLEREFS="FONT0"/>
          </TextLine>
          <TextLine ID="r2l31" BASELINE="904" HEIGHT="44" WIDTH="936" VPOS="860" HPOS="313">
            <String HEIGHT="44" WIDTH="213" VPOS="860" HPOS="299" CONTENT="protestants" ID="r2l31_1" STYLEREFS="FONT0"/>
            <SP HEIGHT="44" WIDTH="14" VPOS="860" HPOS="512"/>
            <String HEIGHT="44" WIDTH="71" VPOS="860" HPOS="469" CONTENT="à" ID="r2l31_2" STYLEREFS="FONT0"/>
            <SP HEIGHT="44" WIDTH="14" VPOS="860" HPOS="540"/>
            <String HEIGHT="44" WIDTH="199" VPOS="860" HPOS="497" CONTENT="Moptauban," ID="r2l31_3" STYLEREFS="FONT0"/>
            <SP HEIGHT="44" WIDTH="14" VPOS="860" HPOS="696"/>
            <String HEIGHT="44" WIDTH="71" VPOS="860" HPOS="653" CONTENT="7" ID="r2l31_4" STYLEREFS="FONT0"/>
            <SP HEIGHT="44" WIDTH="14" VPOS="860" HPOS="724"/>
            <String HEIGHT="44" WIDTH="142" VPOS="860" HPOS="682" CONTENT="pièces" ID="r2l31_5" STYLEREFS="FONT0"/>
            <SP HEIGHT="44" WIDTH="14" VPOS="860" HPOS="824"/>
            <String HEIGHT="44" WIDTH="184" VPOS="860" HPOS="781" CONTENT="relatives" ID="r2l31_6" STYLEREFS="FONT0"/>
            <SP HEIGHT="44" WIDTH="14" VPOS="860" HPOS="965"/>
            <String HEIGHT="44" WIDTH="71" VPOS="860" HPOS="923" CONTENT="à" ID="r2l31_7" STYLEREFS="FONT0"/>
            <SP HEIGHT="44" WIDTH="14" VPOS="860" HPOS="994"/>
            <String HEIGHT="44" WIDTH="184" VPOS="860" HPOS="951" CONTENT="l’affaire" ID="r2l31_8" STYLEREFS="FONT0"/>
            <SP HEIGHT="44" WIDTH="14" VPOS="860" HPOS="1136"/>
            <String HEIGHT="44" WIDTH="156" VPOS="860" HPOS="1093" CONTENT="arrivée" ID="r2l31_9" STYLEREFS="FONT0"/>
            <SP HEIGHT="44" WIDTH="14" VPOS="860" HPOS="1249"/>
            <String HEIGHT="44" WIDTH="57" VPOS="860" HPOS="1192" CONTENT="en" ID="r2l31_10" STYLEREFS="FONT0"/>
          </TextLine>
          <TextLine ID="r2l33" BASELINE="931" HEIGHT="42" WIDTH="926" VPOS="889" HPOS="315">
            <String HEIGHT="42" WIDTH="126" VPOS="889" HPOS="301" CONTENT="cette" ID="r2l33_1" STYLEREFS="FONT0"/>
            <SP HEIGHT="42" WIDTH="14" VPOS="889" HPOS="427"/>
            <String HEIGHT="42" WIDTH="126" VPOS="889" HPOS="385" CONTENT="ville" ID="r2l33_2" STYLEREFS="FONT0"/>
            <SP HEIGHT="42" WIDTH="14" VPOS="889" HPOS="511"/>
            <String HEIGHT="42" WIDTH="84" VPOS="889" HPOS="469" CONTENT="le" ID="r2l33_3" STYLEREFS="FONT0"/>
            <SP HEIGHT="42" WIDTH="14" VPOS="889" HPOS="554"/>
            <String HEIGHT="42" WIDTH="98" VPOS="889" HPOS="511" CONTENT="10;" ID="r2l33_4" STYLEREFS="FONT0"/>
            <SP HEIGHT="42" WIDTH="14" VPOS="889" HPOS="610"/>
            <String HEIGHT="42" WIDTH="98" VPOS="889" HPOS="568" CONTENT="mai" ID="r2l33_5" STYLEREFS="FONT0"/>
            <SP HEIGHT="42" WIDTH="14" VPOS="889" HPOS="666"/>
            <String HEIGHT="42" WIDTH="126" VPOS="889" HPOS="624" CONTENT="1790," ID="r2l33_6" STYLEREFS="FONT0"/>
            <SP HEIGHT="42" WIDTH="14" VPOS="889" HPOS="750"/>
            <String HEIGHT="42" WIDTH="154" VPOS="889" HPOS="708" CONTENT="détails" ID="r2l33_7" STYLEREFS="FONT0"/>
            <SP HEIGHT="42" WIDTH="14" VPOS="889" HPOS="862"/>
            <String HEIGHT="42" WIDTH="84" VPOS="889" HPOS="820" CONTENT="du" ID="r2l33_8" STYLEREFS="FONT0"/>
            <SP HEIGHT="42" WIDTH="14" VPOS="889" HPOS="904"/>
            <String HEIGHT="42" WIDTH="140" VPOS="889" HPOS="862" CONTENT="blocus" ID="r2l33_9" STYLEREFS="FONT0"/>
            <SP HEIGHT="42" WIDTH="14" VPOS="889" HPOS="1002"/>
            <String HEIGHT="42" WIDTH="84" VPOS="889" HPOS="960" CONTENT="de" ID="r2l33_10" STYLEREFS="FONT0"/>
            <SP HEIGHT="42" WIDTH="14" VPOS="889" HPOS="1045"/>
            <String HEIGHT="42" WIDTH="84" VPOS="889" HPOS="1002" CONTENT="la" ID="r2l33_11" STYLEREFS="FONT0"/>
            <SP HEIGHT="42" WIDTH="14" VPOS="889" HPOS="1087"/>
            <String HEIGHT="42" WIDTH="126" VPOS="889" HPOS="1045" CONTENT="ville" ID="r2l33_12" STYLEREFS="FONT0"/>
            <SP HEIGHT="42" WIDTH="14" VPOS="889" HPOS="1171"/>
            <String HEIGHT="42" WIDTH="84" VPOS="889" HPOS="1129" CONTENT="de" ID="r2l33_13" STYLEREFS="FONT0"/>
            <SP HEIGHT="42" WIDTH="14" VPOS="889" HPOS="1213"/>
            <String HEIGHT="42" WIDTH="84" VPOS="889" HPOS="1157" CONTENT="Mon" SUBS_TYPE="HypPart1" SUBS_CONTENT="Montauban," ID="r2l33_14" STYLEREFS="FONT0"/>
            <HYP CONTENT="-"/>
          </TextLine>
          <TextLine ID="r2l36" BASELINE="973" HEIGHT="45" WIDTH="926" VPOS="928" HPOS="313">
            <String HEIGHT="45" WIDTH="162" VPOS="928" HPOS="298" CONTENT="tauban," SUBS_TYPE="HypPart2" SUBS_CONTENT="Montauban," ID="r2l36_1" STYLEREFS="FONT0"/>
            <SP HEIGHT="45" WIDTH="15" VPOS="928" HPOS="460"/>
            <String HEIGHT="45" WIDTH="132" VPOS="928" HPOS="416" CONTENT="etc.," ID="r2l36_2" STYLEREFS="FONT0"/>
            <SP HEIGHT="45" WIDTH="15" VPOS="928" HPOS="548"/>
            <String HEIGHT="45" WIDTH="147" VPOS="928" HPOS="504" CONTENT="lettre" ID="r2l36_3" STYLEREFS="FONT0"/>
            <SP HEIGHT="45" WIDTH="15" VPOS="928" HPOS="651"/>
            <String HEIGHT="45" WIDTH="147" VPOS="928" HPOS="607" CONTENT="signée" ID="r2l36_4" STYLEREFS="FONT0"/>
            <SP HEIGHT="45" WIDTH="15" VPOS="928" HPOS="754"/>
            <String HEIGHT="45" WIDTH="103" VPOS="928" HPOS="710" CONTENT="par" ID="r2l36_5" STYLEREFS="FONT0"/>
            <SP HEIGHT="45" WIDTH="15" VPOS="928" HPOS="813"/>
            <String HEIGHT="45" WIDTH="103" VPOS="928" HPOS="769" CONTENT="les" ID="r2l36_6" STYLEREFS="FONT0"/>
            <SP HEIGHT="45" WIDTH="15" VPOS="928" HPOS="872"/>
            <String HEIGHT="45" WIDTH="279" VPOS="928" HPOS="827" CONTENT="administrateurs" ID="r2l36_7" STYLEREFS="FONT0"/>
            <SP HEIGHT="45" WIDTH="15" VPOS="928" HPOS="1107"/>
            <String HEIGHT="45" WIDTH="88" VPOS="928" HPOS="1063" CONTENT="du" ID="r2l36_8" STYLEREFS="FONT0"/>
            <SP HEIGHT="45" WIDTH="15" VPOS="928" HPOS="1151"/>
            <String HEIGHT="45" WIDTH="147" VPOS="928" HPOS="1092" CONTENT="départe" SUBS_TYPE="HypPart1" SUBS_CONTENT="département" ID="r2l36_9" STYLEREFS="FONT0"/>
            <HYP CONTENT="-"/>
          </TextLine>
          <TextLine ID="r2l37" BASELINE="1005" HEIGHT="47" WIDTH="447" VPOS="958" HPOS="320">
            <String HEIGHT="47" WIDTH="99" VPOS="958" HPOS="308" CONTENT="ment" SUBS_TYPE="HypPart2" SUBS_CONTENT="département" ID="r2l37_1" STYLEREFS="FONT0"/>
            <SP HEIGHT="47" WIDTH="12" VPOS="958" HPOS="407"/>
            <String HEIGHT="47" WIDTH="75" VPOS="958" HPOS="370" CONTENT="en" ID="r2l37_2" STYLEREFS="FONT0"/>
            <SP HEIGHT="47" WIDTH="12" VPOS="958" HPOS="444"/>
            <String HEIGHT="47" WIDTH="87" VPOS="958" HPOS="407" CONTENT="Fan" ID="r2l37_3" STYLEREFS="FONT0"/>
            <SP HEIGHT="47" WIDTH="12" VPOS="958" HPOS="494"/>
            <String HEIGHT="47" WIDTH="87" VPOS="958" HPOS="457" CONTENT="II," ID="r2l37_4" STYLEREFS="FONT0"/>
            <SP HEIGHT="47" WIDTH="12" VPOS="958" HPOS="544"/>
            <String HEIGHT="47" WIDTH="75" VPOS="958" HPOS="506" CONTENT="20" ID="r2l37_5" STYLEREFS="FONT0"/>
            <SP HEIGHT="47" WIDTH="12" VPOS="958" HPOS="581"/>
            <String HEIGHT="47" WIDTH="124" VPOS="958" HPOS="544" CONTENT="pièces" ID="r2l37_6" STYLEREFS="FONT0"/>
            <SP HEIGHT="47" WIDTH="12" VPOS="958" HPOS="668"/>
            <String HEIGHT="47" WIDTH="112" VPOS="958" HPOS="630" CONTENT="in-8." ID="r2l37_7" STYLEREFS="FONT0"/>
            <SP HEIGHT="47" WIDTH="12" VPOS="958" HPOS="742"/>
            <String HEIGHT="47" WIDTH="62" VPOS="958" HPOS="705" CONTENT="9" ID="r2l37_8" STYLEREFS="FONT0"/>
            <SP HEIGHT="47" WIDTH="12" VPOS="958" HPOS="767"/>
            <String HEIGHT="47" WIDTH="50" VPOS="958" HPOS="717" CONTENT="&gt;»" ID="r2l37_9" STYLEREFS="FONT0"/>
          </TextLine>
          <TextLine ID="r2l42" BASELINE="1041" HEIGHT="56" WIDTH="895" VPOS="985" HPOS="304">
            <String HEIGHT="56" WIDTH="101" VPOS="985" HPOS="290" CONTENT="80." ID="r2l42_1" STYLEREFS="FONT0"/>
            <SP HEIGHT="56" WIDTH="14" VPOS="985" HPOS="391"/>
            <String HEIGHT="56" WIDTH="159" VPOS="985" HPOS="347" CONTENT="LANDES." ID="r2l42_2" STYLEREFS="FONT0"/>
            <SP HEIGHT="56" WIDTH="14" VPOS="985" HPOS="506"/>
            <String HEIGHT="56" WIDTH="144" VPOS="985" HPOS="463" CONTENT="Yoyage" ID="r2l42_3" STYLEREFS="FONT0"/>
            <SP HEIGHT="56" WIDTH="14" VPOS="985" HPOS="607"/>
            <String HEIGHT="56" WIDTH="115" VPOS="985" HPOS="564" CONTENT="dans" ID="r2l42_4" STYLEREFS="FONT0"/>
            <SP HEIGHT="56" WIDTH="14" VPOS="985" HPOS="679"/>
            <String HEIGHT="56" WIDTH="87" VPOS="985" HPOS="636" CONTENT="ce" ID="r2l42_5" STYLEREFS="FONT0"/>
            <SP HEIGHT="56" WIDTH="14" VPOS="985" HPOS="723"/>
            <String HEIGHT="56" WIDTH="231" VPOS="985" HPOS="679" CONTENT="département," ID="r2l42_6" STYLEREFS="FONT0"/>
            <SP HEIGHT="56" WIDTH="14" VPOS="985" HPOS="910"/>
            <String HEIGHT="56" WIDTH="87" VPOS="985" HPOS="867" CONTENT="an" ID="r2l42_7" STYLEREFS="FONT0"/>
            <SP HEIGHT="56" WIDTH="14" VPOS="985" HPOS="954"/>
            <String HEIGHT="56" WIDTH="101" VPOS="985" HPOS="910" CONTENT="VI," ID="r2l42_8" STYLEREFS="FONT0"/>
            <SP HEIGHT="56" WIDTH="14" VPOS="985" HPOS="1011"/>
            <String HEIGHT="56" WIDTH="144" VPOS="985" HPOS="968" CONTENT="in-8.," ID="r2l42_9" STYLEREFS="FONT0"/>
            <SP HEIGHT="56" WIDTH="14" VPOS="985" HPOS="1112"/>
            <String HEIGHT="56" WIDTH="130" VPOS="985" HPOS="1069" CONTENT="carte" ID="r2l42_10" STYLEREFS="FONT0"/>
            <SP HEIGHT="56" WIDTH="14" VPOS="985" HPOS="1199"/>
            <String HEIGHT="56" WIDTH="58" VPOS="985" HPOS="1141" CONTENT="et" ID="r2l42_11" STYLEREFS="FONT0"/>
          </TextLine>
          <TextLine ID="r2l44" BASELINE="1070" HEIGHT="43" WIDTH="928" VPOS="1027" HPOS="321">
            <String HEIGHT="43" WIDTH="127" VPOS="1027" HPOS="307" CONTENT="fig.," ID="r2l44_1" STYLEREFS="FONT0"/>
            <SP HEIGHT="43" WIDTH="14" VPOS="1027" HPOS="433"/>
            <String HEIGHT="43" WIDTH="141" VPOS="1027" HPOS="391" CONTENT="lettre" ID="r2l44_2" STYLEREFS="FONT0"/>
            <SP HEIGHT="43" WIDTH="14" VPOS="1027" HPOS="532"/>
            <String HEIGHT="43" WIDTH="183" VPOS="1027" HPOS="490" CONTENT="pastorale" ID="r2l44_3" STYLEREFS="FONT0"/>
            <SP HEIGHT="43" WIDTH="14" VPOS="1027" HPOS="673"/>
            <String HEIGHT="43" WIDTH="84" VPOS="1027" HPOS="630" CONTENT="de" ID="r2l44_4" STYLEREFS="FONT0"/>
            <SP HEIGHT="43" WIDTH="14" VPOS="1027" HPOS="715"/>
            <String HEIGHT="43" WIDTH="169" VPOS="1027" HPOS="673" CONTENT="Saurine," ID="r2l44_5" STYLEREFS="FONT0"/>
            <SP HEIGHT="43" WIDTH="14" VPOS="1027" HPOS="841"/>
            <String HEIGHT="43" WIDTH="155" VPOS="1027" HPOS="799" CONTENT="évêque," ID="r2l44_6" STYLEREFS="FONT0"/>
            <SP HEIGHT="43" WIDTH="14" VPOS="1027" HPOS="954"/>
            <String HEIGHT="43" WIDTH="127" VPOS="1027" HPOS="912" CONTENT="etc.," ID="r2l44_7" STYLEREFS="FONT0"/>
            <SP HEIGHT="43" WIDTH="14" VPOS="1027" HPOS="1038"/>
            <String HEIGHT="43" WIDTH="141" VPOS="1027" HPOS="996" CONTENT="lettre" ID="r2l44_8" STYLEREFS="FONT0"/>
            <SP HEIGHT="43" WIDTH="14" VPOS="1027" HPOS="1137"/>
            <String HEIGHT="43" WIDTH="141" VPOS="1027" HPOS="1094" CONTENT="signée" ID="r2l44_9" STYLEREFS="FONT0"/>
            <SP HEIGHT="43" WIDTH="14" VPOS="1027" HPOS="1235"/>
            <String HEIGHT="43" WIDTH="70" VPOS="1027" HPOS="1179" CONTENT="des" ID="r2l44_10" STYLEREFS="FONT0"/>
          </TextLine>
          <TextLine ID="r2l45" BASELINE="1099" HEIGHT="43" WIDTH="495" VPOS="1056" HPOS="321">
            <String HEIGHT="43" WIDTH="241" VPOS="1056" HPOS="308" CONTENT="administrateurs" ID="r2l45_1" STYLEREFS="FONT0"/>
            <SP HEIGHT="43" WIDTH="13" VPOS="1056" HPOS="549"/>
            <String HEIGHT="43" WIDTH="76" VPOS="1056" HPOS="511" CONTENT="en" ID="r2l45_2" STYLEREFS="FONT0"/>
            <SP HEIGHT="43" WIDTH="13" VPOS="1056" HPOS="588"/>
            <String HEIGHT="43" WIDTH="114" VPOS="1056" HPOS="549" CONTENT="1792," ID="r2l45_3" STYLEREFS="FONT0"/>
            <SP HEIGHT="43" WIDTH="13" VPOS="1056" HPOS="664"/>
            <String HEIGHT="43" WIDTH="63" VPOS="1056" HPOS="626" CONTENT="8" ID="r2l45_4" STYLEREFS="FONT0"/>
            <SP HEIGHT="43" WIDTH="13" VPOS="1056" HPOS="689"/>
            <String HEIGHT="43" WIDTH="140" VPOS="1056" HPOS="651" CONTENT="pièces." ID="r2l45_5" STYLEREFS="FONT0"/>
            <SP HEIGHT="43" WIDTH="13" VPOS="1056" HPOS="791"/>
            <String HEIGHT="43" WIDTH="63" VPOS="1056" HPOS="753" CONTENT="3" ID="r2l45_6" STYLEREFS="FONT0"/>
            <SP HEIGHT="43" WIDTH="13" VPOS="1056" HPOS="816"/>
            <String HEIGHT="43" WIDTH="51" VPOS="1056" HPOS="765" CONTENT="50" ID="r2l45_7" STYLEREFS="FONT0"/>
          </TextLine>
          <TextLine ID="r2l49" BASELINE="1147" HEIGHT="51" WIDTH="925" VPOS="1096" HPOS="317">
            <String HEIGHT="51" WIDTH="112" VPOS="1096" HPOS="301" CONTENT="81." ID="r2l49_1" STYLEREFS="FONT0"/>
            <SP HEIGHT="51" WIDTH="16" VPOS="1096" HPOS="413"/>
            <String HEIGHT="51" WIDTH="303" VPOS="1096" HPOS="365" CONTENT="HAUES-PYRÉNÉES." ID="r2l49_2" STYLEREFS="FONT0"/>
            <SP HEIGHT="51" WIDTH="16" VPOS="1096" HPOS="668"/>
            <String HEIGHT="51" WIDTH="159" VPOS="1096" HPOS="620" CONTENT="Voyage" ID="r2l49_3" STYLEREFS="FONT0"/>
            <SP HEIGHT="51" WIDTH="16" VPOS="1096" HPOS="780"/>
            <String HEIGHT="51" WIDTH="128" VPOS="1096" HPOS="732" CONTENT="dans" ID="r2l49_4" STYLEREFS="FONT0"/>
            <SP HEIGHT="51" WIDTH="16" VPOS="1096" HPOS="859"/>
            <String HEIGHT="51" WIDTH="96" VPOS="1096" HPOS="811" CONTENT="ce" ID="r2l49_5" STYLEREFS="FONT0"/>
            <SP HEIGHT="51" WIDTH="16" VPOS="1096" HPOS="907"/>
            <String HEIGHT="51" WIDTH="255" VPOS="1096" HPOS="859" CONTENT="département," ID="r2l49_6" STYLEREFS="FONT0"/>
            <SP HEIGHT="51" WIDTH="16" VPOS="1096" HPOS="1114"/>
            <String HEIGHT="51" WIDTH="128" VPOS="1096" HPOS="1067" CONTENT="anI," ID="r2l49_7" STYLEREFS="FONT0"/>
            <SP HEIGHT="51" WIDTH="16" VPOS="1096" HPOS="1194"/>
            <String HEIGHT="51" WIDTH="112" VPOS="1096" HPOS="1130" CONTENT="carte" ID="r2l49_8" STYLEREFS="FONT0"/>
          </TextLine>
          <TextLine ID="r2l50" BASELINE="1183" HEIGHT="48" WIDTH="933" VPOS="1135" HPOS="317">
            <String HEIGHT="48" WIDTH="90" VPOS="1135" HPOS="302" CONTENT="et" ID="r2l50_1" STYLEREFS="FONT0"/>
            <SP HEIGHT="48" WIDTH="15" VPOS="1135" HPOS="392"/>
            <String HEIGHT="48" WIDTH="135" VPOS="1135" HPOS="347" CONTENT="fig.," ID="r2l50_2" STYLEREFS="FONT0"/>
            <SP HEIGHT="48" WIDTH="15" VPOS="1135" HPOS="483"/>
            <String HEIGHT="48" WIDTH="105" VPOS="1135" HPOS="437" CONTENT="les" ID="r2l50_3" STYLEREFS="FONT0"/>
            <SP HEIGHT="48" WIDTH="15" VPOS="1135" HPOS="543"/>
            <String HEIGHT="48" WIDTH="286" VPOS="1135" HPOS="498" CONTENT="administrateurs" ID="r2l50_4" STYLEREFS="FONT0"/>
            <SP HEIGHT="48" WIDTH="15" VPOS="1135" HPOS="784"/>
            <String HEIGHT="48" WIDTH="196" VPOS="1135" HPOS="738" CONTENT="destitués" ID="r2l50_5" STYLEREFS="FONT0"/>
            <SP HEIGHT="48" WIDTH="15" VPOS="1135" HPOS="934"/>
            <String HEIGHT="48" WIDTH="90" VPOS="1135" HPOS="889" CONTENT="au" ID="r2l50_6" STYLEREFS="FONT0"/>
            <SP HEIGHT="48" WIDTH="15" VPOS="1135" HPOS="979"/>
            <String HEIGHT="48" WIDTH="166" VPOS="1135" HPOS="934" CONTENT="Conseil" ID="r2l50_7" STYLEREFS="FONT0"/>
            <SP HEIGHT="48" WIDTH="15" VPOS="1135" HPOS="1100"/>
            <String HEIGHT="48" WIDTH="105" VPOS="1135" HPOS="1054" CONTENT="des" ID="r2l50_8" STYLEREFS="FONT0"/>
            <SP HEIGHT="48" WIDTH="15" VPOS="1135" HPOS="1160"/>
            <String HEIGHT="48" WIDTH="150" VPOS="1135" HPOS="1100" CONTENT="anciens," ID="r2l50_9" STYLEREFS="FONT0"/>
          </TextLine>
          <TextLine ID="r2l52" BASELINE="1220" HEIGHT="54" WIDTH="927" VPOS="1166" HPOS="323">
            <String HEIGHT="54" WIDTH="155" VPOS="1166" HPOS="309" CONTENT="lettres" ID="r2l52_1" STYLEREFS="FONT0"/>
            <SP HEIGHT="54" WIDTH="14" VPOS="1166" HPOS="463"/>
            <String HEIGHT="54" WIDTH="155" VPOS="1166" HPOS="421" CONTENT="signées" ID="r2l52_2" STYLEREFS="FONT0"/>
            <SP HEIGHT="54" WIDTH="14" VPOS="1166" HPOS="576"/>
            <String HEIGHT="54" WIDTH="98" VPOS="1166" HPOS="534" CONTENT="par" ID="r2l52_3" STYLEREFS="FONT0"/>
            <SP HEIGHT="54" WIDTH="14" VPOS="1166" HPOS="632"/>
            <String HEIGHT="54" WIDTH="98" VPOS="1166" HPOS="590" CONTENT="les" ID="r2l52_4" STYLEREFS="FONT0"/>
            <SP HEIGHT="54" WIDTH="14" VPOS="1166" HPOS="688"/>
            <String HEIGHT="54" WIDTH="281" VPOS="1166" HPOS="646" CONTENT="administrateurs," ID="r2l52_5" STYLEREFS="FONT0"/>
            <SP HEIGHT="54" WIDTH="14" VPOS="1166" HPOS="927"/>
            <String HEIGHT="54" WIDTH="112" VPOS="1166" HPOS="885" CONTENT="1792" ID="r2l52_6" STYLEREFS="FONT0"/>
            <SP HEIGHT="54" WIDTH="14" VPOS="1166" HPOS="997"/>
            <String HEIGHT="54" WIDTH="84" VPOS="1166" HPOS="955" CONTENT="et" ID="r2l52_7" STYLEREFS="FONT0"/>
            <SP HEIGHT="54" WIDTH="14" VPOS="1166" HPOS="1039"/>
            <String HEIGHT="54" WIDTH="84" VPOS="1166" HPOS="997" CONTENT="an" ID="r2l52_8" STYLEREFS="FONT0"/>
            <SP HEIGHT="54" WIDTH="14" VPOS="1166" HPOS="1081"/>
            <String HEIGHT="54" WIDTH="84" VPOS="1166" HPOS="1039" CONTENT="V," ID="r2l52_9" STYLEREFS="FONT0"/>
            <SP HEIGHT="54" WIDTH="14" VPOS="1166" HPOS="1124"/>
            <String HEIGHT="54" WIDTH="84" VPOS="1166" HPOS="1081" CONTENT="la" ID="r2l52_10" STYLEREFS="FONT0"/>
            <SP HEIGHT="54" WIDTH="14" VPOS="1166" HPOS="1166"/>
            <String HEIGHT="54" WIDTH="140" VPOS="1166" HPOS="1110" CONTENT="première" ID="r2l52_11" STYLEREFS="FONT0"/>
          </TextLine>
          <TextLine ID="r2l55" BASELINE="1242" HEIGHT="35" WIDTH="931" VPOS="1207" HPOS="321">
            <String HEIGHT="35" WIDTH="103" VPOS="1207" HPOS="306" CONTENT="est" ID="r2l55_1" STYLEREFS="FONT0"/>
            <SP HEIGHT="35" WIDTH="15" VPOS="1207" HPOS="410"/>
            <String HEIGHT="35" WIDTH="177" VPOS="1207" HPOS="365" CONTENT="relative" ID="r2l55_2" STYLEREFS="FONT0"/>
            <SP HEIGHT="35" WIDTH="15" VPOS="1207" HPOS="543"/>
            <String HEIGHT="35" WIDTH="74" VPOS="1207" HPOS="498" CONTENT="à" ID="r2l55_3" STYLEREFS="FONT0"/>
            <SP HEIGHT="35" WIDTH="15" VPOS="1207" HPOS="572"/>
            <String HEIGHT="35" WIDTH="103" VPOS="1207" HPOS="528" CONTENT="uné" ID="r2l55_4" STYLEREFS="FONT0"/>
            <SP HEIGHT="35" WIDTH="15" VPOS="1207" HPOS="631"/>
            <String HEIGHT="35" WIDTH="148" VPOS="1207" HPOS="587" CONTENT="maison" ID="r2l55_5" STYLEREFS="FONT0"/>
            <SP HEIGHT="35" WIDTH="15" VPOS="1207" HPOS="735"/>
            <String HEIGHT="35" WIDTH="89" VPOS="1207" HPOS="690" CONTENT="de" ID="r2l55_6" STYLEREFS="FONT0"/>
            <SP HEIGHT="35" WIDTH="15" VPOS="1207" HPOS="779"/>
            <String HEIGHT="35" WIDTH="207" VPOS="1207" HPOS="735" CONTENT="correction" ID="r2l55_7" STYLEREFS="FONT0"/>
            <SP HEIGHT="35" WIDTH="15" VPOS="1207" HPOS="942"/>
            <String HEIGHT="35" WIDTH="118" VPOS="1207" HPOS="897" CONTENT="pour" ID="r2l55_8" STYLEREFS="FONT0"/>
            <SP HEIGHT="35" WIDTH="15" VPOS="1207" HPOS="1016"/>
            <String HEIGHT="35" WIDTH="89" VPOS="1207" HPOS="971" CONTENT="le" ID="r2l55_9" STYLEREFS="FONT0"/>
            <SP HEIGHT="35" WIDTH="15" VPOS="1207" HPOS="1060"/>
            <String HEIGHT="35" WIDTH="236" VPOS="1207" HPOS="1016" CONTENT="département," ID="r2l55_10" STYLEREFS="FONT0"/>
            <SP HEIGHT="35" WIDTH="15" VPOS="1207" HPOS="1252"/>
            <String HEIGHT="35" WIDTH="59" VPOS="1207" HPOS="1193" CONTENT="et" ID="r2l55_11" STYLEREFS="FONT0"/>
          </TextLine>
          <TextLine ID="r2l56" BASELINE="1290" HEIGHT="54" WIDTH="932" VPOS="1236" HPOS="319">
            <String HEIGHT="54" WIDTH="131" VPOS="1236" HPOS="304" CONTENT="porte" ID="r2l56_1" STYLEREFS="FONT0"/>
            <SP HEIGHT="54" WIDTH="15" VPOS="1236" HPOS="436"/>
            <String HEIGHT="54" WIDTH="102" VPOS="1236" HPOS="392" CONTENT="les" ID="r2l56_2" STYLEREFS="FONT0"/>
            <SP HEIGHT="54" WIDTH="15" VPOS="1236" HPOS="494"/>
            <String HEIGHT="54" WIDTH="204" VPOS="1236" HPOS="450" CONTENT="signatures" ID="r2l56_3" STYLEREFS="FONT0"/>
            <SP HEIGHT="54" WIDTH="15" VPOS="1236" HPOS="654"/>
            <String HEIGHT="54" WIDTH="87" VPOS="1236" HPOS="610" CONTENT="de" ID="r2l56_4" STYLEREFS="FONT0"/>
            <SP HEIGHT="54" WIDTH="15" VPOS="1236" HPOS="698"/>
            <String HEIGHT="54" WIDTH="204" VPOS="1236" HPOS="654" CONTENT="Féraud," ID="r2l56_5" STYLEREFS="FONT2"/>
            <SP HEIGHT="54" WIDTH="15" VPOS="1236" HPOS="858"/>
            <String HEIGHT="54" WIDTH="189" VPOS="1236" HPOS="814" CONTENT="Lacrampe," ID="r2l56_6" STYLEREFS="FONT2"/>
            <SP HEIGHT="54" WIDTH="15" VPOS="1236" HPOS="1003"/>
            <String HEIGHT="54" WIDTH="248" VPOS="1236" HPOS="960" CONTENT="Dauphole," ID="r2l56_7" STYLEREFS="FONT2"/>
            <SP HEIGHT="54" WIDTH="15" VPOS="1236" HPOS="1207"/>
            <String HEIGHT="54" WIDTH="102" VPOS="1236" HPOS="1149" CONTENT="etc.," ID="r2l56_8" STYLEREFS="FONT0"/>
          </TextLine>
          <TextLine ID="r2l58" BASELINE="1315" HEIGHT="48" WIDTH="371" VPOS="1267" HPOS="312">
            <String HEIGHT="48" WIDTH="124" VPOS="1267" HPOS="287" CONTENT="8" ID="r2l58_1" STYLEREFS="FONT0"/>
            <SP HEIGHT="48" WIDTH="25" VPOS="1267" HPOS="411"/>
            <String HEIGHT="48" WIDTH="297" VPOS="1267" HPOS="337" CONTENT="pièces&lt;&gt;" ID="r2l58_2" STYLEREFS="FONT0"/>
            <SP HEIGHT="48" WIDTH="25" VPOS="1267" HPOS="634"/>
            <String HEIGHT="48" WIDTH="124" VPOS="1267" HPOS="559" CONTENT="4" ID="r2l58_3" STYLEREFS="FONT0"/>
            <SP HEIGHT="48" WIDTH="25" VPOS="1267" HPOS="683"/>
            <String HEIGHT="48" WIDTH="99" VPOS="1267" HPOS="584" CONTENT="50" ID="r2l58_4" STYLEREFS="FONT0"/>
          </TextLine>
          <TextLine ID="r2l62" BASELINE="1358" HEIGHT="55" WIDTH="932" VPOS="1303" HPOS="313">
            <String HEIGHT="55" WIDTH="102" VPOS="1303" HPOS="298" CONTENT="82." ID="r2l62_1" STYLEREFS="FONT0"/>
            <SP HEIGHT="55" WIDTH="15" VPOS="1303" HPOS="400"/>
            <String HEIGHT="55" WIDTH="146" VPOS="1303" HPOS="357" CONTENT="BEARN." ID="r2l62_2" STYLEREFS="FONT0"/>
            <SP HEIGHT="55" WIDTH="15" VPOS="1303" HPOS="502"/>
            <String HEIGHT="55" WIDTH="73" VPOS="1303" HPOS="459" CONTENT="—" ID="r2l62_3" STYLEREFS="FONT0"/>
            <SP HEIGHT="55" WIDTH="15" VPOS="1303" HPOS="531"/>
            <String HEIGHT="55" WIDTH="393" VPOS="1303" HPOS="488" CONTENT="Basses-Pyrénées" ID="r2l62_4" STYLEREFS="FONT2"/>
            <SP HEIGHT="55" WIDTH="15" VPOS="1303" HPOS="881"/>
            <String HEIGHT="55" WIDTH="146" VPOS="1303" HPOS="837" CONTENT="Voyage" ID="r2l62_5" STYLEREFS="FONT0"/>
            <SP HEIGHT="55" WIDTH="15" VPOS="1303" HPOS="983"/>
            <String HEIGHT="55" WIDTH="117" VPOS="1303" HPOS="939" CONTENT="dans" ID="r2l62_6" STYLEREFS="FONT0"/>
            <SP HEIGHT="55" WIDTH="15" VPOS="1303" HPOS="1056"/>
            <String HEIGHT="55" WIDTH="87" VPOS="1303" HPOS="1012" CONTENT="ce" ID="r2l62_7" STYLEREFS="FONT0"/>
            <SP HEIGHT="55" WIDTH="15" VPOS="1303" HPOS="1099"/>
            <String HEIGHT="55" WIDTH="204" VPOS="1303" HPOS="1041" CONTENT="département," ID="r2l62_8" STYLEREFS="FONT0"/>
          </TextLine>
          <TextLine ID="r2l63" BASELINE="1387" HEIGHT="46" WIDTH="934" VPOS="1341" HPOS="317">
            <String HEIGHT="46" WIDTH="90" VPOS="1341" HPOS="302" CONTENT="an" ID="r2l63_1" STYLEREFS="FONT0"/>
            <SP HEIGHT="46" WIDTH="15" VPOS="1341" HPOS="392"/>
            <String HEIGHT="46" WIDTH="105" VPOS="1341" HPOS="347" CONTENT="VI," ID="r2l63_2" STYLEREFS="FONT0"/>
            <SP HEIGHT="46" WIDTH="15" VPOS="1341" HPOS="453"/>
            <String HEIGHT="46" WIDTH="136" VPOS="1341" HPOS="407" CONTENT="cart." ID="r2l63_3" STYLEREFS="FONT0"/>
            <SP HEIGHT="46" WIDTH="15" VPOS="1341" HPOS="543"/>
            <String HEIGHT="46" WIDTH="90" VPOS="1341" HPOS="498" CONTENT="et" ID="r2l63_4" STYLEREFS="FONT0"/>
            <SP HEIGHT="46" WIDTH="15" VPOS="1341" HPOS="588"/>
            <String HEIGHT="46" WIDTH="136" VPOS="1341" HPOS="543" CONTENT="fig.;" ID="r2l63_5" STYLEREFS="FONT0"/>
            <SP HEIGHT="46" WIDTH="15" VPOS="1341" HPOS="679"/>
            <String HEIGHT="46" WIDTH="211" VPOS="1341" HPOS="633" CONTENT="réflexions" ID="r2l63_6" STYLEREFS="FONT0"/>
            <SP HEIGHT="46" WIDTH="15" VPOS="1341" HPOS="844"/>
            <String HEIGHT="46" WIDTH="105" VPOS="1341" HPOS="799" CONTENT="sur" ID="r2l63_7" STYLEREFS="FONT0"/>
            <SP HEIGHT="46" WIDTH="15" VPOS="1341" HPOS="905"/>
            <String HEIGHT="46" WIDTH="271" VPOS="1341" HPOS="859" CONTENT="l’insurrection" ID="r2l63_8" STYLEREFS="FONT0"/>
            <SP HEIGHT="46" WIDTH="15" VPOS="1341" HPOS="1130"/>
            <String HEIGHT="46" WIDTH="90" VPOS="1341" HPOS="1085" CONTENT="de" ID="r2l63_9" STYLEREFS="FONT0"/>
            <SP HEIGHT="46" WIDTH="15" VPOS="1341" HPOS="1176"/>
            <String HEIGHT="46" WIDTH="136" VPOS="1341" HPOS="1115" CONTENT="Bayonne" ID="r2l63_10" STYLEREFS="FONT0"/>
          </TextLine>
          <TextLine ID="r2l64" BASELINE="1427" HEIGHT="52" WIDTH="916" VPOS="1375" HPOS="327">
            <String HEIGHT="52" WIDTH="133" VPOS="1375" HPOS="314" CONTENT="légère" ID="r2l64_1" STYLEREFS="FONT0"/>
            <SP HEIGHT="52" WIDTH="13" VPOS="1375" HPOS="446"/>
            <String HEIGHT="52" WIDTH="146" VPOS="1375" HPOS="407" CONTENT="cassure" ID="r2l64_2" STYLEREFS="FONT0"/>
            <SP HEIGHT="52" WIDTH="13" VPOS="1375" HPOS="553"/>
            <String HEIGHT="52" WIDTH="80" VPOS="1375" HPOS="513" CONTENT="au" ID="r2l64_3" STYLEREFS="FONT0"/>
            <SP HEIGHT="52" WIDTH="13" VPOS="1375" HPOS="593"/>
            <String HEIGHT="52" WIDTH="93" VPOS="1375" HPOS="553" CONTENT="1er" ID="r2l64_4" STYLEREFS="FONT0"/>
            <SP HEIGHT="52" WIDTH="13" VPOS="1375" HPOS="646"/>
            <String HEIGHT="52" WIDTH="199" VPOS="1375" HPOS="606" CONTENT="feuilllet);" ID="r2l64_5" STYLEREFS="FONT0"/>
            <SP HEIGHT="52" WIDTH="13" VPOS="1375" HPOS="805"/>
            <String HEIGHT="52" WIDTH="106" VPOS="1375" HPOS="765" CONTENT="Léon" ID="r2l64_6" STYLEREFS="FONT0"/>
            <SP HEIGHT="52" WIDTH="13" VPOS="1375" HPOS="871"/>
            <String HEIGHT="52" WIDTH="279" VPOS="1375" HPOS="831" CONTENT="Bastereche" ID="r2l64_7" STYLEREFS="FONT2"/>
            <SP HEIGHT="52" WIDTH="13" VPOS="1375" HPOS="1110"/>
            <String HEIGHT="52" WIDTH="80" VPOS="1375" HPOS="1070" CONTENT="de" ID="r2l64_8" STYLEREFS="FONT0"/>
            <SP HEIGHT="52" WIDTH="13" VPOS="1375" HPOS="1150"/>
            <String HEIGHT="52" WIDTH="146" VPOS="1375" HPOS="1110" CONTENT="Bayonne" ID="r2l64_9" STYLEREFS="FONT0"/>
            <SP HEIGHT="52" WIDTH="13" VPOS="1375" HPOS="1256"/>
            <String HEIGHT="52" WIDTH="40" VPOS="1375" HPOS="1203" CONTENT="à" ID="r2l64_10" STYLEREFS="FONT0"/>
          </TextLine>
          <TextLine ID="r2l65" BASELINE="1454" HEIGHT="44" WIDTH="918" VPOS="1410" HPOS="321">
            <String HEIGHT="44" WIDTH="237" VPOS="1410" HPOS="306" CONTENT="Pinet" ID="r2l65_1" STYLEREFS="FONT2"/>
            <SP HEIGHT="44" WIDTH="15" VPOS="1410" HPOS="543"/>
            <String HEIGHT="44" WIDTH="163" VPOS="1410" HPOS="499" CONTENT="mémoire" ID="r2l65_2" STYLEREFS="FONT0"/>
            <SP HEIGHT="44" WIDTH="15" VPOS="1410" HPOS="662"/>
            <String HEIGHT="44" WIDTH="118" VPOS="1410" HPOS="617" CONTENT="pour" ID="r2l65_3" STYLEREFS="FONT0"/>
            <SP HEIGHT="44" WIDTH="15" VPOS="1410" HPOS="736"/>
            <String HEIGHT="44" WIDTH="89" VPOS="1410" HPOS="691" CONTENT="la" ID="r2l65_4" STYLEREFS="FONT0"/>
            <SP HEIGHT="44" WIDTH="15" VPOS="1410" HPOS="780"/>
            <String HEIGHT="44" WIDTH="163" VPOS="1410" HPOS="736" CONTENT="commune" ID="r2l65_5" STYLEREFS="FONT0"/>
            <SP HEIGHT="44" WIDTH="15" VPOS="1410" HPOS="898"/>
            <String HEIGHT="44" WIDTH="89" VPOS="1410" HPOS="854" CONTENT="de" ID="r2l65_6" STYLEREFS="FONT0"/>
            <SP HEIGHT="44" WIDTH="15" VPOS="1410" HPOS="943"/>
            <String HEIGHT="44" WIDTH="281" VPOS="1410" HPOS="898" CONTENT="St-Jean-de-Luz;" ID="r2l65_7" STYLEREFS="FONT0"/>
            <SP HEIGHT="44" WIDTH="15" VPOS="1410" HPOS="1180"/>
            <String HEIGHT="44" WIDTH="118" VPOS="1410" HPOS="1121" CONTENT="procès" ID="r2l65_8" STYLEREFS="FONT0"/>
          </TextLine>
          <TextLine ID="r2l67" BASELINE="1488" HEIGHT="37" WIDTH="930" VPOS="1451" HPOS="325">
            <String HEIGHT="37" WIDTH="157" VPOS="1451" HPOS="311" CONTENT="verbaux" ID="r2l67_1" STYLEREFS="FONT0"/>
            <SP HEIGHT="37" WIDTH="14" VPOS="1451" HPOS="468"/>
            <String HEIGHT="37" WIDTH="86" VPOS="1451" HPOS="425" CONTENT="de" ID="r2l67_2" STYLEREFS="FONT0"/>
            <SP HEIGHT="37" WIDTH="14" VPOS="1451" HPOS="511"/>
            <String HEIGHT="37" WIDTH="215" VPOS="1451" HPOS="468" CONTENT="l’assemblée" ID="r2l67_3" STYLEREFS="FONT0"/>
            <SP HEIGHT="37" WIDTH="14" VPOS="1451" HPOS="683"/>
            <String HEIGHT="37" WIDTH="215" VPOS="1451" HPOS="640" CONTENT="électorale," ID="r2l67_4" STYLEREFS="FONT0"/>
            <SP HEIGHT="37" WIDTH="14" VPOS="1451" HPOS="854"/>
            <String HEIGHT="37" WIDTH="129" VPOS="1451" HPOS="811" CONTENT="etc.," ID="r2l67_5" STYLEREFS="FONT0"/>
            <SP HEIGHT="37" WIDTH="14" VPOS="1451" HPOS="940"/>
            <String HEIGHT="37" WIDTH="86" VPOS="1451" HPOS="897" CONTENT="et" ID="r2l67_6" STYLEREFS="FONT0"/>
            <SP HEIGHT="37" WIDTH="14" VPOS="1451" HPOS="983"/>
            <String HEIGHT="37" WIDTH="143" VPOS="1451" HPOS="940" CONTENT="lettre" ID="r2l67_7" STYLEREFS="FONT0"/>
            <SP HEIGHT="37" WIDTH="14" VPOS="1451" HPOS="1083"/>
            <String HEIGHT="37" WIDTH="143" VPOS="1451" HPOS="1040" CONTENT="signée" ID="r2l67_8" STYLEREFS="FONT0"/>
            <SP HEIGHT="37" WIDTH="14" VPOS="1451" HPOS="1183"/>
            <String HEIGHT="37" WIDTH="100" VPOS="1451" HPOS="1141" CONTENT="par" ID="r2l67_9" STYLEREFS="FONT0"/>
            <SP HEIGHT="37" WIDTH="14" VPOS="1451" HPOS="1241"/>
            <String HEIGHT="37" WIDTH="72" VPOS="1451" HPOS="1183" CONTENT="les" ID="r2l67_10" STYLEREFS="FONT0"/>
          </TextLine>
          <TextLine ID="r2l68" BASELINE="1531" HEIGHT="47" WIDTH="930" VPOS="1484" HPOS="321">
            <String HEIGHT="47" WIDTH="276" VPOS="1484" HPOS="306" CONTENT="administrateurs" ID="r2l68_1" STYLEREFS="FONT0"/>
            <SP HEIGHT="47" WIDTH="15" VPOS="1484" HPOS="583"/>
            <String HEIGHT="47" WIDTH="87" VPOS="1484" HPOS="539" CONTENT="en" ID="r2l68_2" STYLEREFS="FONT0"/>
            <SP HEIGHT="47" WIDTH="15" VPOS="1484" HPOS="626"/>
            <String HEIGHT="47" WIDTH="116" VPOS="1484" HPOS="583" CONTENT="l’an" ID="r2l68_3" STYLEREFS="FONT0"/>
            <SP HEIGHT="47" WIDTH="15" VPOS="1484" HPOS="699"/>
            <String HEIGHT="47" WIDTH="131" VPOS="1484" HPOS="655" CONTENT="VIII;" ID="r2l68_4" STYLEREFS="FONT0"/>
            <SP HEIGHT="47" WIDTH="15" VPOS="1484" HPOS="786"/>
            <String HEIGHT="47" WIDTH="131" VPOS="1484" HPOS="742" CONTENT="douze" ID="r2l68_5" STYLEREFS="FONT0"/>
            <SP HEIGHT="47" WIDTH="15" VPOS="1484" HPOS="873"/>
            <String HEIGHT="47" WIDTH="145" VPOS="1484" HPOS="830" CONTENT="pièces" ID="r2l68_6" STYLEREFS="FONT0"/>
            <SP HEIGHT="47" WIDTH="15" VPOS="1484" HPOS="975"/>
            <String HEIGHT="47" WIDTH="131" VPOS="1484" HPOS="931" CONTENT="in-8°" ID="r2l68_7" STYLEREFS="FONT0"/>
            <SP HEIGHT="47" WIDTH="15" VPOS="1484" HPOS="1062"/>
            <String HEIGHT="47" WIDTH="87" VPOS="1484" HPOS="1019" CONTENT="et" ID="r2l68_8" STYLEREFS="FONT0"/>
            <SP HEIGHT="47" WIDTH="15" VPOS="1484" HPOS="1106"/>
            <String HEIGHT="47" WIDTH="145" VPOS="1484" HPOS="1062" CONTENT="in-4°." ID="r2l68_9" STYLEREFS="FONT0"/>
            <SP HEIGHT="47" WIDTH="15" VPOS="1484" HPOS="1207"/>
            <String HEIGHT="47" WIDTH="87" VPOS="1484" HPOS="1164" CONTENT=".5" ID="r2l68_10" STYLEREFS="FONT0"/>
            <SP HEIGHT="47" WIDTH="15" VPOS="1484" HPOS="1251"/>
            <String HEIGHT="47" WIDTH="58" VPOS="1484" HPOS="1193" CONTENT="50" ID="r2l68_11" STYLEREFS="FONT0"/>
          </TextLine>
          <TextLine ID="r2l70" BASELINE="1559" HEIGHT="50" WIDTH="929" VPOS="1509" HPOS="317">
            <String HEIGHT="50" WIDTH="105" VPOS="1509" HPOS="302" CONTENT="83." ID="r2l70_1" STYLEREFS="FONT0"/>
            <SP HEIGHT="50" WIDTH="15" VPOS="1509" HPOS="407"/>
            <String HEIGHT="50" WIDTH="240" VPOS="1509" HPOS="362" CONTENT="HAUTE-LOIRE." ID="r2l70_2" STYLEREFS="FONT0"/>
            <SP HEIGHT="50" WIDTH="15" VPOS="1509" HPOS="602"/>
            <String HEIGHT="50" WIDTH="150" VPOS="1509" HPOS="557" CONTENT="Voyage" ID="r2l70_3" STYLEREFS="FONT0"/>
            <SP HEIGHT="50" WIDTH="15" VPOS="1509" HPOS="707"/>
            <String HEIGHT="50" WIDTH="120" VPOS="1509" HPOS="662" CONTENT="dans" ID="r2l70_4" STYLEREFS="FONT0"/>
            <SP HEIGHT="50" WIDTH="15" VPOS="1509" HPOS="782"/>
            <String HEIGHT="50" WIDTH="90" VPOS="1509" HPOS="737" CONTENT="ce" ID="r2l70_5" STYLEREFS="FONT0"/>
            <SP HEIGHT="50" WIDTH="15" VPOS="1509" HPOS="826"/>
            <String HEIGHT="50" WIDTH="240" VPOS="1509" HPOS="782" CONTENT="département," ID="r2l70_6" STYLEREFS="FONT0"/>
            <SP HEIGHT="50" WIDTH="15" VPOS="1509" HPOS="1021"/>
            <String HEIGHT="50" WIDTH="90" VPOS="1509" HPOS="976" CONTENT="an" ID="r2l70_7" STYLEREFS="FONT0"/>
            <SP HEIGHT="50" WIDTH="15" VPOS="1509" HPOS="1066"/>
            <String HEIGHT="50" WIDTH="135" VPOS="1509" HPOS="1021" CONTENT="VIII," ID="r2l70_8" STYLEREFS="FONT0"/>
            <SP HEIGHT="50" WIDTH="15" VPOS="1509" HPOS="1156"/>
            <String HEIGHT="50" WIDTH="135" VPOS="1509" HPOS="1111" CONTENT="carte" ID="r2l70_9" STYLEREFS="FONT0"/>
            <SP HEIGHT="50" WIDTH="15" VPOS="1509" HPOS="1246"/>
            <String HEIGHT="50" WIDTH="60" VPOS="1509" HPOS="1186" CONTENT="et" ID="r2l70_10" STYLEREFS="FONT0"/>
          </TextLine>
          <TextLine ID="r2l71" BASELINE="1601" HEIGHT="52" WIDTH="929" VPOS="1549" HPOS="319">
            <String HEIGHT="52" WIDTH="125" VPOS="1549" HPOS="305" CONTENT="fig.;" ID="r2l71_1" STYLEREFS="FONT0"/>
            <SP HEIGHT="52" WIDTH="14" VPOS="1549" HPOS="430"/>
            <String HEIGHT="52" WIDTH="153" VPOS="1549" HPOS="388" CONTENT="rapport" ID="r2l71_2" STYLEREFS="FONT0"/>
            <SP HEIGHT="52" WIDTH="14" VPOS="1549" HPOS="541"/>
            <String HEIGHT="52" WIDTH="83" VPOS="1549" HPOS="499" CONTENT="de" ID="r2l71_3" STYLEREFS="FONT0"/>
            <SP HEIGHT="52" WIDTH="14" VPOS="1549" HPOS="582"/>
            <String HEIGHT="52" WIDTH="250" VPOS="1549" HPOS="541" CONTENT="Pierret" ID="r2l71_4" STYLEREFS="FONT2"/>
            <SP HEIGHT="52" WIDTH="14" VPOS="1549" HPOS="790"/>
            <String HEIGHT="52" WIDTH="97" VPOS="1549" HPOS="749" CONTENT="sur" ID="r2l71_5" STYLEREFS="FONT0"/>
            <SP HEIGHT="52" WIDTH="14" VPOS="1549" HPOS="846"/>
            <String HEIGHT="52" WIDTH="83" VPOS="1549" HPOS="804" CONTENT="sa" ID="r2l71_6" STYLEREFS="FONT0"/>
            <SP HEIGHT="52" WIDTH="14" VPOS="1549" HPOS="887"/>
            <String HEIGHT="52" WIDTH="153" VPOS="1549" HPOS="846" CONTENT="mission" ID="r2l71_7" STYLEREFS="FONT0"/>
            <SP HEIGHT="52" WIDTH="14" VPOS="1549" HPOS="998"/>
            <String HEIGHT="52" WIDTH="111" VPOS="1549" HPOS="957" CONTENT="dans" ID="r2l71_8" STYLEREFS="FONT0"/>
            <SP HEIGHT="52" WIDTH="14" VPOS="1549" HPOS="1068"/>
            <String HEIGHT="52" WIDTH="83" VPOS="1549" HPOS="1026" CONTENT="ce" ID="r2l71_9" STYLEREFS="FONT0"/>
            <SP HEIGHT="52" WIDTH="14" VPOS="1549" HPOS="1109"/>
            <String HEIGHT="52" WIDTH="194" VPOS="1549" HPOS="1054" CONTENT="département;" ID="r2l71_10" STYLEREFS="FONT0"/>
          </TextLine>
          <TextLine ID="r2l72" BASELINE="1635" HEIGHT="46" WIDTH="928" VPOS="1589" HPOS="318">
            <String HEIGHT="46" WIDTH="153" VPOS="1589" HPOS="305" CONTENT="adresses" ID="r2l72_1" STYLEREFS="FONT0"/>
            <SP HEIGHT="46" WIDTH="13" VPOS="1589" HPOS="458"/>
            <String HEIGHT="46" WIDTH="89" VPOS="1589" HPOS="420" CONTENT="des" ID="r2l72_2" STYLEREFS="FONT0"/>
            <SP HEIGHT="46" WIDTH="13" VPOS="1589" HPOS="509"/>
            <String HEIGHT="46" WIDTH="153" VPOS="1589" HPOS="471" CONTENT="communes" ID="r2l72_3" STYLEREFS="FONT0"/>
            <SP HEIGHT="46" WIDTH="13" VPOS="1589" HPOS="623"/>
            <String HEIGHT="46" WIDTH="76" VPOS="1589" HPOS="585" CONTENT="du" ID="r2l72_4" STYLEREFS="FONT0"/>
            <SP HEIGHT="46" WIDTH="13" VPOS="1589" HPOS="661"/>
            <String HEIGHT="46" WIDTH="178" VPOS="1589" HPOS="623" CONTENT="Puy" ID="r2l72_5" STYLEREFS="FONT2"/>
            <SP HEIGHT="46" WIDTH="13" VPOS="1589" HPOS="801"/>
            <String HEIGHT="46" WIDTH="76" VPOS="1589" HPOS="763" CONTENT="et" ID="r2l72_6" STYLEREFS="FONT0"/>
            <SP HEIGHT="46" WIDTH="13" VPOS="1589" HPOS="839"/>
            <String HEIGHT="46" WIDTH="305" VPOS="1589" HPOS="801" CONTENT="d'Issengeaux;" ID="r2l72_7" STYLEREFS="FONT2"/>
            <SP HEIGHT="46" WIDTH="13" VPOS="1589" HPOS="1106"/>
            <String HEIGHT="46" WIDTH="114" VPOS="1589" HPOS="1068" CONTENT="fêtes" ID="r2l72_8" STYLEREFS="FONT0"/>
            <SP HEIGHT="46" WIDTH="13" VPOS="1589" HPOS="1182"/>
            <String HEIGHT="46" WIDTH="102" VPOS="1589" HPOS="1144" CONTENT="dans" ID="r2l72_9" STYLEREFS="FONT0"/>
            <SP HEIGHT="46" WIDTH="13" VPOS="1589" HPOS="1246"/>
            <String HEIGHT="46" WIDTH="51" VPOS="1589" HPOS="1195" CONTENT="ce" ID="r2l72_10" STYLEREFS="FONT0"/>
          </TextLine>
          <TextLine ID="r2l73" BASELINE="1662" HEIGHT="39" WIDTH="938" VPOS="1623" HPOS="317">
            <String HEIGHT="39" WIDTH="208" VPOS="1623" HPOS="304" CONTENT="département;" ID="r2l73_1" STYLEREFS="FONT0"/>
            <SP HEIGHT="39" WIDTH="13" VPOS="1623" HPOS="512"/>
            <String HEIGHT="39" WIDTH="248" VPOS="1623" HPOS="473" CONTENT="Lagrevot" ID="r2l73_2" STYLEREFS="FONT2"/>
            <SP HEIGHT="39" WIDTH="13" VPOS="1623" HPOS="721"/>
            <String HEIGHT="39" WIDTH="65" VPOS="1623" HPOS="682" CONTENT="à" ID="r2l73_3" STYLEREFS="FONT0"/>
            <SP HEIGHT="39" WIDTH="13" VPOS="1623" HPOS="747"/>
            <String HEIGHT="39" WIDTH="91" VPOS="1623" HPOS="708" CONTENT="ses" ID="r2l73_4" STYLEREFS="FONT0"/>
            <SP HEIGHT="39" WIDTH="13" VPOS="1623" HPOS="799"/>
            <String HEIGHT="39" WIDTH="208" VPOS="1623" HPOS="760" CONTENT="commettants;" ID="r2l73_5" STYLEREFS="FONT0"/>
            <SP HEIGHT="39" WIDTH="13" VPOS="1623" HPOS="968"/>
            <String HEIGHT="39" WIDTH="195" VPOS="1623" HPOS="929" CONTENT="Richond," ID="r2l73_6" STYLEREFS="FONT2"/>
            <SP HEIGHT="39" WIDTH="13" VPOS="1623" HPOS="1125"/>
            <String HEIGHT="39" WIDTH="182" VPOS="1623" HPOS="1073" CONTENT="Portat" ID="r2l73_7" STYLEREFS="FONT2"/>
          </TextLine>
          <TextLine ID="r2l74" BASELINE="1692" HEIGHT="37" WIDTH="884" VPOS="1655" HPOS="321">
            <String HEIGHT="37" WIDTH="86" VPOS="1655" HPOS="307" CONTENT="et" ID="r2l74_1" STYLEREFS="FONT0"/>
            <SP HEIGHT="37" WIDTH="14" VPOS="1655" HPOS="392"/>
            <String HEIGHT="37" WIDTH="228" VPOS="1655" HPOS="350" CONTENT="Faure" ID="r2l74_2" STYLEREFS="FONT2"/>
            <SP HEIGHT="37" WIDTH="14" VPOS="1655" HPOS="578"/>
            <String HEIGHT="37" WIDTH="214" VPOS="1655" HPOS="535" CONTENT="auxqnembres" ID="r2l74_3" STYLEREFS="FONT0"/>
            <SP HEIGHT="37" WIDTH="14" VPOS="1655" HPOS="749"/>
            <String HEIGHT="37" WIDTH="100" VPOS="1655" HPOS="706" CONTENT="des" ID="r2l74_4" STYLEREFS="FONT0"/>
            <SP HEIGHT="37" WIDTH="14" VPOS="1655" HPOS="806"/>
            <String HEIGHT="37" WIDTH="114" VPOS="1655" HPOS="763" CONTENT="deux" ID="r2l74_5" STYLEREFS="FONT0"/>
            <SP HEIGHT="37" WIDTH="14" VPOS="1655" HPOS="877"/>
            <String HEIGHT="37" WIDTH="185" VPOS="1655" HPOS="834" CONTENT="conseils;" ID="r2l74_6" STYLEREFS="FONT0"/>
            <SP HEIGHT="37" WIDTH="14" VPOS="1655" HPOS="1020"/>
            <String HEIGHT="37" WIDTH="228" VPOS="1655" HPOS="977" CONTENT="proclamation" ID="r2l74_7" STYLEREFS="FONT0"/>
            <SP HEIGHT="37" WIDTH="14" VPOS="1655" HPOS="1205"/>
            <String HEIGHT="37" WIDTH="57" VPOS="1655" HPOS="1148" CONTENT="de" ID="r2l74_8" STYLEREFS="FONT0"/>
          </TextLine>
          <TextLine ID="r2l76" BASELINE="1733" HEIGHT="46" WIDTH="945" VPOS="1687" HPOS="319">
            <String HEIGHT="46" WIDTH="276" VPOS="1687" HPOS="306" CONTENT="Poullier," ID="r2l76_1" STYLEREFS="FONT2"/>
            <SP HEIGHT="46" WIDTH="13" VPOS="1687" HPOS="582"/>
            <String HEIGHT="46" WIDTH="118" VPOS="1687" HPOS="542" CONTENT="etc.;" ID="r2l76_2" STYLEREFS="FONT0"/>
            <SP HEIGHT="46" WIDTH="13" VPOS="1687" HPOS="660"/>
            <String HEIGHT="46" WIDTH="131" VPOS="1687" HPOS="621" CONTENT="pièce," ID="r2l76_3" STYLEREFS="FONT0"/>
            <SP HEIGHT="46" WIDTH="13" VPOS="1687" HPOS="752"/>
            <String HEIGHT="46" WIDTH="131" VPOS="1687" HPOS="713" CONTENT="signée" ID="r2l76_4" STYLEREFS="FONT0"/>
            <SP HEIGHT="46" WIDTH="13" VPOS="1687" HPOS="844"/>
            <String HEIGHT="46" WIDTH="92" VPOS="1687" HPOS="805" CONTENT="par" ID="r2l76_5" STYLEREFS="FONT0"/>
            <SP HEIGHT="46" WIDTH="13" VPOS="1687" HPOS="897"/>
            <String HEIGHT="46" WIDTH="92" VPOS="1687" HPOS="857" CONTENT="les" ID="r2l76_6" STYLEREFS="FONT0"/>
            <SP HEIGHT="46" WIDTH="13" VPOS="1687" HPOS="949"/>
            <String HEIGHT="46" WIDTH="249" VPOS="1687" HPOS="910" CONTENT="administrateurs" ID="r2l76_7" STYLEREFS="FONT0"/>
            <SP HEIGHT="46" WIDTH="13" VPOS="1687" HPOS="1159"/>
            <String HEIGHT="46" WIDTH="79" VPOS="1687" HPOS="1120" CONTENT="en" ID="r2l76_8" STYLEREFS="FONT0"/>
            <SP HEIGHT="46" WIDTH="13" VPOS="1687" HPOS="1198"/>
            <String HEIGHT="46" WIDTH="105" VPOS="1687" HPOS="1159" CONTENT="l’an" ID="r2l76_9" STYLEREFS="FONT0"/>
            <SP HEIGHT="46" WIDTH="13" VPOS="1687" HPOS="1264"/>
            <String HEIGHT="46" WIDTH="53" VPOS="1687" HPOS="1212" CONTENT="V;" ID="r2l76_10" STYLEREFS="FONT0"/>
          </TextLine>
          <TextLine ID="r2l77" BASELINE="1769" HEIGHT="47" WIDTH="526" VPOS="1722" HPOS="327">
            <String HEIGHT="47" WIDTH="190" VPOS="1722" HPOS="312" CONTENT="vingt-six" ID="r2l77_1" STYLEREFS="FONT0"/>
            <SP HEIGHT="47" WIDTH="15" VPOS="1722" HPOS="502"/>
            <String HEIGHT="47" WIDTH="146" VPOS="1722" HPOS="459" CONTENT="pièces" ID="r2l77_2" STYLEREFS="FONT0"/>
            <SP HEIGHT="47" WIDTH="15" VPOS="1722" HPOS="605"/>
            <String HEIGHT="47" WIDTH="132" VPOS="1722" HPOS="561" CONTENT="in-8°" ID="r2l77_3" STYLEREFS="FONT0"/>
            <SP HEIGHT="47" WIDTH="15" VPOS="1722" HPOS="692"/>
            <String HEIGHT="47" WIDTH="88" VPOS="1722" HPOS="648" CONTENT="et" ID="r2l77_4" STYLEREFS="FONT0"/>
            <SP HEIGHT="47" WIDTH="15" VPOS="1722" HPOS="736"/>
            <String HEIGHT="47" WIDTH="146" VPOS="1722" HPOS="692" CONTENT="in-4º." ID="r2l77_5" STYLEREFS="FONT0"/>
            <SP HEIGHT="47" WIDTH="15" VPOS="1722" HPOS="838"/>
            <String HEIGHT="47" WIDTH="73" VPOS="1722" HPOS="795" CONTENT="8" ID="r2l77_6" STYLEREFS="FONT0"/>
            <SP HEIGHT="47" WIDTH="15" VPOS="1722" HPOS="868"/>
            <String HEIGHT="47" WIDTH="44" VPOS="1722" HPOS="809" CONTENT="»" ID="r2l77_7" STYLEREFS="FONT0"/>
          </TextLine>
          <TextLine ID="r2l82" BASELINE="1809" HEIGHT="50" WIDTH="896" VPOS="1759" HPOS="317">
            <String HEIGHT="50" WIDTH="98" VPOS="1759" HPOS="303" CONTENT="84." ID="r2l82_1" STYLEREFS="FONT0"/>
            <SP HEIGHT="50" WIDTH="14" VPOS="1759" HPOS="401"/>
            <String HEIGHT="50" WIDTH="154" VPOS="1759" HPOS="359" CONTENT="LOZÈRE." ID="r2l82_2" STYLEREFS="FONT0"/>
            <SP HEIGHT="50" WIDTH="14" VPOS="1759" HPOS="513"/>
            <String HEIGHT="50" WIDTH="140" VPOS="1759" HPOS="471" CONTENT="Voyage" ID="r2l82_3" STYLEREFS="FONT0"/>
            <SP HEIGHT="50" WIDTH="14" VPOS="1759" HPOS="611"/>
            <String HEIGHT="50" WIDTH="112" VPOS="1759" HPOS="569" CONTENT="dans" ID="r2l82_4" STYLEREFS="FONT0"/>
            <SP HEIGHT="50" WIDTH="14" VPOS="1759" HPOS="681"/>
            <String HEIGHT="50" WIDTH="84" VPOS="1759" HPOS="639" CONTENT="ce" ID="r2l82_5" STYLEREFS="FONT0"/>
            <SP HEIGHT="50" WIDTH="14" VPOS="1759" HPOS="723"/>
            <String HEIGHT="50" WIDTH="224" VPOS="1759" HPOS="681" CONTENT="département," ID="r2l82_6" STYLEREFS="FONT0"/>
            <SP HEIGHT="50" WIDTH="14" VPOS="1759" HPOS="905"/>
            <String HEIGHT="50" WIDTH="84" VPOS="1759" HPOS="863" CONTENT="an" ID="r2l82_7" STYLEREFS="FONT0"/>
            <SP HEIGHT="50" WIDTH="14" VPOS="1759" HPOS="947"/>
            <String HEIGHT="50" WIDTH="126" VPOS="1759" HPOS="905" CONTENT="VIII," ID="r2l82_8" STYLEREFS="FONT0"/>
            <SP HEIGHT="50" WIDTH="14" VPOS="1759" HPOS="1031"/>
            <String HEIGHT="50" WIDTH="140" VPOS="1759" HPOS="989" CONTENT="in-8°," ID="r2l82_9" STYLEREFS="FONT0"/>
            <SP HEIGHT="50" WIDTH="14" VPOS="1759" HPOS="1129"/>
            <String HEIGHT="50" WIDTH="126" VPOS="1759" HPOS="1087" CONTENT="carte" ID="r2l82_10" STYLEREFS="FONT0"/>
            <SP HEIGHT="50" WIDTH="14" VPOS="1759" HPOS="1213"/>
            <String HEIGHT="50" WIDTH="56" VPOS="1759" HPOS="1157" CONTENT="et" ID="r2l82_11" STYLEREFS="FONT0"/>
          </TextLine>
          <TextLine ID="r2l84" BASELINE="1847" HEIGHT="54" WIDTH="896" VPOS="1793" HPOS="325">
            <String HEIGHT="54" WIDTH="128" VPOS="1793" HPOS="311" CONTENT="fig.;" ID="r2l84_1" STYLEREFS="FONT0"/>
            <SP HEIGHT="54" WIDTH="14" VPOS="1793" HPOS="439"/>
            <String HEIGHT="54" WIDTH="156" VPOS="1793" HPOS="396" CONTENT="opinion" ID="r2l84_2" STYLEREFS="FONT0"/>
            <SP HEIGHT="54" WIDTH="14" VPOS="1793" HPOS="553"/>
            <String HEIGHT="54" WIDTH="100" VPOS="1793" HPOS="510" CONTENT="des" ID="r2l84_3" STYLEREFS="FONT0"/>
            <SP HEIGHT="54" WIDTH="14" VPOS="1793" HPOS="609"/>
            <String HEIGHT="54" WIDTH="156" VPOS="1793" HPOS="567" CONTENT="députés" ID="r2l84_4" STYLEREFS="FONT0"/>
            <SP HEIGHT="54" WIDTH="14" VPOS="1793" HPOS="723"/>
            <String HEIGHT="54" WIDTH="85" VPOS="1793" HPOS="681" CONTENT="de" ID="r2l84_5" STYLEREFS="FONT0"/>
            <SP HEIGHT="54" WIDTH="14" VPOS="1793" HPOS="766"/>
            <String HEIGHT="54" WIDTH="142" VPOS="1793" HPOS="723" CONTENT="Mende;" ID="r2l84_6" STYLEREFS="FONT0"/>
            <SP HEIGHT="54" WIDTH="14" VPOS="1793" HPOS="865"/>
            <String HEIGHT="54" WIDTH="156" VPOS="1793" HPOS="823" CONTENT="papiers" ID="r2l84_7" STYLEREFS="FONT0"/>
            <SP HEIGHT="54" WIDTH="14" VPOS="1793" HPOS="979"/>
            <String HEIGHT="54" WIDTH="142" VPOS="1793" HPOS="937" CONTENT="saisis" ID="r2l84_8" STYLEREFS="FONT0"/>
            <SP HEIGHT="54" WIDTH="14" VPOS="1793" HPOS="1079"/>
            <String HEIGHT="54" WIDTH="71" VPOS="1793" HPOS="1036" CONTENT="à" ID="r2l84_9" STYLEREFS="FONT0"/>
            <SP HEIGHT="54" WIDTH="14" VPOS="1793" HPOS="1107"/>
            <String HEIGHT="54" WIDTH="156" VPOS="1793" HPOS="1065" CONTENT="Bareuth" ID="r2l84_10" STYLEREFS="FONT0"/>
            <SP HEIGHT="54" WIDTH="14" VPOS="1793" HPOS="1221"/>
            <String HEIGHT="54" WIDTH="57" VPOS="1793" HPOS="1164" CONTENT="et" ID="r2l84_11" STYLEREFS="FONT0"/>
          </TextLine>
          <TextLine ID="r2l86" BASELINE="1882" HEIGHT="54" WIDTH="940" VPOS="1828" HPOS="321">
            <String HEIGHT="54" WIDTH="67" VPOS="1828" HPOS="308" CONTENT="à" ID="r2l86_1" STYLEREFS="FONT0"/>
            <SP HEIGHT="54" WIDTH="13" VPOS="1828" HPOS="375"/>
            <String HEIGHT="54" WIDTH="134" VPOS="1828" HPOS="334" CONTENT="Mende;" ID="r2l86_2" STYLEREFS="FONT0"/>
            <SP HEIGHT="54" WIDTH="13" VPOS="1828" HPOS="469"/>
            <String HEIGHT="54" WIDTH="228" VPOS="1828" HPOS="428" CONTENT="procès-verbal" ID="r2l86_3" STYLEREFS="FONT0"/>
            <SP HEIGHT="54" WIDTH="13" VPOS="1828" HPOS="657"/>
            <String HEIGHT="54" WIDTH="148" VPOS="1828" HPOS="616" CONTENT="relatif" ID="r2l86_4" STYLEREFS="FONT0"/>
            <SP HEIGHT="54" WIDTH="13" VPOS="1828" HPOS="764"/>
            <String HEIGHT="54" WIDTH="67" VPOS="1828" HPOS="724" CONTENT="à" ID="r2l86_5" STYLEREFS="FONT0"/>
            <SP HEIGHT="54" WIDTH="13" VPOS="1828" HPOS="791"/>
            <String HEIGHT="54" WIDTH="269" VPOS="1828" HPOS="751" CONTENT="Charrier" ID="r2l86_6" STYLEREFS="FONT2"/>
            <SP HEIGHT="54" WIDTH="13" VPOS="1828" HPOS="1019"/>
            <String HEIGHT="54" WIDTH="107" VPOS="1828" HPOS="979" CONTENT="chef" ID="r2l86_7" STYLEREFS="FONT0"/>
            <SP HEIGHT="54" WIDTH="13" VPOS="1828" HPOS="1086"/>
            <String HEIGHT="54" WIDTH="94" VPOS="1828" HPOS="1046" CONTENT="des" ID="r2l86_8" STYLEREFS="FONT0"/>
            <SP HEIGHT="54" WIDTH="13" VPOS="1828" HPOS="1140"/>
            <String HEIGHT="54" WIDTH="161" VPOS="1828" HPOS="1100" CONTENT="rebéllés" ID="r2l86_9" STYLEREFS="FONT0"/>
            <SP HEIGHT="54" WIDTH="13" VPOS="1828" HPOS="1261"/>
            <String HEIGHT="54" WIDTH="54" VPOS="1828" HPOS="1207" CONTENT="de" ID="r2l86_10" STYLEREFS="FONT0"/>
          </TextLine>
          <TextLine ID="r2l87" BASELINE="1919" HEIGHT="54" WIDTH="930" VPOS="1865" HPOS="323">
            <String HEIGHT="54" WIDTH="85" VPOS="1865" HPOS="309" CONTENT="la" ID="r2l87_1" STYLEREFS="FONT0"/>
            <SP HEIGHT="54" WIDTH="14" VPOS="1865" HPOS="393"/>
            <String HEIGHT="54" WIDTH="155" VPOS="1865" HPOS="351" CONTENT="Lozère;" ID="r2l87_2" STYLEREFS="FONT0"/>
            <SP HEIGHT="54" WIDTH="14" VPOS="1865" HPOS="506"/>
            <String HEIGHT="54" WIDTH="141" VPOS="1865" HPOS="464" CONTENT="lettre" ID="r2l87_3" STYLEREFS="FONT0"/>
            <SP HEIGHT="54" WIDTH="14" VPOS="1865" HPOS="605"/>
            <String HEIGHT="54" WIDTH="85" VPOS="1865" HPOS="563" CONTENT="de" ID="r2l87_4" STYLEREFS="FONT0"/>
            <SP HEIGHT="54" WIDTH="14" VPOS="1865" HPOS="647"/>
            <String HEIGHT="54" WIDTH="268" VPOS="1865" HPOS="605" CONTENT="Châateauneuf" ID="r2l87_5" STYLEREFS="FONT2"/>
            <SP HEIGHT="54" WIDTH="14" VPOS="1865" HPOS="873"/>
            <String HEIGHT="54" WIDTH="197" VPOS="1865" HPOS="830" CONTENT="Randon" ID="r2l87_6" STYLEREFS="FONT2"/>
            <SP HEIGHT="54" WIDTH="14" VPOS="1865" HPOS="1028"/>
            <String HEIGHT="54" WIDTH="99" VPOS="1865" HPOS="985" CONTENT="sur" ID="r2l87_7" STYLEREFS="FONT0"/>
            <SP HEIGHT="54" WIDTH="14" VPOS="1865" HPOS="1084"/>
            <String HEIGHT="54" WIDTH="85" VPOS="1865" HPOS="1042" CONTENT="le" ID="r2l87_8" STYLEREFS="FONT0"/>
            <SP HEIGHT="54" WIDTH="14" VPOS="1865" HPOS="1126"/>
            <String HEIGHT="54" WIDTH="155" VPOS="1865" HPOS="1084" CONTENT="civisme" ID="r2l87_9" STYLEREFS="FONT0"/>
            <SP HEIGHT="54" WIDTH="14" VPOS="1865" HPOS="1239"/>
            <String HEIGHT="54" WIDTH="70" VPOS="1865" HPOS="1183" CONTENT="des" ID="r2l87_10" STYLEREFS="FONT0"/>
          </TextLine>
          <TextLine ID="r2l88" BASELINE="1954" HEIGHT="54" WIDTH="927" VPOS="1900" HPOS="321">
            <String HEIGHT="54" WIDTH="194" VPOS="1900" HPOS="306" CONTENT="habitants" ID="r2l88_1" STYLEREFS="FONT0"/>
            <SP HEIGHT="54" WIDTH="15" VPOS="1900" HPOS="500"/>
            <String HEIGHT="54" WIDTH="105" VPOS="1900" HPOS="456" CONTENT="du," ID="r2l88_2" STYLEREFS="FONT0"/>
            <SP HEIGHT="54" WIDTH="15" VPOS="1900" HPOS="560"/>
            <String HEIGHT="54" WIDTH="194" VPOS="1900" HPOS="515" CONTENT="Gévauaan;" ID="r2l88_3" STYLEREFS="FONT0"/>
            <SP HEIGHT="54" WIDTH="15" VPOS="1900" HPOS="710"/>
            <String HEIGHT="54" WIDTH="120" VPOS="1900" HPOS="665" CONTENT="avec" ID="r2l88_4" STYLEREFS="FONT0"/>
            <SP HEIGHT="54" WIDTH="15" VPOS="1900" HPOS="785"/>
            <String HEIGHT="54" WIDTH="105" VPOS="1900" HPOS="740" CONTENT="une" ID="r2l88_5" STYLEREFS="FONT0"/>
            <SP HEIGHT="54" WIDTH="15" VPOS="1900" HPOS="844"/>
            <String HEIGHT="54" WIDTH="135" VPOS="1900" HPOS="799" CONTENT="pièce" ID="r2l88_6" STYLEREFS="FONT0"/>
            <SP HEIGHT="54" WIDTH="15" VPOS="1900" HPOS="934"/>
            <String HEIGHT="54" WIDTH="150" VPOS="1900" HPOS="889" CONTENT="signée" ID="r2l88_7" STYLEREFS="FONT0"/>
            <SP HEIGHT="54" WIDTH="15" VPOS="1900" HPOS="1039"/>
            <String HEIGHT="54" WIDTH="105" VPOS="1900" HPOS="994" CONTENT="par" ID="r2l88_8" STYLEREFS="FONT0"/>
            <SP HEIGHT="54" WIDTH="15" VPOS="1900" HPOS="1098"/>
            <String HEIGHT="54" WIDTH="105" VPOS="1900" HPOS="1054" CONTENT="les" ID="r2l88_9" STYLEREFS="FONT0"/>
            <SP HEIGHT="54" WIDTH="15" VPOS="1900" HPOS="1158"/>
            <String HEIGHT="54" WIDTH="150" VPOS="1900" HPOS="1098" CONTENT="adminis" SUBS_TYPE="HypPart1" SUBS_CONTENT="administrateurs;" ID="r2l88_10" STYLEREFS="FONT0"/>
            <HYP CONTENT="-"/>
          </TextLine>
          <TextLine ID="r2l90" BASELINE="1980" HEIGHT="41" WIDTH="532" VPOS="1939" HPOS="326">
            <String HEIGHT="41" WIDTH="182" VPOS="1939" HPOS="312" CONTENT="trateurs;" SUBS_TYPE="HypPart2" SUBS_CONTENT="administrateurs;" ID="r2l90_1" STYLEREFS="FONT0"/>
            <SP HEIGHT="41" WIDTH="14" VPOS="1939" HPOS="494"/>
            <String HEIGHT="41" WIDTH="84" VPOS="1939" HPOS="452" CONTENT="en" ID="r2l90_2" STYLEREFS="FONT0"/>
            <SP HEIGHT="41" WIDTH="14" VPOS="1939" HPOS="536"/>
            <String HEIGHT="41" WIDTH="112" VPOS="1939" HPOS="494" CONTENT="l’an" ID="r2l90_3" STYLEREFS="FONT0"/>
            <SP HEIGHT="41" WIDTH="14" VPOS="1939" HPOS="606"/>
            <String HEIGHT="41" WIDTH="84" VPOS="1939" HPOS="564" CONTENT="y;" ID="r2l90_4" STYLEREFS="FONT0"/>
            <SP HEIGHT="41" WIDTH="14" VPOS="1939" HPOS="648"/>
            <String HEIGHT="41" WIDTH="112" VPOS="1939" HPOS="606" CONTENT="sept" ID="r2l90_5" STYLEREFS="FONT0"/>
            <SP HEIGHT="41" WIDTH="14" VPOS="1939" HPOS="718"/>
            <String HEIGHT="41" WIDTH="154" VPOS="1939" HPOS="676" CONTENT="pièces." ID="r2l90_6" STYLEREFS="FONT0"/>
            <SP HEIGHT="41" WIDTH="14" VPOS="1939" HPOS="830"/>
            <String HEIGHT="41" WIDTH="70" VPOS="1939" HPOS="788" CONTENT="3" ID="r2l90_7" STYLEREFS="FONT0"/>
            <SP HEIGHT="41" WIDTH="14" VPOS="1939" HPOS="858"/>
            <String HEIGHT="41" WIDTH="56" VPOS="1939" HPOS="802" CONTENT="50" ID="r2l90_8" STYLEREFS="FONT0"/>
          </TextLine>
          <TextLine ID="r2l95" BASELINE="2024" HEIGHT="53" WIDTH="930" VPOS="1971" HPOS="322">
            <String HEIGHT="53" WIDTH="100" VPOS="1971" HPOS="308" CONTENT="85." ID="r2l95_1" STYLEREFS="FONT0"/>
            <SP HEIGHT="53" WIDTH="14" VPOS="1971" HPOS="408"/>
            <String HEIGHT="53" WIDTH="172" VPOS="1971" HPOS="365" CONTENT="ARDÈCHE." ID="r2l95_2" STYLEREFS="FONT0"/>
            <SP HEIGHT="53" WIDTH="14" VPOS="1971" HPOS="537"/>
            <String HEIGHT="53" WIDTH="143" VPOS="1971" HPOS="494" CONTENT="Yoyage" ID="r2l95_3" STYLEREFS="FONT0"/>
            <SP HEIGHT="53" WIDTH="14" VPOS="1971" HPOS="637"/>
            <String HEIGHT="53" WIDTH="114" VPOS="1971" HPOS="594" CONTENT="dans" ID="r2l95_4" STYLEREFS="FONT0"/>
            <SP HEIGHT="53" WIDTH="14" VPOS="1971" HPOS="708"/>
            <String HEIGHT="53" WIDTH="86" VPOS="1971" HPOS="665" CONTENT="ce" ID="r2l95_5" STYLEREFS="FONT0"/>
            <SP HEIGHT="53" WIDTH="14" VPOS="1971" HPOS="751"/>
            <String HEIGHT="53" WIDTH="229" VPOS="1971" HPOS="708" CONTENT="département," ID="r2l95_6" STYLEREFS="FONT0"/>
            <SP HEIGHT="53" WIDTH="14" VPOS="1971" HPOS="937"/>
            <String HEIGHT="53" WIDTH="86" VPOS="1971" HPOS="894" CONTENT="an" ID="r2l95_7" STYLEREFS="FONT0"/>
            <SP HEIGHT="53" WIDTH="14" VPOS="1971" HPOS="980"/>
            <String HEIGHT="53" WIDTH="129" VPOS="1971" HPOS="937" CONTENT="VIII," ID="r2l95_8" STYLEREFS="FONT0"/>
            <SP HEIGHT="53" WIDTH="14" VPOS="1971" HPOS="1066"/>
            <String HEIGHT="53" WIDTH="143" VPOS="1971" HPOS="1023" CONTENT="in-8°," ID="r2l95_9" STYLEREFS="FONT0"/>
            <SP HEIGHT="53" WIDTH="14" VPOS="1971" HPOS="1166"/>
            <String HEIGHT="53" WIDTH="129" VPOS="1971" HPOS="1123" CONTENT="carte" ID="r2l95_10" STYLEREFS="FONT0"/>
            <SP HEIGHT="53" WIDTH="14" VPOS="1971" HPOS="1252"/>
            <String HEIGHT="53" WIDTH="57" VPOS="1971" HPOS="1195" CONTENT="et" ID="r2l95_11" STYLEREFS="FONT0"/>
          </TextLine>
          <TextLine ID="r2l96" BASELINE="2055" HEIGHT="51" WIDTH="935" VPOS="2004" HPOS="315">
            <String HEIGHT="51" WIDTH="124" VPOS="2004" HPOS="301" CONTENT="fig.;" ID="r2l96_1" STYLEREFS="FONT0"/>
            <SP HEIGHT="51" WIDTH="14" VPOS="2004" HPOS="425"/>
            <String HEIGHT="51" WIDTH="151" VPOS="2004" HPOS="384" CONTENT="poésies" ID="r2l96_2" STYLEREFS="FONT0"/>
            <SP HEIGHT="51" WIDTH="14" VPOS="2004" HPOS="535"/>
            <String HEIGHT="51" WIDTH="83" VPOS="2004" HPOS="494" CONTENT="de" ID="r2l96_3" STYLEREFS="FONT0"/>
            <SP HEIGHT="51" WIDTH="14" VPOS="2004" HPOS="576"/>
            <String HEIGHT="51" WIDTH="220" VPOS="2004" HPOS="535" CONTENT="Gaman" ID="r2l96_4" STYLEREFS="FONT2"/>
            <SP HEIGHT="51" WIDTH="14" VPOS="2004" HPOS="755"/>
            <String HEIGHT="51" WIDTH="83" VPOS="2004" HPOS="714" CONTENT="de" ID="r2l96_5" STYLEREFS="FONT0"/>
            <SP HEIGHT="51" WIDTH="14" VPOS="2004" HPOS="796"/>
            <String HEIGHT="51" WIDTH="179" VPOS="2004" HPOS="755" CONTENT="l’Ardèche" ID="r2l96_6" STYLEREFS="FONT0"/>
            <SP HEIGHT="51" WIDTH="14" VPOS="2004" HPOS="934"/>
            <String HEIGHT="51" WIDTH="83" VPOS="2004" HPOS="893" CONTENT="an" ID="r2l96_7" STYLEREFS="FONT0"/>
            <SP HEIGHT="51" WIDTH="14" VPOS="2004" HPOS="975"/>
            <String HEIGHT="51" WIDTH="110" VPOS="2004" HPOS="934" CONTENT="XII;" ID="r2l96_8" STYLEREFS="FONT0"/>
            <SP HEIGHT="51" WIDTH="14" VPOS="2004" HPOS="1044"/>
            <String HEIGHT="51" WIDTH="151" VPOS="2004" HPOS="1003" CONTENT="rapport" ID="r2l96_9" STYLEREFS="FONT0"/>
            <SP HEIGHT="51" WIDTH="14" VPOS="2004" HPOS="1154"/>
            <String HEIGHT="51" WIDTH="83" VPOS="2004" HPOS="1113" CONTENT="au" ID="r2l96_10" STYLEREFS="FONT0"/>
            <SP HEIGHT="51" WIDTH="14" VPOS="2004" HPOS="1195"/>
            <String HEIGHT="51" WIDTH="96" VPOS="2004" HPOS="1154" CONTENT="nom" ID="r2l96_11" STYLEREFS="FONT0"/>
            <SP HEIGHT="51" WIDTH="14" VPOS="2004" HPOS="1250"/>
            <String HEIGHT="51" WIDTH="55" VPOS="2004" HPOS="1195" CONTENT="de" ID="r2l96_12" STYLEREFS="FONT0"/>
          </TextLine>
          <TextLine ID="r2l97" BASELINE="2091" HEIGHT="53" WIDTH="939" VPOS="2038" HPOS="317">
            <String HEIGHT="53" WIDTH="97" VPOS="2038" HPOS="301" CONTENT="la" ID="r2l97_1" STYLEREFS="FONT0"/>
            <SP HEIGHT="53" WIDTH="16" VPOS="2038" HPOS="398"/>
            <String HEIGHT="53" WIDTH="227" VPOS="2038" HPOS="349" CONTENT="commission" ID="r2l97_2" STYLEREFS="FONT0"/>
            <SP HEIGHT="53" WIDTH="16" VPOS="2038" HPOS="576"/>
            <String HEIGHT="53" WIDTH="210" VPOS="2038" HPOS="527" CONTENT="populaire" ID="r2l97_3" STYLEREFS="FONT0"/>
            <SP HEIGHT="53" WIDTH="16" VPOS="2038" HPOS="738"/>
            <String HEIGHT="53" WIDTH="97" VPOS="2038" HPOS="689" CONTENT="de" ID="r2l97_4" STYLEREFS="FONT0"/>
            <SP HEIGHT="53" WIDTH="16" VPOS="2038" HPOS="786"/>
            <String HEIGHT="53" WIDTH="178" VPOS="2038" HPOS="738" CONTENT="Tournon" ID="r2l97_5" STYLEREFS="FONT0"/>
            <SP HEIGHT="53" WIDTH="16" VPOS="2038" HPOS="916"/>
            <String HEIGHT="53" WIDTH="97" VPOS="2038" HPOS="867" CONTENT="an" ID="r2l97_6" STYLEREFS="FONT0"/>
            <SP HEIGHT="53" WIDTH="16" VPOS="2038" HPOS="965"/>
            <String HEIGHT="53" WIDTH="130" VPOS="2038" HPOS="916" CONTENT="III;" ID="r2l97_7" STYLEREFS="FONT0"/>
            <SP HEIGHT="53" WIDTH="16" VPOS="2038" HPOS="1046"/>
            <String HEIGHT="53" WIDTH="259" VPOS="2038" HPOS="997" CONTENT="conspiration" ID="r2l97_8" STYLEREFS="FONT0"/>
            <SP HEIGHT="53" WIDTH="16" VPOS="2038" HPOS="1256"/>
            <String HEIGHT="53" WIDTH="65" VPOS="2038" HPOS="1191" CONTENT="de" ID="r2l97_9" STYLEREFS="FONT0"/>
          </TextLine>
          <TextLine ID="r2l99" BASELINE="2130" HEIGHT="57" WIDTH="934" VPOS="2073" HPOS="320">
            <String HEIGHT="57" WIDTH="181" VPOS="2073" HPOS="305" CONTENT="Saillans" ID="r2l99_1" STYLEREFS="FONT0"/>
            <SP HEIGHT="57" WIDTH="15" VPOS="2073" HPOS="486"/>
            <String HEIGHT="57" WIDTH="121" VPOS="2073" HPOS="441" CONTENT="avec" ID="r2l99_2" STYLEREFS="FONT0"/>
            <SP HEIGHT="57" WIDTH="15" VPOS="2073" HPOS="561"/>
            <String HEIGHT="57" WIDTH="105" VPOS="2073" HPOS="516" CONTENT="les" ID="r2l99_3" STYLEREFS="FONT0"/>
            <SP HEIGHT="57" WIDTH="15" VPOS="2073" HPOS="621"/>
            <String HEIGHT="57" WIDTH="151" VPOS="2073" HPOS="576" CONTENT="pièces" ID="r2l99_4" STYLEREFS="FONT0"/>
            <SP HEIGHT="57" WIDTH="15" VPOS="2073" HPOS="727"/>
            <String HEIGHT="57" WIDTH="256" VPOS="2073" HPOS="682" CONTENT="authentiques," ID="r2l99_5" STYLEREFS="FONT0"/>
            <SP HEIGHT="57" WIDTH="15" VPOS="2073" HPOS="938"/>
            <String HEIGHT="57" WIDTH="151" VPOS="2073" HPOS="892" CONTENT="Privas" ID="r2l99_6" STYLEREFS="FONT0"/>
            <SP HEIGHT="57" WIDTH="15" VPOS="2073" HPOS="1043"/>
            <String HEIGHT="57" WIDTH="136" VPOS="2073" HPOS="998" CONTENT="1792;" ID="r2l99_7" STYLEREFS="FONT0"/>
            <SP HEIGHT="57" WIDTH="15" VPOS="2073" HPOS="1133"/>
            <String HEIGHT="57" WIDTH="166" VPOS="2073" HPOS="1088" CONTENT="rapport" ID="r2l99_8" STYLEREFS="FONT0"/>
            <SP HEIGHT="57" WIDTH="15" VPOS="2073" HPOS="1254"/>
            <String HEIGHT="57" WIDTH="60" VPOS="2073" HPOS="1194" CONTENT="de" ID="r2l99_9" STYLEREFS="FONT0"/>
          </TextLine>
          <TextLine ID="r2l101" BASELINE="2164" HEIGHT="53" WIDTH="937" VPOS="2111" HPOS="319">
            <String HEIGHT="53" WIDTH="234" VPOS="2111" HPOS="306" CONTENT="Gleizal" ID="r2l101_1" STYLEREFS="FONT2"/>
            <SP HEIGHT="53" WIDTH="13" VPOS="2111" HPOS="540"/>
            <String HEIGHT="53" WIDTH="130" VPOS="2111" HPOS="501" CONTENT="envoyé" ID="r2l101_2" STYLEREFS="FONT0"/>
            <SP HEIGHT="53" WIDTH="13" VPOS="2111" HPOS="631"/>
            <String HEIGHT="53" WIDTH="104" VPOS="2111" HPOS="592" CONTENT="dans" ID="r2l101_3" STYLEREFS="FONT0"/>
            <SP HEIGHT="53" WIDTH="13" VPOS="2111" HPOS="696"/>
            <String HEIGHT="53" WIDTH="78" VPOS="2111" HPOS="657" CONTENT="ce" ID="r2l101_4" STYLEREFS="FONT0"/>
            <SP HEIGHT="53" WIDTH="13" VPOS="2111" HPOS="735"/>
            <String HEIGHT="53" WIDTH="208" VPOS="2111" HPOS="696" CONTENT="département;" ID="r2l101_5" STYLEREFS="FONT0"/>
            <SP HEIGHT="53" WIDTH="13" VPOS="2111" HPOS="905"/>
            <String HEIGHT="53" WIDTH="143" VPOS="2111" HPOS="866" CONTENT="rapport" ID="r2l101_6" STYLEREFS="FONT0"/>
            <SP HEIGHT="53" WIDTH="13" VPOS="2111" HPOS="1009"/>
            <String HEIGHT="53" WIDTH="78" VPOS="2111" HPOS="970" CONTENT="de" ID="r2l101_7" STYLEREFS="FONT0"/>
            <SP HEIGHT="53" WIDTH="13" VPOS="2111" HPOS="1048"/>
            <String HEIGHT="53" WIDTH="234" VPOS="2111" HPOS="1009" CONTENT="Couthon" ID="r2l101_8" STYLEREFS="FONT2"/>
            <SP HEIGHT="53" WIDTH="13" VPOS="2111" HPOS="1243"/>
            <String HEIGHT="53" WIDTH="65" VPOS="2111" HPOS="1191" CONTENT="sur" ID="r2l101_9" STYLEREFS="FONT0"/>
          </TextLine>
          <TextLine ID="r2l103" BASELINE="2194" HEIGHT="51" WIDTH="932" VPOS="2143" HPOS="321">
            <String HEIGHT="51" WIDTH="233" VPOS="2143" HPOS="306" CONTENT="l’assassinat" ID="r2l103_1" STYLEREFS="FONT0"/>
            <SP HEIGHT="51" WIDTH="15" VPOS="2143" HPOS="539"/>
            <String HEIGHT="51" WIDTH="87" VPOS="2143" HPOS="496" CONTENT="de" ID="r2l103_2" STYLEREFS="FONT0"/>
            <SP HEIGHT="51" WIDTH="15" VPOS="2143" HPOS="583"/>
            <String HEIGHT="51" WIDTH="175" VPOS="2143" HPOS="539" CONTENT="Malignon" ID="r2l103_3" STYLEREFS="FONT0"/>
            <SP HEIGHT="51" WIDTH="15" VPOS="2143" HPOS="714"/>
            <String HEIGHT="51" WIDTH="87" VPOS="2143" HPOS="671" CONTENT="de" ID="r2l103_4" STYLEREFS="FONT0"/>
            <SP HEIGHT="51" WIDTH="15" VPOS="2143" HPOS="758"/>
            <String HEIGHT="51" WIDTH="189" VPOS="2143" HPOS="714" CONTENT="Cluzière;" ID="r2l103_5" STYLEREFS="FONT0"/>
            <SP HEIGHT="51" WIDTH="15" VPOS="2143" HPOS="904"/>
            <String HEIGHT="51" WIDTH="102" VPOS="2143" HPOS="860" CONTENT="les" ID="r2l103_6" STYLEREFS="FONT0"/>
            <SP HEIGHT="51" WIDTH="15" VPOS="2143" HPOS="962"/>
            <String HEIGHT="51" WIDTH="160" VPOS="2143" HPOS="918" CONTENT="députés" ID="r2l103_7" STYLEREFS="FONT0"/>
            <SP HEIGHT="51" WIDTH="15" VPOS="2143" HPOS="1078"/>
            <String HEIGHT="51" WIDTH="87" VPOS="2143" HPOS="1035" CONTENT="de" ID="r2l103_8" STYLEREFS="FONT0"/>
            <SP HEIGHT="51" WIDTH="15" VPOS="2143" HPOS="1122"/>
            <String HEIGHT="51" WIDTH="189" VPOS="2143" HPOS="1078" CONTENT="l’Ardèche" ID="r2l103_9" STYLEREFS="FONT0"/>
            <SP HEIGHT="51" WIDTH="15" VPOS="2143" HPOS="1268"/>
            <String HEIGHT="51" WIDTH="44" VPOS="2143" HPOS="1209" CONTENT="à" ID="r2l103_10" STYLEREFS="FONT0"/>
          </TextLine>
          <TextLine ID="r2l104" BASELINE="2234" HEIGHT="55" WIDTH="928" VPOS="2179" HPOS="325">
            <String HEIGHT="55" WIDTH="142" VPOS="2179" HPOS="309" CONTENT="leurs" ID="r2l104_1" STYLEREFS="FONT0"/>
            <SP HEIGHT="55" WIDTH="16" VPOS="2179" HPOS="451"/>
            <String HEIGHT="55" WIDTH="252" VPOS="2179" HPOS="404" CONTENT="commetfants;" ID="r2l104_2" STYLEREFS="FONT0"/>
            <SP HEIGHT="55" WIDTH="16" VPOS="2179" HPOS="655"/>
            <String HEIGHT="55" WIDTH="189" VPOS="2179" HPOS="608" CONTENT="pétition" ID="r2l104_3" STYLEREFS="FONT0"/>
            <SP HEIGHT="55" WIDTH="16" VPOS="2179" HPOS="797"/>
            <String HEIGHT="55" WIDTH="110" VPOS="2179" HPOS="750" CONTENT="des" ID="r2l104_4" STYLEREFS="FONT0"/>
            <SP HEIGHT="55" WIDTH="16" VPOS="2179" HPOS="860"/>
            <String HEIGHT="55" WIDTH="189" VPOS="2179" HPOS="813" CONTENT="citoyens" ID="r2l104_5" STYLEREFS="FONT0"/>
            <SP HEIGHT="55" WIDTH="16" VPOS="2179" HPOS="1001"/>
            <String HEIGHT="55" WIDTH="220" VPOS="2179" HPOS="954" CONTENT="d’Annonayy" ID="r2l104_6" STYLEREFS="FONT0"/>
            <SP HEIGHT="55" WIDTH="16" VPOS="2179" HPOS="1174"/>
            <String HEIGHT="55" WIDTH="142" VPOS="2179" HPOS="1111" CONTENT="tableau" ID="r2l104_7" STYLEREFS="FONT0"/>
          </TextLine>
          <TextLine ID="r2l106" BASELINE="2273" HEIGHT="55" WIDTH="931" VPOS="2218" HPOS="319">
            <String HEIGHT="55" WIDTH="210" VPOS="2218" HPOS="304" CONTENT="comparatif" ID="r2l106_1" STYLEREFS="FONT0"/>
            <SP HEIGHT="55" WIDTH="15" VPOS="2218" HPOS="514"/>
            <String HEIGHT="55" WIDTH="105" VPOS="2218" HPOS="469" CONTENT="des" ID="r2l106_2" STYLEREFS="FONT0"/>
            <SP HEIGHT="55" WIDTH="15" VPOS="2218" HPOS="574"/>
            <String HEIGHT="55" WIDTH="195" VPOS="2218" HPOS="529" CONTENT="élections" ID="r2l106_3" STYLEREFS="FONT0"/>
            <SP HEIGHT="55" WIDTH="15" VPOS="2218" HPOS="724"/>
            <String HEIGHT="55" WIDTH="90" VPOS="2218" HPOS="679" CONTENT="de" ID="r2l106_4" STYLEREFS="FONT0"/>
            <SP HEIGHT="55" WIDTH="15" VPOS="2218" HPOS="769"/>
            <String HEIGHT="55" WIDTH="225" VPOS="2218" HPOS="724" CONTENT="l’âssemblée" ID="r2l106_5" STYLEREFS="FONT0"/>
            <SP HEIGHT="55" WIDTH="15" VPOS="2218" HPOS="950"/>
            <String HEIGHT="55" WIDTH="120" VPOS="2218" HPOS="905" CONTENT="mère" ID="r2l106_6" STYLEREFS="FONT0"/>
            <SP HEIGHT="55" WIDTH="15" VPOS="2218" HPOS="1025"/>
            <String HEIGHT="55" WIDTH="90" VPOS="2218" HPOS="980" CONTENT="et" ID="r2l106_7" STYLEREFS="FONT0"/>
            <SP HEIGHT="55" WIDTH="15" VPOS="2218" HPOS="1070"/>
            <String HEIGHT="55" WIDTH="90" VPOS="2218" HPOS="1025" CONTENT="de" ID="r2l106_8" STYLEREFS="FONT0"/>
            <SP HEIGHT="55" WIDTH="15" VPOS="2218" HPOS="1115"/>
            <String HEIGHT="55" WIDTH="195" VPOS="2218" HPOS="1055" CONTENT="l’assemblée" ID="r2l106_9" STYLEREFS="FONT0"/>
          </TextLine>
          <TextLine ID="r2l107" BASELINE="2305" HEIGHT="54" WIDTH="929" VPOS="2251" HPOS="316">
            <String HEIGHT="54" WIDTH="239" VPOS="2251" HPOS="302" CONTENT="sectionnaire," ID="r2l107_1" STYLEREFS="FONT0"/>
            <SP HEIGHT="54" WIDTH="14" VPOS="2251" HPOS="541"/>
            <String HEIGHT="54" WIDTH="99" VPOS="2251" HPOS="499" CONTENT="sur" ID="r2l107_2" STYLEREFS="FONT0"/>
            <SP HEIGHT="54" WIDTH="14" VPOS="2251" HPOS="598"/>
            <String HEIGHT="54" WIDTH="84" VPOS="2251" HPOS="555" CONTENT="le" ID="r2l107_3" STYLEREFS="FONT0"/>
            <SP HEIGHT="54" WIDTH="14" VPOS="2251" HPOS="640"/>
            <String HEIGHT="54" WIDTH="169" VPOS="2251" HPOS="598" CONTENT="monument" ID="r2l107_4" STYLEREFS="FONT0"/>
            <SP HEIGHT="54" WIDTH="14" VPOS="2251" HPOS="766"/>
            <String HEIGHT="54" WIDTH="70" VPOS="2251" HPOS="724" CONTENT="à" ID="r2l107_5" STYLEREFS="FONT0"/>
            <SP HEIGHT="54" WIDTH="14" VPOS="2251" HPOS="795"/>
            <String HEIGHT="54" WIDTH="141" VPOS="2251" HPOS="752" CONTENT="élever" ID="r2l107_6" STYLEREFS="FONT0"/>
            <SP HEIGHT="54" WIDTH="14" VPOS="2251" HPOS="893"/>
            <String HEIGHT="54" WIDTH="70" VPOS="2251" HPOS="851" CONTENT="à" ID="r2l107_7" STYLEREFS="FONT0"/>
            <SP HEIGHT="54" WIDTH="14" VPOS="2251" HPOS="921"/>
            <String HEIGHT="54" WIDTH="197" VPOS="2251" HPOS="879" CONTENT="Olivier" ID="r2l107_8" STYLEREFS="FONT2"/>
            <SP HEIGHT="54" WIDTH="14" VPOS="2251" HPOS="1076"/>
            <String HEIGHT="54" WIDTH="84" VPOS="2251" HPOS="1034" CONTENT="dé" ID="r2l107_9" STYLEREFS="FONT2"/>
            <SP HEIGHT="54" WIDTH="14" VPOS="2251" HPOS="1118"/>
            <String HEIGHT="54" WIDTH="183" VPOS="2251" HPOS="1062" CONTENT="Serres;" ID="r2l107_10" STYLEREFS="FONT2"/>
          </TextLine>
          <TextLine ID="r2l108" BASELINE="2338" HEIGHT="51" WIDTH="975" VPOS="2287" HPOS="276">
            <String HEIGHT="51" WIDTH="279" VPOS="2287" HPOS="261" CONTENT="procès-verbaux" ID="r2l108_1" STYLEREFS="FONT0"/>
            <SP HEIGHT="51" WIDTH="15" VPOS="2287" HPOS="539"/>
            <String HEIGHT="51" WIDTH="93" VPOS="2287" HPOS="493" CONTENT="de" ID="r2l108_2" STYLEREFS="FONT0"/>
            <SP HEIGHT="51" WIDTH="15" VPOS="2287" HPOS="586"/>
            <String HEIGHT="51" WIDTH="232" VPOS="2287" HPOS="539" CONTENT="l’assemblée" ID="r2l108_3" STYLEREFS="FONT0"/>
            <SP HEIGHT="51" WIDTH="15" VPOS="2287" HPOS="771"/>
            <String HEIGHT="51" WIDTH="232" VPOS="2287" HPOS="725" CONTENT="électorale," ID="r2l108_4" STYLEREFS="FONT0"/>
            <SP HEIGHT="51" WIDTH="15" VPOS="2287" HPOS="957"/>
            <String HEIGHT="51" WIDTH="139" VPOS="2287" HPOS="911" CONTENT="etce;" ID="r2l108_5" STYLEREFS="FONT0"/>
            <SP HEIGHT="51" WIDTH="15" VPOS="2287" HPOS="1050"/>
            <String HEIGHT="51" WIDTH="155" VPOS="2287" HPOS="1003" CONTENT="lettre" ID="r2l108_6" STYLEREFS="FONT0"/>
            <SP HEIGHT="51" WIDTH="15" VPOS="2287" HPOS="1158"/>
            <String HEIGHT="51" WIDTH="93" VPOS="2287" HPOS="1112" CONTENT="de" ID="r2l108_7" STYLEREFS="FONT0"/>
            <SP HEIGHT="51" WIDTH="15" VPOS="2287" HPOS="1205"/>
            <String HEIGHT="51" WIDTH="108" VPOS="2287" HPOS="1143" CONTENT="Cafa" ID="r2l108_8" STYLEREFS="FONT0"/>
          </TextLine>
        </TextBlock>
      </PrintSpace>
    </Page>
  </Layout>
</alto>
