1626 2593
693 198 84 31 9

249 234 107 69 42.
310 234 169 69 ORLÉANS
433 234 153 69 (ville
540 234 123 69 d’).
616 234 245 69 Compte-rendu
815 234 92 69 au
861 234 214 69 directoire
1030 234 92 69 du
1076 234 184 69 distriet
1198 234 77 69 des

312 270 203 53 événemens
469 270 94 53 de
516 270 203 53 septembre
672 270 141 53 1792,
766 270 157 53 compte
876 270 110 53 des
938 270 219 53 opérations
1111 270 94 53 de
1157 270 94 53 la
1189 270 78 53 mu-

315 307 231 56 nicipalité,
500 307 139 56 1792,
592 307 108 56 les
654 307 200 56 autorités
808 307 200 56 d’Orléans
962 307 216 56 suspendues
1131 307 92 56 de
1162 307 108 56 leurs

314 339 166 61 fongtions
442 339 64 61 à
467 339 77 61 la
506 339 192 61 convention,
659 339 140 61 rapport
761 339 77 61 de
800 339 140 61 Léonard
902 339 230 61 Bourdon
1093 339 77 61 et
1119 339 153 61 Du

318 370 215 63 bail
492 370 215 63 commissaires
667 370 148 63 envoyés
775 370 108 63 près
842 370 81 63 de
882 370 81 63 la
922 370 121 63 haute
1003 370 108 63 cour
1070 370 188 63 nationale,
1205 370 67 63 dé-

323 417 117 54 tails
401 417 91 54 sur
453 417 182 54 l’attentat
595 417 130 54 commis
686 417 65 54 à
712 417 143 54 Orléans
816 417 91 54 sur
868 417 117 54 L.
946 417 195 54 Bourdon
1101 417 91 54 les
1140 417 130 54 citoyens

319 452 88 51 de
363 452 88 51 la
407 452 161 51 société
525 452 191 51 populaire
671 452 73 51 à
701 452 88 51 la
745 452 220 51 convention,
921 452 176 51 pétition
1053 452 103 51 des
1097 452 176 51 citoyennes

326 476 177 59 d’Orléans
462 476 68 59 à
490 476 82 59 la
530 476 204 59 convention,
694 476 163 59 discours
816 476 82 59 et
857 476 218 59 compte-rendu
1034 476 82 59 de
1061 476 204 59 Brival

320 514 91 56 en
365 514 167 56 mission
487 514 76 56 à
517 514 182 56 Orléans,
653 514 273 56 procès-verbaux
881 514 106 56 des
941 514 167 56 séances
1063 514 91 56 de
1108 514 91 56 la
1139 514 136 56 société

326 550 96 57 des
381 550 164 57 Jacobins
504 550 192 57 d’Orléans,
655 550 110 57 deux
724 550 164 57 rapports
847 550 82 57 de
888 550 219 57 Noël
1066 550 151 57 député,
1176 550 96 57 sur
1217 550 55 57 la

325 584 240 60 municipalité,
522 584 127 60 etc.,
607 584 141 60 lettre
706 584 141 60 signée
805 584 99 60 par
861 584 99 60 les
917 584 141 60 grands
1016 584 127 60 juges
1101 584 85 60 de
1143 584 85 60 la
1171 584 99 60 haute

333 617 111 51 cour
403 617 195 51 nationale,
556 617 111 51 l’an
625 617 83 51 IV
667 617 83 51 de
709 617 83 51 la
750 617 167 51 liberté,
876 617 83 51 22
917 617 139 51 pièces
1015 617 111 51 in-8
1084 617 83 51 et
1126 617 125 51 in-4.
1209 617 83 51 14
1237 617 42 51 »

260 655 101 64 43.
317 655 231 64 TOURAINE
505 655 72 64 —
534 655 376 64 Indre-et-Loire
866 655 144 64 Voyage
968 655 116 64 dans
1040 655 87 64 ce
1069 655 202 64 département.

333 689 80 58 an
373 689 106 58 III,
439 689 120 58 carte
519 689 80 58 et
559 689 120 58 fig.,
638 689 146 58 comptes
745 689 133 58 moraux
838 689 80 58 et
877 689 186 58 politiques
1024 689 80 58 de
1063 689 120 58 B.
1130 689 146 58 Véron

326 731 80 53 et
366 731 120 53 M.
446 731 214 53 Radger,
620 731 80 53 de
660 731 134 53 Tours,
754 731 94 53 les
807 731 160 53 brigands
927 731 80 53 de
967 731 80 53 la
1008 731 134 53 Vendée
1101 731 80 53 en
1128 731 147 53 évidence,

332 758 93 60 par
385 758 239 60 Sénar,
584 758 146 60 réponse
690 758 93 60 par
743 758 93 60 les
796 758 173 60 patriotés
929 758 80 60 de
969 758 133 60 Tours,
1062 758 119 60 Sénar
1141 758 66 60 à
1168 758 80 60 la
1194 758 80 60 Con-

329 791 162 60 vention,
450 791 229 60 dénonciations
639 791 135 60 contre
733 791 243 60 Sénar,
936 791 108 60 deux
1003 791 148 60 pièces,
1098 791 175 60 Texier-

340 824 101 58 vier
403 824 126 58 contre
491 824 214 58 Sénar
668 824 88 58 les
718 824 151 58 citoyens
831 824 76 58 de
869 824 113 58 Tours
945 824 63 58 à
970 824 76 58 la
1008 824 189 58 convention,
1159 824 88 58 les
1196 824 76 58 cha-

335 864 143 55 noines
435 864 86 55 de
478 864 129 55 Tours
563 864 71 55 à
592 864 214 55 l’assemblée
763 864 200 55 nationale,
921 864 172 55 adresses
1049 864 186 55 diverses,
1178 864 100 55 etc..

336 898 100 64 une
393 898 143 64 lettre
493 898 143 64 signée
594 898 100 64 des
651 898 272 64 administrateurs
881 898 86 64 en
924 898 115 64 l’an
995 898 115 64 VII,
1067 898 86 64 24
1110 898 143 64 pièces
1196 898 86 64 in

323 948 155 48 et
401 948 232 48 in-4.
555 948 155 48 15
607 948 103 48 50

330 968 95 59 44.
385 968 136 59 BERRI.
480 968 68 59 —
507 968 230 59 Indre
696 968 136 59 Voyage
791 968 122 59 dansi
872 968 81 59 ce
913 968 217 59 département,
1089 968 81 59 an
1130 968 108 59 III,
1184 968 95 59 carte

341 1006 74 56 et
378 1006 111 56 fig.,
452 1006 99 56 Paul
514 1006 223 56 Alliot,
699 1006 111 56 maire
774 1006 74 56 de
811 1006 235 56 Lévroux
1009 1006 87 56 aux
1058 1006 136 56 ennemis
1157 1006 74 56 de
1194 1006 74 56 la
1219 1006 62 56 ré-

342 1038 199 57 publique,
495 1038 138 57 etc.,
587 1038 122 57 deux
663 1038 153 57 pièces
770 1038 168 57 signées
893 1038 107 57 par
954 1038 107 57 les
1000 1038 275 57 administrateurs.

344 1074 96 58 ans
399 1074 82 58 Iy
440 1074 82 58 et
481 1074 96 58 VI,
536 1074 82 58 et
577 1074 96 58 une
632 1074 219 58 délibération
809 1074 178 58 originale
946 1074 123 58 prise
1028 1074 82 58 le
1069 1074 82 58 15
1110 1074 150 58 juillet
1206 1074 82 58 1793

344 1109 108 58 par
405 1109 108 58 les
467 1109 170 58 membres
590 1109 93 58 du
637 1109 170 58 conseil
760 1109 93 58 de
806 1109 154 58 guerre
914 1109 93 58 dû
960 1109 231 58 département
1145 1109 93 58 de
1176 1109 108 58 l’In-

338 1144 112 58 dre,
408 1144 112 58 pour
479 1144 98 58 des
535 1144 211 58 réparations
704 1144 98 58 aux
760 1144 253 58 fortifications
971 1144 84 58 de
1013 1144 84 58 la
1055 1144 127 58 ville
1139 1144 84 58 de
1168 1144 112 58 Tours,

335 1183 103 53 des
394 1183 177 53 redoutes
527 1183 89 53 et
572 1183 103 53 des
631 1183 251 53 retranchemens
838 1183 74 53 à
867 1183 133 53 faire
956 1183 118 53 pour
1030 1183 163 53 arrêter
1148 1183 103 53 les
1192 1183 89 53 pro-

273 1232 126 37 grès
352 1232 111 37 des
415 1232 206 37 insurgés.
574 1232 142 37 Cette
668 1232 142 37 pièce
763 1232 237 37 importante,
953 1232 95 37 de
1000 1232 142 37 trois
1095 1232 142 37 pages
1174 1232 111 37 in

344 1251 105 50 est
404 1251 165 50 revêtue
524 1251 90 50 de
569 1251 105 50 dix
629 1251 210 50 signatures
794 1251 90 50 et
838 1251 180 50 contient
973 1251 90 50 en
1018 1251 135 50 marge
1108 1251 105 50 ces
1168 1251 120 50 mots
1228 1251 60 50 de

331 1291 96 47 jla
386 1291 109 47 main
454 1291 82 47 de
495 1291 287 47 Bouchotte
741 1291 177 47 ministre:
877 1291 96 47 «Il
932 1291 109 47 sera
1000 1291 96 47 mis
1055 1291 150 47 100,000
1164 1291 137 47 livres
1246 1291 41 47 à

341 1327 85 42 la
383 1327 213 42 disposition
554 1327 85 42 du
596 1327 113 42 chef
667 1327 85 42 du
710 1327 128 42 génie
795 1327 113 42 pour
866 1327 156 42 l’objet
979 1327 99 42 des
1036 1327 255 42 fortifications
1234 1327 57 42 de

350 1363 202 51 Tours,n
518 1363 90 51 Huit
575 1363 112 51 pièces
653 1363 90 51 in-8
710 1363 67 51 et
743 1363 101 51 in-4.
811 1363 56 51 8
822 1363 45 51 50

338 1387 101 59 45.
395 1387 130 59 CHER.
482 1387 144 59 Voyage
583 1387 115 59 dans
655 1387 87 59 ce
698 1387 231 59 département,
886 1387 87 59 an
929 1387 115 59 III,
1001 1387 130 59 carte
1088 1387 87 59 et
1131 1387 130 59 fig.,
1203 1387 87 59 rap-

344 1425 124 54 port
421 1425 93 54 et
467 1425 248 54 compte-rendu
669 1425 108 54 des
731 1425 248 54 commissaires
932 1425 170 54 envoyés
1056 1425 124 54 dans
1133 1425 93 54 ce
1164 1425 124 54 dépar-

345 1461 156 52 tement,
458 1461 128 52 1793,
544 1461 171 52 discours
672 1461 85 52 de
714 1461 242 52 Tornt,
913 1461 114 52 dont
984 1461 85 52 un
1027 1461 171 52 prononcé
1155 1461 71 52 à
1169 1461 128 52 Bourges

347 1499 83 49 sur
395 1499 130 49 l’autel
489 1499 71 49 de
525 1499 71 49 la
561 1499 130 49 patrie,
655 1499 130 49 adresse
750 1499 71 49 de
786 1499 273 49 Lamerville,
1023 1499 95 49 dire
1082 1499 71 49 de
1106 1499 178 49 Ville

350 1529 241 47 banois
550 1529 147 47 adresse
658 1529 67 47 à
684 1529 80 47 la
725 1529 201 47 convention,
885 1529 161 47 dialogue
1006 1529 121 47 entre
1086 1529 94 47 des
1140 1529 147 47 députés
1233 1529 54 47 de

353 1568 175 51 Bourges,
485 1568 117 51 deux
558 1568 161 51 lettres
675 1568 102 51 des
733 1568 292 51 administrateurs,
982 1568 102 51 ans
1040 1568 88 51 II
1084 1568 88 51 et
1128 1568 102 51 VI.
1187 1568 88 51 et
1216 1568 73 51 une

353 1608 118 42 lettre
436 1608 118 42 signée
518 1608 248 42 Baucheton
731 1608 71 42 14
766 1608 118 42 pièces
849 1608 94 42 in-8
908 1608 71 42 et
943 1608 106 42 in-4.
1014 1608 59 42 7
1026 1608 47 42 50

346 1637 94 48 46.
399 1637 229 48 NTVERNAIS.
588 1637 67 48 —
615 1637 242 48 Nièvre
816 1637 134 48 Voyage
910 1637 108 48 dans
978 1637 81 48 ce
1018 1637 215 48 département,
1193 1637 81 48 an
1220 1637 67 48 III

349 1669 118 53 in-8,
427 1669 118 53 carte
506 1669 78 53 et
545 1669 118 53 fig.,
623 1669 144 53 rapport
728 1669 78 53 de
767 1669 222 53 Lefiot
950 1669 78 53 en
989 1669 144 53 mission
1093 1669 104 53 dans
1158 1669 78 53 ce
1185 1669 104 53 dépar-

348 1699 160 54 tement,
465 1699 117 54 deux
538 1699 175 54 parties,
669 1699 160 54 passion
785 1699 87 54 de
829 1699 131 54 Jésus
916 1699 175 54 crucifié
1047 1699 102 54 par
1106 1699 102 54 les
1164 1699 131 54 juifs
1237 1699 58 54 de

356 1740 137 54 Nevers,
455 1740 125 54 lettre
543 1740 75 54 de
580 1740 224 54 Loiseau
767 1740 150 54 relative
879 1740 62 54 à
904 1740 262 54 Quétineau
1128 1740 100 54 chef
1178 1740 125 54 vendéen,

349 1783 181 48 adresses
485 1783 91 48 de
530 1783 151 48 Nevers
636 1783 76 48 à
666 1783 227 48 l’assemblée
848 1783 196 48 nationale
999 1783 91 48 et
1044 1783 76 48 à
1074 1783 91 48 la
1105 1783 196 48 convention,

359 1817 130 47 exposé
450 1817 78 47 de
489 1817 78 47 la
527 1817 155 47 conduite
644 1817 91 47 des
696 1817 168 47 patriotes
826 1817 78 47 de
864 1817 220 47 Cosne
1046 1817 155 47 adresses
1162 1817 78 47 de
1201 1817 78 47 la
1227 1817 65 47 so-

355 1844 131 48 ciété
443 1844 102 48 des
501 1844 116 48 amis
574 1844 87 48 dé
617 1844 87 48 la
661 1844 204 48 république
821 1844 87 48 de
865 1844 160 48 Nevers,
981 1844 175 48 pétition
1112 1844 73 48 à
1141 1844 87 48 la
1170 1844 131 48 conven-

347 1881 123 51 tion
424 1881 108 51 par
485 1881 92 51 le
531 1881 246 51 département,
731 1881 169 51 mémoire
854 1881 123 51 pour
931 1881 92 51 la
977 1881 138 51 ville
1069 1881 92 51 de
1115 1881 92 51 La
1146 1881 154 51 Charité,

348 1921 114 48 L.
425 1921 165 48 a.s.de
552 1921 229 48 Villars
742 1921 76 48 de
781 1921 140 48 Nevers,
882 1921 114 48 1793,
959 1921 165 48 contenant
1086 1921 114 48 envoi
1162 1921 114 48 d’une
1226 1921 76 48 pro-

346 1950 173 60 clamation,
481 1950 86 60 L.
531 1950 74 60 a.
568 1950 123 60 s.
654 1950 74 60 de
691 1950 210 60 Bouys
864 1950 173 60 professeur
1000 1950 62 60 à
1024 1950 136 60 Nevers,
1123 1950 160 60 contenant
1234 1950 62 60 en-

349 1985 89 50 voi
400 1985 76 50 de
438 1985 153 50 strophes
553 1985 76 50 en
591 1985 165 50 l’honneur
718 1985 76 50 de
757 1985 178 50 Bonaparte,
897 1985 115 50 L.
973 1985 76 50 a.
1011 1985 89 50 s.
1062 1985 76 50 de
1100 1985 140 50 Tell
1189 1985 115 50 Bi

349 2020 191 58 got
502 2020 153 58 officier
617 2020 127 58 public
706 2020 76 58 de
744 2020 140 58 Nevers,
846 2020 64 58 à
871 2020 280 58 Robespierre
1113 2020 178 58 renfermant
1240 2020 64 58 des

350 2059 154 49 détails
462 2059 84 49 de
504 2059 84 49 la
546 2059 112 49 plus
616 2059 126 49 haute
700 2059 196 49 importance
855 2059 98 49 sur
911 2059 280 49 Chaumette
1149 2059 84 49 et
1191 2059 84 49 la
1219 2059 84 49 com-

350 2090 104 51 mune
415 2090 78 51 de
454 2090 235 51 Nevers
650 2090 131 51 quatre
742 2090 118 51 pages
820 2090 144 51 pleines
924 2090 170 51 in-folio,
1055 2090 131 51 lettre
1133 2090 170 51 révolution-

351 2126 125 50 naire
435 2126 83 50 et
476 2126 223 50 apologétique
657 2126 167 50 adressée
782 2126 70 50 à
810 2126 237 50 Fouché
1005 2126 97 50 par
1061 2126 97 50 les
1102 2126 209 50 sans

360 2160 73 53 de
396 2160 219 53 Clamec
579 2160 73 53 en
615 2160 97 53 l’an
676 2160 85 53 II,
725 2160 122 53 écrite
810 2160 73 53 en
846 2160 122 53 entier
931 2160 85 53 par
980 2160 219 53 Grasset
1162 2160 85 53 qui
1211 2160 85 53 l’a
1247 2160 61 53 si-

280 2194 141 55 gnée,
375 2194 141 55 ainsi
469 2194 110 55 que
532 2194 157 55 trente
642 2194 173 55 autres;
768 2194 126 55 deux
846 2194 141 55 pages
940 2194 94 55 et
988 2194 141 55 quart
1082 2194 189 55 in-folio
1208 2194 94 55 (cu-

361 2227 136 53 rieux
452 2227 212 53 document),
618 2227 91 53 et
664 2227 167 53 lettres
785 2227 167 53 signées
906 2227 106 53 des
967 2227 288 53 administrateurs
1209 2227 91 53 de
1239 2227 61 53 la

344 2268 171 64 Nièvre,
469 2268 93 64 en
516 2268 125 64 l’an
594 2268 93 64 II
640 2268 93 64 et
687 2268 93 64 en
734 2268 125 64 l’an
812 2268 93 64 V;
858 2268 93 64 26
905 2268 156 64 pièces
1014 2268 125 64 in-8
1092 2268 93 64 et
1139 2268 140 64 in-4.
1232 2268 93 64 25
1263 2268 47 64 »
