<?xml version='1.0' encoding='UTF8'?>
<alto xmlns:xsi="http://www.w3.org/2001/XMLSchema-instance" xmlns="http://www.loc.gov/standards/alto/ns-v2#" xmlns:page="http://schema.primaresearch.org/PAGE/gts/pagecontent/2013-07-15" xsi:schemaLocation="http://www.loc.gov/standards/alto/ns-v2# http://www.loc.gov/standards/alto/alto.xsd">
  <Description>
    <MeasurementUnit>mm10</MeasurementUnit>
    <sourceImageInformation>
         <fileName>1846_01_LAC_N03_8.jpg</fileName>
      </sourceImageInformation>
    <OCRProcessing ID="IdOcr">
      <ocrProcessingStep>
        <processingDateTime>2020-11-06T13:45:11.852+01:00</processingDateTime>
        <processingSoftware>
               <softwareCreator>CONTRIBUTORS</softwareCreator>
               <softwareName>pdfalto</softwareName>
               <softwareVersion>0.1</softwareVersion>
            </processingSoftware>
      </ocrProcessingStep>
    </OCRProcessing>
  </Description>
  <Styles>
     <TextStyle ID="FONT0" FONTSTYLE=""/>
     <TextStyle ID="FONT1" FONTSTYLE="bold"/>
     <TextStyle ID="FONT2" FONTSTYLE="italics"/>
</Styles>
  <Tags/>
  <Layout>
    <Page ID="Page1" PHYSICAL_IMG_NR="1" HEIGHT="2656" WIDTH="1572">
      <PrintSpace HEIGHT="2656" WIDTH="1572" VPOS="0" HPOS="0">
        <TextBlock ID="r3" HEIGHT="2068" WIDTH="1017" VPOS="301" HPOS="327">
          <TextLine ID="r3l1" BASELINE="331" HEIGHT="62" WIDTH="944" VPOS="269" HPOS="400">
            <String HEIGHT="62" WIDTH="160" VPOS="269" HPOS="385" CONTENT="députés" ID="r3l1_1" STYLEREFS="FONT0"/>
            <SP HEIGHT="62" WIDTH="15" VPOS="269" HPOS="545"/>
            <String HEIGHT="62" WIDTH="87" VPOS="269" HPOS="502" CONTENT="du" ID="r3l1_2" STYLEREFS="FONT0"/>
            <SP HEIGHT="62" WIDTH="15" VPOS="269" HPOS="589"/>
            <String HEIGHT="62" WIDTH="232" VPOS="269" HPOS="545" CONTENT="département," ID="r3l1_3" STYLEREFS="FONT0"/>
            <SP HEIGHT="62" WIDTH="15" VPOS="269" HPOS="778"/>
            <String HEIGHT="62" WIDTH="145" VPOS="269" HPOS="734" CONTENT="Julien" ID="r3l1_4" STYLEREFS="FONT0"/>
            <SP HEIGHT="62" WIDTH="15" VPOS="269" HPOS="879"/>
            <String HEIGHT="62" WIDTH="261" VPOS="269" HPOS="836" CONTENT="Leroux" ID="r3l1_5" STYLEREFS="FONT2"/>
            <SP HEIGHT="62" WIDTH="15" VPOS="269" HPOS="1097"/>
            <String HEIGHT="62" WIDTH="87" VPOS="269" HPOS="1054" CONTENT="de" ID="r3l1_6" STYLEREFS="FONT0"/>
            <SP HEIGHT="62" WIDTH="15" VPOS="269" HPOS="1141"/>
            <String HEIGHT="62" WIDTH="160" VPOS="269" HPOS="1097" CONTENT="Nantes," ID="r3l1_7" STYLEREFS="FONT0"/>
            <SP HEIGHT="62" WIDTH="15" VPOS="269" HPOS="1257"/>
            <String HEIGHT="62" WIDTH="145" VPOS="269" HPOS="1213" CONTENT="détenu" ID="r3l1_8" STYLEREFS="FONT0"/>
            <SP HEIGHT="62" WIDTH="15" VPOS="269" HPOS="1359"/>
            <String HEIGHT="62" WIDTH="44" VPOS="269" HPOS="1300" CONTENT="à" ID="r3l1_9" STYLEREFS="FONT0"/>
          </TextLine>
          <TextLine ID="r3l2" BASELINE="370" HEIGHT="45" WIDTH="944" VPOS="325" HPOS="398">
            <String HEIGHT="45" WIDTH="150" VPOS="325" HPOS="383" CONTENT="Paris," ID="r3l2_1" STYLEREFS="FONT0"/>
            <SP HEIGHT="45" WIDTH="15" VPOS="325" HPOS="533"/>
            <String HEIGHT="45" WIDTH="105" VPOS="325" HPOS="488" CONTENT="dix" ID="r3l2_2" STYLEREFS="FONT0"/>
            <SP HEIGHT="45" WIDTH="15" VPOS="325" HPOS="593"/>
            <String HEIGHT="45" WIDTH="180" VPOS="325" HPOS="548" CONTENT="adresses" ID="r3l2_3" STYLEREFS="FONT0"/>
            <SP HEIGHT="45" WIDTH="15" VPOS="325" HPOS="728"/>
            <String HEIGHT="45" WIDTH="75" VPOS="325" HPOS="683" CONTENT="à" ID="r3l2_4" STYLEREFS="FONT0"/>
            <SP HEIGHT="45" WIDTH="15" VPOS="325" HPOS="758"/>
            <String HEIGHT="45" WIDTH="225" VPOS="325" HPOS="713" CONTENT="l’assemblée" ID="r3l2_5" STYLEREFS="FONT0"/>
            <SP HEIGHT="45" WIDTH="15" VPOS="325" HPOS="937"/>
            <String HEIGHT="45" WIDTH="195" VPOS="325" HPOS="892" CONTENT="nationale" ID="r3l2_6" STYLEREFS="FONT0"/>
            <SP HEIGHT="45" WIDTH="15" VPOS="325" HPOS="1087"/>
            <String HEIGHT="45" WIDTH="90" VPOS="325" HPOS="1042" CONTENT="et" ID="r3l2_7" STYLEREFS="FONT0"/>
            <SP HEIGHT="45" WIDTH="15" VPOS="325" HPOS="1132"/>
            <String HEIGHT="45" WIDTH="75" VPOS="325" HPOS="1087" CONTENT="à" ID="r3l2_8" STYLEREFS="FONT0"/>
            <SP HEIGHT="45" WIDTH="15" VPOS="325" HPOS="1162"/>
            <String HEIGHT="45" WIDTH="90" VPOS="325" HPOS="1117" CONTENT="la" ID="r3l2_9" STYLEREFS="FONT0"/>
            <SP HEIGHT="45" WIDTH="15" VPOS="325" HPOS="1207"/>
            <String HEIGHT="45" WIDTH="195" VPOS="325" HPOS="1147" CONTENT="convention," ID="r3l2_10" STYLEREFS="FONT0"/>
          </TextLine>
          <TextLine ID="r3l3" BASELINE="414" HEIGHT="66" WIDTH="954" VPOS="348" HPOS="393">
            <String HEIGHT="66" WIDTH="182" VPOS="348" HPOS="378" CONTENT="relation" ID="r3l3_1" STYLEREFS="FONT0"/>
            <SP HEIGHT="66" WIDTH="15" VPOS="348" HPOS="560"/>
            <String HEIGHT="66" WIDTH="91" VPOS="348" HPOS="514" CONTENT="du" ID="r3l3_2" STYLEREFS="FONT0"/>
            <SP HEIGHT="66" WIDTH="15" VPOS="348" HPOS="605"/>
            <String HEIGHT="66" WIDTH="151" VPOS="348" HPOS="560" CONTENT="voyage" ID="r3l3_3" STYLEREFS="FONT0"/>
            <SP HEIGHT="66" WIDTH="15" VPOS="348" HPOS="711"/>
            <String HEIGHT="66" WIDTH="106" VPOS="348" HPOS="666" CONTENT="des" ID="r3l3_4" STYLEREFS="FONT0"/>
            <SP HEIGHT="66" WIDTH="15" VPOS="348" HPOS="772"/>
            <String HEIGHT="66" WIDTH="106" VPOS="348" HPOS="726" CONTENT="132" ID="r3l3_5" STYLEREFS="FONT0"/>
            <SP HEIGHT="66" WIDTH="15" VPOS="348" HPOS="832"/>
            <String HEIGHT="66" WIDTH="182" VPOS="348" HPOS="787" CONTENT="Nantais," ID="r3l3_6" STYLEREFS="FONT0"/>
            <SP HEIGHT="66" WIDTH="15" VPOS="348" HPOS="968"/>
            <String HEIGHT="66" WIDTH="121" VPOS="348" HPOS="923" CONTENT="cinq" ID="r3l3_7" STYLEREFS="FONT0"/>
            <SP HEIGHT="66" WIDTH="15" VPOS="348" HPOS="1044"/>
            <String HEIGHT="66" WIDTH="151" VPOS="348" HPOS="999" CONTENT="pièces" ID="r3l3_8" STYLEREFS="FONT0"/>
            <SP HEIGHT="66" WIDTH="15" VPOS="348" HPOS="1150"/>
            <String HEIGHT="66" WIDTH="106" VPOS="348" HPOS="1105" CONTENT="sur" ID="r3l3_9" STYLEREFS="FONT0"/>
            <SP HEIGHT="66" WIDTH="15" VPOS="348" HPOS="1211"/>
            <String HEIGHT="66" WIDTH="91" VPOS="348" HPOS="1165" CONTENT="le" ID="r3l3_10" STYLEREFS="FONT0"/>
            <SP HEIGHT="66" WIDTH="15" VPOS="348" HPOS="1256"/>
            <String HEIGHT="66" WIDTH="151" VPOS="348" HPOS="1196" CONTENT="tribunai" ID="r3l3_11" STYLEREFS="FONT0"/>
          </TextLine>
          <TextLine ID="r3l4" BASELINE="438" HEIGHT="42" WIDTH="953" VPOS="396" HPOS="397">
            <String HEIGHT="42" WIDTH="303" VPOS="396" HPOS="382" CONTENT="révolutionnaire," ID="r3l4_1" STYLEREFS="FONT0"/>
            <SP HEIGHT="42" WIDTH="15" VPOS="396" HPOS="684"/>
            <String HEIGHT="42" WIDTH="106" VPOS="396" HPOS="639" CONTENT="six" ID="r3l4_2" STYLEREFS="FONT0"/>
            <SP HEIGHT="42" WIDTH="15" VPOS="396" HPOS="745"/>
            <String HEIGHT="42" WIDTH="106" VPOS="396" HPOS="700" CONTENT="sur" ID="r3l4_3" STYLEREFS="FONT0"/>
            <SP HEIGHT="42" WIDTH="15" VPOS="396" HPOS="805"/>
            <String HEIGHT="42" WIDTH="91" VPOS="396" HPOS="760" CONTENT="la" ID="r3l4_4" STYLEREFS="FONT0"/>
            <SP HEIGHT="42" WIDTH="15" VPOS="396" HPOS="851"/>
            <String HEIGHT="42" WIDTH="212" VPOS="396" HPOS="805" CONTENT="répression" ID="r3l4_5" STYLEREFS="FONT0"/>
            <SP HEIGHT="42" WIDTH="15" VPOS="396" HPOS="1017"/>
            <String HEIGHT="42" WIDTH="91" VPOS="396" HPOS="972" CONTENT="du" ID="r3l4_6" STYLEREFS="FONT0"/>
            <SP HEIGHT="42" WIDTH="15" VPOS="396" HPOS="1063"/>
            <String HEIGHT="42" WIDTH="227" VPOS="396" HPOS="1017" CONTENT="brigandage," ID="r3l4_7" STYLEREFS="FONT0"/>
            <SP HEIGHT="42" WIDTH="15" VPOS="396" HPOS="1244"/>
            <String HEIGHT="42" WIDTH="136" VPOS="396" HPOS="1199" CONTENT="etc.," ID="r3l4_8" STYLEREFS="FONT0"/>
            <SP HEIGHT="42" WIDTH="15" VPOS="396" HPOS="1335"/>
            <String HEIGHT="42" WIDTH="76" VPOS="396" HPOS="1274" CONTENT="une" ID="r3l4_9" STYLEREFS="FONT0"/>
          </TextLine>
          <TextLine ID="r3l5" BASELINE="490" HEIGHT="55" WIDTH="934" VPOS="435" HPOS="405">
            <String HEIGHT="55" WIDTH="138" VPOS="435" HPOS="390" CONTENT="pièce" ID="r3l5_1" STYLEREFS="FONT0"/>
            <SP HEIGHT="55" WIDTH="15" VPOS="435" HPOS="527"/>
            <String HEIGHT="55" WIDTH="153" VPOS="435" HPOS="482" CONTENT="signée" ID="r3l5_2" STYLEREFS="FONT0"/>
            <SP HEIGHT="55" WIDTH="15" VPOS="435" HPOS="635"/>
            <String HEIGHT="55" WIDTH="107" VPOS="435" HPOS="589" CONTENT="des" ID="r3l5_3" STYLEREFS="FONT0"/>
            <SP HEIGHT="55" WIDTH="15" VPOS="435" HPOS="696"/>
            <String HEIGHT="55" WIDTH="291" VPOS="435" HPOS="650" CONTENT="administrateurs" ID="r3l5_4" STYLEREFS="FONT0"/>
            <SP HEIGHT="55" WIDTH="15" VPOS="435" HPOS="941"/>
            <String HEIGHT="55" WIDTH="92" VPOS="435" HPOS="895" CONTENT="en" ID="r3l5_5" STYLEREFS="FONT0"/>
            <SP HEIGHT="55" WIDTH="15" VPOS="435" HPOS="987"/>
            <String HEIGHT="55" WIDTH="122" VPOS="435" HPOS="941" CONTENT="l’an" ID="r3l5_6" STYLEREFS="FONT0"/>
            <SP HEIGHT="55" WIDTH="15" VPOS="435" HPOS="1063"/>
            <String HEIGHT="55" WIDTH="92" VPOS="435" HPOS="1017" CONTENT="V," ID="r3l5_7" STYLEREFS="FONT0"/>
            <SP HEIGHT="55" WIDTH="15" VPOS="435" HPOS="1109"/>
            <String HEIGHT="55" WIDTH="122" VPOS="435" HPOS="1063" CONTENT="etc." ID="r3l5_8" STYLEREFS="FONT0"/>
            <SP HEIGHT="55" WIDTH="15" VPOS="435" HPOS="1186"/>
            <String HEIGHT="55" WIDTH="92" VPOS="435" HPOS="1140" CONTENT="En" ID="r3l5_9" STYLEREFS="FONT0"/>
            <SP HEIGHT="55" WIDTH="15" VPOS="435" HPOS="1232"/>
            <String HEIGHT="55" WIDTH="122" VPOS="435" HPOS="1186" CONTENT="tout" ID="r3l5_10" STYLEREFS="FONT0"/>
            <SP HEIGHT="55" WIDTH="15" VPOS="435" HPOS="1308"/>
            <String HEIGHT="55" WIDTH="92" VPOS="435" HPOS="1247" CONTENT="qua" SUBS_TYPE="HypPart1" SUBS_CONTENT="quarante-huit" ID="r3l5_11" STYLEREFS="FONT0"/>
            <HYP CONTENT="-"/>
          </TextLine>
          <TextLine ID="r3l7" BASELINE="521" HEIGHT="52" WIDTH="451" VPOS="469" HPOS="401">
            <String HEIGHT="52" WIDTH="171" VPOS="469" HPOS="389" CONTENT="rante-huit" SUBS_TYPE="HypPart2" SUBS_CONTENT="quarante-huit" ID="r3l7_1" STYLEREFS="FONT0"/>
            <SP HEIGHT="52" WIDTH="12" VPOS="469" HPOS="559"/>
            <String HEIGHT="52" WIDTH="122" VPOS="469" HPOS="523" CONTENT="pièces" ID="r3l7_2" STYLEREFS="FONT0"/>
            <SP HEIGHT="52" WIDTH="12" VPOS="469" HPOS="645"/>
            <String HEIGHT="52" WIDTH="98" VPOS="469" HPOS="608" CONTENT="in-8" ID="r3l7_3" STYLEREFS="FONT0"/>
            <SP HEIGHT="52" WIDTH="12" VPOS="469" HPOS="706"/>
            <String HEIGHT="52" WIDTH="73" VPOS="469" HPOS="669" CONTENT="et" ID="r3l7_4" STYLEREFS="FONT0"/>
            <SP HEIGHT="52" WIDTH="12" VPOS="469" HPOS="742"/>
            <String HEIGHT="52" WIDTH="110" VPOS="469" HPOS="706" CONTENT="in-4." ID="r3l7_5" STYLEREFS="FONT0"/>
            <SP HEIGHT="52" WIDTH="12" VPOS="469" HPOS="815"/>
            <String HEIGHT="52" WIDTH="73" VPOS="469" HPOS="779" CONTENT="21" ID="r3l7_6" STYLEREFS="FONT0"/>
            <SP HEIGHT="52" WIDTH="12" VPOS="469" HPOS="852"/>
            <String HEIGHT="52" WIDTH="49" VPOS="469" HPOS="803" CONTENT="50" ID="r3l7_7" STYLEREFS="FONT0"/>
          </TextLine>
          <TextLine ID="r3l8" BASELINE="557" HEIGHT="77" WIDTH="1016" VPOS="480" HPOS="328">
            <String HEIGHT="77" WIDTH="100" VPOS="480" HPOS="314" CONTENT="36." ID="r3l8_1" STYLEREFS="FONT0"/>
            <SP HEIGHT="77" WIDTH="14" VPOS="480" HPOS="414"/>
            <String HEIGHT="77" WIDTH="186" VPOS="480" HPOS="371" CONTENT="MAINE." ID="r3l8_2" STYLEREFS="FONT1"/>
            <SP HEIGHT="77" WIDTH="14" VPOS="480" HPOS="557"/>
            <String HEIGHT="77" WIDTH="72" VPOS="480" HPOS="514" CONTENT="—" ID="r3l8_3" STYLEREFS="FONT1"/>
            <SP HEIGHT="77" WIDTH="14" VPOS="480" HPOS="586"/>
            <String HEIGHT="77" WIDTH="272" VPOS="480" HPOS="543" CONTENT="Mayenne" ID="r3l8_4" STYLEREFS="FONT2"/>
            <SP HEIGHT="77" WIDTH="14" VPOS="480" HPOS="815"/>
            <String HEIGHT="77" WIDTH="143" VPOS="480" HPOS="772" CONTENT="Voyage" ID="r3l8_5" STYLEREFS="FONT1"/>
            <SP HEIGHT="77" WIDTH="14" VPOS="480" HPOS="915"/>
            <String HEIGHT="77" WIDTH="114" VPOS="480" HPOS="872" CONTENT="dans" ID="r3l8_6" STYLEREFS="FONT1"/>
            <SP HEIGHT="77" WIDTH="14" VPOS="480" HPOS="986"/>
            <String HEIGHT="77" WIDTH="86" VPOS="480" HPOS="943" CONTENT="ce" ID="r3l8_7" STYLEREFS="FONT1"/>
            <SP HEIGHT="77" WIDTH="14" VPOS="480" HPOS="1029"/>
            <String HEIGHT="77" WIDTH="229" VPOS="480" HPOS="986" CONTENT="département," ID="r3l8_8" STYLEREFS="FONT1"/>
            <SP HEIGHT="77" WIDTH="14" VPOS="480" HPOS="1215"/>
            <String HEIGHT="77" WIDTH="129" VPOS="480" HPOS="1172" CONTENT="1794," ID="r3l8_9" STYLEREFS="FONT1"/>
            <SP HEIGHT="77" WIDTH="14" VPOS="480" HPOS="1301"/>
            <String HEIGHT="77" WIDTH="100" VPOS="480" HPOS="1244" CONTENT="in" ID="r3l8_10" STYLEREFS="FONT1"/>
          </TextLine>
          <TextLine ID="r3l9" BASELINE="584" HEIGHT="44" WIDTH="951" VPOS="540" HPOS="395">
            <String HEIGHT="44" WIDTH="134" VPOS="540" HPOS="380" CONTENT="carte" ID="r3l9_1" STYLEREFS="FONT0"/>
            <SP HEIGHT="44" WIDTH="15" VPOS="540" HPOS="514"/>
            <String HEIGHT="44" WIDTH="89" VPOS="540" HPOS="469" CONTENT="et" ID="r3l9_2" STYLEREFS="FONT0"/>
            <SP HEIGHT="44" WIDTH="15" VPOS="540" HPOS="558"/>
            <String HEIGHT="44" WIDTH="134" VPOS="540" HPOS="514" CONTENT="fig.," ID="r3l9_3" STYLEREFS="FONT0"/>
            <SP HEIGHT="44" WIDTH="15" VPOS="540" HPOS="648"/>
            <String HEIGHT="44" WIDTH="267" VPOS="540" HPOS="603" CONTENT="renscignements" ID="r3l9_4" STYLEREFS="FONT0"/>
            <SP HEIGHT="44" WIDTH="15" VPOS="540" HPOS="871"/>
            <String HEIGHT="44" WIDTH="163" VPOS="540" HPOS="826" CONTENT="fournis" ID="r3l9_5" STYLEREFS="FONT0"/>
            <SP HEIGHT="44" WIDTH="15" VPOS="540" HPOS="989"/>
            <String HEIGHT="44" WIDTH="104" VPOS="540" HPOS="945" CONTENT="par" ID="r3l9_6" STYLEREFS="FONT0"/>
            <SP HEIGHT="44" WIDTH="15" VPOS="540" HPOS="1049"/>
            <String HEIGHT="44" WIDTH="104" VPOS="540" HPOS="1004" CONTENT="les" ID="r3l9_7" STYLEREFS="FONT0"/>
            <SP HEIGHT="44" WIDTH="15" VPOS="540" HPOS="1108"/>
            <String HEIGHT="44" WIDTH="267" VPOS="540" HPOS="1064" CONTENT="fonctionnaires" ID="r3l9_8" STYLEREFS="FONT0"/>
            <SP HEIGHT="44" WIDTH="15" VPOS="540" HPOS="1331"/>
            <String HEIGHT="44" WIDTH="74" VPOS="540" HPOS="1272" CONTENT="pu" SUBS_TYPE="HypPart1" SUBS_CONTENT="publics" ID="r3l9_9" STYLEREFS="FONT0"/>
            <HYP CONTENT="-"/>
          </TextLine>
          <TextLine ID="r3l11" BASELINE="617" HEIGHT="46" WIDTH="943" VPOS="571" HPOS="399">
            <String HEIGHT="46" WIDTH="123" VPOS="571" HPOS="385" CONTENT="blics" SUBS_TYPE="HypPart2" SUBS_CONTENT="publics" ID="r3l11_1" STYLEREFS="FONT0"/>
            <SP HEIGHT="46" WIDTH="14" VPOS="571" HPOS="508"/>
            <String HEIGHT="46" WIDTH="164" VPOS="571" HPOS="467" CONTENT="détenus," ID="r3l11_2" STYLEREFS="FONT0"/>
            <SP HEIGHT="46" WIDTH="14" VPOS="571" HPOS="631"/>
            <String HEIGHT="46" WIDTH="219" VPOS="571" HPOS="590" CONTENT="dénonciation" ID="r3l11_3" STYLEREFS="FONT0"/>
            <SP HEIGHT="46" WIDTH="14" VPOS="571" HPOS="809"/>
            <String HEIGHT="46" WIDTH="137" VPOS="571" HPOS="768" CONTENT="contre" ID="r3l11_4" STYLEREFS="FONT0"/>
            <SP HEIGHT="46" WIDTH="14" VPOS="571" HPOS="905"/>
            <String HEIGHT="46" WIDTH="178" VPOS="571" HPOS="864" CONTENT="Esnuc." ID="r3l11_5" STYLEREFS="FONT2"/>
            <SP HEIGHT="46" WIDTH="14" VPOS="571" HPOS="1041"/>
            <String HEIGHT="46" WIDTH="219" VPOS="571" HPOS="1000" CONTENT="Lavallée" ID="r3l11_6" STYLEREFS="FONT2"/>
            <SP HEIGHT="46" WIDTH="14" VPOS="571" HPOS="1219"/>
            <String HEIGHT="46" WIDTH="82" VPOS="571" HPOS="1178" CONTENT="et" ID="r3l11_7" STYLEREFS="FONT0"/>
            <SP HEIGHT="46" WIDTH="14" VPOS="571" HPOS="1260"/>
            <String HEIGHT="46" WIDTH="96" VPOS="571" HPOS="1219" CONTENT="ses" ID="r3l11_8" STYLEREFS="FONT0"/>
            <SP HEIGHT="46" WIDTH="14" VPOS="571" HPOS="1315"/>
            <String HEIGHT="46" WIDTH="82" VPOS="571" HPOS="1260" CONTENT="com" SUBS_TYPE="HypPart1" SUBS_CONTENT="complices," ID="r3l11_9" STYLEREFS="FONT0"/>
            <HYP CONTENT="-"/>
          </TextLine>
          <TextLine ID="r3l12" BASELINE="654" HEIGHT="46" WIDTH="954" VPOS="608" HPOS="396">
            <String HEIGHT="46" WIDTH="144" VPOS="608" HPOS="383" CONTENT="plices," SUBS_TYPE="HypPart2" SUBS_CONTENT="complices," ID="r3l12_1" STYLEREFS="FONT0"/>
            <SP HEIGHT="46" WIDTH="13" VPOS="608" HPOS="527"/>
            <String HEIGHT="46" WIDTH="144" VPOS="608" HPOS="487" CONTENT="adresse" ID="r3l12_2" STYLEREFS="FONT0"/>
            <SP HEIGHT="46" WIDTH="13" VPOS="608" HPOS="631"/>
            <String HEIGHT="46" WIDTH="91" VPOS="608" HPOS="592" CONTENT="des" ID="r3l12_3" STYLEREFS="FONT0"/>
            <SP HEIGHT="46" WIDTH="13" VPOS="608" HPOS="684"/>
            <String HEIGHT="46" WIDTH="157" VPOS="608" HPOS="644" CONTENT="citoyens" ID="r3l12_4" STYLEREFS="FONT0"/>
            <SP HEIGHT="46" WIDTH="13" VPOS="608" HPOS="801"/>
            <String HEIGHT="46" WIDTH="78" VPOS="608" HPOS="762" CONTENT="de" ID="r3l12_5" STYLEREFS="FONT0"/>
            <SP HEIGHT="46" WIDTH="13" VPOS="608" HPOS="840"/>
            <String HEIGHT="46" WIDTH="209" VPOS="608" HPOS="801" CONTENT="Laval" ID="r3l12_6" STYLEREFS="FONT2"/>
            <SP HEIGHT="46" WIDTH="13" VPOS="608" HPOS="1010"/>
            <String HEIGHT="46" WIDTH="65" VPOS="608" HPOS="971" CONTENT="à" ID="r3l12_7" STYLEREFS="FONT0"/>
            <SP HEIGHT="46" WIDTH="13" VPOS="608" HPOS="1036"/>
            <String HEIGHT="46" WIDTH="78" VPOS="608" HPOS="997" CONTENT="la" ID="r3l12_8" STYLEREFS="FONT0"/>
            <SP HEIGHT="46" WIDTH="13" VPOS="608" HPOS="1076"/>
            <String HEIGHT="46" WIDTH="196" VPOS="608" HPOS="1036" CONTENT="convention," ID="r3l12_9" STYLEREFS="FONT0"/>
            <SP HEIGHT="46" WIDTH="13" VPOS="608" HPOS="1232"/>
            <String HEIGHT="46" WIDTH="118" VPOS="608" HPOS="1193" CONTENT="etc.," ID="r3l12_10" STYLEREFS="FONT0"/>
            <SP HEIGHT="46" WIDTH="13" VPOS="608" HPOS="1311"/>
            <String HEIGHT="46" WIDTH="91" VPOS="608" HPOS="1259" CONTENT="trois" ID="r3l12_11" STYLEREFS="FONT0"/>
          </TextLine>
          <TextLine ID="r3l13" BASELINE="700" HEIGHT="52" WIDTH="948" VPOS="648" HPOS="397">
            <String HEIGHT="52" WIDTH="153" VPOS="648" HPOS="382" CONTENT="pièces" ID="r3l13_1" STYLEREFS="FONT0"/>
            <SP HEIGHT="52" WIDTH="15" VPOS="648" HPOS="535"/>
            <String HEIGHT="52" WIDTH="168" VPOS="648" HPOS="489" CONTENT="signéés" ID="r3l13_2" STYLEREFS="FONT0"/>
            <SP HEIGHT="52" WIDTH="15" VPOS="648" HPOS="657"/>
            <String HEIGHT="52" WIDTH="107" VPOS="648" HPOS="611" CONTENT="par" ID="r3l13_3" STYLEREFS="FONT0"/>
            <SP HEIGHT="52" WIDTH="15" VPOS="648" HPOS="718"/>
            <String HEIGHT="52" WIDTH="107" VPOS="648" HPOS="672" CONTENT="les" ID="r3l13_4" STYLEREFS="FONT0"/>
            <SP HEIGHT="52" WIDTH="15" VPOS="648" HPOS="779"/>
            <String HEIGHT="52" WIDTH="291" VPOS="648" HPOS="733" CONTENT="administrateurs" ID="r3l13_5" STYLEREFS="FONT0"/>
            <SP HEIGHT="52" WIDTH="15" VPOS="648" HPOS="1024"/>
            <String HEIGHT="52" WIDTH="92" VPOS="648" HPOS="978" CONTENT="de" ID="r3l13_6" STYLEREFS="FONT0"/>
            <SP HEIGHT="52" WIDTH="15" VPOS="648" HPOS="1070"/>
            <String HEIGHT="52" WIDTH="92" VPOS="648" HPOS="1024" CONTENT="la" ID="r3l13_7" STYLEREFS="FONT0"/>
            <SP HEIGHT="52" WIDTH="15" VPOS="648" HPOS="1116"/>
            <String HEIGHT="52" WIDTH="183" VPOS="648" HPOS="1070" CONTENT="Mayenne," ID="r3l13_8" STYLEREFS="FONT0"/>
            <SP HEIGHT="52" WIDTH="15" VPOS="648" HPOS="1253"/>
            <String HEIGHT="52" WIDTH="138" VPOS="648" HPOS="1207" CONTENT="1793," ID="r3l13_9" STYLEREFS="FONT0"/>
            <SP HEIGHT="52" WIDTH="15" VPOS="648" HPOS="1345"/>
            <String HEIGHT="52" WIDTH="61" VPOS="648" HPOS="1284" CONTENT="an" ID="r3l13_10" STYLEREFS="FONT0"/>
          </TextLine>
          <TextLine ID="r3l17" BASELINE="727" HEIGHT="55" WIDTH="493" VPOS="672" HPOS="404">
            <String HEIGHT="55" WIDTH="80" VPOS="672" HPOS="393" CONTENT="II," ID="r3l17_1" STYLEREFS="FONT0"/>
            <SP HEIGHT="55" WIDTH="11" VPOS="672" HPOS="473"/>
            <String HEIGHT="55" WIDTH="69" VPOS="672" HPOS="438" CONTENT="et" ID="r3l17_2" STYLEREFS="FONT0"/>
            <SP HEIGHT="55" WIDTH="11" VPOS="672" HPOS="507"/>
            <String HEIGHT="55" WIDTH="69" VPOS="672" HPOS="473" CONTENT="an" ID="r3l17_3" STYLEREFS="FONT0"/>
            <SP HEIGHT="55" WIDTH="11" VPOS="672" HPOS="542"/>
            <String HEIGHT="55" WIDTH="92" VPOS="672" HPOS="507" CONTENT="VII," ID="r3l17_4" STYLEREFS="FONT0"/>
            <SP HEIGHT="55" WIDTH="11" VPOS="672" HPOS="599"/>
            <String HEIGHT="55" WIDTH="57" VPOS="672" HPOS="565" CONTENT="8" ID="r3l17_5" STYLEREFS="FONT0"/>
            <SP HEIGHT="55" WIDTH="11" VPOS="672" HPOS="622"/>
            <String HEIGHT="55" WIDTH="115" VPOS="672" HPOS="587" CONTENT="pièces" ID="r3l17_6" STYLEREFS="FONT0"/>
            <SP HEIGHT="55" WIDTH="11" VPOS="672" HPOS="702"/>
            <String HEIGHT="55" WIDTH="92" VPOS="672" HPOS="668" CONTENT="in-8" ID="r3l17_7" STYLEREFS="FONT0"/>
            <SP HEIGHT="55" WIDTH="11" VPOS="672" HPOS="759"/>
            <String HEIGHT="55" WIDTH="69" VPOS="672" HPOS="725" CONTENT="et" ID="r3l17_8" STYLEREFS="FONT0"/>
            <SP HEIGHT="55" WIDTH="11" VPOS="672" HPOS="794"/>
            <String HEIGHT="55" WIDTH="103" VPOS="672" HPOS="759" CONTENT="in-4." ID="r3l17_9" STYLEREFS="FONT0"/>
            <SP HEIGHT="55" WIDTH="11" VPOS="672" HPOS="863"/>
            <String HEIGHT="55" WIDTH="57" VPOS="672" HPOS="828" CONTENT="7" ID="r3l17_10" STYLEREFS="FONT0"/>
            <SP HEIGHT="55" WIDTH="11" VPOS="672" HPOS="886"/>
            <String HEIGHT="55" WIDTH="57" VPOS="672" HPOS="840" CONTENT="&gt;)»" ID="r3l17_11" STYLEREFS="FONT0"/>
          </TextLine>
          <TextLine ID="r3l19" BASELINE="759" HEIGHT="68" WIDTH="949" VPOS="691" HPOS="391">
            <String HEIGHT="68" WIDTH="101" VPOS="691" HPOS="377" CONTENT="37." ID="r3l19_1" STYLEREFS="FONT0"/>
            <SP HEIGHT="68" WIDTH="14" VPOS="691" HPOS="477"/>
            <String HEIGHT="68" WIDTH="173" VPOS="691" HPOS="434" CONTENT="SARTHIE." ID="r3l19_2" STYLEREFS="FONT0"/>
            <SP HEIGHT="68" WIDTH="14" VPOS="691" HPOS="607"/>
            <String HEIGHT="68" WIDTH="144" VPOS="691" HPOS="564" CONTENT="Voyage" ID="r3l19_3" STYLEREFS="FONT0"/>
            <SP HEIGHT="68" WIDTH="14" VPOS="691" HPOS="707"/>
            <String HEIGHT="68" WIDTH="115" VPOS="691" HPOS="664" CONTENT="dans" ID="r3l19_4" STYLEREFS="FONT0"/>
            <SP HEIGHT="68" WIDTH="14" VPOS="691" HPOS="779"/>
            <String HEIGHT="68" WIDTH="86" VPOS="691" HPOS="736" CONTENT="ce" ID="r3l19_5" STYLEREFS="FONT0"/>
            <SP HEIGHT="68" WIDTH="14" VPOS="691" HPOS="822"/>
            <String HEIGHT="68" WIDTH="230" VPOS="691" HPOS="779" CONTENT="département," ID="r3l19_6" STYLEREFS="FONT0"/>
            <SP HEIGHT="68" WIDTH="14" VPOS="691" HPOS="1009"/>
            <String HEIGHT="68" WIDTH="129" VPOS="691" HPOS="966" CONTENT="1793," ID="r3l19_7" STYLEREFS="FONT0"/>
            <SP HEIGHT="68" WIDTH="14" VPOS="691" HPOS="1096"/>
            <String HEIGHT="68" WIDTH="129" VPOS="691" HPOS="1052" CONTENT="in-8," ID="r3l19_8" STYLEREFS="FONT0"/>
            <SP HEIGHT="68" WIDTH="14" VPOS="691" HPOS="1182"/>
            <String HEIGHT="68" WIDTH="129" VPOS="691" HPOS="1139" CONTENT="carte" ID="r3l19_9" STYLEREFS="FONT0"/>
            <SP HEIGHT="68" WIDTH="14" VPOS="691" HPOS="1268"/>
            <String HEIGHT="68" WIDTH="86" VPOS="691" HPOS="1225" CONTENT="et" ID="r3l19_10" STYLEREFS="FONT0"/>
            <SP HEIGHT="68" WIDTH="14" VPOS="691" HPOS="1311"/>
            <String HEIGHT="68" WIDTH="86" VPOS="691" HPOS="1254" CONTENT="fig." ID="r3l19_11" STYLEREFS="FONT0"/>
          </TextLine>
          <TextLine ID="r3l20" BASELINE="797" HEIGHT="47" WIDTH="954" VPOS="750" HPOS="396">
            <String HEIGHT="47" WIDTH="175" VPOS="750" HPOS="380" CONTENT="rapport" ID="r3l20_1" STYLEREFS="FONT0"/>
            <SP HEIGHT="47" WIDTH="16" VPOS="750" HPOS="555"/>
            <String HEIGHT="47" WIDTH="111" VPOS="750" HPOS="507" CONTENT="des" ID="r3l20_2" STYLEREFS="FONT0"/>
            <SP HEIGHT="47" WIDTH="16" VPOS="750" HPOS="619"/>
            <String HEIGHT="47" WIDTH="254" VPOS="750" HPOS="571" CONTENT="commissaires" ID="r3l20_3" STYLEREFS="FONT0"/>
            <SP HEIGHT="47" WIDTH="16" VPOS="750" HPOS="825"/>
            <String HEIGHT="47" WIDTH="175" VPOS="750" HPOS="778" CONTENT="envoyés" ID="r3l20_4" STYLEREFS="FONT0"/>
            <SP HEIGHT="47" WIDTH="16" VPOS="750" HPOS="953"/>
            <String HEIGHT="47" WIDTH="127" VPOS="750" HPOS="905" CONTENT="dans" ID="r3l20_5" STYLEREFS="FONT0"/>
            <SP HEIGHT="47" WIDTH="16" VPOS="750" HPOS="1032"/>
            <String HEIGHT="47" WIDTH="95" VPOS="750" HPOS="984" CONTENT="ce" ID="r3l20_6" STYLEREFS="FONT0"/>
            <SP HEIGHT="47" WIDTH="16" VPOS="750" HPOS="1080"/>
            <String HEIGHT="47" WIDTH="254" VPOS="750" HPOS="1032" CONTENT="département," ID="r3l20_7" STYLEREFS="FONT0"/>
            <SP HEIGHT="47" WIDTH="16" VPOS="750" HPOS="1286"/>
            <String HEIGHT="47" WIDTH="127" VPOS="750" HPOS="1223" CONTENT="compte" ID="r3l20_8" STYLEREFS="FONT0"/>
          </TextLine>
          <TextLine ID="r3l22" BASELINE="831" HEIGHT="44" WIDTH="929" VPOS="787" HPOS="404">
            <String HEIGHT="44" WIDTH="133" VPOS="787" HPOS="389" CONTENT="rendu" ID="r3l22_1" STYLEREFS="FONT0"/>
            <SP HEIGHT="44" WIDTH="15" VPOS="787" HPOS="522"/>
            <String HEIGHT="44" WIDTH="88" VPOS="787" HPOS="478" CONTENT="de" ID="r3l22_2" STYLEREFS="FONT0"/>
            <SP HEIGHT="44" WIDTH="15" VPOS="787" HPOS="566"/>
            <String HEIGHT="44" WIDTH="265" VPOS="787" HPOS="522" CONTENT="Garnier" ID="r3l22_3" STYLEREFS="FONT2"/>
            <SP HEIGHT="44" WIDTH="15" VPOS="787" HPOS="787"/>
            <String HEIGHT="44" WIDTH="88" VPOS="787" HPOS="743" CONTENT="en" ID="r3l22_4" STYLEREFS="FONT0"/>
            <SP HEIGHT="44" WIDTH="15" VPOS="787" HPOS="832"/>
            <String HEIGHT="44" WIDTH="162" VPOS="787" HPOS="787" CONTENT="mission" ID="r3l22_5" STYLEREFS="FONT0"/>
            <SP HEIGHT="44" WIDTH="15" VPOS="787" HPOS="950"/>
            <String HEIGHT="44" WIDTH="88" VPOS="787" HPOS="905" CONTENT="au" ID="r3l22_6" STYLEREFS="FONT0"/>
            <SP HEIGHT="44" WIDTH="15" VPOS="787" HPOS="994"/>
            <String HEIGHT="44" WIDTH="133" VPOS="787" HPOS="950" CONTENT="Mans," ID="r3l22_7" STYLEREFS="FONT0"/>
            <SP HEIGHT="44" WIDTH="15" VPOS="787" HPOS="1082"/>
            <String HEIGHT="44" WIDTH="192" VPOS="787" HPOS="1038" CONTENT="troubles," ID="r3l22_8" STYLEREFS="FONT0"/>
            <SP HEIGHT="44" WIDTH="15" VPOS="787" HPOS="1230"/>
            <String HEIGHT="44" WIDTH="162" VPOS="787" HPOS="1186" CONTENT="émeutes" ID="r3l22_9" STYLEREFS="FONT0"/>
            <SP HEIGHT="44" WIDTH="15" VPOS="787" HPOS="1348"/>
            <String HEIGHT="44" WIDTH="44" VPOS="787" HPOS="1289" CONTENT="e" ID="r3l22_10" STYLEREFS="FONT0"/>
          </TextLine>
          <TextLine ID="r3l24" BASELINE="874" HEIGHT="48" WIDTH="955" VPOS="826" HPOS="396">
            <String HEIGHT="48" WIDTH="223" VPOS="826" HPOS="380" CONTENT="exécutions" ID="r3l24_1" STYLEREFS="FONT0"/>
            <SP HEIGHT="48" WIDTH="16" VPOS="826" HPOS="603"/>
            <String HEIGHT="48" WIDTH="223" VPOS="826" HPOS="555" CONTENT="sanglantes" ID="r3l24_2" STYLEREFS="FONT0"/>
            <SP HEIGHT="48" WIDTH="16" VPOS="826" HPOS="778"/>
            <String HEIGHT="48" WIDTH="96" VPOS="826" HPOS="730" CONTENT="de" ID="r3l24_3" STYLEREFS="FONT0"/>
            <SP HEIGHT="48" WIDTH="16" VPOS="826" HPOS="826"/>
            <String HEIGHT="48" WIDTH="96" VPOS="826" HPOS="778" CONTENT="la" ID="r3l24_4" STYLEREFS="FONT0"/>
            <SP HEIGHT="48" WIDTH="16" VPOS="826" HPOS="874"/>
            <String HEIGHT="48" WIDTH="191" VPOS="826" HPOS="826" CONTENT="province" ID="r3l24_5" STYLEREFS="FONT0"/>
            <SP HEIGHT="48" WIDTH="16" VPOS="826" HPOS="1017"/>
            <String HEIGHT="48" WIDTH="96" VPOS="826" HPOS="969" CONTENT="du" ID="r3l24_6" STYLEREFS="FONT0"/>
            <SP HEIGHT="48" WIDTH="16" VPOS="826" HPOS="1065"/>
            <String HEIGHT="48" WIDTH="159" VPOS="826" HPOS="1017" CONTENT="Maine," ID="r3l24_7" STYLEREFS="FONT0"/>
            <SP HEIGHT="48" WIDTH="16" VPOS="826" HPOS="1176"/>
            <String HEIGHT="48" WIDTH="143" VPOS="826" HPOS="1128" CONTENT="1789," ID="r3l24_8" STYLEREFS="FONT0"/>
            <SP HEIGHT="48" WIDTH="16" VPOS="826" HPOS="1271"/>
            <String HEIGHT="48" WIDTH="143" VPOS="826" HPOS="1208" CONTENT="rapport" ID="r3l24_9" STYLEREFS="FONT0"/>
          </TextLine>
          <TextLine ID="r3l25" BASELINE="892" HEIGHT="42" WIDTH="945" VPOS="850" HPOS="395">
            <String HEIGHT="42" WIDTH="72" VPOS="850" HPOS="383" CONTENT="de" ID="r3l25_1" STYLEREFS="FONT0"/>
            <SP HEIGHT="42" WIDTH="12" VPOS="850" HPOS="455"/>
            <String HEIGHT="42" WIDTH="239" VPOS="850" HPOS="419" CONTENT="Garnier," ID="r3l25_2" STYLEREFS="FONT2"/>
            <SP HEIGHT="42" WIDTH="12" VPOS="850" HPOS="658"/>
            <String HEIGHT="42" WIDTH="132" VPOS="850" HPOS="622" CONTENT="relatif" ID="r3l25_3" STYLEREFS="FONT0"/>
            <SP HEIGHT="42" WIDTH="12" VPOS="850" HPOS="754"/>
            <String HEIGHT="42" WIDTH="60" VPOS="850" HPOS="718" CONTENT="à" ID="r3l25_4" STYLEREFS="FONT0"/>
            <SP HEIGHT="42" WIDTH="12" VPOS="850" HPOS="778"/>
            <String HEIGHT="42" WIDTH="72" VPOS="850" HPOS="742" CONTENT="la" ID="r3l25_5" STYLEREFS="FONT0"/>
            <SP HEIGHT="42" WIDTH="12" VPOS="850" HPOS="814"/>
            <String HEIGHT="42" WIDTH="132" VPOS="850" HPOS="778" CONTENT="faction" ID="r3l25_6" STYLEREFS="FONT0"/>
            <SP HEIGHT="42" WIDTH="12" VPOS="850" HPOS="909"/>
            <String HEIGHT="42" WIDTH="72" VPOS="850" HPOS="873" CONTENT="du" ID="r3l25_7" STYLEREFS="FONT0"/>
            <SP HEIGHT="42" WIDTH="12" VPOS="850" HPOS="945"/>
            <String HEIGHT="42" WIDTH="191" VPOS="850" HPOS="909" CONTENT="Mans" ID="r3l25_8" STYLEREFS="FONT2"/>
            <SP HEIGHT="42" WIDTH="12" VPOS="850" HPOS="1101"/>
            <String HEIGHT="42" WIDTH="132" VPOS="850" HPOS="1065" CONTENT="mémoire" ID="r3l25_9" STYLEREFS="FONT0"/>
            <SP HEIGHT="42" WIDTH="12" VPOS="850" HPOS="1196"/>
            <String HEIGHT="42" WIDTH="72" VPOS="850" HPOS="1161" CONTENT="de" ID="r3l25_10" STYLEREFS="FONT0"/>
            <SP HEIGHT="42" WIDTH="12" VPOS="850" HPOS="1232"/>
            <String HEIGHT="42" WIDTH="156" VPOS="850" HPOS="1184" CONTENT="Tré" ID="r3l25_11" STYLEREFS="FONT2"/>
          </TextLine>
          <TextLine ID="r3l26" BASELINE="929" HEIGHT="43" WIDTH="946" VPOS="886" HPOS="393">
            <String HEIGHT="43" WIDTH="223" VPOS="886" HPOS="379" CONTENT="mautt" ID="r3l26_1" STYLEREFS="FONT2"/>
            <SP HEIGHT="43" WIDTH="14" VPOS="886" HPOS="602"/>
            <String HEIGHT="43" WIDTH="139" VPOS="886" HPOS="560" CONTENT="contre" ID="r3l26_2" STYLEREFS="FONT0"/>
            <SP HEIGHT="43" WIDTH="14" VPOS="886" HPOS="699"/>
            <String HEIGHT="43" WIDTH="97" VPOS="886" HPOS="657" CONTENT="les" ID="r3l26_3" STYLEREFS="FONT0"/>
            <SP HEIGHT="43" WIDTH="14" VPOS="886" HPOS="755"/>
            <String HEIGHT="43" WIDTH="264" VPOS="886" HPOS="713" CONTENT="administrateurs" ID="r3l26_4" STYLEREFS="FONT0"/>
            <SP HEIGHT="43" WIDTH="14" VPOS="886" HPOS="977"/>
            <String HEIGHT="43" WIDTH="83" VPOS="886" HPOS="936" CONTENT="de" ID="r3l26_5" STYLEREFS="FONT0"/>
            <SP HEIGHT="43" WIDTH="14" VPOS="886" HPOS="1019"/>
            <String HEIGHT="43" WIDTH="83" VPOS="886" HPOS="977" CONTENT="la" ID="r3l26_6" STYLEREFS="FONT0"/>
            <SP HEIGHT="43" WIDTH="14" VPOS="886" HPOS="1061"/>
            <String HEIGHT="43" WIDTH="153" VPOS="886" HPOS="1019" CONTENT="Sarthe," ID="r3l26_7" STYLEREFS="FONT0"/>
            <SP HEIGHT="43" WIDTH="14" VPOS="886" HPOS="1172"/>
            <String HEIGHT="43" WIDTH="223" VPOS="886" HPOS="1116" CONTENT="procès" ID="r3l26_8" STYLEREFS="FONT0"/>
          </TextLine>
          <TextLine ID="r3l27" BASELINE="966" HEIGHT="41" WIDTH="951" VPOS="925" HPOS="393">
            <String HEIGHT="41" WIDTH="91" VPOS="925" HPOS="378" CONTENT="de" ID="r3l27_1" STYLEREFS="FONT0"/>
            <SP HEIGHT="41" WIDTH="15" VPOS="925" HPOS="468"/>
            <String HEIGHT="41" WIDTH="226" VPOS="925" HPOS="423" CONTENT="l’assemblée" ID="r3l27_2" STYLEREFS="FONT0"/>
            <SP HEIGHT="41" WIDTH="15" VPOS="925" HPOS="650"/>
            <String HEIGHT="41" WIDTH="226" VPOS="925" HPOS="604" CONTENT="électorale," ID="r3l27_3" STYLEREFS="FONT0"/>
            <SP HEIGHT="41" WIDTH="15" VPOS="925" HPOS="831"/>
            <String HEIGHT="41" WIDTH="181" VPOS="925" HPOS="785" CONTENT="motions," ID="r3l27_4" STYLEREFS="FONT0"/>
            <SP HEIGHT="41" WIDTH="15" VPOS="925" HPOS="967"/>
            <String HEIGHT="41" WIDTH="181" VPOS="925" HPOS="921" CONTENT="discours" ID="r3l27_5" STYLEREFS="FONT0"/>
            <SP HEIGHT="41" WIDTH="15" VPOS="925" HPOS="1102"/>
            <String HEIGHT="41" WIDTH="106" VPOS="925" HPOS="1057" CONTENT="et," ID="r3l27_6" STYLEREFS="FONT0"/>
            <SP HEIGHT="41" WIDTH="15" VPOS="925" HPOS="1163"/>
            <String HEIGHT="41" WIDTH="166" VPOS="925" HPOS="1118" CONTENT="rapport" ID="r3l27_7" STYLEREFS="FONT0"/>
            <SP HEIGHT="41" WIDTH="15" VPOS="925" HPOS="1284"/>
            <String HEIGHT="41" WIDTH="106" VPOS="925" HPOS="1238" CONTENT="sur" ID="r3l27_8" STYLEREFS="FONT0"/>
            <SP HEIGHT="41" WIDTH="15" VPOS="925" HPOS="1344"/>
            <String HEIGHT="41" WIDTH="60" VPOS="925" HPOS="1284" CONTENT="le" ID="r3l27_9" STYLEREFS="FONT0"/>
          </TextLine>
          <TextLine ID="r3l28" BASELINE="1002" HEIGHT="50" WIDTH="947" VPOS="952" HPOS="389">
            <String HEIGHT="50" WIDTH="201" VPOS="952" HPOS="375" CONTENT="brigandage" ID="r3l28_1" STYLEREFS="FONT0"/>
            <SP HEIGHT="50" WIDTH="14" VPOS="952" HPOS="576"/>
            <String HEIGHT="50" WIDTH="86" VPOS="952" HPOS="532" CONTENT="et" ID="r3l28_2" STYLEREFS="FONT0"/>
            <SP HEIGHT="50" WIDTH="14" VPOS="952" HPOS="619"/>
            <String HEIGHT="50" WIDTH="100" VPOS="952" HPOS="576" CONTENT="les" ID="r3l28_3" STYLEREFS="FONT0"/>
            <SP HEIGHT="50" WIDTH="14" VPOS="952" HPOS="676"/>
            <String HEIGHT="50" WIDTH="230" VPOS="952" HPOS="633" CONTENT="assassinats," ID="r3l28_4" STYLEREFS="FONT0"/>
            <SP HEIGHT="50" WIDTH="14" VPOS="952" HPOS="862"/>
            <String HEIGHT="50" WIDTH="129" VPOS="952" HPOS="819" CONTENT="étc.," ID="r3l28_5" STYLEREFS="FONT0"/>
            <SP HEIGHT="50" WIDTH="14" VPOS="952" HPOS="949"/>
            <String HEIGHT="50" WIDTH="143" VPOS="952" HPOS="906" CONTENT="lettre" ID="r3l28_6" STYLEREFS="FONT0"/>
            <SP HEIGHT="50" WIDTH="14" VPOS="952" HPOS="1049"/>
            <String HEIGHT="50" WIDTH="143" VPOS="952" HPOS="1006" CONTENT="signée" ID="r3l28_7" STYLEREFS="FONT0"/>
            <SP HEIGHT="50" WIDTH="14" VPOS="952" HPOS="1149"/>
            <String HEIGHT="50" WIDTH="100" VPOS="952" HPOS="1106" CONTENT="des" ID="r3l28_8" STYLEREFS="FONT0"/>
            <SP HEIGHT="50" WIDTH="14" VPOS="952" HPOS="1207"/>
            <String HEIGHT="50" WIDTH="187" VPOS="952" HPOS="1149" CONTENT="administra" SUBS_TYPE="HypPart1" SUBS_CONTENT="administrateurs," ID="r3l28_9" STYLEREFS="FONT0"/>
            <HYP CONTENT="-"/>
          </TextLine>
          <TextLine ID="r3l29" BASELINE="1051" HEIGHT="50" WIDTH="945" VPOS="1001" HPOS="397">
            <String HEIGHT="50" WIDTH="145" VPOS="1001" HPOS="382" CONTENT="teurs," SUBS_TYPE="HypPart2" SUBS_CONTENT="administrateurs," ID="r3l29_1" STYLEREFS="FONT0"/>
            <SP HEIGHT="50" WIDTH="15" VPOS="1001" HPOS="528"/>
            <String HEIGHT="50" WIDTH="174" VPOS="1001" HPOS="484" CONTENT="rélative" ID="r3l29_2" STYLEREFS="FONT0"/>
            <SP HEIGHT="50" WIDTH="15" VPOS="1001" HPOS="659"/>
            <String HEIGHT="50" WIDTH="87" VPOS="1001" HPOS="615" CONTENT="au" ID="r3l29_3" STYLEREFS="FONT0"/>
            <SP HEIGHT="50" WIDTH="15" VPOS="1001" HPOS="702"/>
            <String HEIGHT="50" WIDTH="218" VPOS="1001" HPOS="659" CONTENT="brigandage," ID="r3l29_4" STYLEREFS="FONT0"/>
            <SP HEIGHT="50" WIDTH="15" VPOS="1001" HPOS="877"/>
            <String HEIGHT="50" WIDTH="131" VPOS="1001" HPOS="833" CONTENT="autre" ID="r3l29_5" STYLEREFS="FONT0"/>
            <SP HEIGHT="50" WIDTH="15" VPOS="1001" HPOS="964"/>
            <String HEIGHT="50" WIDTH="145" VPOS="1001" HPOS="920" CONTENT="signée" ID="r3l29_6" STYLEREFS="FONT0"/>
            <SP HEIGHT="50" WIDTH="15" VPOS="1001" HPOS="1066"/>
            <String HEIGHT="50" WIDTH="102" VPOS="1001" HPOS="1022" CONTENT="par" ID="r3l29_7" STYLEREFS="FONT0"/>
            <SP HEIGHT="50" WIDTH="15" VPOS="1001" HPOS="1124"/>
            <String HEIGHT="50" WIDTH="116" VPOS="1001" HPOS="1080" CONTENT="eux," ID="r3l29_8" STYLEREFS="FONT0"/>
            <SP HEIGHT="50" WIDTH="15" VPOS="1001" HPOS="1197"/>
            <String HEIGHT="50" WIDTH="87" VPOS="1001" HPOS="1153" CONTENT="en" ID="r3l29_9" STYLEREFS="FONT0"/>
            <SP HEIGHT="50" WIDTH="15" VPOS="1001" HPOS="1240"/>
            <String HEIGHT="50" WIDTH="116" VPOS="1001" HPOS="1197" CONTENT="l’an" ID="r3l29_10" STYLEREFS="FONT0"/>
            <SP HEIGHT="50" WIDTH="15" VPOS="1001" HPOS="1313"/>
            <String HEIGHT="50" WIDTH="87" VPOS="1001" HPOS="1255" CONTENT="VII," ID="r3l29_11" STYLEREFS="FONT0"/>
          </TextLine>
          <TextLine ID="r3l30" BASELINE="1080" HEIGHT="51" WIDTH="429" VPOS="1029" HPOS="394">
            <String HEIGHT="51" WIDTH="151" VPOS="1029" HPOS="381" CONTENT="dix-neuf" ID="r3l30_1" STYLEREFS="FONT0"/>
            <SP HEIGHT="51" WIDTH="13" VPOS="1029" HPOS="533"/>
            <String HEIGHT="51" WIDTH="126" VPOS="1029" HPOS="495" CONTENT="pièces" ID="r3l30_2" STYLEREFS="FONT0"/>
            <SP HEIGHT="51" WIDTH="13" VPOS="1029" HPOS="621"/>
            <String HEIGHT="51" WIDTH="101" VPOS="1029" HPOS="583" CONTENT="in-8" ID="r3l30_3" STYLEREFS="FONT0"/>
            <SP HEIGHT="51" WIDTH="13" VPOS="1029" HPOS="684"/>
            <String HEIGHT="51" WIDTH="76" VPOS="1029" HPOS="646" CONTENT="et" ID="r3l30_4" STYLEREFS="FONT0"/>
            <SP HEIGHT="51" WIDTH="13" VPOS="1029" HPOS="722"/>
            <String HEIGHT="51" WIDTH="114" VPOS="1029" HPOS="684" CONTENT="in-4." ID="r3l30_5" STYLEREFS="FONT0"/>
            <SP HEIGHT="51" WIDTH="13" VPOS="1029" HPOS="798"/>
            <String HEIGHT="51" WIDTH="76" VPOS="1029" HPOS="760" CONTENT="12" ID="r3l30_6" STYLEREFS="FONT0"/>
            <SP HEIGHT="51" WIDTH="13" VPOS="1029" HPOS="836"/>
            <String HEIGHT="51" WIDTH="38" VPOS="1029" HPOS="785" CONTENT="»" ID="r3l30_7" STYLEREFS="FONT0"/>
          </TextLine>
          <TextLine ID="r3l34" BASELINE="1111" HEIGHT="69" WIDTH="945" VPOS="1042" HPOS="392">
            <String HEIGHT="69" WIDTH="105" VPOS="1042" HPOS="377" CONTENT="38." ID="r3l34_1" STYLEREFS="FONT0"/>
            <SP HEIGHT="69" WIDTH="15" VPOS="1042" HPOS="482"/>
            <String HEIGHT="69" WIDTH="180" VPOS="1042" HPOS="437" CONTENT="ANJOU" ID="r3l34_2" STYLEREFS="FONT1"/>
            <SP HEIGHT="69" WIDTH="15" VPOS="1042" HPOS="617"/>
            <String HEIGHT="69" WIDTH="75" VPOS="1042" HPOS="572" CONTENT="—" ID="r3l34_3" STYLEREFS="FONT1"/>
            <SP HEIGHT="69" WIDTH="15" VPOS="1042" HPOS="647"/>
            <String HEIGHT="69" WIDTH="345" VPOS="1042" HPOS="602" CONTENT="Mainc-el-Loire" ID="r3l34_4" STYLEREFS="FONT1"/>
            <SP HEIGHT="69" WIDTH="15" VPOS="1042" HPOS="947"/>
            <String HEIGHT="69" WIDTH="165" VPOS="1042" HPOS="902" CONTENT="Voyages" ID="r3l34_5" STYLEREFS="FONT1"/>
            <SP HEIGHT="69" WIDTH="15" VPOS="1042" HPOS="1067"/>
            <String HEIGHT="69" WIDTH="120" VPOS="1042" HPOS="1022" CONTENT="dans" ID="r3l34_6" STYLEREFS="FONT1"/>
            <SP HEIGHT="69" WIDTH="15" VPOS="1042" HPOS="1142"/>
            <String HEIGHT="69" WIDTH="90" VPOS="1042" HPOS="1097" CONTENT="ce" ID="r3l34_7" STYLEREFS="FONT1"/>
            <SP HEIGHT="69" WIDTH="15" VPOS="1042" HPOS="1187"/>
            <String HEIGHT="69" WIDTH="210" VPOS="1042" HPOS="1127" CONTENT="département;" ID="r3l34_8" STYLEREFS="FONT1"/>
          </TextLine>
          <TextLine ID="r3l36" BASELINE="1140" HEIGHT="43" WIDTH="941" VPOS="1097" HPOS="401">
            <String HEIGHT="43" WIDTH="128" VPOS="1097" HPOS="387" CONTENT="1794," ID="r3l36_1" STYLEREFS="FONT0"/>
            <SP HEIGHT="43" WIDTH="14" VPOS="1097" HPOS="515"/>
            <String HEIGHT="43" WIDTH="128" VPOS="1097" HPOS="472" CONTENT="in-8," ID="r3l36_2" STYLEREFS="FONT0"/>
            <SP HEIGHT="43" WIDTH="14" VPOS="1097" HPOS="601"/>
            <String HEIGHT="43" WIDTH="128" VPOS="1097" HPOS="558" CONTENT="carté" ID="r3l36_3" STYLEREFS="FONT0"/>
            <SP HEIGHT="43" WIDTH="14" VPOS="1097" HPOS="686"/>
            <String HEIGHT="43" WIDTH="86" VPOS="1097" HPOS="643" CONTENT="et" ID="r3l36_4" STYLEREFS="FONT0"/>
            <SP HEIGHT="43" WIDTH="14" VPOS="1097" HPOS="729"/>
            <String HEIGHT="43" WIDTH="128" VPOS="1097" HPOS="686" CONTENT="fig.," ID="r3l36_5" STYLEREFS="FONT0"/>
            <SP HEIGHT="43" WIDTH="14" VPOS="1097" HPOS="814"/>
            <String HEIGHT="43" WIDTH="157" VPOS="1097" HPOS="772" CONTENT="détails" ID="r3l36_6" STYLEREFS="FONT0"/>
            <SP HEIGHT="43" WIDTH="14" VPOS="1097" HPOS="929"/>
            <String HEIGHT="43" WIDTH="100" VPOS="1097" HPOS="886" CONTENT="sur" ID="r3l36_7" STYLEREFS="FONT0"/>
            <SP HEIGHT="43" WIDTH="14" VPOS="1097" HPOS="986"/>
            <String HEIGHT="43" WIDTH="86" VPOS="1097" HPOS="943" CONTENT="le" ID="r3l36_8" STYLEREFS="FONT0"/>
            <SP HEIGHT="43" WIDTH="14" VPOS="1097" HPOS="1028"/>
            <String HEIGHT="43" WIDTH="128" VPOS="1097" HPOS="986" CONTENT="siège" ID="r3l36_9" STYLEREFS="FONT0"/>
            <SP HEIGHT="43" WIDTH="14" VPOS="1097" HPOS="1114"/>
            <String HEIGHT="43" WIDTH="185" VPOS="1097" HPOS="1071" CONTENT="d’Angers," ID="r3l36_10" STYLEREFS="FONT0"/>
            <SP HEIGHT="43" WIDTH="14" VPOS="1097" HPOS="1256"/>
            <String HEIGHT="43" WIDTH="143" VPOS="1097" HPOS="1199" CONTENT="discours" ID="r3l36_11" STYLEREFS="FONT0"/>
          </TextLine>
          <TextLine ID="r3l37" BASELINE="1178" HEIGHT="42" WIDTH="945" VPOS="1136" HPOS="397">
            <String HEIGHT="42" WIDTH="93" VPOS="1136" HPOS="382" CONTENT="de" ID="r3l37_1" STYLEREFS="FONT0"/>
            <SP HEIGHT="42" WIDTH="15" VPOS="1136" HPOS="474"/>
            <String HEIGHT="42" WIDTH="201" VPOS="1136" HPOS="428" CONTENT="Delaunay," ID="r3l37_2" STYLEREFS="FONT0"/>
            <SP HEIGHT="42" WIDTH="15" VPOS="1136" HPOS="629"/>
            <String HEIGHT="42" WIDTH="93" VPOS="1136" HPOS="583" CONTENT="au" ID="r3l37_3" STYLEREFS="FONT0"/>
            <SP HEIGHT="42" WIDTH="15" VPOS="1136" HPOS="676"/>
            <String HEIGHT="42" WIDTH="108" VPOS="1136" HPOS="629" CONTENT="nom" ID="r3l37_4" STYLEREFS="FONT0"/>
            <SP HEIGHT="42" WIDTH="15" VPOS="1136" HPOS="738"/>
            <String HEIGHT="42" WIDTH="108" VPOS="1136" HPOS="691" CONTENT="des" ID="r3l37_5" STYLEREFS="FONT0"/>
            <SP HEIGHT="42" WIDTH="15" VPOS="1136" HPOS="800"/>
            <String HEIGHT="42" WIDTH="155" VPOS="1136" HPOS="753" CONTENT="gardes" ID="r3l37_6" STYLEREFS="FONT0"/>
            <SP HEIGHT="42" WIDTH="15" VPOS="1136" HPOS="908"/>
            <String HEIGHT="42" WIDTH="232" VPOS="1136" HPOS="862" CONTENT="nationales," ID="r3l37_7" STYLEREFS="FONT0"/>
            <SP HEIGHT="42" WIDTH="15" VPOS="1136" HPOS="1094"/>
            <String HEIGHT="42" WIDTH="155" VPOS="1136" HPOS="1048" CONTENT="détail" ID="r3l37_8" STYLEREFS="FONT0"/>
            <SP HEIGHT="42" WIDTH="15" VPOS="1136" HPOS="1203"/>
            <String HEIGHT="42" WIDTH="139" VPOS="1136" HPOS="1156" CONTENT="exact" ID="r3l37_9" STYLEREFS="FONT0"/>
            <SP HEIGHT="42" WIDTH="15" VPOS="1136" HPOS="1296"/>
            <String HEIGHT="42" WIDTH="93" VPOS="1136" HPOS="1249" CONTENT="de" ID="r3l37_10" STYLEREFS="FONT0"/>
            <SP HEIGHT="42" WIDTH="15" VPOS="1136" HPOS="1342"/>
            <String HEIGHT="42" WIDTH="62" VPOS="1136" HPOS="1280" CONTENT="ce" ID="r3l37_11" STYLEREFS="FONT0"/>
          </TextLine>
          <TextLine ID="r3l38" BASELINE="1218" HEIGHT="43" WIDTH="944" VPOS="1175" HPOS="395">
            <String HEIGHT="43" WIDTH="100" VPOS="1175" HPOS="381" CONTENT="qui" ID="r3l38_1" STYLEREFS="FONT0"/>
            <SP HEIGHT="43" WIDTH="14" VPOS="1175" HPOS="481"/>
            <String HEIGHT="43" WIDTH="129" VPOS="1175" HPOS="438" CONTENT="s’est" ID="r3l38_2" STYLEREFS="FONT0"/>
            <SP HEIGHT="43" WIDTH="14" VPOS="1175" HPOS="567"/>
            <String HEIGHT="43" WIDTH="129" VPOS="1175" HPOS="524" CONTENT="passé" ID="r3l38_3" STYLEREFS="FONT0"/>
            <SP HEIGHT="43" WIDTH="14" VPOS="1175" HPOS="652"/>
            <String HEIGHT="43" WIDTH="72" VPOS="1175" HPOS="610" CONTENT="à" ID="r3l38_4" STYLEREFS="FONT0"/>
            <SP HEIGHT="43" WIDTH="14" VPOS="1175" HPOS="681"/>
            <String HEIGHT="43" WIDTH="157" VPOS="1175" HPOS="638" CONTENT="Angers," ID="r3l38_5" STYLEREFS="FONT0"/>
            <SP HEIGHT="43" WIDTH="14" VPOS="1175" HPOS="795"/>
            <String HEIGHT="43" WIDTH="143" VPOS="1175" HPOS="753" CONTENT="détail" ID="r3l38_6" STYLEREFS="FONT0"/>
            <SP HEIGHT="43" WIDTH="14" VPOS="1175" HPOS="896"/>
            <String HEIGHT="43" WIDTH="129" VPOS="1175" HPOS="853" CONTENT="exact" ID="r3l38_7" STYLEREFS="FONT0"/>
            <SP HEIGHT="43" WIDTH="14" VPOS="1175" HPOS="981"/>
            <String HEIGHT="43" WIDTH="129" VPOS="1175" HPOS="939" CONTENT="d’une" ID="r3l38_8" STYLEREFS="FONT0"/>
            <SP HEIGHT="43" WIDTH="14" VPOS="1175" HPOS="1067"/>
            <String HEIGHT="43" WIDTH="243" VPOS="1175" HPOS="1024" CONTENT="insurrection," ID="r3l38_9" STYLEREFS="FONT0"/>
            <SP HEIGHT="43" WIDTH="14" VPOS="1175" HPOS="1267"/>
            <String HEIGHT="43" WIDTH="129" VPOS="1175" HPOS="1210" CONTENT="adresse" ID="r3l38_10" STYLEREFS="FONT0"/>
          </TextLine>
          <TextLine ID="r3l39" BASELINE="1258" HEIGHT="49" WIDTH="948" VPOS="1209" HPOS="395">
            <String HEIGHT="49" WIDTH="96" VPOS="1209" HPOS="379" CONTENT="de" ID="r3l39_1" STYLEREFS="FONT0"/>
            <SP HEIGHT="49" WIDTH="16" VPOS="1209" HPOS="475"/>
            <String HEIGHT="49" WIDTH="96" VPOS="1209" HPOS="427" CONTENT="la" ID="r3l39_2" STYLEREFS="FONT0"/>
            <SP HEIGHT="49" WIDTH="16" VPOS="1209" HPOS="524"/>
            <String HEIGHT="49" WIDTH="177" VPOS="1209" HPOS="475" CONTENT="commune" ID="r3l39_3" STYLEREFS="FONT0"/>
            <SP HEIGHT="49" WIDTH="16" VPOS="1209" HPOS="652"/>
            <String HEIGHT="49" WIDTH="209" VPOS="1209" HPOS="604" CONTENT="d’Angers," ID="r3l39_4" STYLEREFS="FONT0"/>
            <SP HEIGHT="49" WIDTH="16" VPOS="1209" HPOS="813"/>
            <String HEIGHT="49" WIDTH="273" VPOS="1209" HPOS="765" CONTENT="procès-verbal" ID="r3l39_5" STYLEREFS="FONT0"/>
            <SP HEIGHT="49" WIDTH="16" VPOS="1209" HPOS="1038"/>
            <String HEIGHT="49" WIDTH="96" VPOS="1209" HPOS="990" CONTENT="de" ID="r3l39_6" STYLEREFS="FONT0"/>
            <SP HEIGHT="49" WIDTH="16" VPOS="1209" HPOS="1086"/>
            <String HEIGHT="49" WIDTH="96" VPOS="1209" HPOS="1038" CONTENT="la" ID="r3l39_7" STYLEREFS="FONT0"/>
            <SP HEIGHT="49" WIDTH="16" VPOS="1209" HPOS="1134"/>
            <String HEIGHT="49" WIDTH="161" VPOS="1209" HPOS="1086" CONTENT="séance" ID="r3l39_8" STYLEREFS="FONT0"/>
            <SP HEIGHT="49" WIDTH="16" VPOS="1209" HPOS="1247"/>
            <String HEIGHT="49" WIDTH="112" VPOS="1209" HPOS="1198" CONTENT="des" ID="r3l39_9" STYLEREFS="FONT0"/>
            <SP HEIGHT="49" WIDTH="16" VPOS="1209" HPOS="1311"/>
            <String HEIGHT="49" WIDTH="96" VPOS="1209" HPOS="1247" CONTENT="amis" ID="r3l39_10" STYLEREFS="FONT0"/>
          </TextLine>
          <TextLine ID="r3l40" BASELINE="1281" HEIGHT="42" WIDTH="939" VPOS="1239" HPOS="402">
            <String HEIGHT="42" WIDTH="83" VPOS="1239" HPOS="388" CONTENT="de" ID="r3l40_1" STYLEREFS="FONT0"/>
            <SP HEIGHT="42" WIDTH="14" VPOS="1239" HPOS="471"/>
            <String HEIGHT="42" WIDTH="83" VPOS="1239" HPOS="430" CONTENT="la" ID="r3l40_2" STYLEREFS="FONT0"/>
            <SP HEIGHT="42" WIDTH="14" VPOS="1239" HPOS="512"/>
            <String HEIGHT="42" WIDTH="235" VPOS="1239" HPOS="471" CONTENT="constitution," ID="r3l40_3" STYLEREFS="FONT0"/>
            <SP HEIGHT="42" WIDTH="14" VPOS="1239" HPOS="706"/>
            <String HEIGHT="42" WIDTH="124" VPOS="1239" HPOS="664" CONTENT="etc.," ID="r3l40_4" STYLEREFS="FONT0"/>
            <SP HEIGHT="42" WIDTH="14" VPOS="1239" HPOS="789"/>
            <String HEIGHT="42" WIDTH="152" VPOS="1239" HPOS="747" CONTENT="lettres" ID="r3l40_5" STYLEREFS="FONT0"/>
            <SP HEIGHT="42" WIDTH="14" VPOS="1239" HPOS="899"/>
            <String HEIGHT="42" WIDTH="97" VPOS="1239" HPOS="858" CONTENT="des" ID="r3l40_6" STYLEREFS="FONT0"/>
            <SP HEIGHT="42" WIDTH="14" VPOS="1239" HPOS="954"/>
            <String HEIGHT="42" WIDTH="276" VPOS="1239" HPOS="913" CONTENT="administrateurs," ID="r3l40_7" STYLEREFS="FONT0"/>
            <SP HEIGHT="42" WIDTH="14" VPOS="1239" HPOS="1189"/>
            <String HEIGHT="42" WIDTH="97" VPOS="1239" HPOS="1148" CONTENT="ans" ID="r3l40_8" STYLEREFS="FONT0"/>
            <SP HEIGHT="42" WIDTH="14" VPOS="1239" HPOS="1244"/>
            <String HEIGHT="42" WIDTH="83" VPOS="1239" HPOS="1203" CONTENT="II" ID="r3l40_9" STYLEREFS="FONT0"/>
            <SP HEIGHT="42" WIDTH="14" VPOS="1239" HPOS="1286"/>
            <String HEIGHT="42" WIDTH="83" VPOS="1239" HPOS="1244" CONTENT="et" ID="r3l40_10" STYLEREFS="FONT0"/>
            <SP HEIGHT="42" WIDTH="14" VPOS="1239" HPOS="1327"/>
            <String HEIGHT="42" WIDTH="69" VPOS="1239" HPOS="1272" CONTENT="VI," ID="r3l40_11" STYLEREFS="FONT0"/>
          </TextLine>
          <TextLine ID="r3l41" BASELINE="1314" HEIGHT="38" WIDTH="945" VPOS="1276" HPOS="397">
            <String HEIGHT="38" WIDTH="150" VPOS="1276" HPOS="382" CONTENT="lettre" ID="r3l41_1" STYLEREFS="FONT0"/>
            <SP HEIGHT="38" WIDTH="15" VPOS="1276" HPOS="532"/>
            <String HEIGHT="38" WIDTH="105" VPOS="1276" HPOS="487" CONTENT="des" ID="r3l41_2" STYLEREFS="FONT0"/>
            <SP HEIGHT="38" WIDTH="15" VPOS="1276" HPOS="592"/>
            <String HEIGHT="38" WIDTH="285" VPOS="1276" HPOS="547" CONTENT="administrateurs" ID="r3l41_3" STYLEREFS="FONT0"/>
            <SP HEIGHT="38" WIDTH="15" VPOS="1276" HPOS="832"/>
            <String HEIGHT="38" WIDTH="90" VPOS="1276" HPOS="787" CONTENT="de" ID="r3l41_4" STYLEREFS="FONT0"/>
            <SP HEIGHT="38" WIDTH="15" VPOS="1276" HPOS="877"/>
            <String HEIGHT="38" WIDTH="165" VPOS="1276" HPOS="832" CONTENT="Saumur," ID="r3l41_5" STYLEREFS="FONT0"/>
            <SP HEIGHT="38" WIDTH="15" VPOS="1276" HPOS="997"/>
            <String HEIGHT="38" WIDTH="150" VPOS="1276" HPOS="952" CONTENT="copies" ID="r3l41_6" STYLEREFS="FONT0"/>
            <SP HEIGHT="38" WIDTH="15" VPOS="1276" HPOS="1102"/>
            <String HEIGHT="38" WIDTH="90" VPOS="1276" HPOS="1057" CONTENT="de" ID="r3l41_7" STYLEREFS="FONT0"/>
            <SP HEIGHT="38" WIDTH="15" VPOS="1276" HPOS="1147"/>
            <String HEIGHT="38" WIDTH="165" VPOS="1276" HPOS="1102" CONTENT="lettres" ID="r3l41_8" STYLEREFS="FONT0"/>
            <SP HEIGHT="38" WIDTH="15" VPOS="1276" HPOS="1267"/>
            <String HEIGHT="38" WIDTH="135" VPOS="1276" HPOS="1207" CONTENT="écrites" ID="r3l41_9" STYLEREFS="FONT0"/>
          </TextLine>
          <TextLine ID="r3l42" BASELINE="1352" HEIGHT="42" WIDTH="933" VPOS="1310" HPOS="405">
            <String HEIGHT="42" WIDTH="104" VPOS="1310" HPOS="390" CONTENT="par" ID="r3l42_1" STYLEREFS="FONT0"/>
            <SP HEIGHT="42" WIDTH="15" VPOS="1310" HPOS="494"/>
            <String HEIGHT="42" WIDTH="237" VPOS="1310" HPOS="449" CONTENT="Scepegux," ID="r3l42_2" STYLEREFS="FONT2"/>
            <SP HEIGHT="42" WIDTH="15" VPOS="1310" HPOS="686"/>
            <String HEIGHT="42" WIDTH="207" VPOS="1310" HPOS="642" CONTENT="Châtillon," ID="r3l42_3" STYLEREFS="FONT2"/>
            <SP HEIGHT="42" WIDTH="15" VPOS="1310" HPOS="849"/>
            <String HEIGHT="42" WIDTH="237" VPOS="1310" HPOS="805" CONTENT="d’Autichamp," ID="r3l42_4" STYLEREFS="FONT2"/>
            <SP HEIGHT="42" WIDTH="15" VPOS="1310" HPOS="1042"/>
            <String HEIGHT="42" WIDTH="178" VPOS="1310" HPOS="997" CONTENT="Puisaye," ID="r3l42_5" STYLEREFS="FONT2"/>
            <SP HEIGHT="42" WIDTH="15" VPOS="1310" HPOS="1175"/>
            <String HEIGHT="42" WIDTH="222" VPOS="1310" HPOS="1116" CONTENT="Suzannet" ID="r3l42_6" STYLEREFS="FONT2"/>
          </TextLine>
          <TextLine ID="r3l43" BASELINE="1394" HEIGHT="43" WIDTH="943" VPOS="1351" HPOS="400">
            <String HEIGHT="43" WIDTH="243" VPOS="1351" HPOS="386" CONTENT="Frotté" ID="r3l43_1" STYLEREFS="FONT2"/>
            <SP HEIGHT="43" WIDTH="14" VPOS="1351" HPOS="629"/>
            <String HEIGHT="43" WIDTH="129" VPOS="1351" HPOS="586" CONTENT="etc.," ID="r3l43_2" STYLEREFS="FONT0"/>
            <SP HEIGHT="43" WIDTH="14" VPOS="1351" HPOS="714"/>
            <String HEIGHT="43" WIDTH="86" VPOS="1351" HPOS="671" CONTENT="en" ID="r3l43_3" STYLEREFS="FONT0"/>
            <SP HEIGHT="43" WIDTH="14" VPOS="1351" HPOS="757"/>
            <String HEIGHT="43" WIDTH="143" VPOS="1351" HPOS="714" CONTENT="partie" ID="r3l43_4" STYLEREFS="FONT0"/>
            <SP HEIGHT="43" WIDTH="14" VPOS="1351" HPOS="857"/>
            <String HEIGHT="43" WIDTH="143" VPOS="1351" HPOS="814" CONTENT="datées" ID="r3l43_5" STYLEREFS="FONT0"/>
            <SP HEIGHT="43" WIDTH="14" VPOS="1351" HPOS="957"/>
            <String HEIGHT="43" WIDTH="171" VPOS="1351" HPOS="914" CONTENT="d’Angers" ID="r3l43_6" STYLEREFS="FONT0"/>
            <SP HEIGHT="43" WIDTH="14" VPOS="1351" HPOS="1086"/>
            <String HEIGHT="43" WIDTH="143" VPOS="1351" HPOS="1043" CONTENT="toutes" ID="r3l43_7" STYLEREFS="FONT0"/>
            <SP HEIGHT="43" WIDTH="14" VPOS="1351" HPOS="1186"/>
            <String HEIGHT="43" WIDTH="186" VPOS="1351" HPOS="1143" CONTENT="retatives" ID="r3l43_8" STYLEREFS="FONT0"/>
            <SP HEIGHT="43" WIDTH="14" VPOS="1351" HPOS="1329"/>
            <String HEIGHT="43" WIDTH="71" VPOS="1351" HPOS="1272" CONTENT="aux" ID="r3l43_9" STYLEREFS="FONT0"/>
          </TextLine>
          <TextLine ID="r3l44" BASELINE="1422" HEIGHT="51" WIDTH="939" VPOS="1371" HPOS="402">
            <String HEIGHT="51" WIDTH="159" VPOS="1371" HPOS="389" CONTENT="troubles" ID="r3l44_1" STYLEREFS="FONT0"/>
            <SP HEIGHT="51" WIDTH="13" VPOS="1371" HPOS="547"/>
            <String HEIGHT="51" WIDTH="79" VPOS="1371" HPOS="508" CONTENT="de" ID="r3l44_2" STYLEREFS="FONT0"/>
            <SP HEIGHT="51" WIDTH="13" VPOS="1371" HPOS="587"/>
            <String HEIGHT="51" WIDTH="159" VPOS="1371" HPOS="547" CONTENT="l’Anjou," ID="r3l44_3" STYLEREFS="FONT0"/>
            <SP HEIGHT="51" WIDTH="13" VPOS="1371" HPOS="706"/>
            <String HEIGHT="51" WIDTH="79" VPOS="1371" HPOS="667" CONTENT="et" ID="r3l44_4" STYLEREFS="FONT0"/>
            <SP HEIGHT="51" WIDTH="13" VPOS="1371" HPOS="746"/>
            <String HEIGHT="51" WIDTH="185" VPOS="1371" HPOS="706" CONTENT="certifiées" ID="r3l44_5" STYLEREFS="FONT0"/>
            <SP HEIGHT="51" WIDTH="13" VPOS="1371" HPOS="891"/>
            <String HEIGHT="51" WIDTH="93" VPOS="1371" HPOS="852" CONTENT="par" ID="r3l44_6" STYLEREFS="FONT0"/>
            <SP HEIGHT="51" WIDTH="13" VPOS="1371" HPOS="944"/>
            <String HEIGHT="51" WIDTH="79" VPOS="1371" HPOS="905" CONTENT="le" ID="r3l44_7" STYLEREFS="FONT0"/>
            <SP HEIGHT="51" WIDTH="13" VPOS="1371" HPOS="984"/>
            <String HEIGHT="51" WIDTH="145" VPOS="1371" HPOS="944" CONTENT="général" ID="r3l44_8" STYLEREFS="FONT0"/>
            <SP HEIGHT="51" WIDTH="13" VPOS="1371" HPOS="1090"/>
            <String HEIGHT="51" WIDTH="291" VPOS="1371" HPOS="1050" CONTENT="Hédouville" ID="r3l44_9" STYLEREFS="FONT2"/>
            <SP HEIGHT="51" WIDTH="13" VPOS="1371" HPOS="1341"/>
            <String HEIGHT="51" WIDTH="53" VPOS="1371" HPOS="1288" CONTENT="16" ID="r3l44_10" STYLEREFS="FONT0"/>
          </TextLine>
          <TextLine ID="r3l45" BASELINE="1467" HEIGHT="44" WIDTH="947" VPOS="1423" HPOS="393">
            <String HEIGHT="44" WIDTH="135" VPOS="1423" HPOS="378" CONTENT="pages" ID="r3l45_1" STYLEREFS="FONT0"/>
            <SP HEIGHT="44" WIDTH="15" VPOS="1423" HPOS="513"/>
            <String HEIGHT="44" WIDTH="180" VPOS="1423" HPOS="468" CONTENT="in-folio" ID="r3l45_2" STYLEREFS="FONT0"/>
            <SP HEIGHT="44" WIDTH="15" VPOS="1423" HPOS="649"/>
            <String HEIGHT="44" WIDTH="210" VPOS="1423" HPOS="603" CONTENT="(doçuments" ID="r3l45_3" STYLEREFS="FONT0"/>
            <SP HEIGHT="44" WIDTH="15" VPOS="1423" HPOS="814"/>
            <String HEIGHT="44" WIDTH="180" VPOS="1423" HPOS="769" CONTENT="curieux)" ID="r3l45_4" STYLEREFS="FONT0"/>
            <SP HEIGHT="44" WIDTH="15" VPOS="1423" HPOS="949"/>
            <String HEIGHT="44" WIDTH="90" VPOS="1423" HPOS="904" CONTENT="et" ID="r3l45_5" STYLEREFS="FONT0"/>
            <SP HEIGHT="44" WIDTH="15" VPOS="1423" HPOS="994"/>
            <String HEIGHT="44" WIDTH="135" VPOS="1423" HPOS="949" CONTENT="notes" ID="r3l45_6" STYLEREFS="FONT0"/>
            <SP HEIGHT="44" WIDTH="15" VPOS="1423" HPOS="1084"/>
            <String HEIGHT="44" WIDTH="105" VPOS="1423" HPOS="1039" CONTENT="sur" ID="r3l45_7" STYLEREFS="FONT0"/>
            <SP HEIGHT="44" WIDTH="15" VPOS="1423" HPOS="1145"/>
            <String HEIGHT="44" WIDTH="256" VPOS="1423" HPOS="1084" CONTENT="Maine" ID="r3l45_8" STYLEREFS="FONT0"/>
          </TextLine>
          <TextLine ID="r3l46" BASELINE="1508" HEIGHT="49" WIDTH="949" VPOS="1459" HPOS="391">
            <String HEIGHT="49" WIDTH="158" VPOS="1459" HPOS="377" CONTENT="signéès" ID="r3l46_1" STYLEREFS="FONT0"/>
            <SP HEIGHT="49" WIDTH="14" VPOS="1459" HPOS="535"/>
            <String HEIGHT="49" WIDTH="101" VPOS="1459" HPOS="492" CONTENT="par" ID="r3l46_2" STYLEREFS="FONT0"/>
            <SP HEIGHT="49" WIDTH="14" VPOS="1459" HPOS="592"/>
            <String HEIGHT="49" WIDTH="86" VPOS="1459" HPOS="549" CONTENT="le" ID="r3l46_3" STYLEREFS="FONT0"/>
            <SP HEIGHT="49" WIDTH="14" VPOS="1459" HPOS="635"/>
            <String HEIGHT="49" WIDTH="158" VPOS="1459" HPOS="592" CONTENT="général" ID="r3l46_4" STYLEREFS="FONT0"/>
            <SP HEIGHT="49" WIDTH="14" VPOS="1459" HPOS="750"/>
            <String HEIGHT="49" WIDTH="144" VPOS="1459" HPOS="707" CONTENT="Lacour" ID="r3l46_5" STYLEREFS="FONT0"/>
            <SP HEIGHT="49" WIDTH="14" VPOS="1459" HPOS="851"/>
            <String HEIGHT="49" WIDTH="86" VPOS="1459" HPOS="808" CONTENT="en" ID="r3l46_6" STYLEREFS="FONT0"/>
            <SP HEIGHT="49" WIDTH="14" VPOS="1459" HPOS="894"/>
            <String HEIGHT="49" WIDTH="115" VPOS="1459" HPOS="851" CONTENT="l’an" ID="r3l46_7" STYLEREFS="FONT0"/>
            <SP HEIGHT="49" WIDTH="14" VPOS="1459" HPOS="966"/>
            <String HEIGHT="49" WIDTH="115" VPOS="1459" HPOS="923" CONTENT="XIII" ID="r3l46_8" STYLEREFS="FONT0"/>
            <SP HEIGHT="49" WIDTH="14" VPOS="1459" HPOS="1038"/>
            <String HEIGHT="49" WIDTH="173" VPOS="1459" HPOS="995" CONTENT="(détails" ID="r3l46_9" STYLEREFS="FONT0"/>
            <SP HEIGHT="49" WIDTH="14" VPOS="1459" HPOS="1167"/>
            <String HEIGHT="49" WIDTH="173" VPOS="1459" HPOS="1124" CONTENT="locaux)," ID="r3l46_10" STYLEREFS="FONT0"/>
            <SP HEIGHT="49" WIDTH="14" VPOS="1459" HPOS="1297"/>
            <String HEIGHT="49" WIDTH="101" VPOS="1459" HPOS="1239" CONTENT="trois" ID="r3l46_11" STYLEREFS="FONT0"/>
          </TextLine>
          <TextLine ID="r3l48" BASELINE="1538" HEIGHT="49" WIDTH="628" VPOS="1489" HPOS="401">
            <String HEIGHT="49" WIDTH="115" VPOS="1489" HPOS="388" CONTENT="pages" ID="r3l48_1" STYLEREFS="FONT0"/>
            <SP HEIGHT="49" WIDTH="13" VPOS="1489" HPOS="504"/>
            <String HEIGHT="49" WIDTH="77" VPOS="1489" HPOS="465" CONTENT="et" ID="r3l48_2" STYLEREFS="FONT0"/>
            <SP HEIGHT="49" WIDTH="13" VPOS="1489" HPOS="542"/>
            <String HEIGHT="49" WIDTH="115" VPOS="1489" HPOS="504" CONTENT="demie" ID="r3l48_3" STYLEREFS="FONT0"/>
            <SP HEIGHT="49" WIDTH="13" VPOS="1489" HPOS="619"/>
            <String HEIGHT="49" WIDTH="167" VPOS="1489" HPOS="580" CONTENT="in-folio," ID="r3l48_4" STYLEREFS="FONT0"/>
            <SP HEIGHT="49" WIDTH="13" VPOS="1489" HPOS="747"/>
            <String HEIGHT="49" WIDTH="192" VPOS="1489" HPOS="709" CONTENT="vingt-trois" ID="r3l48_5" STYLEREFS="FONT0"/>
            <SP HEIGHT="49" WIDTH="13" VPOS="1489" HPOS="901"/>
            <String HEIGHT="49" WIDTH="141" VPOS="1489" HPOS="862" CONTENT="pièces." ID="r3l48_6" STYLEREFS="FONT0"/>
            <SP HEIGHT="49" WIDTH="13" VPOS="1489" HPOS="1003"/>
            <String HEIGHT="49" WIDTH="77" VPOS="1489" HPOS="965" CONTENT="20" ID="r3l48_7" STYLEREFS="FONT0"/>
            <SP HEIGHT="49" WIDTH="13" VPOS="1489" HPOS="1042"/>
            <String HEIGHT="49" WIDTH="38" VPOS="1489" HPOS="991" CONTENT="»" ID="r3l48_8" STYLEREFS="FONT0"/>
          </TextLine>
          <TextLine ID="r3l49" BASELINE="1562" HEIGHT="63" WIDTH="945" VPOS="1499" HPOS="396">
            <String HEIGHT="63" WIDTH="102" VPOS="1499" HPOS="381" CONTENT="39." ID="r3l49_1" STYLEREFS="FONT0"/>
            <SP HEIGHT="63" WIDTH="15" VPOS="1499" HPOS="483"/>
            <String HEIGHT="63" WIDTH="204" VPOS="1499" HPOS="440" CONTENT="ORLÉANAIS." ID="r3l49_2" STYLEREFS="FONT0"/>
            <SP HEIGHT="63" WIDTH="15" VPOS="1499" HPOS="643"/>
            <String HEIGHT="63" WIDTH="73" VPOS="1499" HPOS="600" CONTENT="—" ID="r3l49_3" STYLEREFS="FONT0"/>
            <SP HEIGHT="63" WIDTH="15" VPOS="1499" HPOS="672"/>
            <String HEIGHT="63" WIDTH="349" VPOS="1499" HPOS="629" CONTENT="Loir-et-Cher" ID="r3l49_4" STYLEREFS="FONT2"/>
            <SP HEIGHT="63" WIDTH="15" VPOS="1499" HPOS="978"/>
            <String HEIGHT="63" WIDTH="145" VPOS="1499" HPOS="934" CONTENT="Voyâge" ID="r3l49_5" STYLEREFS="FONT0"/>
            <SP HEIGHT="63" WIDTH="15" VPOS="1499" HPOS="1079"/>
            <String HEIGHT="63" WIDTH="116" VPOS="1499" HPOS="1036" CONTENT="dans" ID="r3l49_6" STYLEREFS="FONT0"/>
            <SP HEIGHT="63" WIDTH="15" VPOS="1499" HPOS="1152"/>
            <String HEIGHT="63" WIDTH="87" VPOS="1499" HPOS="1108" CONTENT="ce" ID="r3l49_7" STYLEREFS="FONT0"/>
            <SP HEIGHT="63" WIDTH="15" VPOS="1499" HPOS="1196"/>
            <String HEIGHT="63" WIDTH="204" VPOS="1499" HPOS="1137" CONTENT="département," ID="r3l49_8" STYLEREFS="FONT0"/>
          </TextLine>
          <TextLine ID="r3l50" BASELINE="1595" HEIGHT="39" WIDTH="942" VPOS="1556" HPOS="399">
            <String HEIGHT="39" WIDTH="130" VPOS="1556" HPOS="385" CONTENT="1792," ID="r3l50_1" STYLEREFS="FONT0"/>
            <SP HEIGHT="39" WIDTH="14" VPOS="1556" HPOS="515"/>
            <String HEIGHT="39" WIDTH="130" VPOS="1556" HPOS="471" CONTENT="in-8," ID="r3l50_2" STYLEREFS="FONT0"/>
            <SP HEIGHT="39" WIDTH="14" VPOS="1556" HPOS="602"/>
            <String HEIGHT="39" WIDTH="130" VPOS="1556" HPOS="558" CONTENT="carte" ID="r3l50_3" STYLEREFS="FONT0"/>
            <SP HEIGHT="39" WIDTH="14" VPOS="1556" HPOS="689"/>
            <String HEIGHT="39" WIDTH="87" VPOS="1556" HPOS="645" CONTENT="et" ID="r3l50_4" STYLEREFS="FONT0"/>
            <SP HEIGHT="39" WIDTH="14" VPOS="1556" HPOS="732"/>
            <String HEIGHT="39" WIDTH="116" VPOS="1556" HPOS="689" CONTENT="fig." ID="r3l50_5" STYLEREFS="FONT0"/>
            <SP HEIGHT="39" WIDTH="14" VPOS="1556" HPOS="805"/>
            <String HEIGHT="39" WIDTH="159" VPOS="1556" HPOS="761" CONTENT="extrait" ID="r3l50_6" STYLEREFS="FONT0"/>
            <SP HEIGHT="39" WIDTH="14" VPOS="1556" HPOS="921"/>
            <String HEIGHT="39" WIDTH="87" VPOS="1556" HPOS="877" CONTENT="du" ID="r3l50_7" STYLEREFS="FONT0"/>
            <SP HEIGHT="39" WIDTH="14" VPOS="1556" HPOS="964"/>
            <String HEIGHT="39" WIDTH="159" VPOS="1556" HPOS="921" CONTENT="conseil" ID="r3l50_8" STYLEREFS="FONT0"/>
            <SP HEIGHT="39" WIDTH="14" VPOS="1556" HPOS="1080"/>
            <String HEIGHT="39" WIDTH="203" VPOS="1556" HPOS="1037" CONTENT="épiscopal," ID="r3l50_9" STYLEREFS="FONT0"/>
            <SP HEIGHT="39" WIDTH="14" VPOS="1556" HPOS="1240"/>
            <String HEIGHT="39" WIDTH="159" VPOS="1556" HPOS="1182" CONTENT="questions" ID="r3l50_10" STYLEREFS="FONT0"/>
          </TextLine>
          <TextLine ID="r3l51" BASELINE="1630" HEIGHT="55" WIDTH="911" VPOS="1575" HPOS="401">
            <String HEIGHT="55" WIDTH="194" VPOS="1575" HPOS="386" CONTENT="proposées" ID="r3l51_1" STYLEREFS="FONT0"/>
            <SP HEIGHT="55" WIDTH="15" VPOS="1575" HPOS="580"/>
            <String HEIGHT="55" WIDTH="105" VPOS="1575" HPOS="535" CONTENT="par" ID="r3l51_2" STYLEREFS="FONT0"/>
            <SP HEIGHT="55" WIDTH="15" VPOS="1575" HPOS="640"/>
            <String HEIGHT="55" WIDTH="90" VPOS="1575" HPOS="595" CONTENT="la" ID="r3l51_3" STYLEREFS="FONT0"/>
            <SP HEIGHT="55" WIDTH="15" VPOS="1575" HPOS="685"/>
            <String HEIGHT="55" WIDTH="164" VPOS="1575" HPOS="640" CONTENT="société" ID="r3l51_4" STYLEREFS="FONT0"/>
            <SP HEIGHT="55" WIDTH="15" VPOS="1575" HPOS="804"/>
            <String HEIGHT="55" WIDTH="239" VPOS="1575" HPOS="759" CONTENT="d’émulation;" ID="r3l51_5" STYLEREFS="FONT0"/>
            <SP HEIGHT="55" WIDTH="15" VPOS="1575" HPOS="998"/>
            <String HEIGHT="55" WIDTH="90" VPOS="1575" HPOS="954" CONTENT="de" ID="r3l51_6" STYLEREFS="FONT0"/>
            <SP HEIGHT="55" WIDTH="15" VPOS="1575" HPOS="1043"/>
            <String HEIGHT="55" WIDTH="149" VPOS="1575" HPOS="998" CONTENT="Blois," ID="r3l51_7" STYLEREFS="FONT0"/>
            <SP HEIGHT="55" WIDTH="15" VPOS="1575" HPOS="1148"/>
            <String HEIGHT="55" WIDTH="119" VPOS="1575" HPOS="1103" CONTENT="pour" ID="r3l51_8" STYLEREFS="FONT0"/>
            <SP HEIGHT="55" WIDTH="15" VPOS="1575" HPOS="1222"/>
            <String HEIGHT="55" WIDTH="149" VPOS="1575" HPOS="1178" CONTENT="servir" ID="r3l51_9" STYLEREFS="FONT0"/>
            <SP HEIGHT="55" WIDTH="15" VPOS="1575" HPOS="1327"/>
            <String HEIGHT="55" WIDTH="45" VPOS="1575" HPOS="1267" CONTENT="à" ID="r3l51_10" STYLEREFS="FONT0"/>
          </TextLine>
          <TextLine ID="r3l53" BASELINE="1675" HEIGHT="51" WIDTH="936" VPOS="1624" HPOS="394">
            <String HEIGHT="51" WIDTH="211" VPOS="1624" HPOS="379" CONTENT="l'histoire" ID="r3l53_1" STYLEREFS="FONT0"/>
            <SP HEIGHT="51" WIDTH="15" VPOS="1624" HPOS="590"/>
            <String HEIGHT="51" WIDTH="91" VPOS="1624" HPOS="545" CONTENT="du" ID="r3l53_2" STYLEREFS="FONT0"/>
            <SP HEIGHT="51" WIDTH="15" VPOS="1624" HPOS="636"/>
            <String HEIGHT="51" WIDTH="242" VPOS="1624" HPOS="590" CONTENT="département," ID="r3l53_3" STYLEREFS="FONT0"/>
            <SP HEIGHT="51" WIDTH="15" VPOS="1624" HPOS="832"/>
            <String HEIGHT="51" WIDTH="166" VPOS="1624" HPOS="787" CONTENT="rapport" ID="r3l53_4" STYLEREFS="FONT0"/>
            <SP HEIGHT="51" WIDTH="15" VPOS="1624" HPOS="953"/>
            <String HEIGHT="51" WIDTH="106" VPOS="1624" HPOS="907" CONTENT="des" ID="r3l53_5" STYLEREFS="FONT0"/>
            <SP HEIGHT="51" WIDTH="15" VPOS="1624" HPOS="1013"/>
            <String HEIGHT="51" WIDTH="242" VPOS="1624" HPOS="968" CONTENT="commissaires" ID="r3l53_6" STYLEREFS="FONT0"/>
            <SP HEIGHT="51" WIDTH="15" VPOS="1624" HPOS="1209"/>
            <String HEIGHT="51" WIDTH="91" VPOS="1624" HPOS="1164" CONTENT="de" ID="r3l53_7" STYLEREFS="FONT0"/>
            <SP HEIGHT="51" WIDTH="15" VPOS="1624" HPOS="1255"/>
            <String HEIGHT="51" WIDTH="91" VPOS="1624" HPOS="1209" CONTENT="la" ID="r3l53_8" STYLEREFS="FONT0"/>
            <SP HEIGHT="51" WIDTH="15" VPOS="1624" HPOS="1300"/>
            <String HEIGHT="51" WIDTH="91" VPOS="1624" HPOS="1239" CONTENT="con" SUBS_TYPE="HypPart1" SUBS_CONTENT="convention," ID="r3l53_9" STYLEREFS="FONT0"/>
            <HYP CONTENT="-"/>
          </TextLine>
          <TextLine ID="r3l54" BASELINE="1711" HEIGHT="45" WIDTH="944" VPOS="1666" HPOS="395">
            <String HEIGHT="45" WIDTH="189" VPOS="1666" HPOS="379" CONTENT="vention," SUBS_TYPE="HypPart2" SUBS_CONTENT="convention," ID="r3l54_1" STYLEREFS="FONT0"/>
            <SP HEIGHT="45" WIDTH="16" VPOS="1666" HPOS="568"/>
            <String HEIGHT="45" WIDTH="173" VPOS="1666" HPOS="521" CONTENT="envoyés" ID="r3l54_2" STYLEREFS="FONT0"/>
            <SP HEIGHT="45" WIDTH="16" VPOS="1666" HPOS="694"/>
            <String HEIGHT="45" WIDTH="126" VPOS="1666" HPOS="647" CONTENT="dans" ID="r3l54_3" STYLEREFS="FONT0"/>
            <SP HEIGHT="45" WIDTH="16" VPOS="1666" HPOS="773"/>
            <String HEIGHT="45" WIDTH="94" VPOS="1666" HPOS="725" CONTENT="ce" ID="r3l54_4" STYLEREFS="FONT0"/>
            <SP HEIGHT="45" WIDTH="16" VPOS="1666" HPOS="820"/>
            <String HEIGHT="45" WIDTH="252" VPOS="1666" HPOS="773" CONTENT="département," ID="r3l54_5" STYLEREFS="FONT0"/>
            <SP HEIGHT="45" WIDTH="16" VPOS="1666" HPOS="1024"/>
            <String HEIGHT="45" WIDTH="157" VPOS="1666" HPOS="977" CONTENT="lettre" ID="r3l54_6" STYLEREFS="FONT0"/>
            <SP HEIGHT="45" WIDTH="16" VPOS="1666" HPOS="1134"/>
            <String HEIGHT="45" WIDTH="110" VPOS="1666" HPOS="1087" CONTENT="des" ID="r3l54_7" STYLEREFS="FONT0"/>
            <SP HEIGHT="45" WIDTH="16" VPOS="1666" HPOS="1197"/>
            <String HEIGHT="45" WIDTH="189" VPOS="1666" HPOS="1150" CONTENT="citoyens" ID="r3l54_8" STYLEREFS="FONT0"/>
            <SP HEIGHT="45" WIDTH="16" VPOS="1666" HPOS="1339"/>
            <String HEIGHT="45" WIDTH="63" VPOS="1666" HPOS="1276" CONTENT="de" ID="r3l54_9" STYLEREFS="FONT0"/>
          </TextLine>
          <TextLine ID="r3l55" BASELINE="1737" HEIGHT="42" WIDTH="927" VPOS="1695" HPOS="406">
            <String HEIGHT="42" WIDTH="171" VPOS="1695" HPOS="392" CONTENT="Vendôme," ID="r3l55_1" STYLEREFS="FONT0"/>
            <SP HEIGHT="42" WIDTH="14" VPOS="1695" HPOS="563"/>
            <String HEIGHT="42" WIDTH="128" VPOS="1695" HPOS="520" CONTENT="trois" ID="r3l55_2" STYLEREFS="FONT0"/>
            <SP HEIGHT="42" WIDTH="14" VPOS="1695" HPOS="648"/>
            <String HEIGHT="42" WIDTH="171" VPOS="1695" HPOS="606" CONTENT="rapports" ID="r3l55_3" STYLEREFS="FONT0"/>
            <SP HEIGHT="42" WIDTH="14" VPOS="1695" HPOS="777"/>
            <String HEIGHT="42" WIDTH="86" VPOS="1695" HPOS="734" CONTENT="de" ID="r3l55_4" STYLEREFS="FONT0"/>
            <SP HEIGHT="42" WIDTH="14" VPOS="1695" HPOS="820"/>
            <String HEIGHT="42" WIDTH="257" VPOS="1695" HPOS="777" CONTENT="Foussedoire" ID="r3l55_5" STYLEREFS="FONT2"/>
            <SP HEIGHT="42" WIDTH="14" VPOS="1695" HPOS="1034"/>
            <String HEIGHT="42" WIDTH="271" VPOS="1695" HPOS="991" CONTENT="d’Issoudun" ID="r3l55_6" STYLEREFS="FONT2"/>
            <SP HEIGHT="42" WIDTH="14" VPOS="1695" HPOS="1262"/>
            <String HEIGHT="42" WIDTH="128" VPOS="1695" HPOS="1205" CONTENT="inaugu" SUBS_TYPE="HypPart1" SUBS_CONTENT="inauguration" ID="r3l55_7" STYLEREFS="FONT0"/>
            <HYP CONTENT="-"/>
          </TextLine>
          <TextLine ID="r3l56" BASELINE="1771" HEIGHT="39" WIDTH="946" VPOS="1732" HPOS="393">
            <String HEIGHT="39" WIDTH="153" VPOS="1732" HPOS="378" CONTENT="ration" SUBS_TYPE="HypPart2" SUBS_CONTENT="inauguration" ID="r3l56_1" STYLEREFS="FONT0"/>
            <SP HEIGHT="39" WIDTH="15" VPOS="1732" HPOS="530"/>
            <String HEIGHT="39" WIDTH="92" VPOS="1732" HPOS="485" CONTENT="du" ID="r3l56_2" STYLEREFS="FONT0"/>
            <SP HEIGHT="39" WIDTH="15" VPOS="1732" HPOS="576"/>
            <String HEIGHT="39" WIDTH="137" VPOS="1732" HPOS="530" CONTENT="buste" ID="r3l56_3" STYLEREFS="FONT0"/>
            <SP HEIGHT="39" WIDTH="15" VPOS="1732" HPOS="668"/>
            <String HEIGHT="39" WIDTH="92" VPOS="1732" HPOS="622" CONTENT="de" ID="r3l56_4" STYLEREFS="FONT0"/>
            <SP HEIGHT="39" WIDTH="15" VPOS="1732" HPOS="713"/>
            <String HEIGHT="39" WIDTH="183" VPOS="1732" HPOS="668" CONTENT="Desiles," ID="r3l56_5" STYLEREFS="FONT0"/>
            <SP HEIGHT="39" WIDTH="15" VPOS="1732" HPOS="851"/>
            <String HEIGHT="39" WIDTH="76" VPOS="1732" HPOS="805" CONTENT="à" ID="r3l56_6" STYLEREFS="FONT0"/>
            <SP HEIGHT="39" WIDTH="15" VPOS="1732" HPOS="881"/>
            <String HEIGHT="39" WIDTH="153" VPOS="1732" HPOS="835" CONTENT="Blois," ID="r3l56_7" STYLEREFS="FONT0"/>
            <SP HEIGHT="39" WIDTH="15" VPOS="1732" HPOS="988"/>
            <String HEIGHT="39" WIDTH="137" VPOS="1732" HPOS="942" CONTENT="1794," ID="r3l56_8" STYLEREFS="FONT0"/>
            <SP HEIGHT="39" WIDTH="15" VPOS="1732" HPOS="1080"/>
            <String HEIGHT="39" WIDTH="137" VPOS="1732" HPOS="1034" CONTENT="etc.," ID="r3l56_9" STYLEREFS="FONT0"/>
            <SP HEIGHT="39" WIDTH="15" VPOS="1732" HPOS="1171"/>
            <String HEIGHT="39" WIDTH="153" VPOS="1732" HPOS="1125" CONTENT="lettre" ID="r3l56_10" STYLEREFS="FONT0"/>
            <SP HEIGHT="39" WIDTH="15" VPOS="1732" HPOS="1278"/>
            <String HEIGHT="39" WIDTH="122" VPOS="1732" HPOS="1217" CONTENT="signée" ID="r3l56_11" STYLEREFS="FONT0"/>
          </TextLine>
          <TextLine ID="r3l57" BASELINE="1822" HEIGHT="51" WIDTH="939" VPOS="1771" HPOS="401">
            <String HEIGHT="51" WIDTH="101" VPOS="1771" HPOS="387" CONTENT="par" ID="r3l57_1" STYLEREFS="FONT0"/>
            <SP HEIGHT="51" WIDTH="14" VPOS="1771" HPOS="488"/>
            <String HEIGHT="51" WIDTH="101" VPOS="1771" HPOS="444" CONTENT="les" ID="r3l57_2" STYLEREFS="FONT0"/>
            <SP HEIGHT="51" WIDTH="14" VPOS="1771" HPOS="545"/>
            <String HEIGHT="51" WIDTH="274" VPOS="1771" HPOS="502" CONTENT="administrateurs" ID="r3l57_3" STYLEREFS="FONT0"/>
            <SP HEIGHT="51" WIDTH="14" VPOS="1771" HPOS="777"/>
            <String HEIGHT="51" WIDTH="87" VPOS="1771" HPOS="733" CONTENT="en" ID="r3l57_4" STYLEREFS="FONT0"/>
            <SP HEIGHT="51" WIDTH="14" VPOS="1771" HPOS="820"/>
            <String HEIGHT="51" WIDTH="116" VPOS="1771" HPOS="777" CONTENT="l’an" ID="r3l57_5" STYLEREFS="FONT0"/>
            <SP HEIGHT="51" WIDTH="14" VPOS="1771" HPOS="892"/>
            <String HEIGHT="51" WIDTH="116" VPOS="1771" HPOS="849" CONTENT="VII." ID="r3l57_6" STYLEREFS="FONT0"/>
            <SP HEIGHT="51" WIDTH="14" VPOS="1771" HPOS="964"/>
            <String HEIGHT="51" WIDTH="87" VPOS="1771" HPOS="921" CONTENT="14" ID="r3l57_7" STYLEREFS="FONT0"/>
            <SP HEIGHT="51" WIDTH="14" VPOS="1771" HPOS="1008"/>
            <String HEIGHT="51" WIDTH="144" VPOS="1771" HPOS="964" CONTENT="pièces" ID="r3l57_8" STYLEREFS="FONT0"/>
            <SP HEIGHT="51" WIDTH="14" VPOS="1771" HPOS="1109"/>
            <String HEIGHT="51" WIDTH="116" VPOS="1771" HPOS="1066" CONTENT="in-8" ID="r3l57_9" STYLEREFS="FONT0"/>
            <SP HEIGHT="51" WIDTH="14" VPOS="1771" HPOS="1181"/>
            <String HEIGHT="51" WIDTH="87" VPOS="1771" HPOS="1138" CONTENT="et" ID="r3l57_10" STYLEREFS="FONT0"/>
            <SP HEIGHT="51" WIDTH="14" VPOS="1771" HPOS="1224"/>
            <String HEIGHT="51" WIDTH="130" VPOS="1771" HPOS="1181" CONTENT="in-4." ID="r3l57_11" STYLEREFS="FONT0"/>
            <SP HEIGHT="51" WIDTH="14" VPOS="1771" HPOS="1311"/>
            <String HEIGHT="51" WIDTH="72" VPOS="1771" HPOS="1268" CONTENT="7" ID="r3l57_12" STYLEREFS="FONT0"/>
            <SP HEIGHT="51" WIDTH="14" VPOS="1771" HPOS="1340"/>
            <String HEIGHT="51" WIDTH="58" VPOS="1771" HPOS="1282" CONTENT="50" ID="r3l57_13" STYLEREFS="FONT0"/>
          </TextLine>
          <TextLine ID="r3l58" BASELINE="1851" HEIGHT="48" WIDTH="946" VPOS="1803" HPOS="398">
            <String HEIGHT="48" WIDTH="105" VPOS="1803" HPOS="383" CONTENT="40." ID="r3l58_1" STYLEREFS="FONT0"/>
            <SP HEIGHT="48" WIDTH="15" VPOS="1803" HPOS="488"/>
            <String HEIGHT="48" WIDTH="255" VPOS="1803" HPOS="443" CONTENT="EURE-ET-LOIR." ID="r3l58_2" STYLEREFS="FONT0"/>
            <SP HEIGHT="48" WIDTH="15" VPOS="1803" HPOS="698"/>
            <String HEIGHT="48" WIDTH="150" VPOS="1803" HPOS="653" CONTENT="Voyage" ID="r3l58_3" STYLEREFS="FONT0"/>
            <SP HEIGHT="48" WIDTH="15" VPOS="1803" HPOS="803"/>
            <String HEIGHT="48" WIDTH="120" VPOS="1803" HPOS="758" CONTENT="dans" ID="r3l58_4" STYLEREFS="FONT0"/>
            <SP HEIGHT="48" WIDTH="15" VPOS="1803" HPOS="879"/>
            <String HEIGHT="48" WIDTH="90" VPOS="1803" HPOS="833" CONTENT="ce" ID="r3l58_5" STYLEREFS="FONT0"/>
            <SP HEIGHT="48" WIDTH="15" VPOS="1803" HPOS="924"/>
            <String HEIGHT="48" WIDTH="240" VPOS="1803" HPOS="879" CONTENT="département," ID="r3l58_6" STYLEREFS="FONT0"/>
            <SP HEIGHT="48" WIDTH="15" VPOS="1803" HPOS="1119"/>
            <String HEIGHT="48" WIDTH="135" VPOS="1803" HPOS="1074" CONTENT="1793," ID="r3l58_7" STYLEREFS="FONT0"/>
            <SP HEIGHT="48" WIDTH="15" VPOS="1803" HPOS="1209"/>
            <String HEIGHT="48" WIDTH="135" VPOS="1803" HPOS="1164" CONTENT="in-8," ID="r3l58_8" STYLEREFS="FONT0"/>
            <SP HEIGHT="48" WIDTH="15" VPOS="1803" HPOS="1299"/>
            <String HEIGHT="48" WIDTH="105" VPOS="1803" HPOS="1239" CONTENT="carté" ID="r3l58_9" STYLEREFS="FONT0"/>
          </TextLine>
          <TextLine ID="r3l59" BASELINE="1876" HEIGHT="39" WIDTH="945" VPOS="1837" HPOS="397">
            <String HEIGHT="39" WIDTH="85" VPOS="1837" HPOS="383" CONTENT="et" ID="r3l59_1" STYLEREFS="FONT0"/>
            <SP HEIGHT="39" WIDTH="14" VPOS="1837" HPOS="468"/>
            <String HEIGHT="39" WIDTH="127" VPOS="1837" HPOS="425" CONTENT="fig.," ID="r3l59_2" STYLEREFS="FONT0"/>
            <SP HEIGHT="39" WIDTH="14" VPOS="1837" HPOS="552"/>
            <String HEIGHT="39" WIDTH="169" VPOS="1837" HPOS="510" CONTENT="discours" ID="r3l59_3" STYLEREFS="FONT0"/>
            <SP HEIGHT="39" WIDTH="14" VPOS="1837" HPOS="679"/>
            <String HEIGHT="39" WIDTH="85" VPOS="1837" HPOS="637" CONTENT="de" ID="r3l59_4" STYLEREFS="FONT0"/>
            <SP HEIGHT="39" WIDTH="14" VPOS="1837" HPOS="721"/>
            <String HEIGHT="39" WIDTH="254" VPOS="1837" HPOS="679" CONTENT="Bernier" ID="r3l59_5" STYLEREFS="FONT2"/>
            <SP HEIGHT="39" WIDTH="14" VPOS="1837" HPOS="933"/>
            <String HEIGHT="39" WIDTH="155" VPOS="1837" HPOS="891" CONTENT="servant" ID="r3l59_6" STYLEREFS="FONT0"/>
            <SP HEIGHT="39" WIDTH="14" VPOS="1837" HPOS="1046"/>
            <String HEIGHT="39" WIDTH="85" VPOS="1837" HPOS="1003" CONTENT="de" ID="r3l59_7" STYLEREFS="FONT0"/>
            <SP HEIGHT="39" WIDTH="14" VPOS="1837" HPOS="1088"/>
            <String HEIGHT="39" WIDTH="226" VPOS="1837" HPOS="1046" CONTENT="proclamation" ID="r3l59_8" STYLEREFS="FONT0"/>
            <SP HEIGHT="39" WIDTH="14" VPOS="1837" HPOS="1271"/>
            <String HEIGHT="39" WIDTH="99" VPOS="1837" HPOS="1229" CONTENT="aux" ID="r3l59_9" STYLEREFS="FONT0"/>
            <SP HEIGHT="39" WIDTH="14" VPOS="1837" HPOS="1328"/>
            <String HEIGHT="39" WIDTH="71" VPOS="1837" HPOS="1271" CONTENT="ci" SUBS_TYPE="HypPart1" SUBS_CONTENT="citoyens" ID="r3l59_10" STYLEREFS="FONT0"/>
            <HYP CONTENT="-"/>
          </TextLine>
          <TextLine ID="r3l60" BASELINE="1911" HEIGHT="44" WIDTH="949" VPOS="1867" HPOS="399">
            <String HEIGHT="44" WIDTH="140" VPOS="1867" HPOS="385" CONTENT="toyens" SUBS_TYPE="HypPart2" SUBS_CONTENT="citoyens" ID="r3l60_1" STYLEREFS="FONT0"/>
            <SP HEIGHT="44" WIDTH="14" VPOS="1867" HPOS="525"/>
            <String HEIGHT="44" WIDTH="84" VPOS="1867" HPOS="483" CONTENT="de" ID="r3l60_2" STYLEREFS="FONT0"/>
            <SP HEIGHT="44" WIDTH="14" VPOS="1867" HPOS="566"/>
            <String HEIGHT="44" WIDTH="84" VPOS="1867" HPOS="525" CONTENT="ce" ID="r3l60_3" STYLEREFS="FONT0"/>
            <SP HEIGHT="44" WIDTH="14" VPOS="1867" HPOS="608"/>
            <String HEIGHT="44" WIDTH="223" VPOS="1867" HPOS="566" CONTENT="département," ID="r3l60_4" STYLEREFS="FONT0"/>
            <SP HEIGHT="44" WIDTH="14" VPOS="1867" HPOS="790"/>
            <String HEIGHT="44" WIDTH="167" VPOS="1867" HPOS="748" CONTENT="discours" ID="r3l60_5" STYLEREFS="FONT0"/>
            <SP HEIGHT="44" WIDTH="14" VPOS="1867" HPOS="915"/>
            <String HEIGHT="44" WIDTH="167" VPOS="1867" HPOS="874" CONTENT="prononcé" ID="r3l60_6" STYLEREFS="FONT0"/>
            <SP HEIGHT="44" WIDTH="14" VPOS="1867" HPOS="1041"/>
            <String HEIGHT="44" WIDTH="70" VPOS="1867" HPOS="999" CONTENT="à" ID="r3l60_7" STYLEREFS="FONT0"/>
            <SP HEIGHT="44" WIDTH="14" VPOS="1867" HPOS="1069"/>
            <String HEIGHT="44" WIDTH="265" VPOS="1867" HPOS="1027" CONTENT="Chartres" ID="r3l60_8" STYLEREFS="FONT2"/>
            <SP HEIGHT="44" WIDTH="14" VPOS="1867" HPOS="1292"/>
            <String HEIGHT="44" WIDTH="112" VPOS="1867" HPOS="1236" CONTENT="contre" ID="r3l60_9" STYLEREFS="FONT0"/>
          </TextLine>
          <TextLine ID="r3l61" BASELINE="1952" HEIGHT="52" WIDTH="940" VPOS="1900" HPOS="401">
            <String HEIGHT="52" WIDTH="87" VPOS="1900" HPOS="387" CONTENT="la" ID="r3l61_1" STYLEREFS="FONT0"/>
            <SP HEIGHT="52" WIDTH="14" VPOS="1900" HPOS="473"/>
            <String HEIGHT="52" WIDTH="174" VPOS="1900" HPOS="430" CONTENT="religion" ID="r3l61_2" STYLEREFS="FONT0"/>
            <SP HEIGHT="52" WIDTH="14" VPOS="1900" HPOS="603"/>
            <String HEIGHT="52" WIDTH="101" VPOS="1900" HPOS="560" CONTENT="des" ID="r3l61_3" STYLEREFS="FONT0"/>
            <SP HEIGHT="52" WIDTH="14" VPOS="1900" HPOS="661"/>
            <String HEIGHT="52" WIDTH="174" VPOS="1900" HPOS="618" CONTENT="prêfrès," ID="r3l61_4" STYLEREFS="FONT0"/>
            <SP HEIGHT="52" WIDTH="14" VPOS="1900" HPOS="791"/>
            <String HEIGHT="52" WIDTH="260" VPOS="1900" HPOS="748" CONTENT="procès-yerbaux" ID="r3l61_5" STYLEREFS="FONT0"/>
            <SP HEIGHT="52" WIDTH="14" VPOS="1900" HPOS="1008"/>
            <String HEIGHT="52" WIDTH="101" VPOS="1900" HPOS="965" CONTENT="des" ID="r3l61_6" STYLEREFS="FONT0"/>
            <SP HEIGHT="52" WIDTH="14" VPOS="1900" HPOS="1066"/>
            <String HEIGHT="52" WIDTH="159" VPOS="1900" HPOS="1023" CONTENT="séances" ID="r3l61_7" STYLEREFS="FONT0"/>
            <SP HEIGHT="52" WIDTH="14" VPOS="1900" HPOS="1182"/>
            <String HEIGHT="52" WIDTH="87" VPOS="1900" HPOS="1139" CONTENT="de" ID="r3l61_8" STYLEREFS="FONT0"/>
            <SP HEIGHT="52" WIDTH="14" VPOS="1900" HPOS="1225"/>
            <String HEIGHT="52" WIDTH="87" VPOS="1900" HPOS="1182" CONTENT="la" ID="r3l61_9" STYLEREFS="FONT0"/>
            <SP HEIGHT="52" WIDTH="14" VPOS="1900" HPOS="1269"/>
            <String HEIGHT="52" WIDTH="130" VPOS="1900" HPOS="1211" CONTENT="société" ID="r3l61_10" STYLEREFS="FONT0"/>
          </TextLine>
          <TextLine ID="r3l62" BASELINE="1984" HEIGHT="42" WIDTH="951" VPOS="1942" HPOS="395">
            <String HEIGHT="42" WIDTH="102" VPOS="1942" HPOS="380" CONTENT="des" ID="r3l62_1" STYLEREFS="FONT0"/>
            <SP HEIGHT="42" WIDTH="15" VPOS="1942" HPOS="483"/>
            <String HEIGHT="42" WIDTH="117" VPOS="1942" HPOS="439" CONTENT="amis" ID="r3l62_2" STYLEREFS="FONT0"/>
            <SP HEIGHT="42" WIDTH="15" VPOS="1942" HPOS="556"/>
            <String HEIGHT="42" WIDTH="88" VPOS="1942" HPOS="512" CONTENT="de" ID="r3l62_3" STYLEREFS="FONT0"/>
            <SP HEIGHT="42" WIDTH="15" VPOS="1942" HPOS="600"/>
            <String HEIGHT="42" WIDTH="88" VPOS="1942" HPOS="556" CONTENT="la" ID="r3l62_4" STYLEREFS="FONT0"/>
            <SP HEIGHT="42" WIDTH="15" VPOS="1942" HPOS="644"/>
            <String HEIGHT="42" WIDTH="234" VPOS="1942" HPOS="600" CONTENT="coustitution" ID="r3l62_5" STYLEREFS="FONT0"/>
            <SP HEIGHT="42" WIDTH="15" VPOS="1942" HPOS="834"/>
            <String HEIGHT="42" WIDTH="88" VPOS="1942" HPOS="790" CONTENT="de" ID="r3l62_6" STYLEREFS="FONT0"/>
            <SP HEIGHT="42" WIDTH="15" VPOS="1942" HPOS="878"/>
            <String HEIGHT="42" WIDTH="176" VPOS="1942" HPOS="834" CONTENT="Chartres" ID="r3l62_7" STYLEREFS="FONT0"/>
            <SP HEIGHT="42" WIDTH="15" VPOS="1942" HPOS="1009"/>
            <String HEIGHT="42" WIDTH="205" VPOS="1942" HPOS="966" CONTENT="concernant" ID="r3l62_8" STYLEREFS="FONT0"/>
            <SP HEIGHT="42" WIDTH="15" VPOS="1942" HPOS="1170"/>
            <String HEIGHT="42" WIDTH="234" VPOS="1942" HPOS="1112" CONTENT="Pétion" ID="r3l62_9" STYLEREFS="FONT2"/>
          </TextLine>
          <TextLine ID="r3l63" BASELINE="2014" HEIGHT="41" WIDTH="955" VPOS="1973" HPOS="393">
            <String HEIGHT="41" WIDTH="150" VPOS="1973" HPOS="379" CONTENT="opinion" ID="r3l63_1" STYLEREFS="FONT0"/>
            <SP HEIGHT="41" WIDTH="14" VPOS="1973" HPOS="529"/>
            <String HEIGHT="41" WIDTH="123" VPOS="1973" HPOS="488" CONTENT="libre" ID="r3l63_2" STYLEREFS="FONT0"/>
            <SP HEIGHT="41" WIDTH="14" VPOS="1973" HPOS="611"/>
            <String HEIGHT="41" WIDTH="109" VPOS="1973" HPOS="570" CONTENT="d’un" ID="r3l63_3" STYLEREFS="FONT0"/>
            <SP HEIGHT="41" WIDTH="14" VPOS="1973" HPOS="680"/>
            <String HEIGHT="41" WIDTH="164" VPOS="1973" HPOS="639" CONTENT="patriote" ID="r3l63_4" STYLEREFS="FONT0"/>
            <SP HEIGHT="41" WIDTH="14" VPOS="1973" HPOS="802"/>
            <String HEIGHT="41" WIDTH="96" VPOS="1973" HPOS="761" CONTENT="sur" ID="r3l63_5" STYLEREFS="FONT0"/>
            <SP HEIGHT="41" WIDTH="14" VPOS="1973" HPOS="857"/>
            <String HEIGHT="41" WIDTH="259" VPOS="1973" HPOS="816" CONTENT="Chasles" ID="r3l63_6" STYLEREFS="FONT2"/>
            <SP HEIGHT="41" WIDTH="14" VPOS="1973" HPOS="1075"/>
            <String HEIGHT="41" WIDTH="191" VPOS="1973" HPOS="1034" CONTENT="ex-prêtre," ID="r3l63_7" STYLEREFS="FONT0"/>
            <SP HEIGHT="41" WIDTH="14" VPOS="1973" HPOS="1225"/>
            <String HEIGHT="41" WIDTH="164" VPOS="1973" HPOS="1184" CONTENT="adresses" ID="r3l63_8" STYLEREFS="FONT0"/>
            <SP HEIGHT="41" WIDTH="14" VPOS="1973" HPOS="1348"/>
            <String HEIGHT="41" WIDTH="55" VPOS="1973" HPOS="1293" CONTENT="du" ID="r3l63_9" STYLEREFS="FONT0"/>
          </TextLine>
          <TextLine ID="r3l64" BASELINE="2058" HEIGHT="43" WIDTH="954" VPOS="2015" HPOS="390">
            <String HEIGHT="43" WIDTH="224" VPOS="2015" HPOS="375" CONTENT="départément" ID="r3l64_1" STYLEREFS="FONT0"/>
            <SP HEIGHT="43" WIDTH="15" VPOS="2015" HPOS="599"/>
            <String HEIGHT="43" WIDTH="89" VPOS="2015" HPOS="554" CONTENT="et" ID="r3l64_2" STYLEREFS="FONT0"/>
            <SP HEIGHT="43" WIDTH="15" VPOS="2015" HPOS="643"/>
            <String HEIGHT="43" WIDTH="89" VPOS="2015" HPOS="599" CONTENT="de" ID="r3l64_3" STYLEREFS="FONT0"/>
            <SP HEIGHT="43" WIDTH="15" VPOS="2015" HPOS="688"/>
            <String HEIGHT="43" WIDTH="89" VPOS="2015" HPOS="643" CONTENT="la" ID="r3l64_4" STYLEREFS="FONT0"/>
            <SP HEIGHT="43" WIDTH="15" VPOS="2015" HPOS="733"/>
            <String HEIGHT="43" WIDTH="134" VPOS="2015" HPOS="688" CONTENT="villé" ID="r3l64_5" STYLEREFS="FONT0"/>
            <SP HEIGHT="43" WIDTH="15" VPOS="2015" HPOS="822"/>
            <String HEIGHT="43" WIDTH="89" VPOS="2015" HPOS="778" CONTENT="de" ID="r3l64_6" STYLEREFS="FONT0"/>
            <SP HEIGHT="43" WIDTH="15" VPOS="2015" HPOS="867"/>
            <String HEIGHT="43" WIDTH="179" VPOS="2015" HPOS="822" CONTENT="Chartres" ID="r3l64_7" STYLEREFS="FONT0"/>
            <SP HEIGHT="43" WIDTH="15" VPOS="2015" HPOS="1001"/>
            <String HEIGHT="43" WIDTH="75" VPOS="2015" HPOS="956" CONTENT="à" ID="r3l64_8" STYLEREFS="FONT0"/>
            <SP HEIGHT="43" WIDTH="15" VPOS="2015" HPOS="1031"/>
            <String HEIGHT="43" WIDTH="209" VPOS="2015" HPOS="986" CONTENT="l’assemble" ID="r3l64_9" STYLEREFS="FONT0"/>
            <SP HEIGHT="43" WIDTH="15" VPOS="2015" HPOS="1195"/>
            <String HEIGHT="43" WIDTH="209" VPOS="2015" HPOS="1150" CONTENT="nationale," ID="r3l64_10" STYLEREFS="FONT0"/>
            <SP HEIGHT="43" WIDTH="15" VPOS="2015" HPOS="1359"/>
            <String HEIGHT="43" WIDTH="45" VPOS="2015" HPOS="1299" CONTENT="à" ID="r3l64_11" STYLEREFS="FONT0"/>
          </TextLine>
          <TextLine ID="r3l65" BASELINE="2082" HEIGHT="37" WIDTH="941" VPOS="2045" HPOS="399">
            <String HEIGHT="37" WIDTH="90" VPOS="2045" HPOS="384" CONTENT="la" ID="r3l65_1" STYLEREFS="FONT0"/>
            <SP HEIGHT="37" WIDTH="15" VPOS="2045" HPOS="474"/>
            <String HEIGHT="37" WIDTH="209" VPOS="2045" HPOS="429" CONTENT="convention" ID="r3l65_2" STYLEREFS="FONT0"/>
            <SP HEIGHT="37" WIDTH="15" VPOS="2045" HPOS="638"/>
            <String HEIGHT="37" WIDTH="90" VPOS="2045" HPOS="593" CONTENT="et" ID="r3l65_3" STYLEREFS="FONT0"/>
            <SP HEIGHT="37" WIDTH="15" VPOS="2045" HPOS="683"/>
            <String HEIGHT="37" WIDTH="105" VPOS="2045" HPOS="638" CONTENT="aux" ID="r3l65_4" STYLEREFS="FONT0"/>
            <SP HEIGHT="37" WIDTH="15" VPOS="2045" HPOS="743"/>
            <String HEIGHT="37" WIDTH="224" VPOS="2045" HPOS="698" CONTENT="cinqecents," ID="r3l65_5" STYLEREFS="FONT0"/>
            <SP HEIGHT="37" WIDTH="15" VPOS="2045" HPOS="922"/>
            <String HEIGHT="37" WIDTH="90" VPOS="2045" HPOS="877" CONTENT="au" ID="r3l65_6" STYLEREFS="FONT0"/>
            <SP HEIGHT="37" WIDTH="15" VPOS="2045" HPOS="967"/>
            <String HEIGHT="37" WIDTH="149" VPOS="2045" HPOS="922" CONTENT="peuple" ID="r3l65_7" STYLEREFS="FONT0"/>
            <SP HEIGHT="37" WIDTH="15" VPOS="2045" HPOS="1071"/>
            <String HEIGHT="37" WIDTH="209" VPOS="2045" HPOS="1026" CONTENT="souverain," ID="r3l65_8" STYLEREFS="FONT0"/>
            <SP HEIGHT="37" WIDTH="15" VPOS="2045" HPOS="1235"/>
            <String HEIGHT="37" WIDTH="164" VPOS="2045" HPOS="1176" CONTENT="Héron" ID="r3l65_9" STYLEREFS="FONT2"/>
          </TextLine>
          <TextLine ID="r3l66" BASELINE="2122" HEIGHT="43" WIDTH="948" VPOS="2079" HPOS="394">
            <String HEIGHT="43" WIDTH="161" VPOS="2079" HPOS="378" CONTENT="détenu" ID="r3l66_1" STYLEREFS="FONT0"/>
            <SP HEIGHT="43" WIDTH="16" VPOS="2079" HPOS="539"/>
            <String HEIGHT="43" WIDTH="80" VPOS="2079" HPOS="490" CONTENT="à" ID="r3l66_2" STYLEREFS="FONT0"/>
            <SP HEIGHT="43" WIDTH="16" VPOS="2079" HPOS="571"/>
            <String HEIGHT="43" WIDTH="193" VPOS="2079" HPOS="523" CONTENT="Chartres" ID="r3l66_3" STYLEREFS="FONT0"/>
            <SP HEIGHT="43" WIDTH="16" VPOS="2079" HPOS="715"/>
            <String HEIGHT="43" WIDTH="96" VPOS="2079" HPOS="667" CONTENT="et" ID="r3l66_4" STYLEREFS="FONT0"/>
            <SP HEIGHT="43" WIDTH="16" VPOS="2079" HPOS="764"/>
            <String HEIGHT="43" WIDTH="112" VPOS="2079" HPOS="715" CONTENT="ses" ID="r3l66_5" STYLEREFS="FONT0"/>
            <SP HEIGHT="43" WIDTH="16" VPOS="2079" HPOS="828"/>
            <String HEIGHT="43" WIDTH="129" VPOS="2079" HPOS="780" CONTENT="deux" ID="r3l66_6" STYLEREFS="FONT0"/>
            <SP HEIGHT="43" WIDTH="16" VPOS="2079" HPOS="908"/>
            <String HEIGHT="43" WIDTH="193" VPOS="2079" HPOS="860" CONTENT="mémoires" ID="r3l66_7" STYLEREFS="FONT0"/>
            <SP HEIGHT="43" WIDTH="16" VPOS="2079" HPOS="1053"/>
            <String HEIGHT="43" WIDTH="80" VPOS="2079" HPOS="1005" CONTENT="à" ID="r3l66_8" STYLEREFS="FONT0"/>
            <SP HEIGHT="43" WIDTH="16" VPOS="2079" HPOS="1085"/>
            <String HEIGHT="43" WIDTH="96" VPOS="2079" HPOS="1037" CONTENT="la" ID="r3l66_9" STYLEREFS="FONT0"/>
            <SP HEIGHT="43" WIDTH="16" VPOS="2079" HPOS="1133"/>
            <String HEIGHT="43" WIDTH="241" VPOS="2079" HPOS="1085" CONTENT="convention," ID="r3l66_10" STYLEREFS="FONT0"/>
            <SP HEIGHT="43" WIDTH="16" VPOS="2079" HPOS="1326"/>
            <String HEIGHT="43" WIDTH="80" VPOS="2079" HPOS="1262" CONTENT="six" ID="r3l66_11" STYLEREFS="FONT0"/>
          </TextLine>
          <TextLine ID="r3l67" BASELINE="2165" HEIGHT="47" WIDTH="931" VPOS="2118" HPOS="406">
            <String HEIGHT="47" WIDTH="145" VPOS="2118" HPOS="391" CONTENT="pièces" ID="r3l67_1" STYLEREFS="FONT0"/>
            <SP HEIGHT="47" WIDTH="15" VPOS="2118" HPOS="537"/>
            <String HEIGHT="47" WIDTH="160" VPOS="2118" HPOS="493" CONTENT="signées" ID="r3l67_2" STYLEREFS="FONT0"/>
            <SP HEIGHT="47" WIDTH="15" VPOS="2118" HPOS="653"/>
            <String HEIGHT="47" WIDTH="102" VPOS="2118" HPOS="610" CONTENT="des" ID="r3l67_3" STYLEREFS="FONT0"/>
            <SP HEIGHT="47" WIDTH="15" VPOS="2118" HPOS="711"/>
            <String HEIGHT="47" WIDTH="291" VPOS="2118" HPOS="668" CONTENT="administrateurs," ID="r3l67_4" STYLEREFS="FONT0"/>
            <SP HEIGHT="47" WIDTH="15" VPOS="2118" HPOS="959"/>
            <String HEIGHT="47" WIDTH="102" VPOS="2118" HPOS="915" CONTENT="ans" ID="r3l67_5" STYLEREFS="FONT0"/>
            <SP HEIGHT="47" WIDTH="15" VPOS="2118" HPOS="1017"/>
            <String HEIGHT="47" WIDTH="102" VPOS="2118" HPOS="973" CONTENT="II," ID="r3l67_6" STYLEREFS="FONT0"/>
            <SP HEIGHT="47" WIDTH="15" VPOS="2118" HPOS="1075"/>
            <String HEIGHT="47" WIDTH="102" VPOS="2118" HPOS="1032" CONTENT="HI," ID="r3l67_7" STYLEREFS="FONT0"/>
            <SP HEIGHT="47" WIDTH="15" VPOS="2118" HPOS="1133"/>
            <String HEIGHT="47" WIDTH="116" VPOS="2118" HPOS="1090" CONTENT="IVet" ID="r3l67_8" STYLEREFS="FONT0"/>
            <SP HEIGHT="47" WIDTH="15" VPOS="2118" HPOS="1206"/>
            <String HEIGHT="47" WIDTH="102" VPOS="2118" HPOS="1162" CONTENT="VI," ID="r3l67_9" STYLEREFS="FONT0"/>
            <SP HEIGHT="47" WIDTH="15" VPOS="2118" HPOS="1264"/>
            <String HEIGHT="47" WIDTH="87" VPOS="2118" HPOS="1221" CONTENT="24" ID="r3l67_10" STYLEREFS="FONT0"/>
            <SP HEIGHT="47" WIDTH="15" VPOS="2118" HPOS="1308"/>
            <String HEIGHT="47" WIDTH="87" VPOS="2118" HPOS="1250" CONTENT="piè" SUBS_TYPE="HypPart1" SUBS_CONTENT="pièces" ID="r3l67_11" STYLEREFS="FONT0"/>
            <HYP CONTENT="-"/>
          </TextLine>
          <TextLine ID="r3l68" BASELINE="2197" HEIGHT="47" WIDTH="234" VPOS="2150" HPOS="406">
            <String HEIGHT="47" WIDTH="74" VPOS="2150" HPOS="395" CONTENT="ces" SUBS_TYPE="HypPart2" SUBS_CONTENT="pièces" ID="r3l68_1" STYLEREFS="FONT0"/>
            <SP HEIGHT="47" WIDTH="11" VPOS="2150" HPOS="470"/>
            <String HEIGHT="47" WIDTH="85" VPOS="2150" HPOS="438" CONTENT="in-8" ID="r3l68_2" STYLEREFS="FONT0"/>
            <SP HEIGHT="47" WIDTH="11" VPOS="2150" HPOS="523"/>
            <String HEIGHT="47" WIDTH="64" VPOS="2150" HPOS="491" CONTENT="et" ID="r3l68_3" STYLEREFS="FONT0"/>
            <SP HEIGHT="47" WIDTH="11" VPOS="2150" HPOS="555"/>
            <String HEIGHT="47" WIDTH="96" VPOS="2150" HPOS="523" CONTENT="in-4." ID="r3l68_4" STYLEREFS="FONT0"/>
            <SP HEIGHT="47" WIDTH="11" VPOS="2150" HPOS="619"/>
            <String HEIGHT="47" WIDTH="64" VPOS="2150" HPOS="587" CONTENT="14" ID="r3l68_5" STYLEREFS="FONT0"/>
            <SP HEIGHT="47" WIDTH="11" VPOS="2150" HPOS="651"/>
            <String HEIGHT="47" WIDTH="32" VPOS="2150" HPOS="608" CONTENT="»" ID="r3l68_6" STYLEREFS="FONT0"/>
          </TextLine>
          <TextLine ID="r3l70" BASELINE="2237" HEIGHT="72" WIDTH="936" VPOS="2165" HPOS="403">
            <String HEIGHT="72" WIDTH="99" VPOS="2165" HPOS="389" CONTENT="41." ID="r3l70_1" STYLEREFS="FONT0"/>
            <SP HEIGHT="72" WIDTH="14" VPOS="2165" HPOS="488"/>
            <String HEIGHT="72" WIDTH="156" VPOS="2165" HPOS="446" CONTENT="LOIRÉT." ID="r3l70_2" STYLEREFS="FONT0"/>
            <SP HEIGHT="72" WIDTH="14" VPOS="2165" HPOS="602"/>
            <String HEIGHT="72" WIDTH="142" VPOS="2165" HPOS="559" CONTENT="Voyage" ID="r3l70_3" STYLEREFS="FONT0"/>
            <SP HEIGHT="72" WIDTH="14" VPOS="2165" HPOS="701"/>
            <String HEIGHT="72" WIDTH="113" VPOS="2165" HPOS="658" CONTENT="dans" ID="r3l70_4" STYLEREFS="FONT0"/>
            <SP HEIGHT="72" WIDTH="14" VPOS="2165" HPOS="772"/>
            <String HEIGHT="72" WIDTH="85" VPOS="2165" HPOS="729" CONTENT="cé" ID="r3l70_5" STYLEREFS="FONT0"/>
            <SP HEIGHT="72" WIDTH="14" VPOS="2165" HPOS="814"/>
            <String HEIGHT="72" WIDTH="227" VPOS="2165" HPOS="772" CONTENT="département," ID="r3l70_6" STYLEREFS="FONT0"/>
            <SP HEIGHT="72" WIDTH="14" VPOS="2165" HPOS="999"/>
            <String HEIGHT="72" WIDTH="128" VPOS="2165" HPOS="956" CONTENT="1793," ID="r3l70_7" STYLEREFS="FONT0"/>
            <SP HEIGHT="72" WIDTH="14" VPOS="2165" HPOS="1084"/>
            <String HEIGHT="72" WIDTH="128" VPOS="2165" HPOS="1041" CONTENT="in-8," ID="r3l70_8" STYLEREFS="FONT0"/>
            <SP HEIGHT="72" WIDTH="14" VPOS="2165" HPOS="1169"/>
            <String HEIGHT="72" WIDTH="128" VPOS="2165" HPOS="1126" CONTENT="carte" ID="r3l70_9" STYLEREFS="FONT0"/>
            <SP HEIGHT="72" WIDTH="14" VPOS="2165" HPOS="1254"/>
            <String HEIGHT="72" WIDTH="85" VPOS="2165" HPOS="1211" CONTENT="et" ID="r3l70_10" STYLEREFS="FONT0"/>
            <SP HEIGHT="72" WIDTH="14" VPOS="2165" HPOS="1296"/>
            <String HEIGHT="72" WIDTH="99" VPOS="2165" HPOS="1240" CONTENT="fig.," ID="r3l70_11" STYLEREFS="FONT0"/>
          </TextLine>
          <TextLine ID="r3l71" BASELINE="2269" HEIGHT="42" WIDTH="947" VPOS="2227" HPOS="399">
            <String HEIGHT="42" WIDTH="153" VPOS="2227" HPOS="385" CONTENT="rapporf" ID="r3l71_1" STYLEREFS="FONT0"/>
            <SP HEIGHT="42" WIDTH="14" VPOS="2227" HPOS="538"/>
            <String HEIGHT="42" WIDTH="84" VPOS="2227" HPOS="496" CONTENT="de" ID="r3l71_2" STYLEREFS="FONT0"/>
            <SP HEIGHT="42" WIDTH="14" VPOS="2227" HPOS="580"/>
            <String HEIGHT="42" WIDTH="84" VPOS="2227" HPOS="538" CONTENT="la" ID="r3l71_3" STYLEREFS="FONT0"/>
            <SP HEIGHT="42" WIDTH="14" VPOS="2227" HPOS="622"/>
            <String HEIGHT="42" WIDTH="153" VPOS="2227" HPOS="580" CONTENT="mission" ID="r3l71_4" STYLEREFS="FONT0"/>
            <SP HEIGHT="42" WIDTH="14" VPOS="2227" HPOS="733"/>
            <String HEIGHT="42" WIDTH="84" VPOS="2227" HPOS="691" CONTENT="de" ID="r3l71_5" STYLEREFS="FONT0"/>
            <SP HEIGHT="42" WIDTH="14" VPOS="2227" HPOS="775"/>
            <String HEIGHT="42" WIDTH="237" VPOS="2227" HPOS="733" CONTENT="Lefiot" ID="r3l71_6" STYLEREFS="FONT2"/>
            <SP HEIGHT="42" WIDTH="14" VPOS="2227" HPOS="970"/>
            <String HEIGHT="42" WIDTH="111" VPOS="2227" HPOS="928" CONTENT="dans" ID="r3l71_7" STYLEREFS="FONT0"/>
            <SP HEIGHT="42" WIDTH="14" VPOS="2227" HPOS="1040"/>
            <String HEIGHT="42" WIDTH="84" VPOS="2227" HPOS="998" CONTENT="ce" ID="r3l71_8" STYLEREFS="FONT0"/>
            <SP HEIGHT="42" WIDTH="14" VPOS="2227" HPOS="1081"/>
            <String HEIGHT="42" WIDTH="223" VPOS="2227" HPOS="1040" CONTENT="département," ID="r3l71_9" STYLEREFS="FONT0"/>
            <SP HEIGHT="42" WIDTH="14" VPOS="2227" HPOS="1262"/>
            <String HEIGHT="42" WIDTH="139" VPOS="2227" HPOS="1207" CONTENT="discours" ID="r3l71_10" STYLEREFS="FONT0"/>
          </TextLine>
          <TextLine ID="r3l72" BASELINE="2299" HEIGHT="42" WIDTH="950" VPOS="2257" HPOS="398">
            <String HEIGHT="42" WIDTH="86" VPOS="2257" HPOS="384" CONTENT="de" ID="r3l72_1" STYLEREFS="FONT0"/>
            <SP HEIGHT="42" WIDTH="14" VPOS="2257" HPOS="470"/>
            <String HEIGHT="42" WIDTH="245" VPOS="2257" HPOS="427" CONTENT="Brival" ID="r3l72_2" STYLEREFS="FONT2"/>
            <SP HEIGHT="42" WIDTH="14" VPOS="2257" HPOS="671"/>
            <String HEIGHT="42" WIDTH="86" VPOS="2257" HPOS="628" CONTENT="en" ID="r3l72_3" STYLEREFS="FONT0"/>
            <SP HEIGHT="42" WIDTH="14" VPOS="2257" HPOS="715"/>
            <String HEIGHT="42" WIDTH="173" VPOS="2257" HPOS="671" CONTENT="mission," ID="r3l72_4" STYLEREFS="FONT0"/>
            <SP HEIGHT="42" WIDTH="14" VPOS="2257" HPOS="844"/>
            <String HEIGHT="42" WIDTH="173" VPOS="2257" HPOS="801" CONTENT="discours" ID="r3l72_5" STYLEREFS="FONT0"/>
            <SP HEIGHT="42" WIDTH="14" VPOS="2257" HPOS="974"/>
            <String HEIGHT="42" WIDTH="216" VPOS="2257" HPOS="931" CONTENT="patriotique" ID="r3l72_6" STYLEREFS="FONT0"/>
            <SP HEIGHT="42" WIDTH="14" VPOS="2257" HPOS="1146"/>
            <String HEIGHT="42" WIDTH="173" VPOS="2257" HPOS="1103" CONTENT="prononcé" ID="r3l72_7" STYLEREFS="FONT0"/>
            <SP HEIGHT="42" WIDTH="14" VPOS="2257" HPOS="1276"/>
            <String HEIGHT="42" WIDTH="115" VPOS="2257" HPOS="1233" CONTENT="dans" ID="r3l72_8" STYLEREFS="FONT0"/>
            <SP HEIGHT="42" WIDTH="14" VPOS="2257" HPOS="1348"/>
            <String HEIGHT="42" WIDTH="58" VPOS="2257" HPOS="1290" CONTENT="la" ID="r3l72_9" STYLEREFS="FONT0"/>
          </TextLine>
          <TextLine ID="r3l73" BASELINE="2342" HEIGHT="49" WIDTH="940" VPOS="2293" HPOS="402">
            <String HEIGHT="49" WIDTH="139" VPOS="2293" HPOS="387" CONTENT="yille" ID="r3l73_1" STYLEREFS="FONT0"/>
            <SP HEIGHT="49" WIDTH="15" VPOS="2293" HPOS="525"/>
            <String HEIGHT="49" WIDTH="92" VPOS="2293" HPOS="479" CONTENT="dé" ID="r3l73_2" STYLEREFS="FONT0"/>
            <SP HEIGHT="49" WIDTH="15" VPOS="2293" HPOS="572"/>
            <String HEIGHT="49" WIDTH="139" VPOS="2293" HPOS="525" CONTENT="Toury" ID="r3l73_3" STYLEREFS="FONT0"/>
            <SP HEIGHT="49" WIDTH="15" VPOS="2293" HPOS="664"/>
            <String HEIGHT="49" WIDTH="92" VPOS="2293" HPOS="618" CONTENT="en" ID="r3l73_4" STYLEREFS="FONT0"/>
            <SP HEIGHT="49" WIDTH="15" VPOS="2293" HPOS="710"/>
            <String HEIGHT="49" WIDTH="170" VPOS="2293" HPOS="664" CONTENT="Beauce," ID="r3l73_5" STYLEREFS="FONT0"/>
            <SP HEIGHT="49" WIDTH="15" VPOS="2293" HPOS="833"/>
            <String HEIGHT="49" WIDTH="139" VPOS="2293" HPOS="787" CONTENT="1790," ID="r3l73_6" STYLEREFS="FONT0"/>
            <SP HEIGHT="49" WIDTH="15" VPOS="2293" HPOS="926"/>
            <String HEIGHT="49" WIDTH="123" VPOS="2293" HPOS="880" CONTENT="etc," ID="r3l73_7" STYLEREFS="FONT0"/>
            <SP HEIGHT="49" WIDTH="15" VPOS="2293" HPOS="1003"/>
            <String HEIGHT="49" WIDTH="123" VPOS="2293" HPOS="957" CONTENT="deux" ID="r3l73_8" STYLEREFS="FONT0"/>
            <SP HEIGHT="49" WIDTH="15" VPOS="2293" HPOS="1080"/>
            <String HEIGHT="49" WIDTH="170" VPOS="2293" HPOS="1034" CONTENT="lettres" ID="r3l73_9" STYLEREFS="FONT0"/>
            <SP HEIGHT="49" WIDTH="15" VPOS="2293" HPOS="1203"/>
            <String HEIGHT="49" WIDTH="170" VPOS="2293" HPOS="1157" CONTENT="signées" ID="r3l73_10" STYLEREFS="FONT0"/>
            <SP HEIGHT="49" WIDTH="15" VPOS="2293" HPOS="1327"/>
            <String HEIGHT="49" WIDTH="77" VPOS="2293" HPOS="1265" CONTENT="par" ID="r3l73_11" STYLEREFS="FONT0"/>
          </TextLine>
          <TextLine ID="r3l74" BASELINE="2384" HEIGHT="55" WIDTH="942" VPOS="2329" HPOS="401">
            <String HEIGHT="55" WIDTH="105" VPOS="2329" HPOS="386" CONTENT="les" ID="r3l74_1" STYLEREFS="FONT0"/>
            <SP HEIGHT="55" WIDTH="15" VPOS="2329" HPOS="491"/>
            <String HEIGHT="55" WIDTH="299" VPOS="2329" HPOS="446" CONTENT="administrateurs," ID="r3l74_2" STYLEREFS="FONT0"/>
            <SP HEIGHT="55" WIDTH="15" VPOS="2329" HPOS="745"/>
            <String HEIGHT="55" WIDTH="105" VPOS="2329" HPOS="700" CONTENT="ans" ID="r3l74_3" STYLEREFS="FONT0"/>
            <SP HEIGHT="55" WIDTH="15" VPOS="2329" HPOS="805"/>
            <String HEIGHT="55" WIDTH="90" VPOS="2329" HPOS="760" CONTENT="II" ID="r3l74_4" STYLEREFS="FONT0"/>
            <SP HEIGHT="55" WIDTH="15" VPOS="2329" HPOS="850"/>
            <String HEIGHT="55" WIDTH="90" VPOS="2329" HPOS="805" CONTENT="et" ID="r3l74_5" STYLEREFS="FONT0"/>
            <SP HEIGHT="55" WIDTH="15" VPOS="2329" HPOS="894"/>
            <String HEIGHT="55" WIDTH="105" VPOS="2329" HPOS="850" CONTENT="NI," ID="r3l74_6" STYLEREFS="FONT0"/>
            <SP HEIGHT="55" WIDTH="15" VPOS="2329" HPOS="954"/>
            <String HEIGHT="55" WIDTH="90" VPOS="2329" HPOS="909" CONTENT="18" ID="r3l74_7" STYLEREFS="FONT0"/>
            <SP HEIGHT="55" WIDTH="15" VPOS="2329" HPOS="999"/>
            <String HEIGHT="55" WIDTH="150" VPOS="2329" HPOS="954" CONTENT="pièces" ID="r3l74_8" STYLEREFS="FONT0"/>
            <SP HEIGHT="55" WIDTH="15" VPOS="2329" HPOS="1104"/>
            <String HEIGHT="55" WIDTH="120" VPOS="2329" HPOS="1059" CONTENT="i-8." ID="r3l74_9" STYLEREFS="FONT0"/>
            <SP HEIGHT="55" WIDTH="15" VPOS="2329" HPOS="1179"/>
            <String HEIGHT="55" WIDTH="90" VPOS="2329" HPOS="1134" CONTENT="et" ID="r3l74_10" STYLEREFS="FONT0"/>
            <SP HEIGHT="55" WIDTH="15" VPOS="2329" HPOS="1223"/>
            <String HEIGHT="55" WIDTH="135" VPOS="2329" HPOS="1179" CONTENT="in-4." ID="r3l74_11" STYLEREFS="FONT0"/>
            <SP HEIGHT="55" WIDTH="15" VPOS="2329" HPOS="1313"/>
            <String HEIGHT="55" WIDTH="75" VPOS="2329" HPOS="1268" CONTENT="6" ID="r3l74_12" STYLEREFS="FONT0"/>
            <SP HEIGHT="55" WIDTH="15" VPOS="2329" HPOS="1343"/>
            <String HEIGHT="55" WIDTH="60" VPOS="2329" HPOS="1283" CONTENT="50" ID="r3l74_13" STYLEREFS="FONT0"/>
          </TextLine>
        </TextBlock>
      </PrintSpace>
    </Page>
  </Layout>
</alto>
