1572 2656
844 262 66 51 4

444 298 148 62 Pétition
554 298 111 62 a.
628 298 86 62 s.
677 298 74 62 de
714 298 221 62 Brunet,
899 298 160 62 ingénieur
1022 298 74 62 de
1059 298 197 62 Creit,
1219 298 74 62 au
1243 298 160 62 Directoire;

452 350 180 49 tettre
591 350 83 49 de
632 350 208 49 Dalmus
799 350 125 49 maire
882 350 83 49 de
924 350 194 49 Compiègne,
1076 350 83 49 et
1118 350 125 49 pièce
1201 350 139 49 signée
1298 350 97 49 par
1340 350 69 49 les

448 383 281 48 administrateurs
685 383 89 48 de
729 383 163 48 l’Oise,
847 383 89 48 en
892 383 118 48 l’an
966 383 118 48 VII.
1039 383 89 48 20
1084 383 148 48 pièces
1187 383 133 48 in-8°
1276 383 89 48 et
1306 383 103 48 in

466 431 50 41 /2
491 431 83 41 rog.).
549 431 41 41 8
557 431 33 41 50

451 444 101 61 16.
508 444 145 61 AISNE.
610 444 145 61 Voyage
711 444 116 61 dans
783 444 87 61 ce
827 444 231 61 département,
1015 444 130 61 1792,
1101 444 145 61 in-8°,
1203 444 130 61 carte
1289 444 87 61 et
1318 444 87 61 fig.

447 491 293 49 Pelletier
697 491 88 49 de
741 491 220 49 Neuf-Chatel
917 491 73 49 à
946 491 103 49 ses
1004 491 235 49 concitoyeus,
1195 491 103 49 les
1254 491 161 49 députés
1356 491 59 49 de

448 526 177 49 l’Aisne
577 526 80 49 à
609 526 97 49 la
657 526 241 49 Convention,
850 526 177 49 rapport
979 526 113 49 des
1043 526 257 49 commissaires
1252 526 177 49 envoyés
1365 526 48 49 à

446 561 189 51 Soissons,
592 561 131 51 4792,
679 561 160 51 mémoire
796 561 116 51 pour
869 561 73 51 .
898 561 87 51 a.
941 561 218 51 Poan
1116 561 87 51 de
1145 561 262 51 Château

447 603 133 49 1791,
536 603 222 49 déclaration
713 603 103 49 des
772 603 192 49 chanoines
920 603 89 49 de
965 603 192 49 Soissons,
1112 603 133 49 1790,
1201 603 177 49 discours
1319 603 89 49 pro-

447 628 129 53 noncé
533 628 100 53 sur
590 628 86 53 la
633 628 129 53 place
719 628 86 53 de
762 628 258 53 Briss,
976 628 129 53 1790,
1062 628 143 53 exposé
1162 628 86 53 de
1205 628 86 53 la
1248 628 172 53 conduite
1363 628 57 53 de

458 669 159 43 Rogé
587 669 59 43 de
617 669 159 43 Mence
746 669 59 43 et
775 669 178 43 Billiet
924 669 59 43 de
954 669 248 43 Saint-Quentin,
1172 669 89 43 1793,
1232 669 89 43 trois
1281 669 129 43 bro

445 704 235 42 chures
641 704 157 42 diverses
759 704 131 42 pièces
850 704 91 42 sur
902 704 118 42 Laon,
981 704 157 42 Soissons
1098 704 78 42 et
1138 704 235 42 Saint-Quentin,
1321 704 91 42 etc.,

452 744 186 46 pétition
591 744 201 46 originale
745 744 108 46 des
807 744 139 46 maire
900 744 93 46 et
946 744 170 46 membres
1070 744 93 46 du
1116 744 170 46 conseil
1240 744 93 46 de
1286 744 124 46 Laon
1348 744 62 46 au

446 774 257 54 gouvernement,
658 774 76 54 3
688 774 136 54 pages
779 774 91 54 et
824 774 136 54 demie
915 774 182 54 in-fol.,
1051 774 91 54 17
1096 774 227 54 signatures,
1278 774 76 54 3
1293 774 121 54 pièces

447 814 163 42 signées
566 814 104 42 des
625 814 282 42 administrateurs
863 814 89 42 de
908 814 178 42 l’Aisne,
1042 814 134 42 1791,
1131 814 104 42 ans
1190 814 89 42 VI
1235 814 89 42 et
1279 814 134 42 XIII,
1354 814 59 42 et

461 848 142 44 projet
560 848 156 44 autogr.
674 848 85 44 de
716 848 185 44 Labbey
858 848 85 44 de
901 848 241 44 Pompièrès
1100 848 85 44 du
1142 848 227 44 compte-rendu
1327 848 85 44 de
1355 848 57 44 la

451 889 190 45 situation
597 889 88 45 du
641 889 219 45 département
816 889 88 45 dé
860 889 161 45 l’Aisne
977 889 88 45 en
1021 889 117 45 l’an
1094 889 117 45 XII,
1167 889 73 45 7
1196 889 131 45 pages
1269 889 146 45 in

453 916 73 42 en
489 916 97 42 tout
550 916 73 42 33
586 916 121 42 pièces
671 916 109 42 in-8°
744 916 73 42 et
780 916 109 42 in-4°
853 916 85 42 br.
901 916 73 42 19
926 916 48 42 50

442 937 114 55 17.
507 937 292 55 SEINE-ET-OISE.
750 937 162 55 Voyage
864 937 130 55 dans
945 937 97 55 ce
993 937 260 55 département,
1204 937 146 55 1792,
1285 937 130 55 in

454 982 119 46 carte
533 982 79 46 et
573 982 106 46 fig.
639 982 211 46 compte-rendu
810 982 92 46 par
863 982 264 46 Delacroix
1087 982 79 46 et
1127 982 224 46 Mussêt
1311 982 79 46 de
1338 982 79 46 leur

449 1019 169 46 mission
571 1019 123 46 dans
648 1019 92 46 ce
694 1019 245 46 département,
893 1019 184 46 pétition
1032 1019 77 46 à
1062 1019 92 46 la
1108 1019 215 46 Convention
1277 1019 123 46 pour
1338 1019 77 46 les

454 1053 183 51 habitants
595 1053 85 51 de
637 1053 240 51 Jagny
834 1053 225 51 installation
1017 1053 99 51 des
1074 1053 127 51 juges
1158 1053 85 51 de
1187 1053 225 51 Saint

454 1096 140 38 1790,
548 1096 250 38 compte-rendu
751 1096 94 38 de
798 1096 94 38 ce
845 1096 109 38 qui
907 1096 140 38 s’est
1001 1096 140 38 passé
1094 1096 78 38 à
1125 1096 94 38 la
1172 1096 125 38 fête
1250 1096 172 38 civique
1360 1096 62 38 de

465 1128 253 47 Brunoy
676 1128 169 47 pétition
803 1128 99 47 des
859 1128 225 47 Républicains
1042 1128 84 47 de
1084 1128 253 47 Saint-Germain,
1281 1128 141 47 déclara-

460 1163 111 42 tion
530 1163 97 42 des
585 1163 181 42 habitants
724 1163 83 42 de
766 1163 83 42 la
808 1163 153 42 commune
919 1163 83 42 de
961 1163 209 42 Ris
1128 1163 167 42 adresses
1253 1163 83 42 du
1295 1163 125 42 maire
1364 1163 56 42 de

468 1203 242 36 Taverny
669 1203 94 36 sur
723 1203 81 36 le
763 1203 188 36 fanatisme,
911 1203 161 36 pétition
1032 1203 67 36 à
1058 1203 81 36 la
1099 1203 188 36 Convention
1246 1203 81 36 en
1287 1203 134 36 faveur
1367 1203 54 36 de

459 1228 88 50 21
503 1228 161 50 paysans
621 1228 88 50 de
665 1228 235 50 Saint-Martin
855 1228 88 50 du
899 1228 161 50 Tertre,
1017 1228 205 50 Germain
1178 1228 88 50 de
1208 1228 205 50 Viroffa

453 1273 186 37 dépiité,
593 1273 78 37 à
624 1273 109 37 ses
686 1273 233 37 commettams,
873 1273 155 37 lettre
981 1273 109 37 des
1043 1273 202 37 officiers
1199 1273 217 37 municipaux
1354 1273 62 37 de

466 1306 233 39 Luzarches
666 1306 55 39 à
688 1306 200 39 Gillet
854 1306 122 39 député,
943 1306 111 39 précis
1021 1306 67 39 de
1054 1306 144 39 l’affaire
1165 1306 67 39 de
1198 1306 211 39 Prèsles
1365 1306 55 39 re-

459 1337 232 47 nouvellement
647 1337 101 47 des
705 1337 188 47 autorités
850 1337 87 47 du
893 1337 217 47 département
1067 1337 101 47 par
1125 1337 290 47 Delacroix
1357 1337 58 47 et

461 1373 241 45 Musset
661 1373 120 45 grand
741 1373 134 45 détail
835 1373 80 45 du
875 1373 147 45 pillâge
982 1373 80 45 du
1022 1373 147 45 château
1129 1373 80 45 de
1169 1373 174 45 Chantilly
1303 1373 80 45 et
1330 1373 80 45 pro-

460 1409 207 56 cès-verbal
623 1409 89 56 de
667 1409 89 56 la
712 1409 163 56 visite,
830 1409 133 56 pièce
919 1409 148 56 signée
1022 1409 104 56 par
1082 1409 104 56 les
1141 1409 281 56 administrafeurs
1363 1409 59 56 en

460 1445 99 41 l’an
521 1445 86 41 VI,
571 1445 74 41 en
608 1445 99 41 toût
670 1445 74 41 45
707 1445 124 41 pièces
793 1445 111 41 in-8°
867 1445 74 41 et
904 1445 124 41 in-4°.
991 1445 74 41 15
1016 1445 49 41 50

455 1466 100 59 18.
512 1466 213 59 VERSAILLES.
682 1466 142 59 Motion
782 1466 114 59 d’un
853 1466 156 59 citoyen
967 1466 71 59 à
995 1466 85 59 la
1038 1466 156 59 section
1152 1466 100 59 des
1194 1466 228 59 sans

457 1518 150 41 1793,
558 1518 234 41 découverte
741 1518 117 41 dés
808 1518 234 41 assemblées
992 1518 251 41 ténébreuses
1192 1518 167 41 tenues
1309 1518 84 41 à
1326 1518 100 41 Ver-

455 1554 179 39 sailles,
589 1554 134 39 1790,
679 1554 179 39 pétition
813 1554 75 39 à
843 1554 90 39 la
888 1554 209 39 Convention
1052 1554 104 39 par
1112 1554 90 39 la
1156 1554 164 39 société
1261 1554 164 39 populaire

462 1589 92 43 en
508 1589 154 43 faveur
616 1589 108 43 des
677 1589 170 43 détenus
801 1589 92 43 de
847 1589 92 43 la
893 1589 170 43 commune
1016 1589 92 43 de
1063 1589 262 43 Bonnetles,
1263 1589 154 43 Duchesnc

458 1619 62 45 à
482 1619 237 45 Crassous
682 1619 75 45 en
719 1619 137 45 mission
819 1619 62 45 à
844 1619 187 45 Versailles,
993 1619 199 45 misericordia
1155 1619 75 45 du
1193 1619 112 45 comte
1255 1619 162 45 d'Es

461 1648 225 47 taing
646 1648 145 47 adresse
751 1648 66 47 à
778 1648 79 47 la
817 1648 185 47 Convention
963 1648 106 47 pour
1029 1648 264 47 Raphanel,
1253 1648 185 47 prisonnier
1385 1648 40 47 à

469 1693 201 44 Versailles,
630 1693 121 44 1792,
710 1693 161 44 discours
831 1693 81 44 de
871 1693 269 44 Derubeis
1100 1693 121 44 1792,
1180 1693 228 44 justification
1355 1693 67 44 des

461 1723 139 46 gardes
559 1723 84 46 du
600 1723 139 46 corps,
698 1723 125 46 etc.,
781 1723 84 46 16
823 1723 139 46 pièces
921 1723 125 46 in-8°
1004 1723 84 46 et
1046 1723 125 46 in-4°
1130 1723 97 46 br.
1185 1723 70 46 8
1199 1723 42 46 »

457 1765 112 39 19.
521 1765 305 39 SEINE-ET-MARNE.
778 1765 161 39 Voyage
890 1765 128 39 dans
971 1765 96 39 ce
1019 1765 257 39 département,
1227 1765 144 39 1792,
1308 1765 112 39 carte

465 1793 64 43 et
497 1793 97 43 fig.,
562 1793 193 43 comptes-rendus
723 1793 64 43 de
755 1793 183 43 Dubouchet,
905 1793 172 43 Godefroy
1045 1793 64 43 et
1077 1793 172 43 Isoré
1206 1793 43 43 de

459 1829 126 43 leurs
543 1829 168 43 missions
669 1829 112 43 dans
739 1829 84 43 ce
781 1829 224 43 département,
963 1829 154 43 mémoire
1075 1829 112 43 pour
1145 1829 252 43 Mattei,
1341 1829 84 43 curé

462 1867 86 40 de
505 1867 244 40 Saint-Nicolas
705 1867 86 40 de
748 1867 201 40 Montéreau,
906 1867 143 40 contre
1006 1867 258 40 Lanno,
1221 1867 172 40 pétition
1350 1867 72 40 à
1365 1867 57 40 là

458 1899 209 38 Convention
622 1899 89 38 de
667 1899 268 38 Trouvé,
890 1899 119 38 curé
965 1899 89 38 de
1010 1899 298 38 Moissy-Cramayel,
1248 1899 179 38 expédition

464 1926 93 53 de
510 1926 185 53 Provins,
649 1926 185 53 pétition
788 1926 108 53 des
850 1926 185 53 citoyens
989 1926 93 53 de
1035 1926 232 53 Champdeuil,
1220 1926 108 53 les
1267 1926 154 53 Jacobins

465 1973 85 40 de
507 1973 241 40 Fontainebleau
706 1973 71 40 à
734 1973 85 40 la
776 1973 212 40 Convention,
946 1973 170 40 discours
1074 1973 85 40 de
1116 1973 227 40 Giot,
1286 1973 142 40 patriote

471 2000 146 53 jacobin
577 2000 80 53 de
617 2000 226 53 Melun
802 2000 133 53 procès
895 2000 133 53 verbal
988 2000 93 53 des
1041 2000 133 53 motifs
1134 2000 80 53 de
1174 2000 80 53 la
1214 2000 159 53 seission
1333 2000 80 53 du
1360 2000 66 53 dé-

464 2036 213 54 partement,
631 2036 213 54 réfutation
798 2036 91 54 de
844 2036 91 54 ce
890 2036 274 54 procès-verbal,
1118 2036 122 54 etc.
1194 2036 152 54 Pièces
1285 2036 137 54 signées

460 2073 110 55 par
523 2073 110 55 les
586 2073 299 55 administrateurs
837 2073 94 55 de
885 2073 283 55 Fontainebleau,
1120 2073 94 55 de
1168 2073 141 55 Melun
1262 2073 94 55 et
1309 2073 94 55 du
1340 2073 79 55 dé-

468 2110 186 46 partement,
614 2110 106 46 1793
680 2110 80 46 et
720 2110 80 46 an
759 2110 93 46 IV,
812 2110 80 46 20
852 2110 133 46 pièces
945 2110 119 46 in-8°
1024 2110 80 46 et
1064 2110 133 46 in-4e.
1157 2110 80 46 12
1183 2110 40 46 »

463 2144 108 43 20.
524 2144 217 43 CHAMPAGNE.
695 2144 77 43 —
726 2144 310 43 Ardennes
989 2144 155 43 Voyage
1098 2144 124 43 dans
1175 2144 93 43 ce
1206 2144 217 43 département,

468 2181 116 44 1792,
545 2181 116 44 in-8°
622 2181 116 44 carte
700 2181 77 44 et
738 2181 116 44 fig.,
815 2181 154 44 rapports
931 2181 77 44 de
970 2181 206 44 Carra
1137 2181 219 44 Levnsseur,
1304 2181 116 44 Qui

471 2212 162 43 nette,
595 2212 137 43 Isnard,
694 2212 137 43 Boudin,
794 2212 124 43 Catès,
881 2212 124 43 Perrin
968 2212 75 43 et
1005 2212 187 43 Lacroix
1167 2212 75 43 ur
1192 2212 87 43 leurs

465 2253 183 43 missions
602 2253 122 43 dans
679 2253 92 43 ce
725 2253 245 43 département,
923 2253 107 43 les
985 2253 168 43 députés
1107 2253 107 43 des
1168 2253 183 43 Ardennés
1306 2253 76 43 à
1321 2253 107 43 leurs

471 2285 217 48 collègues,
641 2285 93 48 un
688 2285 155 48 député
796 2285 78 48 à
827 2285 109 48 ses
889 2285 248 48 commettants,
1091 2285 186 48 l’évêque
1230 2285 78 48 à
1261 2285 93 48 la
1292 2285 124 48 Conven

471 2328 132 39 tion,
559 2328 176 39 discours
691 2328 88 39 de
735 2328 88 39 la
779 2328 205 39 députation
940 2328 88 39 de
984 2328 88 39 la
1028 2328 161 39 société
1145 2328 176 39 jacobite
1277 2328 88 39 de
1306 2328 117 39 Sédan,

468 2359 239 57 justification
665 2359 98 57 des
721 2359 267 57 administrateurs
946 2359 197 57 destitués,
1101 2359 155 57 adresse
1213 2359 84 57 de
1255 2359 84 57 la
1297 2359 127 57 ville
1368 2359 56 57 de
