1608 2611
685 191 120 70 13

726 235 48 68 an
750 235 56 68 IV,
782 235 80 68 in-8º,
838 235 72 68 carte
886 235 48 68 et
910 235 72 68 fig.,
958 235 136 68 justification
1071 235 56 68 des
1103 235 104 68 habitants
1183 235 48 68 de
1199 235 72 68 Cusset,

329 295 93 44 les
382 295 146 44 cloches
488 295 79 44 de
527 295 199 44 Mont-Luçon,
686 295 265 44 Forestier
911 295 93 44 tel
964 295 119 44 qu’il
1044 295 106 44 est,
1110 295 93 44 les
1150 295 132 44 citoyens

324 338 88 34 de
368 338 146 34 Cusset
471 338 88 34 et
515 338 88 34 de
558 338 132 34 Vichy
646 338 73 34 à
675 338 88 34 la
719 338 219 34 convention,
895 338 234 34 dénonciation
1085 338 73 34 à
1114 338 88 34 la
1143 338 132 34 conven-

335 366 122 41 tion
411 366 92 41 de
457 366 244 41 l’assassinat
655 366 153 41 commis
762 366 76 41 à
793 366 122 41 Lyon
869 366 107 41 sur
930 366 92 41 32
976 366 183 41 citoyens
1113 366 92 41 de
1144 366 137 41 Moulins

330 394 121 49 sur,
405 394 91 49 la
451 394 181 49 scission
587 394 91 49 du
632 394 242 49 département,
828 394 136 49 etc.;
919 394 181 49 diverses
1055 394 151 49 pièces
1145 394 136 49 signées

325 438 101 42 par
382 438 101 42 les
440 438 288 42 administrateurs,
684 438 115 42 1790
756 438 72 42 à
785 438 115 42 l’an
857 438 101 42 VI,
914 438 86 42 et
958 438 144 42 lettre
1058 438 144 42 signée
1159 438 101 42 par
1202 438 72 42 les

329 467 167 44 membres
450 467 91 44 du
496 467 152 44 gomité
603 467 289 44 révolutionnaire
846 467 91 44 de
892 467 183 44 Moulins;
1029 467 91 44 17
1074 467 152 44 pièces
1181 467 91 44 in
1211 467 61 44 4.

333 507 54 42 et
360 507 90 42 in-8e.
423 507 54 42 12
441 507 27 42 »

263 537 97 44 65.
319 537 278 44 AUNERGNE
555 537 70 44 —
583 537 251 44 Cantal
792 537 139 44 Voyage
889 537 111 44 dans
959 537 84 44 ce
1001 537 223 44 département,
1182 537 84 44 an
1209 537 70 44 IV,

324 576 143 41 in-8°,
424 576 129 41 carte
510 576 86 41 et
553 576 129 41 fig.,
639 576 100 41 les
696 576 172 41 citoyens
825 576 258 41 de-Saint-Flour
1040 576 72 41 à
1068 576 86 41 la
1097 576 186 41 convention,

322 614 176 37 victoire
454 614 103 37 des
513 614 249 37 Auvergnatssur
718 614 103 37 les
777 614 249 37 aristocrates,
983 614 147 37 précis
1085 614 117 37 pour
1159 614 88 37 la
1188 614 88 37 com-

332 648 100 38 mune
394 648 75 38 de
431 648 149 38 Mauriac,
543 648 149 38 discours
655 648 75 38 de
693 648 224 38 Ferluc
879 648 75 38 de
917 648 162 38 Bo
1041 648 112 38 etc.;
1116 648 100 38 deux
1166 648 112 38 lettres

332 674 163 46 signées
451 674 163 46 par-les
569 674 296 46 administrateurs,
820 674 118 46 1794
894 674 89 46 et
939 674 89 46 an
983 674 104 46 IV;
1042 674 89 46 15
1087 674 148 46 pièces
1175 674 104 46 in

339 716 59 41 et
369 716 98 41 in-4e.
437 716 49 41 7
447 716 29 41 »

261 744 117 52 66.
328 744 284 52 PUXY-DE-DOME.
562 744 167 52 Voyage
679 744 134 52 dans
762 744 100 52 ce
812 744 267 52 départemeut,
1030 744 150 52 amIV,
1130 744 150 52 carte
1213 744 67 52 et

329 783 126 42 fig.,
413 783 168 42 diverses
539 783 168 42 adresses
665 783 98 42 des
721 783 168 42 citoyens
846 783 84 42 de
888 783 168 42 Clermont
1014 783 70 42 à
1042 783 210 42 l’assemblée
1210 783 84 42 et
1238 783 42 42 à

332 822 77 41 la
371 822 192 41 conventiôn,
524 822 166 41 pétitions
652 822 77 41 et
690 822 141 41 mémoire
792 822 77 41 de
831 822 217 41 Difon
1010 822 192 41 Bonarme.
1150 822 128 41 Cha

329 850 101 45 ποt;
392 850 151 45 discours
506 850 76 45 de
544 850 227 45 Bancal
733 850 202 45 dénonciation
897 850 88 45 des
948 850 126 45 crimes
1036 850 76 45 de
1061 850 215 45 Monestie

334 884 76 45 de
372 884 202 45 Puy-de-Dôme,
537 884 114 45 etc.;
612 884 114 45 L.
688 884 76 45 a.
726 884 126 45 s.
815 884 76 45 de
852 884 265 45 Vigouroux,
1080 884 152 45 adressée
1194 884 63 45 à
1206 884 76 45 Cou-

335 926 209 39 thon,4793,
499 926 119 39 pour
574 926 105 39 lui
634 926 179 39 demander
768 926 105 39 son
828 926 134 39 appui
918 926 149 39 contre
1022 926 105 39 les
1067 926 209 39 aristocrates

331 963 85 41 de
373 963 313 41 Grandveaux,
643 963 114 41 deux
715 963 142 41 pièces
814 963 156 41 signées
928 963 99 41 par
985 963 99 41 les
1027 963 256 41 administrateurs,

325 994 104 47 4793
390 994 78 47 et
429 994 78 47 an
467 994 91 47 VI.
519 994 78 47 33
558 994 142 47 pièces.
661 994 78 47 12
687 994 65 47 50>

606 1027 73 44 67.
647 1027 135 44 LYONNAIS.
751 1027 52 44 —
772 1027 177 44 Rhône
917 1027 104 44 Voyage
990 1027 83 44 dans
1042 1027 62 44 ce
1073 1027 166 44 département,
1208 1027 62 44 an
1229 1027 52 44 IV,

340 1068 134 36 in-8e,
434 1068 121 36 carte
514 1068 81 36 et
554 1068 121 36 fig.,
635 1068 201 36 description
796 1068 81 36 du
836 1068 201 36 département
997 1068 94 36 par
1037 1068 242 36 Verninac

336 1095 145 49 lettre
437 1095 116 49 d’un
509 1095 174 49 Lyonnais
640 1095 101 49 sur
698 1095 87 49 le
741 1095 159 49 passage
857 1095 87 49 de
900 1095 101 49 Pie
958 1095 116 49 VII,
1031 1095 232 49 proclamation
1205 1095 72 49 des

335 1133 129 46 corps
420 1133 272 46 administratifs,
649 1133 143 46 procès
749 1133 143 46 verbal
849 1133 86 46 de
892 1133 214 46 l’assemblée
1064 1133 86 46 du
1092 1133 186 46 tiers

340 1169 267 47 procès-verbaux
563 1169 89 47 du
608 1169 163 47 conseil
726 1169 89 47 et
771 1169 89 47 de
816 1169 89 47 la
860 1169 253 47 municipalité,
1068 1169 134 47 17935
1142 1169 134 47 délibé-

335 1204 173 42 rations,
464 1204 231 42 ordonnances,
652 1204 188 42 adresses,
796 1204 173 42 arrêtés,
926 1204 159 42 adresse
1042 1204 87 42 de
1085 1204 87 42 la
1128 1204 130 42 vilte
1200 1204 87 42 dans

334 1244 161 42 laquelle
454 1244 107 42 elle
521 1244 161 42 proclame
642 1244 148 42 qu’elle
749 1244 94 42 est
803 1244 80 42 en
843 1244 107 42 état
910 1244 80 42 de
951 1244 188 42 résistance
1085 1244 201 42 àl'op

334 1275 282 47 pression;
574 1275 85 47 la
616 1275 155 47 commune
729 1275 85 47 et
772 1275 85 47 le
814 1275 155 47 conseil
927 1275 85 47 de
969 1275 85 47 la
1012 1275 155 47 commune
1125 1275 71 47 à
1153 1275 99 47 ses
1195 1275 85 47 con-

327 1308 177 44 citoyens.
464 1308 177 44 qu’est-ce
600 1308 123 44 qu’un
682 1308 109 44 cluh
750 1308 68 44 2
777 1308 95 44 par
832 1308 314 44 Grandchamp;
1105 1308 82 44 29
1132 1308 150 44 placards-

333 1342 176 42 affiches
466 1342 88 42 de
510 1342 88 42 la
554 1342 176 42 terreur,
686 1342 132 42 etc.;
774 1342 118 42 plus
847 1342 103 42 des
906 1342 147 42 pièces
1009 1342 220 42 autographes
1171 1342 118 42 toutes

335 1376 161 46 émanées
452 1376 102 46 des
511 1376 175 46 diverses
642 1376 190 46 autorités
788 1376 102 46 des
847 1376 161 46 comités
964 1376 307 46 révolutionnaires,
1212 1376 73 46 des

336 1410 257 43 représentants
548 1410 91 43 du
593 1410 166 43 peuple,
714 1410 136 43 etc.;
805 1410 136 43 parmi
896 1410 106 43 ces
956 1410 151 43 pièces
1062 1410 91 43 on
1107 1410 91 43 en
1138 1410 151 43 remarque

333 1452 97 38 qui
389 1452 111 38 sont
458 1452 153 38 signées
569 1452 97 38 par
625 1452 208 38 Chatier.
792 1452 153 38 Fouché,
903 1452 167 38 Tettier,
1028 1452 167 38 Méautle,
1139 1452 153 38 Char

340 1480 163 50 hier,
463 1480 136 50 Dupuy,
558 1480 204 50 Laporte
722 1480 109 50 etc.
790 1480 163 50 (réunion
912 1480 109 50 très
980 1480 218 50 importante),
1157 1480 95 50 109
1198 1480 82 50 bro-

337 1523 131 40 chures
429 1523 118 40 in-8e
508 1523 79 40 et
547 1523 131 40 in-4°,
639 1523 92 40 130
692 1523 210 40 autographes.
862 1523 79 40 85
889 1523 39 40 »

322 1543 95 59 68.
377 1543 122 59 LYON.
458 1543 149 59 Rapport
566 1543 95 59 sur
620 1543 95 59 les
674 1543 162 59 troubles
796 1543 149 59 arrivés
904 1543 68 59 à
931 1543 122 59 Lyon,
1012 1543 95 59 par
1053 1543 230 59 Taltien;

280 1589 148 46 rapport
387 1589 94 46 sur
441 1589 94 46 les
494 1589 161 46 troubles
615 1589 81 46 de
656 1589 175 46 Lyon,spar
790 1589 296 46 Genet-Bronze,
1045 1589 242 46 Pelzin
1233 1589 54 46 et

340 1620 238 43 Badger;
538 1620 211 43 compte-rendu
709 1620 79 43 de
749 1620 79 43 la
789 1620 145 43 mission
894 1620 79 43 de
934 1620 145 43 Noët
1039 1620 185 43 Pointe
1184 1620 66 43 à
1198 1620 92 43 Lyon,

330 1662 162 39 rapport
448 1662 88 39 de
492 1662 309 39 Chéniersur
757 1662 103 39 les
816 1662 206 39 compagnies
977 1662 88 39 de
1021 1662 147 39 Jésus,
1124 1662 162 39 rapport
1227 1662 59 39 de

337 1693 264 43 Dumolard
559 1693 97 43 sur
615 1693 97 43 les
670 1693 208 43 assassinats
837 1693 139 43 commis
934 1693 69 43 à
962 1693 125 43 Lyon,
1045 1693 125 43 récit
1128 1693 167 43 sanglant
1239 1693 56 43 de

338 1724 92 45 ce
384 1724 107 45 qui
445 1724 138 45 s’est
537 1724 138 45 passé
628 1724 76 45 à
659 1724 138 45 Lyon,
751 1724 153 45 décret
858 1724 107 45 sur
919 1724 92 45 la
965 1724 245 45 conspirafion
1164 1724 92 45 de
1194 1724 92 45 yon,

341 1765 162 41 précédé
459 1765 89 41 du
504 1765 162 41 rapport
622 1765 89 41 de
666 1765 162 41 Voidel;
784 1765 177 41 discours
917 1765 103 41 sur
976 1765 103 41 les
1035 1765 148 41 griefs
1124 1765 162 41 imputés

339 1795 71 49 la
375 1795 202 49 municipalité,
542 1795 143 49 discours
649 1795 71 49 de
685 1795 262 49 Donfeuille,
911 1795 155 49 relations
1030 1795 71 49 de
1054 1795 238 49 Dorfeuille

342 1834 144 44 égorgé
442 1834 115 44 dans
514 1834 101 44 les
572 1834 158 44 prisons
687 1834 86 44 de
730 1834 129 44 Lyon:
816 1834 201 44 Camille
975 1834 201 44 Jordin
1133 1834 72 44 à
1162 1834 101 44 ses
1205 1834 86 44 com-

341 1864 174 42 mettants.
474 1864 80 42 le
514 1864 107 42 Din,
581 1864 107 42 Din,
648 1864 147 42 Dindon,
755 1864 187 42 vaudeville
902 1864 67 42 à
928 1864 187 42 Camille
1062 1864 227 42 Jordanetc.,

335 1904 69 48 25
370 1904 116 48 pièces
451 1904 104 48 in-8°
520 1904 81 48 br.
567 1904 69 48 12
590 1904 46 48 >»

268 1913 107 68 69.
329 1913 137 68 LYON.
420 1913 244 68 Compte-rendu
619 1913 76 68 à
649 1913 92 68 la
695 1913 214 68 convention
863 1913 107 68 par
924 1913 229 68 Maignet,
1092 1913 198 68 Couthon

290 1979 97 40 et
338 1979 290 40 Chaleauneuf
580 1979 241 40 Randon
773 1979 97 40 de
821 1979 129 40 leur
902 1979 177 40 mission
1030 1979 80 40 à
1063 1979 145 40 Lyon,
1143 1979 145 40 compte-

290 2009 133 46 rendu
379 2009 74 46 à
409 2009 89 46 la
453 2009 207 46 convention
616 2009 104 46 par
676 2009 193 46 Dubois
824 2009 222 46 Grancé,
1002 2009 178 46 réponses
1135 2009 89 46 de
1179 2009 89 46 ce
1209 2009 89 46 der-

285 2035 108 53 mier
352 2035 95 53 aux
406 2035 216 53 inculpations
582 2035 81 53 de
622 2035 95 53 ses
676 2035 176 53 collègues
811 2035 243 53 Couthon
1014 2035 81 53 et
1054 2035 257 53 Maignet
1257 2035 41 53 3

342 2078 166 50 parties
463 2078 121 50 près
538 2078 91 50 de
583 2078 106 50 600
644 2078 151 50 pages,
750 2078 166 50 rapport
870 2078 91 50 de
916 2078 151 50 Merlin
1021 2078 91 50 de
1067 2078 211 50 Thionvillé
1218 2078 75 50 sur

343 2112 106 42 les
403 2112 242 42 inculpations
600 2112 151 42 faites
706 2112 76 42 à
737 2112 151 42 Dubois
843 2112 167 42 Grancé,
964 2112 151 42 exposé
1070 2112 91 42 de
1115 2112 91 42 da
1146 2112 151 42 conduite

346 2144 78 44 du
385 2144 143 44 général
489 2144 286 44 Kellermann
736 2144 117 44 1793;
814 2144 91 44 les
866 2144 156 44 sections
983 2144 78 44 de
1022 2144 104 44 byon
1087 2144 65 44 à
1100 2144 195 44 Dubois

273 2181 232 49 Crancé
467 2181 142 49 réponse
570 2181 77 49 de
609 2181 219 49 Barère
790 2181 90 49 aux
841 2181 168 49 calomnies
970 2181 77 49 de
1009 2181 168 49 Dubois
1125 2181 168 49 Crancé

266 2221 180 42 réplique
401 2221 90 42 de
446 2221 90 42 ce
491 2221 165 42 dernier
611 2221 75 42 à
641 2221 270 42 Barère
865 2221 300 42 éclaircissements
1105 2221 195 42 nécessaires

340 2250 116 51 sure
412 2250 145 51 cerqui
513 2250 130 51 s’est
600 2250 130 51 passé
687 2250 72 51 à
716 2250 159 51 commune
832 2250 232 51 affranchie,:
1021 2250 116 51 par.
1079 2250 217 51 Cotlot

338 2286 285 55 d’Herbois,
582 2286 68 55 3
610 2286 149 55 parties
718 2286 203 55 (exemplaire
881 2286 122 55 avecl
962 2286 81 55 la
1003 2286 176 55 signature
1138 2286 81 55 de
1165 2286 136 55 Sieyes),
