1572 2656
747 205 148 73 12

378 257 134 65 trois
467 257 149 65 pièces
572 257 164 65 signées
691 257 104 65 par
750 257 104 65 les
810 257 298 65 administrateurs,
1063 257 134 65 1794,
1152 257 134 65 ansII
1242 257 89 65 et
1272 257 74 65 IV,

386 302 70 49 24
421 302 117 49 pièces
503 302 105 49 in-8.
573 302 70 49 16
596 302 35 49 »

377 326 89 68 57.
428 326 230 68 VENDEE
620 326 128 68 Guerre
709 326 77 68 de
748 326 77 68 la
786 326 128 68 Vendée
875 326 77 68 et
914 326 89 68 des
965 326 153 68 chouans,
1080 326 89 68 par
1118 326 230 68 Lequinio

376 373 84 58 an
418 373 111 58 III,
487 373 139 58 causes
585 373 84 58 de
627 373 84 58 la
669 373 139 58 guerre
766 373 84 58 de
808 373 84 58 la
850 373 153 58 Vendée,
961 373 97 58 par
1017 373 125 58 J.-A.
1100 373 181 58 Viat,
1226 373 125 58 Angers,

383 413 92 51 an
429 413 123 51 III,
505 413 184 51 mémoires
643 413 123 51 pour
720 413 153 51 servir
827 413 77 51 à
858 413 215 51 l’histoire
1027 413 92 51 de
1073 413 92 51 la
1119 413 169 51 Vendée,
1242 413 107 51 par
1288 413 61 51 le

386 448 153 54 général
498 448 265 54 Turreau
721 448 153 54 Evreux,
832 448 84 54 an
874 448 112 54 III,
944 448 112 54 (1re
1013 448 153 54 édit.),
1125 448 153 54 rapport
1236 448 98 54 sur
1278 448 70 54 les

386 483 203 52 évènements
546 483 87 52 de
590 483 87 52 la
633 483 145 52 guerre
735 483 87 52 de
778 483 87 52 la
822 483 160 52 Vendée,
938 483 102 52 par
996 483 261 52 Momoro
1199 483 145 52 campagne

379 521 78 39 du
418 521 142 39 général
521 521 271 39 Westermann
754 521 103 39 dans
818 521 78 39 la
857 521 142 39 Vendée,
960 521 233 39 interrogatoire
1154 521 78 39 de
1180 521 168 39 Wes

381 559 223 42 termann
569 559 70 42 sa
604 559 117 42 lettre
686 559 59 42 à
710 559 223 42 Couthon
897 559 129 42 mémoire
991 559 94 42 pour
1050 559 223 42 Grignon
1226 559 117 42 général-

380 594 238 48 diyisionnaire
576 594 84 48 de
618 594 154 48 l’armée
730 594 84 48 de
772 594 168 48 l’ouest,
899 594 154 48 mémoire
1011 594 196 48 historiqué
1165 594 84 48 et
1193 594 154 48 politique

381 619 98 56 des
437 619 237 56 insurrections
632 619 84 56 de
674 619 167 56 l’ouest,
799 619 98 56 par
855 619 265 56 Mériage
1078 619 98 56 mes
1134 619 125 56 rêves
1218 619 112 56 dans
1273 619 70 56 mon

379 659 140 49 exil,
473 659 93 49 ou
519 659 124 49 coup
597 659 140 49 d’œil
691 659 202 49 politique
846 659 93 49 et
893 659 202 49 militaire
1048 659 109 49 sur
1111 659 93 49 la
1157 659 171 49 Vendée,
1266 659 78 49 par

382 692 269 52 Legros,
608 692 142 52 Blois,
707 692 85 52 an
750 692 113 52 III,
821 692 85 52 10
863 692 142 52 broch.
962 692 85 52 ou
1004 692 113 52 vol.
1075 692 85 52 18
1104 692 42 52 »

369 722 110 60 58.
432 722 251 60 DEUX-SÈVRES.
636 722 157 60 Voyage
745 722 125 60 dans
824 722 94 60 ce
871 722 251 60 département,
1075 722 94 60 an
1122 722 125 60 III,
1200 722 141 60 carte
1278 722 63 60 et

374 764 108 48 fig.
441 764 148 48 Rapport
549 764 81 48 de
589 764 243 48 Gallois
791 764 81 48 et
832 764 283 48 Gensonné,
1074 764 229 48 commissaires,
1250 764 94 48 fêtes

373 797 130 59 dans
454 797 97 59 ce
503 797 260 59 département;
714 797 162 59 quinze
827 797 162 59 pièces
941 797 179 59 émanées
1071 797 114 59 des
1136 797 211 59 auforités
1282 797 65 59 de

383 832 124 47 1794à
466 832 110 47 l’an
535 832 165 47 X,toutes
658 832 151 47 signées
768 832 83 47 et
810 832 124 47 ayant
892 832 83 47 un
933 832 151 47 intérêt
1043 832 138 47 local;
1140 832 124 47 L.
1208 832 138 47 ass

378 873 92 51 du
424 873 169 51 général
546 873 215 51 Gillibert,
715 873 215 51 commandant
883 873 77 51 à
914 873 138 51 Niort
1006 873 92 51 en
1052 873 123 51 l’an
1128 873 107 51 IV;
1190 873 153 51 projet
1282 873 61 51 de

311 904 145 49 lettre
412 904 101 49 sur
470 904 101 49 les
528 904 174 49 troubles
658 904 87 49 de
701 904 203 49 Châtillon,
860 904 72 49 2
889 904 130 49 pages
976 904 174 49 in-fol.;
1106 904 130 49 L.
1179 904 159 49 a.s.

314 945 89 47 de
359 945 313 47 Éasilleau
627 945 119 47 curé
701 945 283 47 constitutionnel
939 945 89 47 de
984 945 208 47 Châtillon,
1148 945 179 47 relative
1267 945 74 47 aux

375 970 180 47 troubles
510 970 120 47 dans
585 970 90 47 ce
630 970 240 47 département;
825 970 75 47 2
855 970 135 47 pages
945 970 90 47 et
990 970 135 47 demie
1080 970 180 47 in-fol.,
1215 970 90 47 et
1245 970 90 47 let-

370 1012 127 38 tres
450 1012 95 38 du
497 1012 159 38 Comité
608 1012 95 38 de
656 1012 143 38 Salut
751 1012 159 38 Public
863 1012 111 38 aux
926 1012 302 38 administrateurs
1180 1012 111 38 des
1228 1012 111 38 Deux-

319 1036 178 56 Sèvres,
448 1036 129 56 pour
529 1036 129 56 leur
609 1036 194 56 annoncer
755 1036 145 56 qu’il
852 1036 81 56 a
884 1036 129 56 pris
965 1036 113 56 des
1029 1036 178 56 mesures
1158 1036 129 56 pour
1223 1036 113 56 faire

380 1077 138 46 cesser
477 1077 97 46 les
532 1077 221 46 brigandages,
712 1077 124 46 cette
795 1077 138 46 lettre
892 1077 97 46 qui
947 1077 69 46 a
975 1077 83 46 en
1016 1077 111 46 tête
1085 1077 97 46 une
1140 1077 180 46 trèsbelle
1265 1077 69 46 vi-

376 1118 154 51 guette,
488 1118 126 51 porte
572 1118 98 51 les
628 1118 196 51 signatures
782 1118 84 51 J.
824 1118 84 51 B.
866 1118 196 51 Louvet.
1020 1118 154 51 Daunou,
1118 1118 224 51 Réveillère

380 1149 207 51 Lepeaux
553 1149 69 51 et
588 1149 207 51 Boissy
760 1149 58 51 6
784 1149 150 51 brochures
899 1149 69 51 et
933 1149 69 51 19
968 1149 184 51 autogtaphes,
1117 1149 58 51 9
1129 1149 46 51 50

299 1179 127 48 59.
371 1179 236 48 AUNIS,
553 1179 236 48 SAINTONGE
734 1179 109 48 ET
788 1179 272 48 ANGOUMOIS.
1006 1179 91 48 —
1024 1179 308 48 Charente

382 1217 138 52 Voyage
479 1217 111 52 dans
548 1217 83 52 ce
590 1217 208 52 département
756 1217 83 52 an
797 1217 83 52 V,
839 1217 125 52 carte
922 1217 83 52 et
963 1217 125 52 fig.;
1033 1217 304 52 Doche

379 1251 72 51 à
407 1251 100 51 ses
465 1251 230 51 concitoyens;
651 1251 158 51 adresse
766 1251 86 51 du
809 1251 129 51 maire
895 1251 86 51 de
938 1251 258 51 Cognac;
1153 1251 172 51 discours
1268 1251 72 51 sur

374 1281 100 56 les
431 1281 199 56 royalistes
587 1281 85 56 de
630 1281 85 56 ce
673 1281 228 56 département,
858 1281 128 56 etc.;
943 1281 142 56 lettre
1043 1281 142 56 signée
1143 1281 100 56 par
1200 1281 100 56 les
1243 1281 85 56 mem-

378 1321 128 56 bres
458 1321 96 56 de
506 1321 96 56 la
554 1321 176 56 société
682 1321 112 56 des
746 1321 128 56 amis
826 1321 96 56 de
873 1321 96 56 la
921 1321 256 56 constitution
1113 1321 224 56 d’Angoulême,

374 1357 181 48 adressée
510 1357 75 48 à
540 1357 196 48 Duportail
690 1357 105 48 sur
751 1357 271 48 l’interdiction
976 1357 105 48 aux
1037 1357 166 48 troupes
1157 1357 90 48 de
1202 1357 136 48 ligne
1278 1357 60 48 de

364 1390 180 58 T’entrée
499 1390 105 58 des
559 1390 165 58 séances
679 1390 195 58 publiques
829 1390 105 58 des
889 1390 180 58 sociétés
1024 1390 225 58 populaires,
1204 1390 90 58 et
1234 1390 105 58 trois

372 1430 153 56 pièces
479 1430 168 56 signées
601 1430 107 56 par
663 1430 107 56 les
724 1430 306 56 administrateurs,
984 1430 92 56 an
1030 1430 107 56 II,
1091 1430 92 56 VI
1137 1430 92 56 et
1183 1430 122 56 VII;
1244 1430 92 56 onze

379 1457 100 46 pièces.
452 1457 45 46 6
461 1457 27 46 »

302 1495 123 61 60.
373 1495 421 61 CHARENTE-INEÉRIEURE.
741 1495 175 61 Voyage
864 1495 140 61 dans
951 1495 105 61 ce
1004 1495 281 61 département;
1232 1495 105 61 an
1267 1495 70 61 V,

365 1538 153 35 carte
467 1538 102 35 et
518 1538 153 35 fig.;
620 1538 204 35 mémoires
773 1538 136 35 pour
859 1538 102 35 la
910 1538 187 35 commune
1046 1538 102 35 de
1080 1538 255 35 St-

370 1568 136 49 gely,
461 1568 136 49 etc.;
551 1568 151 49 lettre
657 1568 151 49 signée
763 1568 106 49 des
824 1568 166 49 membres
945 1568 91 49 de
990 1568 91 49 la
1035 1568 166 49 Société
1156 1568 106 49 des
1217 1568 121 49 amis
1277 1568 61 49 de

367 1603 96 52 la
415 1603 256 52 coustitution
623 1603 96 52 de
671 1603 96 52 La
719 1603 192 52 Rochelle
864 1603 96 52 au
912 1603 192 52 ministre
1056 1603 224 52 Duportail,
1216 1603 112 52 1791,

365 1642 79 45 3
397 1642 142 45 pâges
492 1642 190 45 in-fol.;
634 1642 127 45 cinq
713 1642 174 45 lettres
840 1642 174 45 signées
966 1642 111 45 des
1029 1642 301 45 administrateurs
1267 1642 63 45 de

366 1673 186 54 Saintes,
505 1673 170 54 St-Jean
629 1673 186 54 d’Angely
768 1673 93 54 et
815 1673 93 54 du
861 1673 248 54 département,
1062 1673 139 54 1793,
1155 1673 93 54 an
1202 1673 93 54 V,
1248 1673 93 54 VI
1279 1673 62 54 et

304 1708 110 45 VII;
373 1708 123 45 seize
455 1708 151 45 pièces,
565 1708 123 45 in-8°
647 1708 82 45 et
688 1708 137 45 in-4°.
784 1708 69 45 7
798 1708 55 45 50

296 1738 98 58 61.
352 1738 279 58 LIMOUSIN
589 1738 70 58 —
616 1738 265 58 Corrèze
839 1738 139 58 Voyage
937 1738 111 58 dans
1007 1738 84 58 ce
1048 1738 223 58 département,
1229 1738 84 58 an
1257 1738 70 58 IV,

371 1780 136 45 carte
462 1780 91 45 et
507 1780 182 45 figures;
644 1780 167 45 mémoire
765 1780 106 45 des
826 1780 167 45 députés
947 1780 91 45 de
992 1780 91 45 la
1038 1780 136 45 ville
1129 1780 91 45 de
1174 1780 136 45 Tulle
1250 1780 76 45 re-

296 1815 153 48 latif
398 1815 119 48 aux
466 1815 203 48 troubles
618 1815 102 48 du
669 1815 220 48 Bimousin;
838 1815 203 48 discours
991 1815 102 48 de
1042 1815 136 48 l’un
1127 1815 119 48 des
1177 1815 153 48 commis-

370 1848 127 56 saires
459 1848 140 56 envoyés
561 1848 102 56 dans
625 1848 76 56 ce
663 1848 204 56 département;
829 1848 140 56 arrêtés
930 1848 76 56 de
969 1848 216 56 Brival
1147 1848 76 56 et
1172 1848 153 56 La

372 1885 195 50 not
528 1885 117 50 etc.;
606 1885 104 50 cinq
671 1885 143 50 lettres
775 1885 143 50 signées
878 1885 91 50 des
930 1885 260 50 administrateurs,
1151 1885 78 50 an
1190 1885 78 50 VI
1229 1885 78 50 et
1255 1885 78 50 VII;

366 1917 115 44 quinze
446 1917 126 44 pièces.
538 1917 57 44 6
549 1917 46 44 50

354 1956 117 41 62.
421 1956 284 41 HAUTE-VIENNE.
655 1956 167 41 Voyage
772 1956 134 41 dans
855 1956 100 41 ce
905 1956 267 41 département,
1123 1956 100 41 an
1173 1956 100 41 V,
1206 1956 117 41 in

355 1991 140 47 carte
449 1991 93 47 et
495 1991 186 47 figures;
635 1991 186 47 rapports
774 1991 93 47 de
821 1991 186 47 Chauvin,
961 1991 140 47 Borie
1054 1991 93 47 et
1100 1991 155 47 Bordas
1209 1991 93 47 en
1240 1991 93 47 mis-

358 2026 110 54 sion
427 2026 110 54 dans
496 2026 83 54 ce
538 2026 221 54 département;
717 2026 166 54 rapports
842 2026 83 54 de
883 2026 235 54 Dépere
1076 2026 83 54 et
1104 2026 221 54 Mourer

361 2060 290 54 procès-verbaux
602 2060 97 54 de
651 2060 242 54 l’assemblée
844 2060 242 54 électorale;
1037 2060 161 54 Bordas
1150 2060 81 54 à
1182 2060 113 54 ses
1230 2060 97 54 com-

354 2100 212 53 mettants,
517 2100 195 53 etc.;une
663 2100 163 53 lettre
777 2100 163 53 signée
891 2100 114 53 par
956 2100 114 53 les
1022 2100 309 53 administrateurs
1266 2100 65 53 en

302 2128 112 41 l’an
372 2128 196 41 VII;treize
526 2128 140 41 pièces
625 2128 140 41 in-8e.
723 2128 70 41 7
737 2128 56 41 50

299 2160 106 63 63.
360 2160 137 63 LA
451 2160 167 63 MARCHE.
573 2160 76 63 —
603 2160 243 63 Creuse</i>
801 2160 152 63 Voyage
907 2160 122 63 dans
983 2160 91 63 ce
1029 2160 243 63 département,
1227 2160 91 63 an
1257 2160 76 63 IV,

301 2201 159 55 in-8°,
412 2201 159 55 carte,
524 2201 95 55 et
572 2201 191 55 figures;
715 2201 175 55 rapport
842 2201 111 55 sur
906 2201 111 55 les
969 2201 191 55 notaires
1112 2201 95 55 de
1160 2201 95 55 la
1192 2201 143 55 Creuse;

363 2230 142 50 lettre
462 2230 85 50 de
505 2230 256 50 Laipaud
718 2230 71 50 à
746 2230 99 50 ses
803 2230 227 50 commettants;
988 2230 114 50 deux
1059 2230 142 50 pièces
1158 2230 156 50 signées
1258 2230 71 50 des

351 2268 406 55 administrateurs,
695 2268 122 55 an
756 2268 122 55 II
817 2268 122 55 et
878 2268 142 55 1V;
959 2268 162 55 neuf
1060 2268 223 55 pièces.
1223 2268 101 55 3
1243 2268 81 55 50

288 2305 113 67 64.
352 2305 306 67 BOURBONNAIS.
610 2305 81 67 —
642 2305 290 67 Allier
884 2305 161 67 Voyage
997 2305 129 67 dans
1077 2305 97 67 ce
1109 2305 226 67 département,
