1608 2611
679 204 112 61 17

242 253 103 66 94.
301 253 177 66 COMTÉ
434 253 177 66 DE-FOIX.
566 253 74 66 —
596 253 280 66 Arriège
832 253 147 66 Voyage
935 253 118 66 dans
1009 253 88 66 ce
1038 253 221 66 départemélit,

311 306 79 41 an
350 306 105 41 VII,
416 306 119 41 in-8,
495 306 119 41 carte
574 306 79 41 et
614 306 105 41 fig,
680 306 145 41 adresse
785 306 79 41 de
824 306 79 41 F.
864 306 211 41 Itte,
1035 306 145 41 député-
1140 306 79 41 de
1167 306 92 41 l’Ar-

316 334 143 59 riège,
416 334 72 59 à
445 334 100 59 ses
502 334 229 59 concitoyens,
688 334 129 59 etc.,
774 334 143 59 lettre
875 334 143 59 signée
975 334 100 59 des
1018 334 244 59 administrateurs

322 368 68 45 en
356 368 91 45 l’an
413 368 80 45 VI,
458 368 57 45 7
481 368 125 45 pièces.
572 368 57 45 3
583 368 34 45 »

303 405 98 41 95.
359 405 253 41 ROUSSILLON.
570 405 70 41 —
598 405 210 41 Pyrénées
766 405 267 41 Orientâles
990 405 140 41 Vovage
1089 405 112 41 dans
1159 405 84 41 ce
1187 405 70 41 dé-

315 446 177 51 partement,
454 446 76 51 an
492 446 101 51 VII,
555 446 113 51 carte
631 446 76 51 et
668 446 113 51 fig.,
744 446 151 51 rapports
858 446 76 51 de
895 446 214 51 Buudot,
1059 446 202 51 Espert

315 478 251 45 Cassanyes
529 478 75 45 et
567 478 201 45 Aubry
730 478 75 45 de
768 478 101 45 leur
831 478 138 45 mission
931 478 101 45 dans
994 478 75 45 ce
1032 478 201 45 département,
1183 478 75 45 dis-

303 513 130 56 cours
389 513 87 56 de
432 513 144 56 l’abbé
533 513 274 56 Chiambon
764 513 87 56 au
808 513 115 56 club
880 513 101 56 des
938 513 173 56 Jacobins
1067 513 87 56 de
1111 513 144 56 Paris,
1197 513 58 56 an

309 546 109 53 nom
372 546 93 53 de
418 546 93 53 la
465 546 171 53 société
589 546 93 53 de
635 546 217 53 Perpignan,
806 546 171 53 adresse
930 546 109 53 des
977 546 279 53 administrateurs,

310 586 163 48 rapport
429 586 104 48 des
488 586 208 48 évènements
652 586 163 48 arrivés
770 586 74 48 à
800 586 208 48 Perpignan,
963 586 134 48 etc.,
1052 586 148 48 lettre
1141 586 119 48 signée

314 617 145 46 parles
416 617 276 46 administrateurs
649 617 87 46 en
692 617 116 46 l’an
765 617 87 46 v,
809 617 131 46 l.
896 617 87 46 a
939 617 87 46 s/
983 617 87 46 de
1027 617 189 46 Cassanyes
1157 617 102 46 datée

305 654 82 44 de
346 654 177 44 Briançon,
483 654 82 44 an
524 654 109 44 III,
592 654 109 44 deux
660 654 123 44 pages
742 654 82 44 et
783 654 123 44 demie
865 654 123 44 in-4,
947 654 82 44 20
988 654 136 44 pièces
1069 654 96 44 in

1166 693 74 49 11
1190 693 37 49 »

581 711 67 59 96.
620 711 191 59 PROVENCE
782 711 48 59 —
801 711 267 59 Bouches-du-Rhôné
1040 711 96 59 Voyage
1107 711 76 59 dans
1154 711 57 59 ce
1174 711 76 59 dépar-

316 755 139 51 tement,
418 755 76 51 an
456 755 89 51 IX,
506 755 114 51 in-8,
582 755 114 51 carte
658 755 76 51 et
696 755 114 51 fig.,
772 755 152 51 rapports
887 755 241 51 d'Espert
1089 755 76 51 (3
1115 755 139 51 parties),

317 790 74 54 de
354 790 136 54 Chambon
452 790 74 54 (2
490 790 161 54 parties),
613 790 235 54 d'Auguis
811 790 74 54 et
848 790 222 54 Serres
1033 790 136 54 comptes
1132 790 123 54 reudus
1206 790 49 54 de

312 823 228 54 Chambon
503 823 76 54 et
541 823 228 54 Espert
731 823 101 54 tous
794 823 152 54 relatifs
909 823 63 54 à
934 823 101 54 leur
997 823 140 54 mission
1099 823 101 54 dans
1162 823 76 54 ce
1188 823 63 54 dé-

324 859 177 50 artement,
461 859 150 50 lettres
570 859 82 50 et
611 859 150 50 arrêtés
720 859 218 50 d'Espert,
897 859 164 50 Maignet,
1006 859 246 50 Moise

316 897 243 49 Granet,
521 897 115 49 etc.,
597 897 140 49 réponse
699 897 77 49 de
738 897 217 49 Mauche
916 897 89 49 aux
967 897 115 49 chefs
1044 897 89 49 des
1095 897 166 49 égorgeurs
1210 897 51 49 de

305 925 96 55 la
353 925 177 55 commune
482 925 96 55 de
530 925 209 55 Tarascon,
691 925 193 55 histoire
835 925 96 55 de
883 925 177 55 l’armée
996 925 257 55 départementale

311 965 94 54 des
364 965 283 54 Bouches-du-Rhône,
607 965 94 54 par
661 965 256 54 Michet,
877 965 148 54 lettres
984 965 94 54 sur
1038 965 94 54 les
1092 965 162 54 troubles
1200 965 54 54 de

307 995 83 58 la
349 995 179 58 Provence,
486 995 165 58 discours
610 995 96 58 sur
665 995 83 58 le
707 995 207 58 département
872 995 96 58 par
927 995 220 58 Loys
1106 995 83 58 le
1134 995 124 58 commis-

308 1034 120 51 saire
388 1034 147 51 central
494 1034 67 51 à
521 1034 293 51 Antonnelle
774 1034 187 51 Minvieille
921 1034 67 51 à
947 1034 80 51 la
987 1034 200 51 Convention,
1134 1034 120 51 rapport

316 1064 77 60 de
355 1064 230 60 Cauroy
546 1064 179 60 déposition
686 1064 77 60 de
725 1064 243 60 Scytres
929 1064 115 60 1793,
1005 1064 166 60 rapports,
1120 1064 128 60 motions,

317 1100 169 52 discours
444 1100 85 52 et
486 1100 169 52 opinions
613 1100 169 52 relatifs
740 1100 85 52 au
782 1100 225 52 département,
965 1100 127 52 etc.,
1050 1100 70 52 2
1078 1100 155 52 lettres
1177 1100 70 52 si-

307 1143 189 50 gnées,des
453 1143 291 50 administrateurs;
701 1143 102 50 ans
759 1143 131 50 II'et
846 1143 102 50 VI,
905 1143 87 50 45
948 1143 146 50 pièces
1050 1143 160 50 in-8’et
1152 1143 102 50 in

1168 1181 68 47 24
1190 1181 34 47 »

306 1195 80 69 97.
351 1195 159 69 MARSEILLE.
476 1195 136 69 Rapports
579 1195 68 69 de
613 1195 171 69 Guffrcy,
749 1195 159 69 Barère
874 1195 68 69 et
908 1195 205 69 Clausel
1079 1195 125 69 sur<ri>
1159 1195 45 69 la

301 1242 175 47 situation
435 1242 81 47 dé
476 1242 121 47 cette
557 1242 135 47 ville,
651 1242 94 47 les
705 1242 67 47 3
732 1242 162 47 journées
853 1242 81 47 de
894 1242 189 47 Marseille,
1042 1242 162 47 pétition
1150 1242 54 47 au

304 1280 103 57 nom
363 1280 89 57 de
408 1280 89 57 la
452 1280 163 57 section
570 1280 103 57 XI,
629 1280 89 57 et
674 1280 103 57 des
733 1280 207 57 patriotes,
895 1280 163 57 mémoire
1014 1280 236 57 justificalif
1191 1280 59 57 de

300 1316 228 55 Maillet
491 1316 76 55 et
529 1316 228 55 Giraud
719 1316 76 55 le
757 1316 114 55 noyau
833 1316 76 55 de
871 1316 127 55 pêché,
960 1316 190 55 réclamation
1112 1316 76 55 de
1150 1316 76 55 la
1176 1316 76 55 com-

301 1352 137 50 mune,
392 1352 258 50 délibérations
605 1352 91 50 de
650 1352 106 50 mai
711 1352 137 50 1793,
802 1352 167 50 Rapport
924 1352 91 50 de
954 1352 304 50 Thibaudeau

302 1381 218 58 Scettier.
480 1381 164 58 Chabert,
602 1381 164 58 Meynier,
725 1381 150 58 Sinety,
834 1381 191 58 Pomme,
984 1381 123 58 etc.,
1066 1381 109 58 tous
1121 1381 136 58 relatifs

306 1414 70 54 à
334 1414 85 54 la
376 1414 113 54 dite
447 1414 141 54 ville,
545 1414 183 54 manifeste
686 1414 99 54 des
743 1414 225 54 Marseillais,
926 1414 155 54 tableau
1039 1414 85 54 de
1081 1414 127 54 route
1165 1414 85 54 de
1194 1414 56 54 28

312 1451 215 58 prisonniers
484 1451 86 58 de
527 1451 201 58 Marseille,
684 1451 158 58 réponse
799 1451 86 58 de
842 1451 258 58 Betemps
1057 1451 86 58 au
1100 1451 158 58 tableau
1201 1451 57 58 de

314 1491 133 48 route,
407 1491 173 48 Marseille
540 1491 133 48 sauvée
633 1491 107 48 avec
700 1491 80 48 le
740 1491 120 48 récit
820 1491 80 48 de
860 1491 80 48 la
900 1491 160 48 trahison
1020 1491 80 48 de
1046 1491 200 48 Calvet

301 1528 177 40 adresses
434 1528 192 40 diverses,
582 1528 192 40 relations
730 1528 103 40 des
789 1528 133 40 fêtes
878 1528 237 40 patriotiques
1070 1528 89 40 et
1114 1528 148 40 détail
1203 1528 59 40 de

305 1555 225 57 l’assassinat
488 1555 211 57 d’Albertas,
656 1555 126 57 etc.,
740 1555 140 57 arrêté
839 1555 169 57 original
965 1555 98 57 des
1021 1555 239 57 représentants
1204 1555 56 57 du

313 1592 134 55 peuple
406 1592 67 55 à
433 1592 187 55 Marseille,
580 1592 80 55 au
620 1592 94 55 fI,
673 1592 147 55 portant
780 1592 187 55 nomination
927 1592 80 55 de
967 1592 120 55 F.
1047 1592 187 55 Isoard
1194 1592 67 55 à
1208 1592 53 55 la

305 1629 131 52 place
393 1629 87 52 du
437 1629 189 52 procureur
582 1629 87 52 de
626 1629 87 52 la
670 1629 175 52 commune,
801 1629 131 52 signé
888 1629 204 52 Fréron,
1048 1629 117 52 Paut
1106 1629 146 52 Bar

306 1664 166 56 ras,
427 1664 136 56 Pomme
517 1664 241 56 l’américain,
713 1664 241 56 Charbonnier,
909 1664 241 56 Chambon
1105 1664 136 56 etc.,
1181 1664 75 56 une

300 1695 98 45 page
361 1695 147 45 in-fol.,
471 1695 73 45 35
508 1695 122 45 pièces
593 1695 98 45 in-8
655 1695 73 45 et
691 1695 110 45 in-4.
765 1695 73 45 20
789 1695 37 45 »

241 1726 106 62 98.
301 1726 121 62 AIX.
377 1726 166 62 Mémoire
498 1726 212 62 historique
664 1726 106 62 des
725 1726 197 62 événemens
876 1726 227 62 arrivésdans
1057 1726 136 62 cette
1133 1726 121 62 ville,

301 1766 182 54 adresses,
441 1766 224 54 compte-rendu
623 1766 84 54 et
665 1766 140 54 lettre
763 1766 84 54 du
806 1766 154 54 général
918 1766 168 54 Pujet
1030 1766 224 54 Barbantane

299 1799 96 52 sur
354 1799 206 52 l’événement
519 1799 234 52 d'Aix
712 1799 83 52 la
753 1799 151 52 société
864 1799 179 52 populaire
1001 1799 206 52 montagnarde
1153 1799 96 52 d’Aix

248 1843 64 54 à
274 1843 77 54 la
312 1843 193 54 convention,
467 1843 154 54 discours
582 1843 77 54 de
621 1843 244 54 Gibetin
827 1843 154 54 discours
942 1843 77 54 de
981 1843 244 54 Bunacfie
1187 1843 64 54 à
1200 1843 51 54 la

240 1872 157 42 société
354 1872 228 42 montagnarde,
539 1872 128 42 etc.,
625 1872 86 42 19
668 1872 143 42 pièces
768 1872 114 42 in-8
839 1872 86 42 et
882 1872 128 42 in-4.
968 1872 71 42 6
982 1872 57 42 50

240 1901 106 61 99.
300 1901 151 61 ARLES.
406 1901 151 61 Quatre
511 1901 181 61 rapports
647 1901 106 61 sur
707 1901 106 61 les
768 1901 181 61 troubles
903 1901 90 61 de
948 1901 136 61 cette
1039 1901 136 61 ville
1129 1901 106 61 les
1175 1901 75 61 at-

252 1941 177 61 tentats
380 1941 112 61 des
445 1941 321 61 administrateurs,
717 1941 225 61 découverts
894 1941 112 61 par
942 1941 305 61 Barbaroux,

246 1980 247 41 compte-rendu
446 1980 108 41 sur
508 1980 108 41 les
570 1980 263 41 chiffonnistes
786 1980 185 41 d’Arles,
925 1980 108 41 par
971 1980 263 41 Lagrange

302 2007 223 56 compte-rendu
483 2007 84 56 de
525 2007 251 56 Cafiier
734 2007 98 56 sur
790 2007 98 56 les
846 2007 153 56 mesures
957 2007 139 56 prises
1055 2007 112 56 pour
1111 2007 139 56 prévenir

301 2043 99 52 les
357 2043 170 52 troubles
485 2043 170 52 d’Arles,
612 2043 184 52 adresses,
754 2043 184 52 pétitions
895 2043 85 52 de
938 2043 85 52 la
980 2043 127 52 ville
1065 2043 170 52 d’Arles,
1178 2043 71 52 ob-

306 2081 200 59 servations
463 2081 328 59 d'Antonelle:
748 2081 86 59 il
791 2081 100 59 est
848 2081 128 59 temps
933 2081 86 59 de
976 2081 157 59 parler,
1090 2081 86 59 ou
1119 2081 128 59 mémoire

297 2113 124 50 pour
375 2113 93 50 la
422 2113 171 50 commune
546 2113 186 50 d’Arles,
686 2113 186 50 histoire
826 2113 93 50 du
872 2113 217 50 terrorisme
1043 2113 124 50 dans
1121 2113 93 50 la
1152 2113 93 50 com-

312 2143 111 68 inune
386 2143 148 68 d’Arles,
497 2143 111 68 etc.,
571 2143 111 68 L.
645 2143 161 68 a.s
768 2143 74 68 de
806 2143 148 68 Gabriel,
917 2143 161 68 président
1040 2143 74 68 du
1077 2143 148 68 tribunal
1176 2143 74 68 cor-

302 2187 215 57 rectionnel
470 2187 184 57 d’Arles,
609 2187 92 57 au
655 2187 184 57 ministre
793 2187 92 57 de
839 2187 92 57 la
885 2187 169 57 guerre:
1007 2187 92 57 il
1054 2187 169 57 demande
1161 2187 92 57 avec

298 2218 175 60 instance
430 2218 102 60 des
488 2218 161 60 dragons
605 2218 117 60 pour
678 2218 146 60 purger
781 2218 88 60 le
824 2218 102 60 sol
883 2218 88 60 de
927 2218 88 60 la
970 2218 205 60 république
1131 2218 88 60 de
1160 2218 88 60 tous

303 2250 87 65 les
352 2250 150 65 brigands
465 2250 137 65 (épître
564 2250 100 65 fort
627 2250 174 65 curieuse),
764 2250 100 65 deux
826 2250 112 65 pages
901 2250 112 65 in-4,
975 2250 75 65 18
1000 2250 100 65 pièces

295 2285 77 47 in-8.
347 2285 51 47 11
364 2285 34 47 >»
