1572 2656
763 263 105 62 6

390 301 151 71 pièces,
500 301 138 71 précis
597 301 83 71 de
638 301 83 71 la
679 301 179 71 reddition
817 301 83 71 de
858 301 248 71 Longuy
1064 301 165 71 relation
1188 301 83 71 du
1229 301 124 71 siège
1298 301 55 71 de

397 362 250 47 Longuy
606 362 139 47 exposé
703 362 83 47 de
745 362 83 47 la
787 362 167 47 conduite
912 362 83 47 de
954 362 292 47 Lavergne,
1190 362 167 47 commandant

385 402 119 44 dans
459 402 134 44 cette
548 402 148 44 ville,
652 402 89 44 le
697 402 134 44 maire
786 402 89 44 de
830 402 119 44 Metz
905 402 193 44 destitué,
1053 402 208 44 fédération
1216 402 89 44 de
1246 402 104 44 Metz,

385 429 163 56 adresse
504 429 104 56 des
563 429 148 56 gardes
667 429 207 56 nationales
830 429 89 56 de
874 429 133 56 Metz,
963 429 133 56 etc.,
1052 429 119 56 deux
1126 429 148 56 pièces
1215 429 133 56 signées

381 461 107 57 par
442 461 107 57 les
503 461 306 57 administrateurs,
764 461 107 57 ans
825 461 92 57 IV
871 461 92 57 êt
917 461 107 57 VI,
978 461 92 57 27
1024 461 153 57 pièces
1131 461 123 57 in-8
1208 461 92 57 êt
1239 461 107 57 in

381 501 55 46 br.
413 501 47 46 16
428 501 24 46 »

310 543 111 70 26.
374 543 191 70 MEURTHE.
517 543 159 70 Voyage
628 543 127 70 dans
707 543 95 70 ce
755 543 254 70 département,
961 543 143 70 1792,
1056 543 143 70 carte
1152 543 95 70 et
1183 543 159 70 figures.

386 597 158 45 râpport
500 597 86 45 de
543 597 229 45 Faure
729 597 86 45 en
772 597 158 45 mission
887 597 115 45 dans
958 597 86 45 ce
1001 597 229 45 département,
1173 597 172 45 réfutation

389 634 89 46 de
434 634 89 46 ce
478 634 177 46 rapport,
611 634 177 46 pétition
744 634 103 46 des
803 634 177 46 citoyens
936 634 89 46 de
980 634 148 46 Nancy,
1084 634 89 46 le
1128 634 133 46 maire
1217 634 89 46 de
1247 634 103 46 Nancy

377 663 208 51 injustement
543 663 194 51 incarcéré,
696 663 166 51 pétition
821 663 83 51 de
862 663 152 51 Mathieu
973 663 236 51 Maulon
1167 663 69 51 à
1195 663 83 51 la
1222 663 125 51 société

391 706 209 46 populaire,
555 706 194 46 l’auréole
705 706 164 46 civique
824 706 194 46 présentée
974 706 105 46 par
1033 706 105 46 les
1093 706 254 46 poissonnières
1287 706 60 46 de

387 740 140 39 Nancy,
485 740 168 39 dialogue
611 740 126 39 entre
695 740 210 39 Tranchefétu
863 740 84 39 et
904 740 182 39 Prêtâtout
1044 740 84 39 et
1086 740 280 39 Caramara
1310 740 42 39 à

380 768 89 57 la
425 768 148 57 chasse
529 768 104 57 des
588 768 134 57 trois
677 768 148 57 Colas,
781 768 119 57 près
855 768 148 57 Nancy,
959 768 134 57 1790,
1048 768 134 57 in-8,
1137 768 148 57 papier
1226 768 119 57 vélin;

382 807 105 52 que
442 807 180 52 font-ils
577 807 90 52 en
622 807 150 52 prison
726 807 120 52 pour
801 807 90 52 se
846 807 225 52 désennuyer?
1026 807 105 52 ils
1086 807 90 52 se
1130 807 180 52 battent.
1250 807 90 52 Rap-

391 847 117 47 port
465 847 103 47 sur
523 847 205 47 l’Académie
685 847 88 47 de
729 847 147 47 Nancy,
831 847 132 47 1793,
920 847 103 47 les
978 847 249 47 sans-culottes
1184 847 88 47 de
1228 847 132 47 Nancy
1301 847 44 47 à

371 873 103 48 ila
430 873 221 48 Convention,
607 873 89 48 la
652 873 162 48 société
770 873 192 48 populaire
917 873 103 48 aux
976 873 148 48 autres
1079 873 192 48 sociétés,
1212 873 133 48 tableau

384 911 82 56 de
425 911 82 56 la
467 911 178 56 situation
604 911 178 56 politique
741 911 82 56 de
782 911 137 56 Nancy,
878 911 165 56 discours
1001 911 82 56 de
1042 911 247 56 Febvé,
1234 911 110 56 motion

388 946 92 50 de
434 946 184 50 l’évêque
572 946 92 50 de
618 946 138 50 Nancy
710 946 108 50 sur
772 946 92 50 la
818 946 230 50 suppression
1002 946 108 50 des
1064 946 154 50 ordres
1156 946 184 50 religieux,

378 975 236 59 proclamation
570 975 88 59 de
614 975 236 59 Faure
806 975 103 59 aux
865 975 177 59 habitans
997 975 88 59 de
1041 975 88 59 la
1086 975 177 59 Meurthe,
1218 975 88 59 14
1248 975 88 59 bro-

380 1022 144 40 chures
480 1022 101 40 sur
538 1022 187 40 l’affaire
682 1022 86 40 de
725 1022 130 40 Nancy
811 1022 86 40 et
855 1022 101 40 sur
912 1022 173 40 Bouillé,
1042 1022 158 40 rapport
1157 1022 101 40 sur
1200 1022 144 40 l’arres-

372 1055 140 48 tation
470 1055 84 48 de
512 1055 140 48 divers
610 1055 168 48 citoyens
737 1055 84 48 de
779 1055 140 48 Nancy,
877 1055 154 48 adresse
989 1055 84 48 de
1031 1055 267 48 Trouard
1242 1055 98 48 maire

373 1082 96 50 de
421 1082 305 50 Pont-à-Mousson,
678 1082 176 50 adresse
806 1082 96 50 de
854 1082 96 50 la
902 1082 176 50 commune
1030 1082 96 50 de
1078 1082 144 50 Namur
1175 1082 80 50 à
1207 1082 96 50 la
1239 1082 96 50 Con-

386 1119 173 44 vention,
515 1119 129 44 etc.,
601 1119 115 44 deux
673 1119 144 44 pièces
774 1119 158 44 signées
889 1119 101 44 par
947 1119 101 44 les
1004 1119 288 44 administrateurs,
1249 1119 101 44 ans
1292 1119 43 44 V

380 1157 86 44 et
423 1157 100 44 VI,
480 1157 86 44 et
523 1157 100 44 une
580 1157 172 44 pétition
709 1157 186 44 originale
852 1157 158 44 revêtue
967 1157 86 44 de
1010 1157 86 44 12
1053 1157 200 44 signatures
1210 1157 86 44 du
1239 1157 100 44 maire

373 1187 91 49 et
418 1187 91 49 du
464 1187 167 49 conseil
585 1187 197 49 municipal
736 1187 91 49 de
782 1187 151 49 Nancy,
888 1187 91 49 1/
933 1187 167 49 janvier
1054 1187 136 49 1813,
1145 1187 197 49 présentée
1281 1187 61 49 au

379 1231 152 44 maréchal
493 1231 177 44 Ney
632 1231 126 44 contre
720 1231 76 44 le
758 1231 114 44 sieur
834 1231 227 44 Viriot
1023 1231 177 44 commandant
1162 1231 76 44 la
1200 1231 126 44 place,
1276 1231 63 44 qui

381 1261 87 45 ne
424 1261 130 45 jouit
511 1261 101 45 pas
568 1261 87 45 de
612 1261 87 45 la
655 1261 188 45 confiance
799 1261 188 45 publique,
944 1261 101 45 une
1002 1261 116 45 page
1074 1261 188 45 in-folio,
1218 1261 87 45 58
1247 1261 87 45 piè-

379 1293 87 65 cés
428 1293 99 65 in-8
490 1293 75 65 et
528 1293 112 65 in-4,
602 1293 99 65 br.,
665 1293 87 65 une
714 1293 137 65 rognée.
814 1293 75 65 25
839 1293 37 65 »

363 1354 112 55 27.
427 1354 175 55 VOSGES.
554 1354 160 55 Voyage
666 1354 128 55 dans
746 1354 96 55 ce
794 1354 255 55 département,
1001 1354 144 55 4792,
1097 1354 144 55 in-8,
1192 1354 144 55 carte
1272 1354 64 55 et

368 1389 132 45 fig.,
456 1389 88 45 la
500 1389 190 45 Papillote
646 1389 88 45 ou
690 1389 190 45 mandement
837 1389 88 45 de
880 1389 176 45 l’évêque
1012 1389 88 45 de
1056 1389 249 45 Madon
1246 1389 88 45 rap-

378 1430 123 45 port
455 1430 108 45 des
516 1430 247 45 commissaires
717 1430 170 45 envoyés
840 1430 123 45 dans
917 1430 93 45 ce
964 1430 247 45 département,
1164 1430 154 45 pièces
1257 1430 77 45 re-

381 1469 153 42 latives
493 1469 84 42 au
534 1469 112 42 zèle
604 1469 98 42 des
660 1469 167 42 citoyens
785 1469 98 42 par
841 1469 209 42 François
1008 1469 84 42 de
1050 1469 279 42 Néufchateau
1273 1469 70 42 les

381 1496 169 45 Vosges,
503 1496 138 45 poëme
595 1496 107 45 par
657 1496 92 45 le
703 1496 138 45 même,
795 1496 138 45 etc.,
886 1496 107 45 une
948 1496 138 45 pièce
1040 1496 153 45 signée
1147 1496 107 45 par
1208 1496 107 45 les
1254 1496 77 45 ad-

376 1539 246 38 ministrateurs,
581 1539 82 38 en
622 1539 109 38 l’an
691 1539 82 38 V,
732 1539 82 38 et
773 1539 96 38 une
827 1539 123 38 jolie
909 1539 123 38 L.
991 1539 82 38 a.
1032 1539 137 38 s.
1128 1539 82 38 de
1169 1539 164 38 François
1278 1539 55 38 de

375 1565 216 65 Neufchatéau,
550 1565 95 65 une
604 1565 108 65 page
672 1565 162 65 in-fol.,
793 1565 81 65 13
834 1565 149 65 pièces.
942 1565 68 65 7
955 1565 54 65 50

371 1614 96 61 28.
426 1614 109 61 RHIN
494 1614 136 61 (BAS).
590 1614 136 61 Voyage
685 1614 109 61 dans
753 1614 82 61 ce
794 1614 191 61 départem.,
944 1614 123 61 1792,
1026 1614 123 61 carte
1108 1614 82 61 et
1149 1614 109 61 fig.
1204 1614 136 61 descrip-

374 1664 118 50 tion
448 1664 132 50 dudit
536 1664 236 50 département,
728 1664 88 50 an
772 1664 118 50 VII,
845 1664 132 50 in-8,
934 1664 177 50 rapports
1066 1664 88 50 et
1096 1664 236 50 comptes

374 1704 73 39 de
410 1704 158 39 Blaux,
532 1704 182 39 Couturier,
678 1704 146 39 Dentzel,
787 1704 170 39 Bailly
921 1704 73 39 et
957 1704 231 39 Voidetl
1152 1704 85 39 sur
1200 1704 109 39 leurs
1261 1704 61 39 mis

371 1734 123 46 sions
453 1734 109 46 dans
521 1734 82 46 le
562 1734 177 46 Bas-Rhin,
698 1734 150 46 rapport
807 1734 95 46 sur
862 1734 95 46 les
916 1734 163 46 troubles
1039 1734 82 46 de
1066 1734 259 46 Schelestat

368 1773 171 46 mémoire
493 1773 93 46 de
540 1773 156 46 Guy
648 1773 187 46 Chaumont
788 1773 218 46 Quitry
960 1773 156 46 contre
1069 1773 140 46 Crell
1162 1773 93 46 de
1193 1773 140 46 Trèves,

373 1803 174 43 réception
507 1803 94 43 des
560 1803 174 43 officiers
694 1803 188 43 municipaux
841 1803 80 43 de
882 1803 295 43 Schetestat,
1136 1803 134 43 précis
1230 1803 107 43 pour
1283 1803 54 43 la

378 1835 111 56 ville
452 1835 271 56 d’Haguenau
685 1835 135 56 dernier
784 1835 86 56 cri
833 1835 74 56 de
870 1835 111 56 cette
944 1835 123 56 ville,
1030 1835 135 56 rapport
1129 1835 74 56 de
1153 1835 185 56 Voidel

369 1867 100 50 sur
426 1867 286 50 Haguenau
669 1867 129 50 etc.,
755 1867 100 50 une
812 1867 129 50 pièce
898 1867 143 50 signée
998 1867 100 50 par
1055 1867 100 50 les
1098 1867 243 50 administrateurs

367 1904 78 63 en
406 1904 104 63 l’an
471 1904 91 63 VI,
522 1904 78 63 20
561 1904 130 63 pièces
652 1904 104 63 in-8
717 1904 78 63 et
756 1904 104 63 in-4
820 1904 91 63 br.
872 1904 78 63 12
898 1904 39 63 »

362 1964 104 53 29.
422 1964 223 53 STRASBOURG.
600 1964 163 53 Recheil
718 1964 89 53 de
763 1964 148 53 pièces
867 1964 178 53 authent.
1000 1964 163 53 servant
1119 1964 74 53 à
1149 1964 89 53 la
1193 1964 119 53 rév.
1252 1964 45 53 à

364 2004 204 49 Strasbourg
525 2004 88 49 ou
569 2004 102 49 les
627 2004 131 49 actes
714 2004 102 49 des
773 2004 248 49 représentants
977 2004 88 49 en
1021 2004 160 49 mission
1137 2004 117 49 dans
1210 2004 88 49 le
1239 2004 88 49 Bas-

366 2044 138 39 Rhin,
458 2044 230 39 Strasbourg,
641 2044 138 39 1794,
733 2044 77 39 2
764 2044 122 39 vol.
840 2044 138 39 in-8;
932 2044 153 39 précis
1039 2044 92 39 de
1085 2044 92 39 la
1131 2044 199 39 situation
1269 2044 61 39 de

364 2078 206 41 Strasbourg,
529 2078 110 41 acte
598 2078 220 41 d’accusation
777 2078 138 41 contre
873 2078 83 41 F.
914 2078 275 41 Diétrich,
1148 2078 138 41 précis
1244 2078 83 41 de
1272 2078 55 41 ce

368 2116 96 36 qui
423 2116 123 36 s’est
505 2116 123 36 passé
587 2116 68 36 à
614 2116 191 36 l’élection
764 2116 82 36 du
805 2116 137 36 maire,
901 2116 164 36 relation
1024 2116 82 36 de
1065 2116 82 36 ce
1106 2116 96 36 qui
1160 2116 123 36 s’est
1228 2116 96 36 passé

362 2148 75 52 à
392 2148 211 52 Strasbourg
558 2148 90 52 en
603 2148 136 52 1789,
693 2148 196 52 discours,
844 2148 211 52 pétitions,
1010 2148 181 52 adresses
1145 2148 105 52 des
1190 2148 136 52 députés

368 2181 83 44 et
410 2181 278 44 administrateurs,
646 2181 167 44 discours
772 2181 83 44 de
813 2181 237 44 Bailly
1008 2181 70 44 à
1036 2181 209 44 l’assemblée
1203 2181 97 44 des
1245 2181 83 44 sec-

364 2211 151 47 tions,
469 2211 136 47 etc.,
560 2211 211 47 certificat
726 2211 181 47 original
862 2211 136 47 signé
952 2211 106 47 par
1012 2211 121 47 tous
1088 2211 106 47 les
1148 2211 166 47 membres
1254 2211 75 47 des

362 2254 181 38 conseils
498 2254 317 38 d’administration,
769 2254 106 38 des
829 2254 166 38 troupes
950 2254 196 38 composant
1101 2254 90 38 la
1146 2254 181 38 garnison
1267 2254 60 38 de

364 2285 221 50 Strasbourg,
541 2285 89 50 en
586 2285 118 50 l’an
660 2285 103 50 II,
719 2285 74 50 4
748 2285 133 50 pages
837 2285 177 50 in-fol.,
970 2285 207 50 signatûres
1132 2285 118 50 avec
1206 2285 89 50 le
1235 2285 89 50 visa

363 2324 81 50 du
403 2324 148 50 général
511 2324 242 50 Dièche
712 2324 108 50 deux
780 2324 175 50 pétitions
914 2324 188 50 originâles
1062 2324 94 50 des
1102 2324 229 50 admimistrateurs
