<?xml version='1.0' encoding='UTF8'?>
<alto xmlns:xsi="http://www.w3.org/2001/XMLSchema-instance" xmlns="http://www.loc.gov/standards/alto/ns-v2#" xmlns:page="http://schema.primaresearch.org/PAGE/gts/pagecontent/2013-07-15" xsi:schemaLocation="http://www.loc.gov/standards/alto/ns-v2# http://www.loc.gov/standards/alto/alto.xsd">
  <Description>
    <MeasurementUnit>mm10</MeasurementUnit>
    <sourceImageInformation>
         <fileName>1846_01_LAC_N03_18.jpg</fileName>
      </sourceImageInformation>
    <OCRProcessing ID="IdOcr">
      <ocrProcessingStep>
        <processingDateTime>2020-11-06T13:45:14.704+01:00</processingDateTime>
        <processingSoftware>
               <softwareCreator>CONTRIBUTORS</softwareCreator>
               <softwareName>pdfalto</softwareName>
               <softwareVersion>0.1</softwareVersion>
            </processingSoftware>
      </ocrProcessingStep>
    </OCRProcessing>
  </Description>
  <Styles>
     <TextStyle ID="FONT0" FONTSTYLE=""/>
     <TextStyle ID="FONT1" FONTSTYLE="bold"/>
     <TextStyle ID="FONT2" FONTSTYLE="italics"/>
</Styles>
  <Tags/>
  <Layout>
    <Page ID="Page1" PHYSICAL_IMG_NR="1" HEIGHT="2656" WIDTH="1572">
      <PrintSpace HEIGHT="2656" WIDTH="1572" VPOS="0" HPOS="0">
        <TextBlock ID="r2" HEIGHT="2120" WIDTH="1027" VPOS="276" HPOS="373">
          <TextLine ID="r2l1" BASELINE="314" HEIGHT="66" WIDTH="46" VPOS="248" HPOS="860">
            <String HEIGHT="66" WIDTH="92" VPOS="248" HPOS="814" CONTENT="18" ID="r2l1_1" STYLEREFS="FONT0"/>
          </TextLine>
          <TextLine ID="r2l2" BASELINE="376" HEIGHT="78" WIDTH="1026" VPOS="298" HPOS="367">
            <String HEIGHT="78" WIDTH="128" VPOS="298" HPOS="351" CONTENT="100." ID="r2l2_1" STYLEREFS="FONT0"/>
            <SP HEIGHT="78" WIDTH="16" VPOS="298" HPOS="479"/>
            <String HEIGHT="78" WIDTH="273" VPOS="298" HPOS="431" CONTENT="BASSES-ALPES." ID="r2l2_2" STYLEREFS="FONT0"/>
            <SP HEIGHT="78" WIDTH="16" VPOS="298" HPOS="704"/>
            <String HEIGHT="78" WIDTH="160" VPOS="298" HPOS="656" CONTENT="Voyage" ID="r2l2_3" STYLEREFS="FONT0"/>
            <SP HEIGHT="78" WIDTH="16" VPOS="298" HPOS="816"/>
            <String HEIGHT="78" WIDTH="128" VPOS="298" HPOS="768" CONTENT="dans" ID="r2l2_4" STYLEREFS="FONT0"/>
            <SP HEIGHT="78" WIDTH="16" VPOS="298" HPOS="896"/>
            <String HEIGHT="78" WIDTH="96" VPOS="298" HPOS="848" CONTENT="ce" ID="r2l2_5" STYLEREFS="FONT0"/>
            <SP HEIGHT="78" WIDTH="16" VPOS="298" HPOS="944"/>
            <String HEIGHT="78" WIDTH="257" VPOS="298" HPOS="896" CONTENT="département," ID="r2l2_6" STYLEREFS="FONT0"/>
            <SP HEIGHT="78" WIDTH="16" VPOS="298" HPOS="1153"/>
            <String HEIGHT="78" WIDTH="96" VPOS="298" HPOS="1104" CONTENT="an" ID="r2l2_7" STYLEREFS="FONT0"/>
            <SP HEIGHT="78" WIDTH="16" VPOS="298" HPOS="1201"/>
            <String HEIGHT="78" WIDTH="144" VPOS="298" HPOS="1153" CONTENT="VIII," ID="r2l2_8" STYLEREFS="FONT0"/>
            <SP HEIGHT="78" WIDTH="16" VPOS="298" HPOS="1297"/>
            <String HEIGHT="78" WIDTH="144" VPOS="298" HPOS="1249" CONTENT="carte" ID="r2l2_9" STYLEREFS="FONT0"/>
            <SP HEIGHT="78" WIDTH="16" VPOS="298" HPOS="1393"/>
            <String HEIGHT="78" WIDTH="64" VPOS="298" HPOS="1329" CONTENT="et" ID="r2l2_10" STYLEREFS="FONT0"/>
          </TextLine>
          <TextLine ID="r2l3" BASELINE="400" HEIGHT="45" WIDTH="938" VPOS="355" HPOS="447">
            <String HEIGHT="45" WIDTH="130" VPOS="355" HPOS="433" CONTENT="fig.," ID="r2l3_1" STYLEREFS="FONT0"/>
            <SP HEIGHT="45" WIDTH="14" VPOS="355" HPOS="562"/>
            <String HEIGHT="45" WIDTH="173" VPOS="355" HPOS="519" CONTENT="Savornin" ID="r2l3_2" STYLEREFS="FONT0"/>
            <SP HEIGHT="45" WIDTH="14" VPOS="355" HPOS="692"/>
            <String HEIGHT="45" WIDTH="72" VPOS="355" HPOS="649" CONTENT="à" ID="r2l3_3" STYLEREFS="FONT0"/>
            <SP HEIGHT="45" WIDTH="14" VPOS="355" HPOS="721"/>
            <String HEIGHT="45" WIDTH="101" VPOS="355" HPOS="678" CONTENT="ses" ID="r2l3_4" STYLEREFS="FONT0"/>
            <SP HEIGHT="45" WIDTH="14" VPOS="355" HPOS="779"/>
            <String HEIGHT="45" WIDTH="216" VPOS="355" HPOS="736" CONTENT="commettans," ID="r2l3_5" STYLEREFS="FONT0"/>
            <SP HEIGHT="45" WIDTH="14" VPOS="355" HPOS="952"/>
            <String HEIGHT="45" WIDTH="130" VPOS="355" HPOS="909" CONTENT="etc.," ID="r2l3_6" STYLEREFS="FONT0"/>
            <SP HEIGHT="45" WIDTH="14" VPOS="355" HPOS="1039"/>
            <String HEIGHT="45" WIDTH="87" VPOS="355" HPOS="995" CONTENT="et" ID="r2l3_7" STYLEREFS="FONT0"/>
            <SP HEIGHT="45" WIDTH="14" VPOS="355" HPOS="1082"/>
            <String HEIGHT="45" WIDTH="144" VPOS="355" HPOS="1039" CONTENT="lettre" ID="r2l3_8" STYLEREFS="FONT0"/>
            <SP HEIGHT="45" WIDTH="14" VPOS="355" HPOS="1183"/>
            <String HEIGHT="45" WIDTH="144" VPOS="355" HPOS="1140" CONTENT="signée" ID="r2l3_9" STYLEREFS="FONT0"/>
            <SP HEIGHT="45" WIDTH="14" VPOS="355" HPOS="1284"/>
            <String HEIGHT="45" WIDTH="101" VPOS="355" HPOS="1241" CONTENT="des" ID="r2l3_10" STYLEREFS="FONT0"/>
            <SP HEIGHT="45" WIDTH="14" VPOS="355" HPOS="1342"/>
            <String HEIGHT="45" WIDTH="101" VPOS="355" HPOS="1284" CONTENT="admi" SUBS_TYPE="HypPart1" SUBS_CONTENT="administrateurs," ID="r2l3_11" STYLEREFS="FONT0"/>
            <HYP CONTENT="-"/>
          </TextLine>
          <TextLine ID="r2l7" BASELINE="427" HEIGHT="42" WIDTH="520" VPOS="385" HPOS="446">
            <String HEIGHT="42" WIDTH="203" VPOS="385" HPOS="433" CONTENT="nistrateurs," SUBS_TYPE="HypPart2" SUBS_CONTENT="administrateurs," ID="r2l7_1" STYLEREFS="FONT0"/>
            <SP HEIGHT="42" WIDTH="13" VPOS="385" HPOS="636"/>
            <String HEIGHT="42" WIDTH="76" VPOS="385" HPOS="598" CONTENT="en" ID="r2l7_2" STYLEREFS="FONT0"/>
            <SP HEIGHT="42" WIDTH="13" VPOS="385" HPOS="674"/>
            <String HEIGHT="42" WIDTH="101" VPOS="385" HPOS="636" CONTENT="l’an" ID="r2l7_3" STYLEREFS="FONT0"/>
            <SP HEIGHT="42" WIDTH="13" VPOS="385" HPOS="738"/>
            <String HEIGHT="42" WIDTH="89" VPOS="385" HPOS="700" CONTENT="VI," ID="r2l7_4" STYLEREFS="FONT0"/>
            <SP HEIGHT="42" WIDTH="13" VPOS="385" HPOS="788"/>
            <String HEIGHT="42" WIDTH="101" VPOS="385" HPOS="750" CONTENT="sept" ID="r2l7_5" STYLEREFS="FONT0"/>
            <SP HEIGHT="42" WIDTH="13" VPOS="385" HPOS="852"/>
            <String HEIGHT="42" WIDTH="140" VPOS="385" HPOS="814" CONTENT="pièces." ID="r2l7_6" STYLEREFS="FONT0"/>
            <SP HEIGHT="42" WIDTH="13" VPOS="385" HPOS="953"/>
            <String HEIGHT="42" WIDTH="63" VPOS="385" HPOS="915" CONTENT="3" ID="r2l7_7" STYLEREFS="FONT0"/>
            <SP HEIGHT="42" WIDTH="13" VPOS="385" HPOS="979"/>
            <String HEIGHT="42" WIDTH="38" VPOS="385" HPOS="928" CONTENT="»" ID="r2l7_8" STYLEREFS="FONT0"/>
          </TextLine>
          <TextLine ID="r2l8" BASELINE="469" HEIGHT="44" WIDTH="962" VPOS="425" HPOS="429">
            <String HEIGHT="44" WIDTH="112" VPOS="425" HPOS="415" CONTENT="101." ID="r2l8_1" STYLEREFS="FONT0"/>
            <SP HEIGHT="44" WIDTH="14" VPOS="425" HPOS="527"/>
            <String HEIGHT="44" WIDTH="112" VPOS="425" HPOS="485" CONTENT="VAR." ID="r2l8_2" STYLEREFS="FONT0"/>
            <SP HEIGHT="44" WIDTH="14" VPOS="425" HPOS="596"/>
            <String HEIGHT="44" WIDTH="139" VPOS="425" HPOS="554" CONTENT="Voyage" ID="r2l8_3" STYLEREFS="FONT0"/>
            <SP HEIGHT="44" WIDTH="14" VPOS="425" HPOS="694"/>
            <String HEIGHT="44" WIDTH="112" VPOS="425" HPOS="652" CONTENT="dans" ID="r2l8_4" STYLEREFS="FONT0"/>
            <SP HEIGHT="44" WIDTH="14" VPOS="425" HPOS="764"/>
            <String HEIGHT="44" WIDTH="84" VPOS="425" HPOS="722" CONTENT="ce" ID="r2l8_5" STYLEREFS="FONT0"/>
            <SP HEIGHT="44" WIDTH="14" VPOS="425" HPOS="805"/>
            <String HEIGHT="44" WIDTH="223" VPOS="425" HPOS="764" CONTENT="département," ID="r2l8_6" STYLEREFS="FONT0"/>
            <SP HEIGHT="44" WIDTH="14" VPOS="425" HPOS="987"/>
            <String HEIGHT="44" WIDTH="84" VPOS="425" HPOS="945" CONTENT="an" ID="r2l8_7" STYLEREFS="FONT0"/>
            <SP HEIGHT="44" WIDTH="14" VPOS="425" HPOS="1029"/>
            <String HEIGHT="44" WIDTH="98" VPOS="425" HPOS="987" CONTENT="IX," ID="r2l8_8" STYLEREFS="FONT0"/>
            <SP HEIGHT="44" WIDTH="14" VPOS="425" HPOS="1084"/>
            <String HEIGHT="44" WIDTH="125" VPOS="425" HPOS="1042" CONTENT="carte" ID="r2l8_9" STYLEREFS="FONT0"/>
            <SP HEIGHT="44" WIDTH="14" VPOS="425" HPOS="1168"/>
            <String HEIGHT="44" WIDTH="84" VPOS="425" HPOS="1126" CONTENT="et" ID="r2l8_10" STYLEREFS="FONT0"/>
            <SP HEIGHT="44" WIDTH="14" VPOS="425" HPOS="1210"/>
            <String HEIGHT="44" WIDTH="125" VPOS="425" HPOS="1168" CONTENT="fig.," ID="r2l8_11" STYLEREFS="FONT0"/>
            <SP HEIGHT="44" WIDTH="14" VPOS="425" HPOS="1293"/>
            <String HEIGHT="44" WIDTH="84" VPOS="425" HPOS="1252" CONTENT="12" ID="r2l8_12" STYLEREFS="FONT0"/>
            <SP HEIGHT="44" WIDTH="14" VPOS="425" HPOS="1335"/>
            <String HEIGHT="44" WIDTH="112" VPOS="425" HPOS="1279" CONTENT="repré" SUBS_TYPE="HypPart1" SUBS_CONTENT="représentans" ID="r2l8_13" STYLEREFS="FONT0"/>
            <HYP CONTENT="-"/>
          </TextLine>
          <TextLine ID="r2l10" BASELINE="499" HEIGHT="49" WIDTH="947" VPOS="450" HPOS="445">
            <String HEIGHT="49" WIDTH="143" VPOS="450" HPOS="432" CONTENT="sentans" SUBS_TYPE="HypPart2" SUBS_CONTENT="représentans" ID="r2l10_1" STYLEREFS="FONT0"/>
            <SP HEIGHT="49" WIDTH="13" VPOS="450" HPOS="575"/>
            <String HEIGHT="49" WIDTH="143" VPOS="450" HPOS="536" CONTENT="détenus" ID="r2l10_2" STYLEREFS="FONT0"/>
            <SP HEIGHT="49" WIDTH="13" VPOS="450" HPOS="679"/>
            <String HEIGHT="49" WIDTH="65" VPOS="450" HPOS="640" CONTENT="à" ID="r2l10_3" STYLEREFS="FONT0"/>
            <SP HEIGHT="49" WIDTH="13" VPOS="450" HPOS="704"/>
            <String HEIGHT="49" WIDTH="285" VPOS="450" HPOS="666" CONTENT="Port-Libre" ID="r2l10_4" STYLEREFS="FONT2"/>
            <SP HEIGHT="49" WIDTH="13" VPOS="450" HPOS="951"/>
            <String HEIGHT="49" WIDTH="156" VPOS="450" HPOS="912" CONTENT="pétition" ID="r2l10_5" STYLEREFS="FONT0"/>
            <SP HEIGHT="49" WIDTH="13" VPOS="450" HPOS="1068"/>
            <String HEIGHT="49" WIDTH="78" VPOS="450" HPOS="1029" CONTENT="de" ID="r2l10_6" STYLEREFS="FONT0"/>
            <SP HEIGHT="49" WIDTH="13" VPOS="450" HPOS="1107"/>
            <String HEIGHT="49" WIDTH="246" VPOS="450" HPOS="1068" CONTENT="Lombard" ID="r2l10_7" STYLEREFS="FONT2"/>
            <SP HEIGHT="49" WIDTH="13" VPOS="450" HPOS="1314"/>
            <String HEIGHT="49" WIDTH="130" VPOS="450" HPOS="1262" CONTENT="relative" ID="r2l10_8" STYLEREFS="FONT0"/>
          </TextLine>
          <TextLine ID="r2l11" BASELINE="537" HEIGHT="49" WIDTH="948" VPOS="488" HPOS="438">
            <String HEIGHT="49" WIDTH="71" VPOS="488" HPOS="424" CONTENT="à" ID="r2l11_1" STYLEREFS="FONT0"/>
            <SP HEIGHT="49" WIDTH="14" VPOS="488" HPOS="495"/>
            <String HEIGHT="49" WIDTH="85" VPOS="488" HPOS="452" CONTENT="la" ID="r2l11_2" STYLEREFS="FONT0"/>
            <SP HEIGHT="49" WIDTH="14" VPOS="488" HPOS="537"/>
            <String HEIGHT="49" WIDTH="198" VPOS="488" HPOS="495" CONTENT="démolition" ID="r2l11_3" STYLEREFS="FONT0"/>
            <SP HEIGHT="49" WIDTH="14" VPOS="488" HPOS="693"/>
            <String HEIGHT="49" WIDTH="85" VPOS="488" HPOS="650" CONTENT="du" ID="r2l11_4" STYLEREFS="FONT0"/>
            <SP HEIGHT="49" WIDTH="14" VPOS="488" HPOS="735"/>
            <String HEIGHT="49" WIDTH="113" VPOS="488" HPOS="693" CONTENT="fort" ID="r2l11_5" STYLEREFS="FONT0"/>
            <SP HEIGHT="49" WIDTH="14" VPOS="488" HPOS="806"/>
            <String HEIGHT="49" WIDTH="255" VPOS="488" HPOS="763" CONTENT="Flayosc" ID="r2l11_6" STYLEREFS="FONT2"/>
            <SP HEIGHT="49" WIDTH="14" VPOS="488" HPOS="1018"/>
            <String HEIGHT="49" WIDTH="170" VPOS="488" HPOS="976" CONTENT="discours" ID="r2l11_7" STYLEREFS="FONT0"/>
            <SP HEIGHT="49" WIDTH="14" VPOS="488" HPOS="1145"/>
            <String HEIGHT="49" WIDTH="99" VPOS="488" HPOS="1103" CONTENT="sur" ID="r2l11_8" STYLEREFS="FONT0"/>
            <SP HEIGHT="49" WIDTH="14" VPOS="488" HPOS="1202"/>
            <String HEIGHT="49" WIDTH="85" VPOS="488" HPOS="1160" CONTENT="la" ID="r2l11_9" STYLEREFS="FONT0"/>
            <SP HEIGHT="49" WIDTH="14" VPOS="488" HPOS="1245"/>
            <String HEIGHT="49" WIDTH="184" VPOS="488" HPOS="1202" CONTENT="situation" ID="r2l11_10" STYLEREFS="FONT0"/>
            <SP HEIGHT="49" WIDTH="14" VPOS="488" HPOS="1386"/>
            <String HEIGHT="49" WIDTH="57" VPOS="488" HPOS="1329" CONTENT="du" ID="r2l11_11" STYLEREFS="FONT0"/>
          </TextLine>
          <TextLine ID="r2l12" BASELINE="578" HEIGHT="46" WIDTH="949" VPOS="532" HPOS="443">
            <String HEIGHT="46" WIDTH="114" VPOS="532" HPOS="430" CONTENT="Midi," ID="r2l12_1" STYLEREFS="FONT0"/>
            <SP HEIGHT="46" WIDTH="13" VPOS="532" HPOS="544"/>
            <String HEIGHT="46" WIDTH="139" VPOS="532" HPOS="506" CONTENT="rapport" ID="r2l12_2" STYLEREFS="FONT0"/>
            <SP HEIGHT="46" WIDTH="13" VPOS="532" HPOS="645"/>
            <String HEIGHT="46" WIDTH="240" VPOS="532" HPOS="607" CONTENT="d'Auguis" ID="r2l12_3" STYLEREFS="FONT2"/>
            <SP HEIGHT="46" WIDTH="13" VPOS="532" HPOS="848"/>
            <String HEIGHT="46" WIDTH="76" VPOS="532" HPOS="810" CONTENT="et" ID="r2l12_4" STYLEREFS="FONT0"/>
            <SP HEIGHT="46" WIDTH="13" VPOS="532" HPOS="886"/>
            <String HEIGHT="46" WIDTH="215" VPOS="532" HPOS="848" CONTENT="Serres" ID="r2l12_5" STYLEREFS="FONT2"/>
            <SP HEIGHT="46" WIDTH="13" VPOS="532" HPOS="1063"/>
            <String HEIGHT="46" WIDTH="139" VPOS="532" HPOS="1025" CONTENT="envoyés" ID="r2l12_6" STYLEREFS="FONT0"/>
            <SP HEIGHT="46" WIDTH="13" VPOS="532" HPOS="1164"/>
            <String HEIGHT="46" WIDTH="101" VPOS="532" HPOS="1126" CONTENT="dans" ID="r2l12_7" STYLEREFS="FONT0"/>
            <SP HEIGHT="46" WIDTH="13" VPOS="532" HPOS="1228"/>
            <String HEIGHT="46" WIDTH="76" VPOS="532" HPOS="1190" CONTENT="ce" ID="r2l12_8" STYLEREFS="FONT0"/>
            <SP HEIGHT="46" WIDTH="13" VPOS="532" HPOS="1265"/>
            <String HEIGHT="46" WIDTH="177" VPOS="532" HPOS="1215" CONTENT="département," ID="r2l12_9" STYLEREFS="FONT0"/>
          </TextLine>
          <TextLine ID="r2l14" BASELINE="610" HEIGHT="43" WIDTH="941" VPOS="567" HPOS="444">
            <String HEIGHT="43" WIDTH="166" VPOS="567" HPOS="430" CONTENT="pétition" ID="r2l14_1" STYLEREFS="FONT0"/>
            <SP HEIGHT="43" WIDTH="14" VPOS="567" HPOS="596"/>
            <String HEIGHT="43" WIDTH="83" VPOS="567" HPOS="555" CONTENT="et" ID="r2l14_2" STYLEREFS="FONT0"/>
            <SP HEIGHT="43" WIDTH="14" VPOS="567" HPOS="638"/>
            <String HEIGHT="43" WIDTH="152" VPOS="567" HPOS="596" CONTENT="mémoire" ID="r2l14_3" STYLEREFS="FONT0"/>
            <SP HEIGHT="43" WIDTH="14" VPOS="567" HPOS="748"/>
            <String HEIGHT="43" WIDTH="83" VPOS="567" HPOS="707" CONTENT="de" ID="r2l14_4" STYLEREFS="FONT0"/>
            <SP HEIGHT="43" WIDTH="14" VPOS="567" HPOS="790"/>
            <String HEIGHT="43" WIDTH="83" VPOS="567" HPOS="748" CONTENT="la" ID="r2l14_5" STYLEREFS="FONT0"/>
            <SP HEIGHT="43" WIDTH="14" VPOS="567" HPOS="831"/>
            <String HEIGHT="43" WIDTH="125" VPOS="567" HPOS="790" CONTENT="ville" ID="r2l14_6" STYLEREFS="FONT0"/>
            <SP HEIGHT="43" WIDTH="14" VPOS="567" HPOS="914"/>
            <String HEIGHT="43" WIDTH="83" VPOS="567" HPOS="873" CONTENT="de" ID="r2l14_7" STYLEREFS="FONT0"/>
            <SP HEIGHT="43" WIDTH="14" VPOS="567" HPOS="956"/>
            <String HEIGHT="43" WIDTH="291" VPOS="567" HPOS="915" CONTENT="Draguignan" ID="r2l14_8" STYLEREFS="FONT2"/>
            <SP HEIGHT="43" WIDTH="14" VPOS="567" HPOS="1205"/>
            <String HEIGHT="43" WIDTH="97" VPOS="567" HPOS="1164" CONTENT="aux" ID="r2l14_9" STYLEREFS="FONT0"/>
            <SP HEIGHT="43" WIDTH="14" VPOS="567" HPOS="1260"/>
            <String HEIGHT="43" WIDTH="111" VPOS="567" HPOS="1219" CONTENT="cinq" ID="r2l14_10" STYLEREFS="FONT0"/>
            <SP HEIGHT="43" WIDTH="14" VPOS="567" HPOS="1330"/>
            <String HEIGHT="43" WIDTH="111" VPOS="567" HPOS="1274" CONTENT="cents," ID="r2l14_11" STYLEREFS="FONT0"/>
          </TextLine>
          <TextLine ID="r2l16" BASELINE="647" HEIGHT="52" WIDTH="941" VPOS="595" HPOS="444">
            <String HEIGHT="52" WIDTH="269" VPOS="595" HPOS="429" CONTENT="procès-verbaux" ID="r2l16_1" STYLEREFS="FONT0"/>
            <SP HEIGHT="52" WIDTH="15" VPOS="595" HPOS="698"/>
            <String HEIGHT="52" WIDTH="90" VPOS="595" HPOS="653" CONTENT="de" ID="r2l16_2" STYLEREFS="FONT0"/>
            <SP HEIGHT="52" WIDTH="15" VPOS="595" HPOS="743"/>
            <String HEIGHT="52" WIDTH="224" VPOS="595" HPOS="698" CONTENT="l’assemblée" ID="r2l16_3" STYLEREFS="FONT0"/>
            <SP HEIGHT="52" WIDTH="15" VPOS="595" HPOS="922"/>
            <String HEIGHT="52" WIDTH="209" VPOS="595" HPOS="877" CONTENT="électorale" ID="r2l16_4" STYLEREFS="FONT0"/>
            <SP HEIGHT="52" WIDTH="15" VPOS="595" HPOS="1086"/>
            <String HEIGHT="52" WIDTH="90" VPOS="595" HPOS="1041" CONTENT="du" ID="r2l16_5" STYLEREFS="FONT0"/>
            <SP HEIGHT="52" WIDTH="15" VPOS="595" HPOS="1131"/>
            <String HEIGHT="52" WIDTH="119" VPOS="595" HPOS="1086" CONTENT="Var," ID="r2l16_6" STYLEREFS="FONT0"/>
            <SP HEIGHT="52" WIDTH="15" VPOS="595" HPOS="1206"/>
            <String HEIGHT="52" WIDTH="90" VPOS="595" HPOS="1161" CONTENT="la" ID="r2l16_7" STYLEREFS="FONT0"/>
            <SP HEIGHT="52" WIDTH="15" VPOS="595" HPOS="1251"/>
            <String HEIGHT="52" WIDTH="164" VPOS="595" HPOS="1206" CONTENT="société" ID="r2l16_8" STYLEREFS="FONT0"/>
            <SP HEIGHT="52" WIDTH="15" VPOS="595" HPOS="1370"/>
            <String HEIGHT="52" WIDTH="75" VPOS="595" HPOS="1310" CONTENT="po" SUBS_TYPE="HypPart1" SUBS_CONTENT="populaire" ID="r2l16_9" STYLEREFS="FONT0"/>
            <HYP CONTENT="-"/>
          </TextLine>
          <TextLine ID="r2l17" BASELINE="678" HEIGHT="47" WIDTH="932" VPOS="631" HPOS="446">
            <String HEIGHT="47" WIDTH="160" VPOS="631" HPOS="431" CONTENT="pulaire" SUBS_TYPE="HypPart2" SUBS_CONTENT="populaire" ID="r2l17_1" STYLEREFS="FONT0"/>
            <SP HEIGHT="47" WIDTH="15" VPOS="631" HPOS="592"/>
            <String HEIGHT="47" WIDTH="189" VPOS="631" HPOS="548" CONTENT="régénérée" ID="r2l17_2" STYLEREFS="FONT0"/>
            <SP HEIGHT="47" WIDTH="15" VPOS="631" HPOS="737"/>
            <String HEIGHT="47" WIDTH="87" VPOS="631" HPOS="694" CONTENT="de" ID="r2l17_3" STYLEREFS="FONT0"/>
            <SP HEIGHT="47" WIDTH="15" VPOS="631" HPOS="781"/>
            <String HEIGHT="47" WIDTH="204" VPOS="631" HPOS="737" CONTENT="Draguignan" ID="r2l17_4" STYLEREFS="FONT0"/>
            <SP HEIGHT="47" WIDTH="15" VPOS="631" HPOS="941"/>
            <String HEIGHT="47" WIDTH="73" VPOS="631" HPOS="897" CONTENT="à" ID="r2l17_5" STYLEREFS="FONT0"/>
            <SP HEIGHT="47" WIDTH="15" VPOS="631" HPOS="970"/>
            <String HEIGHT="47" WIDTH="87" VPOS="631" HPOS="927" CONTENT="la" ID="r2l17_6" STYLEREFS="FONT0"/>
            <SP HEIGHT="47" WIDTH="15" VPOS="631" HPOS="1014"/>
            <String HEIGHT="47" WIDTH="218" VPOS="631" HPOS="970" CONTENT="convention," ID="r2l17_7" STYLEREFS="FONT0"/>
            <SP HEIGHT="47" WIDTH="15" VPOS="631" HPOS="1189"/>
            <String HEIGHT="47" WIDTH="131" VPOS="631" HPOS="1145" CONTENT="etc.," ID="r2l17_8" STYLEREFS="FONT0"/>
            <SP HEIGHT="47" WIDTH="15" VPOS="631" HPOS="1276"/>
            <String HEIGHT="47" WIDTH="131" VPOS="631" HPOS="1232" CONTENT="trois" ID="r2l17_9" STYLEREFS="FONT0"/>
            <SP HEIGHT="47" WIDTH="15" VPOS="631" HPOS="1363"/>
            <String HEIGHT="47" WIDTH="73" VPOS="631" HPOS="1305" CONTENT="let" ID="r2l17_10" STYLEREFS="FONT0"/>
          </TextLine>
          <TextLine ID="r2l18" BASELINE="712" HEIGHT="43" WIDTH="944" VPOS="669" HPOS="444">
            <String HEIGHT="43" WIDTH="116" VPOS="669" HPOS="429" CONTENT="tres" ID="r2l18_1" STYLEREFS="FONT0"/>
            <SP HEIGHT="43" WIDTH="15" VPOS="669" HPOS="546"/>
            <String HEIGHT="43" WIDTH="160" VPOS="669" HPOS="502" CONTENT="signées" ID="r2l18_2" STYLEREFS="FONT0"/>
            <SP HEIGHT="43" WIDTH="15" VPOS="669" HPOS="662"/>
            <String HEIGHT="43" WIDTH="102" VPOS="669" HPOS="618" CONTENT="par" ID="r2l18_3" STYLEREFS="FONT0"/>
            <SP HEIGHT="43" WIDTH="15" VPOS="669" HPOS="720"/>
            <String HEIGHT="43" WIDTH="102" VPOS="669" HPOS="676" CONTENT="les" ID="r2l18_4" STYLEREFS="FONT0"/>
            <SP HEIGHT="43" WIDTH="15" VPOS="669" HPOS="778"/>
            <String HEIGHT="43" WIDTH="160" VPOS="669" HPOS="734" CONTENT="membres" ID="r2l18_5" STYLEREFS="FONT0"/>
            <SP HEIGHT="43" WIDTH="15" VPOS="669" HPOS="894"/>
            <String HEIGHT="43" WIDTH="87" VPOS="669" HPOS="851" CONTENT="de" ID="r2l18_6" STYLEREFS="FONT0"/>
            <SP HEIGHT="43" WIDTH="15" VPOS="669" HPOS="938"/>
            <String HEIGHT="43" WIDTH="87" VPOS="669" HPOS="894" CONTENT="la" ID="r2l18_7" STYLEREFS="FONT0"/>
            <SP HEIGHT="43" WIDTH="15" VPOS="669" HPOS="981"/>
            <String HEIGHT="43" WIDTH="160" VPOS="669" HPOS="938" CONTENT="société" ID="r2l18_8" STYLEREFS="FONT0"/>
            <SP HEIGHT="43" WIDTH="15" VPOS="669" HPOS="1098"/>
            <String HEIGHT="43" WIDTH="102" VPOS="669" HPOS="1054" CONTENT="des" ID="r2l18_9" STYLEREFS="FONT0"/>
            <SP HEIGHT="43" WIDTH="15" VPOS="669" HPOS="1156"/>
            <String HEIGHT="43" WIDTH="116" VPOS="669" HPOS="1112" CONTENT="amis" ID="r2l18_10" STYLEREFS="FONT0"/>
            <SP HEIGHT="43" WIDTH="15" VPOS="669" HPOS="1228"/>
            <String HEIGHT="43" WIDTH="87" VPOS="669" HPOS="1185" CONTENT="de" ID="r2l18_11" STYLEREFS="FONT0"/>
            <SP HEIGHT="43" WIDTH="15" VPOS="669" HPOS="1272"/>
            <String HEIGHT="43" WIDTH="87" VPOS="669" HPOS="1228" CONTENT="la" ID="r2l18_12" STYLEREFS="FONT0"/>
            <SP HEIGHT="43" WIDTH="15" VPOS="669" HPOS="1315"/>
            <String HEIGHT="43" WIDTH="131" VPOS="669" HPOS="1257" CONTENT="consti" SUBS_TYPE="HypPart1" SUBS_CONTENT="constitution" ID="r2l18_13" STYLEREFS="FONT0"/>
            <HYP CONTENT="-"/>
          </TextLine>
          <TextLine ID="r2l20" BASELINE="754" HEIGHT="45" WIDTH="945" VPOS="709" HPOS="444">
            <String HEIGHT="45" WIDTH="135" VPOS="709" HPOS="431" CONTENT="tution" SUBS_TYPE="HypPart2" SUBS_CONTENT="constitution" ID="r2l20_1" STYLEREFS="FONT0"/>
            <SP HEIGHT="45" WIDTH="14" VPOS="709" HPOS="566"/>
            <String HEIGHT="45" WIDTH="81" VPOS="709" HPOS="525" CONTENT="de" ID="r2l20_2" STYLEREFS="FONT0"/>
            <SP HEIGHT="45" WIDTH="14" VPOS="709" HPOS="606"/>
            <String HEIGHT="45" WIDTH="135" VPOS="709" HPOS="566" CONTENT="sainte" ID="r2l20_3" STYLEREFS="FONT0"/>
            <SP HEIGHT="45" WIDTH="14" VPOS="709" HPOS="701"/>
            <String HEIGHT="45" WIDTH="176" VPOS="709" HPOS="660" CONTENT="Catherine" ID="r2l20_4" STYLEREFS="FONT0"/>
            <SP HEIGHT="45" WIDTH="14" VPOS="709" HPOS="836"/>
            <String HEIGHT="45" WIDTH="230" VPOS="709" HPOS="795" CONTENT="(Var)," ID="r2l20_5" STYLEREFS="FONT2"/>
            <SP HEIGHT="45" WIDTH="14" VPOS="709" HPOS="1025"/>
            <String HEIGHT="45" WIDTH="81" VPOS="709" HPOS="984" CONTENT="et" ID="r2l20_6" STYLEREFS="FONT0"/>
            <SP HEIGHT="45" WIDTH="14" VPOS="709" HPOS="1065"/>
            <String HEIGHT="45" WIDTH="95" VPOS="709" HPOS="1025" CONTENT="les" ID="r2l20_7" STYLEREFS="FONT0"/>
            <SP HEIGHT="45" WIDTH="14" VPOS="709" HPOS="1119"/>
            <String HEIGHT="45" WIDTH="270" VPOS="709" HPOS="1079" CONTENT="administrateurs," ID="r2l20_8" STYLEREFS="FONT0"/>
            <SP HEIGHT="45" WIDTH="14" VPOS="709" HPOS="1349"/>
            <String HEIGHT="45" WIDTH="95" VPOS="709" HPOS="1295" CONTENT="1791," ID="r2l20_9" STYLEREFS="FONT0"/>
          </TextLine>
          <TextLine ID="r2l23" BASELINE="775" HEIGHT="38" WIDTH="518" VPOS="737" HPOS="451">
            <String HEIGHT="38" WIDTH="88" VPOS="737" HPOS="438" CONTENT="ans" ID="r2l23_1" STYLEREFS="FONT0"/>
            <SP HEIGHT="38" WIDTH="13" VPOS="737" HPOS="527"/>
            <String HEIGHT="38" WIDTH="76" VPOS="737" HPOS="489" CONTENT="II" ID="r2l23_2" STYLEREFS="FONT0"/>
            <SP HEIGHT="38" WIDTH="13" VPOS="737" HPOS="565"/>
            <String HEIGHT="38" WIDTH="76" VPOS="737" HPOS="527" CONTENT="et" ID="r2l23_3" STYLEREFS="FONT0"/>
            <SP HEIGHT="38" WIDTH="13" VPOS="737" HPOS="603"/>
            <String HEIGHT="38" WIDTH="88" VPOS="737" HPOS="565" CONTENT="VI," ID="r2l23_4" STYLEREFS="FONT0"/>
            <SP HEIGHT="38" WIDTH="13" VPOS="737" HPOS="653"/>
            <String HEIGHT="38" WIDTH="76" VPOS="737" HPOS="615" CONTENT="18" ID="r2l23_5" STYLEREFS="FONT0"/>
            <SP HEIGHT="38" WIDTH="13" VPOS="737" HPOS="691"/>
            <String HEIGHT="38" WIDTH="126" VPOS="737" HPOS="653" CONTENT="pièces" ID="r2l23_6" STYLEREFS="FONT0"/>
            <SP HEIGHT="38" WIDTH="13" VPOS="737" HPOS="779"/>
            <String HEIGHT="38" WIDTH="101" VPOS="737" HPOS="742" CONTENT="in-8" ID="r2l23_7" STYLEREFS="FONT0"/>
            <SP HEIGHT="38" WIDTH="13" VPOS="737" HPOS="843"/>
            <String HEIGHT="38" WIDTH="76" VPOS="737" HPOS="805" CONTENT="et" ID="r2l23_8" STYLEREFS="FONT0"/>
            <SP HEIGHT="38" WIDTH="13" VPOS="737" HPOS="881"/>
            <String HEIGHT="38" WIDTH="114" VPOS="737" HPOS="843" CONTENT="in-4." ID="r2l23_9" STYLEREFS="FONT0"/>
            <SP HEIGHT="38" WIDTH="13" VPOS="737" HPOS="956"/>
            <String HEIGHT="38" WIDTH="63" VPOS="737" HPOS="918" CONTENT="9" ID="r2l23_10" STYLEREFS="FONT0"/>
            <SP HEIGHT="38" WIDTH="13" VPOS="737" HPOS="982"/>
            <String HEIGHT="38" WIDTH="38" VPOS="737" HPOS="931" CONTENT="»" ID="r2l23_11" STYLEREFS="FONT0"/>
          </TextLine>
          <TextLine ID="r2l24" BASELINE="818" HEIGHT="66" WIDTH="949" VPOS="752" HPOS="445">
            <String HEIGHT="66" WIDTH="112" VPOS="752" HPOS="431" CONTENT="102." ID="r2l24_1" STYLEREFS="FONT0"/>
            <SP HEIGHT="66" WIDTH="14" VPOS="752" HPOS="543"/>
            <String HEIGHT="66" WIDTH="154" VPOS="752" HPOS="501" CONTENT="TOULON." ID="r2l24_2" STYLEREFS="FONT0"/>
            <SP HEIGHT="66" WIDTH="14" VPOS="752" HPOS="654"/>
            <String HEIGHT="66" WIDTH="154" VPOS="752" HPOS="612" CONTENT="Rapport" ID="r2l24_3" STYLEREFS="FONT0"/>
            <SP HEIGHT="66" WIDTH="14" VPOS="752" HPOS="766"/>
            <String HEIGHT="66" WIDTH="84" VPOS="752" HPOS="724" CONTENT="de" ID="r2l24_4" STYLEREFS="FONT0"/>
            <SP HEIGHT="66" WIDTH="14" VPOS="752" HPOS="808"/>
            <String HEIGHT="66" WIDTH="154" VPOS="752" HPOS="766" CONTENT="Jean" ID="r2l24_5" STYLEREFS="FONT2"/>
            <SP HEIGHT="66" WIDTH="14" VPOS="752" HPOS="920"/>
            <String HEIGHT="66" WIDTH="98" VPOS="752" HPOS="878" CONTENT="Bon" ID="r2l24_6" STYLEREFS="FONT2"/>
            <SP HEIGHT="66" WIDTH="14" VPOS="752" HPOS="975"/>
            <String HEIGHT="66" WIDTH="223" VPOS="752" HPOS="933" CONTENT="Sl-André" ID="r2l24_7" STYLEREFS="FONT2"/>
            <SP HEIGHT="66" WIDTH="14" VPOS="752" HPOS="1157"/>
            <String HEIGHT="66" WIDTH="98" VPOS="752" HPOS="1115" CONTENT="sur" ID="r2l24_8" STYLEREFS="FONT0"/>
            <SP HEIGHT="66" WIDTH="14" VPOS="752" HPOS="1213"/>
            <String HEIGHT="66" WIDTH="84" VPOS="752" HPOS="1171" CONTENT="la" ID="r2l24_9" STYLEREFS="FONT0"/>
            <SP HEIGHT="66" WIDTH="14" VPOS="752" HPOS="1254"/>
            <String HEIGHT="66" WIDTH="181" VPOS="752" HPOS="1213" CONTENT="trahiison" ID="r2l24_10" STYLEREFS="FONT0"/>
            <SP HEIGHT="66" WIDTH="14" VPOS="752" HPOS="1394"/>
            <String HEIGHT="66" WIDTH="56" VPOS="752" HPOS="1338" CONTENT="de" ID="r2l24_11" STYLEREFS="FONT0"/>
          </TextLine>
          <TextLine ID="r2l26" BASELINE="853" HEIGHT="49" WIDTH="938" VPOS="804" HPOS="448">
            <String HEIGHT="49" WIDTH="164" VPOS="804" HPOS="433" CONTENT="Toulon," ID="r2l26_1" STYLEREFS="FONT0"/>
            <SP HEIGHT="49" WIDTH="15" VPOS="804" HPOS="597"/>
            <String HEIGHT="49" WIDTH="164" VPOS="804" HPOS="552" CONTENT="recueil" ID="r2l26_2" STYLEREFS="FONT0"/>
            <SP HEIGHT="49" WIDTH="15" VPOS="804" HPOS="716"/>
            <String HEIGHT="49" WIDTH="89" VPOS="804" HPOS="671" CONTENT="de" ID="r2l26_3" STYLEREFS="FONT0"/>
            <SP HEIGHT="49" WIDTH="15" VPOS="804" HPOS="761"/>
            <String HEIGHT="49" WIDTH="149" VPOS="804" HPOS="716" CONTENT="pièces" ID="r2l26_4" STYLEREFS="FONT0"/>
            <SP HEIGHT="49" WIDTH="15" VPOS="804" HPOS="865"/>
            <String HEIGHT="49" WIDTH="74" VPOS="804" HPOS="820" CONTENT="à" ID="r2l26_5" STYLEREFS="FONT0"/>
            <SP HEIGHT="49" WIDTH="15" VPOS="804" HPOS="895"/>
            <String HEIGHT="49" WIDTH="179" VPOS="804" HPOS="850" CONTENT="décharge" ID="r2l26_6" STYLEREFS="FONT0"/>
            <SP HEIGHT="49" WIDTH="15" VPOS="804" HPOS="1029"/>
            <String HEIGHT="49" WIDTH="119" VPOS="804" HPOS="984" CONTENT="pour" ID="r2l26_7" STYLEREFS="FONT0"/>
            <SP HEIGHT="49" WIDTH="15" VPOS="804" HPOS="1103"/>
            <String HEIGHT="49" WIDTH="104" VPOS="804" HPOS="1058" CONTENT="les" ID="r2l26_8" STYLEREFS="FONT0"/>
            <SP HEIGHT="49" WIDTH="15" VPOS="804" HPOS="1163"/>
            <String HEIGHT="49" WIDTH="238" VPOS="804" HPOS="1118" CONTENT="républicains" ID="r2l26_9" STYLEREFS="FONT0"/>
            <SP HEIGHT="49" WIDTH="15" VPOS="804" HPOS="1356"/>
            <String HEIGHT="49" WIDTH="89" VPOS="804" HPOS="1297" CONTENT="con" SUBS_TYPE="HypPart1" SUBS_CONTENT="contre" ID="r2l26_10" STYLEREFS="FONT0"/>
            <HYP CONTENT="-"/>
          </TextLine>
          <TextLine ID="r2l27" BASELINE="887" HEIGHT="48" WIDTH="950" VPOS="839" HPOS="442">
            <String HEIGHT="48" WIDTH="88" VPOS="839" HPOS="430" CONTENT="tre" SUBS_TYPE="HypPart2" SUBS_CONTENT="contre" ID="r2l27_1" STYLEREFS="FONT0"/>
            <SP HEIGHT="48" WIDTH="13" VPOS="839" HPOS="517"/>
            <String HEIGHT="48" WIDTH="138" VPOS="839" HPOS="480" CONTENT="Isnard," ID="r2l27_2" STYLEREFS="FONT0"/>
            <SP HEIGHT="48" WIDTH="13" VPOS="839" HPOS="617"/>
            <String HEIGHT="48" WIDTH="138" VPOS="839" HPOS="580" CONTENT="mémoire" ID="r2l27_3" STYLEREFS="FONT0"/>
            <SP HEIGHT="48" WIDTH="13" VPOS="839" HPOS="717"/>
            <String HEIGHT="48" WIDTH="200" VPOS="839" HPOS="680" CONTENT="justificatif" ID="r2l27_4" STYLEREFS="FONT0"/>
            <SP HEIGHT="48" WIDTH="13" VPOS="839" HPOS="880"/>
            <String HEIGHT="48" WIDTH="75" VPOS="839" HPOS="842" CONTENT="de" ID="r2l27_5" STYLEREFS="FONT0"/>
            <SP HEIGHT="48" WIDTH="13" VPOS="839" HPOS="917"/>
            <String HEIGHT="48" WIDTH="188" VPOS="839" HPOS="880" CONTENT="Féru" ID="r2l27_6" STYLEREFS="FONT2"/>
            <SP HEIGHT="48" WIDTH="13" VPOS="839" HPOS="1067"/>
            <String HEIGHT="48" WIDTH="150" VPOS="839" HPOS="1030" CONTENT="pétition" ID="r2l27_7" STYLEREFS="FONT0"/>
            <SP HEIGHT="48" WIDTH="13" VPOS="839" HPOS="1180"/>
            <String HEIGHT="48" WIDTH="75" VPOS="839" HPOS="1142" CONTENT="de" ID="r2l27_8" STYLEREFS="FONT0"/>
            <SP HEIGHT="48" WIDTH="13" VPOS="839" HPOS="1217"/>
            <String HEIGHT="48" WIDTH="225" VPOS="839" HPOS="1167" CONTENT="Puissant" ID="r2l27_9" STYLEREFS="FONT2"/>
          </TextLine>
          <TextLine ID="r2l28" BASELINE="923" HEIGHT="39" WIDTH="947" VPOS="884" HPOS="440">
            <String HEIGHT="39" WIDTH="210" VPOS="884" HPOS="425" CONTENT="révolution" ID="r2l28_1" STYLEREFS="FONT0"/>
            <SP HEIGHT="39" WIDTH="15" VPOS="884" HPOS="635"/>
            <String HEIGHT="39" WIDTH="195" VPOS="884" HPOS="590" CONTENT="royaliste" ID="r2l28_2" STYLEREFS="FONT0"/>
            <SP HEIGHT="39" WIDTH="15" VPOS="884" HPOS="786"/>
            <String HEIGHT="39" WIDTH="90" VPOS="884" HPOS="741" CONTENT="en" ID="r2l28_3" STYLEREFS="FONT0"/>
            <SP HEIGHT="39" WIDTH="15" VPOS="884" HPOS="831"/>
            <String HEIGHT="39" WIDTH="135" VPOS="884" HPOS="786" CONTENT="1793," ID="r2l28_4" STYLEREFS="FONT0"/>
            <SP HEIGHT="39" WIDTH="15" VPOS="884" HPOS="921"/>
            <String HEIGHT="39" WIDTH="120" VPOS="884" HPOS="876" CONTENT="acte" ID="r2l28_5" STYLEREFS="FONT0"/>
            <SP HEIGHT="39" WIDTH="15" VPOS="884" HPOS="996"/>
            <String HEIGHT="39" WIDTH="241" VPOS="884" HPOS="951" CONTENT="d’accusation" ID="r2l28_6" STYLEREFS="FONT0"/>
            <SP HEIGHT="39" WIDTH="15" VPOS="884" HPOS="1192"/>
            <String HEIGHT="39" WIDTH="150" VPOS="884" HPOS="1146" CONTENT="contre" ID="r2l28_7" STYLEREFS="FONT0"/>
            <SP HEIGHT="39" WIDTH="15" VPOS="884" HPOS="1297"/>
            <String HEIGHT="39" WIDTH="105" VPOS="884" HPOS="1252" CONTENT="les" ID="r2l28_8" STYLEREFS="FONT0"/>
            <SP HEIGHT="39" WIDTH="15" VPOS="884" HPOS="1357"/>
            <String HEIGHT="39" WIDTH="90" VPOS="884" HPOS="1297" CONTENT="com" SUBS_TYPE="HypPart1" SUBS_CONTENT="complices" ID="r2l28_9" STYLEREFS="FONT0"/>
            <HYP CONTENT="-"/>
          </TextLine>
          <TextLine ID="r2l29" BASELINE="958" HEIGHT="45" WIDTH="943" VPOS="913" HPOS="448">
            <String HEIGHT="45" WIDTH="145" VPOS="913" HPOS="433" CONTENT="plices" SUBS_TYPE="HypPart2" SUBS_CONTENT="complices" ID="r2l29_1" STYLEREFS="FONT0"/>
            <SP HEIGHT="45" WIDTH="15" VPOS="913" HPOS="579"/>
            <String HEIGHT="45" WIDTH="87" VPOS="913" HPOS="535" CONTENT="de" ID="r2l29_2" STYLEREFS="FONT0"/>
            <SP HEIGHT="45" WIDTH="15" VPOS="913" HPOS="622"/>
            <String HEIGHT="45" WIDTH="87" VPOS="913" HPOS="579" CONTENT="la" ID="r2l29_3" STYLEREFS="FONT0"/>
            <SP HEIGHT="45" WIDTH="15" VPOS="913" HPOS="666"/>
            <String HEIGHT="45" WIDTH="189" VPOS="913" HPOS="622" CONTENT="trahison," ID="r2l29_4" STYLEREFS="FONT0"/>
            <SP HEIGHT="45" WIDTH="15" VPOS="913" HPOS="811"/>
            <String HEIGHT="45" WIDTH="131" VPOS="913" HPOS="767" CONTENT="etc.," ID="r2l29_5" STYLEREFS="FONT0"/>
            <SP HEIGHT="45" WIDTH="15" VPOS="913" HPOS="898"/>
            <String HEIGHT="45" WIDTH="145" VPOS="913" HPOS="854" CONTENT="lettre" ID="r2l29_6" STYLEREFS="FONT0"/>
            <SP HEIGHT="45" WIDTH="15" VPOS="913" HPOS="999"/>
            <String HEIGHT="45" WIDTH="145" VPOS="913" HPOS="956" CONTENT="signée" ID="r2l29_7" STYLEREFS="FONT0"/>
            <SP HEIGHT="45" WIDTH="15" VPOS="913" HPOS="1101"/>
            <String HEIGHT="45" WIDTH="102" VPOS="913" HPOS="1057" CONTENT="des" ID="r2l29_8" STYLEREFS="FONT0"/>
            <SP HEIGHT="45" WIDTH="15" VPOS="913" HPOS="1159"/>
            <String HEIGHT="45" WIDTH="276" VPOS="913" HPOS="1115" CONTENT="administrateurs" ID="r2l29_9" STYLEREFS="FONT0"/>
            <SP HEIGHT="45" WIDTH="15" VPOS="913" HPOS="1391"/>
            <String HEIGHT="45" WIDTH="58" VPOS="913" HPOS="1333" CONTENT="en" ID="r2l29_10" STYLEREFS="FONT0"/>
          </TextLine>
          <TextLine ID="r2l30" BASELINE="990" HEIGHT="44" WIDTH="944" VPOS="946" HPOS="442">
            <String HEIGHT="44" WIDTH="111" VPOS="946" HPOS="428" CONTENT="l’an" ID="r2l30_1" STYLEREFS="FONT0"/>
            <SP HEIGHT="44" WIDTH="14" VPOS="946" HPOS="539"/>
            <String HEIGHT="44" WIDTH="111" VPOS="946" HPOS="498" CONTENT="III," ID="r2l30_2" STYLEREFS="FONT0"/>
            <SP HEIGHT="44" WIDTH="14" VPOS="946" HPOS="609"/>
            <String HEIGHT="44" WIDTH="125" VPOS="946" HPOS="567" CONTENT="copie" ID="r2l30_3" STYLEREFS="FONT0"/>
            <SP HEIGHT="44" WIDTH="14" VPOS="946" HPOS="692"/>
            <String HEIGHT="44" WIDTH="180" VPOS="946" HPOS="650" CONTENT="certifiée" ID="r2l30_4" STYLEREFS="FONT0"/>
            <SP HEIGHT="44" WIDTH="14" VPOS="946" HPOS="831"/>
            <String HEIGHT="44" WIDTH="97" VPOS="946" HPOS="789" CONTENT="par" ID="r2l30_5" STYLEREFS="FONT0"/>
            <SP HEIGHT="44" WIDTH="14" VPOS="946" HPOS="886"/>
            <String HEIGHT="44" WIDTH="250" VPOS="946" HPOS="845" CONTENT="Morand" ID="r2l30_6" STYLEREFS="FONT2"/>
            <SP HEIGHT="44" WIDTH="14" VPOS="946" HPOS="1094"/>
            <String HEIGHT="44" WIDTH="194" VPOS="946" HPOS="1053" CONTENT="accusateur" ID="r2l30_7" STYLEREFS="FONT0"/>
            <SP HEIGHT="44" WIDTH="14" VPOS="946" HPOS="1247"/>
            <String HEIGHT="44" WIDTH="180" VPOS="946" HPOS="1206" CONTENT="militaire" ID="r2l30_8" STYLEREFS="FONT0"/>
            <SP HEIGHT="44" WIDTH="14" VPOS="946" HPOS="1386"/>
            <String HEIGHT="44" WIDTH="56" VPOS="946" HPOS="1330" CONTENT="en" ID="r2l30_9" STYLEREFS="FONT0"/>
          </TextLine>
          <TextLine ID="r2l31" BASELINE="1023" HEIGHT="38" WIDTH="938" VPOS="985" HPOS="446">
            <String HEIGHT="38" WIDTH="132" VPOS="985" HPOS="430" CONTENT="l’an" ID="r2l31_1" STYLEREFS="FONT0"/>
            <SP HEIGHT="38" WIDTH="16" VPOS="985" HPOS="561"/>
            <String HEIGHT="38" WIDTH="115" VPOS="985" HPOS="512" CONTENT="II," ID="r2l31_2" STYLEREFS="FONT0"/>
            <SP HEIGHT="38" WIDTH="16" VPOS="985" HPOS="627"/>
            <String HEIGHT="38" WIDTH="148" VPOS="985" HPOS="578" CONTENT="d’une" ID="r2l31_3" STYLEREFS="FONT0"/>
            <SP HEIGHT="38" WIDTH="16" VPOS="985" HPOS="726"/>
            <String HEIGHT="38" WIDTH="181" VPOS="985" HPOS="676" CONTENT="adresse" ID="r2l31_4" STYLEREFS="FONT0"/>
            <SP HEIGHT="38" WIDTH="16" VPOS="985" HPOS="857"/>
            <String HEIGHT="38" WIDTH="99" VPOS="985" HPOS="808" CONTENT="au" ID="r2l31_5" STYLEREFS="FONT0"/>
            <SP HEIGHT="38" WIDTH="16" VPOS="985" HPOS="907"/>
            <String HEIGHT="38" WIDTH="230" VPOS="985" HPOS="857" CONTENT="gouverneur" ID="r2l31_6" STYLEREFS="FONT0"/>
            <SP HEIGHT="38" WIDTH="16" VPOS="985" HPOS="1088"/>
            <String HEIGHT="38" WIDTH="99" VPOS="985" HPOS="1038" CONTENT="de" ID="r2l31_7" STYLEREFS="FONT0"/>
            <SP HEIGHT="38" WIDTH="16" VPOS="985" HPOS="1137"/>
            <String HEIGHT="38" WIDTH="181" VPOS="985" HPOS="1088" CONTENT="Toulon," ID="r2l31_8" STYLEREFS="FONT0"/>
            <SP HEIGHT="38" WIDTH="16" VPOS="985" HPOS="1269"/>
            <String HEIGHT="38" WIDTH="99" VPOS="985" HPOS="1219" CONTENT="au" ID="r2l31_9" STYLEREFS="FONT0"/>
            <SP HEIGHT="38" WIDTH="16" VPOS="985" HPOS="1318"/>
            <String HEIGHT="38" WIDTH="115" VPOS="985" HPOS="1269" CONTENT="nom" ID="r2l31_10" STYLEREFS="FONT0"/>
            <SP HEIGHT="38" WIDTH="16" VPOS="985" HPOS="1384"/>
            <String HEIGHT="38" WIDTH="66" VPOS="985" HPOS="1318" CONTENT="de" ID="r2l31_11" STYLEREFS="FONT0"/>
          </TextLine>
          <TextLine ID="r2l32" BASELINE="1059" HEIGHT="41" WIDTH="948" VPOS="1018" HPOS="440">
            <String HEIGHT="41" WIDTH="133" VPOS="1018" HPOS="425" CONTENT="Louis" ID="r2l32_1" STYLEREFS="FONT0"/>
            <SP HEIGHT="41" WIDTH="15" VPOS="1018" HPOS="559"/>
            <String HEIGHT="41" WIDTH="133" VPOS="1018" HPOS="514" CONTENT="XVII," ID="r2l32_2" STYLEREFS="FONT0"/>
            <SP HEIGHT="41" WIDTH="15" VPOS="1018" HPOS="647"/>
            <String HEIGHT="41" WIDTH="133" VPOS="1018" HPOS="603" CONTENT="faite" ID="r2l32_3" STYLEREFS="FONT0"/>
            <SP HEIGHT="41" WIDTH="15" VPOS="1018" HPOS="736"/>
            <String HEIGHT="41" WIDTH="104" VPOS="1018" HPOS="692" CONTENT="par" ID="r2l32_4" STYLEREFS="FONT0"/>
            <SP HEIGHT="41" WIDTH="15" VPOS="1018" HPOS="796"/>
            <String HEIGHT="41" WIDTH="133" VPOS="1018" HPOS="751" CONTENT="vingt" ID="r2l32_5" STYLEREFS="FONT0"/>
            <SP HEIGHT="41" WIDTH="15" VPOS="1018" HPOS="884"/>
            <String HEIGHT="41" WIDTH="89" VPOS="1018" HPOS="840" CONTENT="et" ID="r2l32_6" STYLEREFS="FONT0"/>
            <SP HEIGHT="41" WIDTH="15" VPOS="1018" HPOS="929"/>
            <String HEIGHT="41" WIDTH="89" VPOS="1018" HPOS="884" CONTENT="un" ID="r2l32_7" STYLEREFS="FONT0"/>
            <SP HEIGHT="41" WIDTH="15" VPOS="1018" HPOS="973"/>
            <String HEIGHT="41" WIDTH="207" VPOS="1018" HPOS="929" CONTENT="officiers," ID="r2l32_8" STYLEREFS="FONT0"/>
            <SP HEIGHT="41" WIDTH="15" VPOS="1018" HPOS="1136"/>
            <String HEIGHT="41" WIDTH="119" VPOS="1018" HPOS="1092" CONTENT="deux" ID="r2l32_9" STYLEREFS="FONT0"/>
            <SP HEIGHT="41" WIDTH="15" VPOS="1018" HPOS="1210"/>
            <String HEIGHT="41" WIDTH="133" VPOS="1018" HPOS="1166" CONTENT="pages" ID="r2l32_10" STYLEREFS="FONT0"/>
            <SP HEIGHT="41" WIDTH="15" VPOS="1018" HPOS="1299"/>
            <String HEIGHT="41" WIDTH="89" VPOS="1018" HPOS="1255" CONTENT="et" ID="r2l32_11" STYLEREFS="FONT0"/>
            <SP HEIGHT="41" WIDTH="15" VPOS="1018" HPOS="1344"/>
            <String HEIGHT="41" WIDTH="104" VPOS="1018" HPOS="1284" CONTENT="demie" ID="r2l32_12" STYLEREFS="FONT0"/>
          </TextLine>
          <TextLine ID="r2l33" BASELINE="1099" HEIGHT="48" WIDTH="946" VPOS="1051" HPOS="445">
            <String HEIGHT="48" WIDTH="173" VPOS="1051" HPOS="432" CONTENT="in-folio," ID="r2l33_1" STYLEREFS="FONT0"/>
            <SP HEIGHT="48" WIDTH="13" VPOS="1051" HPOS="605"/>
            <String HEIGHT="48" WIDTH="80" VPOS="1051" HPOS="565" CONTENT="L." ID="r2l33_2" STYLEREFS="FONT0"/>
            <SP HEIGHT="48" WIDTH="13" VPOS="1051" HPOS="645"/>
            <String HEIGHT="48" WIDTH="120" VPOS="1051" HPOS="605" CONTENT="a." ID="r2l33_3" STYLEREFS="FONT2"/>
            <SP HEIGHT="48" WIDTH="13" VPOS="1051" HPOS="725"/>
            <String HEIGHT="48" WIDTH="107" VPOS="1051" HPOS="685" CONTENT="s" ID="r2l33_4" STYLEREFS="FONT2"/>
            <SP HEIGHT="48" WIDTH="13" VPOS="1051" HPOS="791"/>
            <String HEIGHT="48" WIDTH="80" VPOS="1051" HPOS="751" CONTENT="de" ID="r2l33_5" STYLEREFS="FONT0"/>
            <SP HEIGHT="48" WIDTH="13" VPOS="1051" HPOS="831"/>
            <String HEIGHT="48" WIDTH="213" VPOS="1051" HPOS="791" CONTENT="l’accusateur" ID="r2l33_6" STYLEREFS="FONT0"/>
            <SP HEIGHT="48" WIDTH="13" VPOS="1051" HPOS="1005"/>
            <String HEIGHT="48" WIDTH="133" VPOS="1051" HPOS="965" CONTENT="public" ID="r2l33_7" STYLEREFS="FONT0"/>
            <SP HEIGHT="48" WIDTH="13" VPOS="1051" HPOS="1098"/>
            <String HEIGHT="48" WIDTH="173" VPOS="1051" HPOS="1058" CONTENT="contenant" ID="r2l33_8" STYLEREFS="FONT0"/>
            <SP HEIGHT="48" WIDTH="13" VPOS="1051" HPOS="1231"/>
            <String HEIGHT="48" WIDTH="120" VPOS="1051" HPOS="1191" CONTENT="envoi" ID="r2l33_9" STYLEREFS="FONT0"/>
            <SP HEIGHT="48" WIDTH="13" VPOS="1051" HPOS="1311"/>
            <String HEIGHT="48" WIDTH="80" VPOS="1051" HPOS="1271" CONTENT="de" ID="r2l33_10" STYLEREFS="FONT0"/>
            <SP HEIGHT="48" WIDTH="13" VPOS="1051" HPOS="1351"/>
            <String HEIGHT="48" WIDTH="93" VPOS="1051" HPOS="1298" CONTENT="cette" ID="r2l33_11" STYLEREFS="FONT0"/>
          </TextLine>
          <TextLine ID="r2l34" BASELINE="1134" HEIGHT="44" WIDTH="954" VPOS="1090" HPOS="445">
            <String HEIGHT="44" WIDTH="124" VPOS="1090" HPOS="431" CONTENT="pièce" ID="r2l34_1" STYLEREFS="FONT0"/>
            <SP HEIGHT="44" WIDTH="14" VPOS="1090" HPOS="556"/>
            <String HEIGHT="44" WIDTH="69" VPOS="1090" HPOS="514" CONTENT="à" ID="r2l34_2" STYLEREFS="FONT0"/>
            <SP HEIGHT="44" WIDTH="14" VPOS="1090" HPOS="583"/>
            <String HEIGHT="44" WIDTH="290" VPOS="1090" HPOS="542" CONTENT="Bouchotte" ID="r2l34_3" STYLEREFS="FONT2"/>
            <SP HEIGHT="44" WIDTH="14" VPOS="1090" HPOS="832"/>
            <String HEIGHT="44" WIDTH="180" VPOS="1090" HPOS="791" CONTENT="ministre," ID="r2l34_4" STYLEREFS="FONT0"/>
            <SP HEIGHT="44" WIDTH="14" VPOS="1090" HPOS="970"/>
            <String HEIGHT="44" WIDTH="111" VPOS="1090" HPOS="929" CONTENT="pour" ID="r2l34_5" STYLEREFS="FONT0"/>
            <SP HEIGHT="44" WIDTH="14" VPOS="1090" HPOS="1040"/>
            <String HEIGHT="44" WIDTH="180" VPOS="1090" HPOS="998" CONTENT="l’engager" ID="r2l34_6" STYLEREFS="FONT0"/>
            <SP HEIGHT="44" WIDTH="14" VPOS="1090" HPOS="1178"/>
            <String HEIGHT="44" WIDTH="69" VPOS="1090" HPOS="1136" CONTENT="à" ID="r2l34_7" STYLEREFS="FONT0"/>
            <SP HEIGHT="44" WIDTH="14" VPOS="1090" HPOS="1205"/>
            <String HEIGHT="44" WIDTH="124" VPOS="1090" HPOS="1164" CONTENT="faire" ID="r2l34_8" STYLEREFS="FONT0"/>
            <SP HEIGHT="44" WIDTH="14" VPOS="1090" HPOS="1288"/>
            <String HEIGHT="44" WIDTH="152" VPOS="1090" HPOS="1247" CONTENT="arrêter" ID="r2l34_9" STYLEREFS="FONT0"/>
            <SP HEIGHT="44" WIDTH="14" VPOS="1090" HPOS="1399"/>
            <String HEIGHT="44" WIDTH="55" VPOS="1090" HPOS="1344" CONTENT="et" ID="r2l34_10" STYLEREFS="FONT0"/>
          </TextLine>
          <TextLine ID="r2l35" BASELINE="1169" HEIGHT="44" WIDTH="949" VPOS="1125" HPOS="441">
            <String HEIGHT="44" WIDTH="122" VPOS="1125" HPOS="427" CONTENT="juger" ID="r2l35_1" STYLEREFS="FONT0"/>
            <SP HEIGHT="44" WIDTH="14" VPOS="1125" HPOS="549"/>
            <String HEIGHT="44" WIDTH="95" VPOS="1125" HPOS="509" CONTENT="les" ID="r2l35_2" STYLEREFS="FONT0"/>
            <SP HEIGHT="44" WIDTH="14" VPOS="1125" HPOS="604"/>
            <String HEIGHT="44" WIDTH="203" VPOS="1125" HPOS="563" CONTENT="signataires" ID="r2l35_3" STYLEREFS="FONT0"/>
            <SP HEIGHT="44" WIDTH="14" VPOS="1125" HPOS="766"/>
            <String HEIGHT="44" WIDTH="81" VPOS="1125" HPOS="726" CONTENT="de" ID="r2l35_4" STYLEREFS="FONT0"/>
            <SP HEIGHT="44" WIDTH="14" VPOS="1125" HPOS="807"/>
            <String HEIGHT="44" WIDTH="95" VPOS="1125" HPOS="766" CONTENT="cet" ID="r2l35_5" STYLEREFS="FONT0"/>
            <SP HEIGHT="44" WIDTH="14" VPOS="1125" HPOS="861"/>
            <String HEIGHT="44" WIDTH="176" VPOS="1125" HPOS="821" CONTENT="infâme" ID="r2l35_6" STYLEREFS="FONT2"/>
            <SP HEIGHT="44" WIDTH="14" VPOS="1125" HPOS="997"/>
            <String HEIGHT="44" WIDTH="190" VPOS="1125" HPOS="956" CONTENT="écrit" ID="r2l35_7" STYLEREFS="FONT2"/>
            <SP HEIGHT="44" WIDTH="14" VPOS="1125" HPOS="1146"/>
            <String HEIGHT="44" WIDTH="163" VPOS="1125" HPOS="1105" CONTENT="quatorze" ID="r2l35_8" STYLEREFS="FONT0"/>
            <SP HEIGHT="44" WIDTH="14" VPOS="1125" HPOS="1268"/>
            <String HEIGHT="44" WIDTH="136" VPOS="1125" HPOS="1227" CONTENT="pièces" ID="r2l35_9" STYLEREFS="FONT0"/>
            <SP HEIGHT="44" WIDTH="14" VPOS="1125" HPOS="1363"/>
            <String HEIGHT="44" WIDTH="81" VPOS="1125" HPOS="1309" CONTENT="in" ID="r2l35_10" STYLEREFS="FONT0"/>
          </TextLine>
          <TextLine ID="r2l37" BASELINE="1203" HEIGHT="42" WIDTH="243" VPOS="1161" HPOS="444">
            <String HEIGHT="42" WIDTH="78" VPOS="1161" HPOS="434" CONTENT="in-4" ID="r2l37_1" STYLEREFS="FONT0"/>
            <SP HEIGHT="42" WIDTH="10" VPOS="1161" HPOS="512"/>
            <String HEIGHT="42" WIDTH="58" VPOS="1161" HPOS="483" CONTENT="et" ID="r2l37_2" STYLEREFS="FONT0"/>
            <SP HEIGHT="42" WIDTH="10" VPOS="1161" HPOS="541"/>
            <String HEIGHT="42" WIDTH="126" VPOS="1161" HPOS="512" CONTENT="in-folio." ID="r2l37_3" STYLEREFS="FONT0"/>
            <SP HEIGHT="42" WIDTH="10" VPOS="1161" HPOS="638"/>
            <String HEIGHT="42" WIDTH="58" VPOS="1161" HPOS="609" CONTENT="12" ID="r2l37_4" STYLEREFS="FONT0"/>
            <SP HEIGHT="42" WIDTH="10" VPOS="1161" HPOS="668"/>
            <String HEIGHT="42" WIDTH="58" VPOS="1161" HPOS="629" CONTENT="»" ID="r2l37_5" STYLEREFS="FONT2"/>
          </TextLine>
          <TextLine ID="r2l38" BASELINE="1233" HEIGHT="49" WIDTH="470" VPOS="1184" HPOS="921">
            <String HEIGHT="49" WIDTH="57" VPOS="1184" HPOS="914" CONTENT="103." ID="r2l38_1" STYLEREFS="FONT0"/>
            <SP HEIGHT="49" WIDTH="7" VPOS="1184" HPOS="971"/>
            <String HEIGHT="49" WIDTH="85" VPOS="1184" HPOS="949" CONTENT="COMTAT" ID="r2l38_2" STYLEREFS="FONT1"/>
            <SP HEIGHT="49" WIDTH="7" VPOS="1184" HPOS="1035"/>
            <String HEIGHT="49" WIDTH="128" VPOS="1184" HPOS="1014" CONTENT="VENAISSIN" ID="r2l38_3" STYLEREFS="FONT1"/>
            <SP HEIGHT="49" WIDTH="7" VPOS="1184" HPOS="1142"/>
            <String HEIGHT="49" WIDTH="36" VPOS="1184" HPOS="1120" CONTENT="—" ID="r2l38_4" STYLEREFS="FONT0"/>
            <SP HEIGHT="49" WIDTH="7" VPOS="1184" HPOS="1156"/>
            <String HEIGHT="49" WIDTH="142" VPOS="1184" HPOS="1135" CONTENT="Vaucluse" ID="r2l38_5" STYLEREFS="FONT2"/>
            <SP HEIGHT="49" WIDTH="7" VPOS="1184" HPOS="1277"/>
            <String HEIGHT="49" WIDTH="71" VPOS="1184" HPOS="1256" CONTENT="Voyage" ID="r2l38_6" STYLEREFS="FONT0"/>
            <SP HEIGHT="49" WIDTH="7" VPOS="1184" HPOS="1327"/>
            <String HEIGHT="49" WIDTH="57" VPOS="1184" HPOS="1306" CONTENT="dans" ID="r2l38_7" STYLEREFS="FONT0"/>
            <SP HEIGHT="49" WIDTH="7" VPOS="1184" HPOS="1363"/>
            <String HEIGHT="49" WIDTH="43" VPOS="1184" HPOS="1341" CONTENT="ce" ID="r2l38_8" STYLEREFS="FONT0"/>
            <SP HEIGHT="49" WIDTH="7" VPOS="1184" HPOS="1384"/>
            <String HEIGHT="49" WIDTH="36" VPOS="1184" HPOS="1355" CONTENT="dé" SUBS_TYPE="HypPart1" SUBS_CONTENT="département," ID="r2l38_9" STYLEREFS="FONT0"/>
            <HYP CONTENT="-"/>
          </TextLine>
          <TextLine ID="r2l41" BASELINE="1268" HEIGHT="39" WIDTH="470" VPOS="1229" HPOS="920">
            <String HEIGHT="39" WIDTH="98" VPOS="1229" HPOS="913" CONTENT="partement," SUBS_TYPE="HypPart2" SUBS_CONTENT="département," ID="r2l41_1" STYLEREFS="FONT0"/>
            <SP HEIGHT="39" WIDTH="7" VPOS="1229" HPOS="1011"/>
            <String HEIGHT="39" WIDTH="42" VPOS="1229" HPOS="990" CONTENT="an" ID="r2l41_2" STYLEREFS="FONT0"/>
            <SP HEIGHT="39" WIDTH="7" VPOS="1229" HPOS="1032"/>
            <String HEIGHT="39" WIDTH="63" VPOS="1229" HPOS="1011" CONTENT="VIII," ID="r2l41_3" STYLEREFS="FONT0"/>
            <SP HEIGHT="39" WIDTH="7" VPOS="1229" HPOS="1074"/>
            <String HEIGHT="39" WIDTH="63" VPOS="1229" HPOS="1053" CONTENT="carte" ID="r2l41_4" STYLEREFS="FONT0"/>
            <SP HEIGHT="39" WIDTH="7" VPOS="1229" HPOS="1116"/>
            <String HEIGHT="39" WIDTH="42" VPOS="1229" HPOS="1095" CONTENT="et" ID="r2l41_5" STYLEREFS="FONT0"/>
            <SP HEIGHT="39" WIDTH="7" VPOS="1229" HPOS="1137"/>
            <String HEIGHT="39" WIDTH="63" VPOS="1229" HPOS="1116" CONTENT="fig.," ID="r2l41_6" STYLEREFS="FONT0"/>
            <SP HEIGHT="39" WIDTH="7" VPOS="1229" HPOS="1180"/>
            <String HEIGHT="39" WIDTH="42" VPOS="1229" HPOS="1159" CONTENT="de" ID="r2l41_7" STYLEREFS="FONT0"/>
            <SP HEIGHT="39" WIDTH="7" VPOS="1229" HPOS="1201"/>
            <String HEIGHT="39" WIDTH="42" VPOS="1229" HPOS="1180" CONTENT="la" ID="r2l41_8" STYLEREFS="FONT0"/>
            <SP HEIGHT="39" WIDTH="7" VPOS="1229" HPOS="1222"/>
            <String HEIGHT="39" WIDTH="105" VPOS="1229" HPOS="1201" CONTENT="restitution" ID="r2l41_9" STYLEREFS="FONT0"/>
            <SP HEIGHT="39" WIDTH="7" VPOS="1229" HPOS="1306"/>
            <String HEIGHT="39" WIDTH="42" VPOS="1229" HPOS="1285" CONTENT="du" ID="r2l41_10" STYLEREFS="FONT0"/>
            <SP HEIGHT="39" WIDTH="7" VPOS="1229" HPOS="1327"/>
            <String HEIGHT="39" WIDTH="77" VPOS="1229" HPOS="1306" CONTENT="comtat," ID="r2l41_11" STYLEREFS="FONT0"/>
            <SP HEIGHT="39" WIDTH="7" VPOS="1229" HPOS="1383"/>
            <String HEIGHT="39" WIDTH="35" VPOS="1229" HPOS="1355" CONTENT="par" ID="r2l41_12" STYLEREFS="FONT0"/>
          </TextLine>
          <TextLine ID="r2l43" BASELINE="1306" HEIGHT="44" WIDTH="942" VPOS="1262" HPOS="445">
            <String HEIGHT="44" WIDTH="236" VPOS="1262" HPOS="433" CONTENT="Boucfie" ID="r2l43_1" STYLEREFS="FONT2"/>
            <SP HEIGHT="44" WIDTH="12" VPOS="1262" HPOS="668"/>
            <String HEIGHT="44" WIDTH="174" VPOS="1262" HPOS="631" CONTENT="catéchisme" ID="r2l43_2" STYLEREFS="FONT0"/>
            <SP HEIGHT="44" WIDTH="12" VPOS="1262" HPOS="804"/>
            <String HEIGHT="44" WIDTH="74" VPOS="1262" HPOS="767" CONTENT="du" ID="r2l43_3" STYLEREFS="FONT0"/>
            <SP HEIGHT="44" WIDTH="12" VPOS="1262" HPOS="842"/>
            <String HEIGHT="44" WIDTH="174" VPOS="1262" HPOS="804" CONTENT="tiers-état" ID="r2l43_4" STYLEREFS="FONT0"/>
            <SP HEIGHT="44" WIDTH="12" VPOS="1262" HPOS="978"/>
            <String HEIGHT="44" WIDTH="74" VPOS="1262" HPOS="941" CONTENT="de" ID="r2l43_5" STYLEREFS="FONT0"/>
            <SP HEIGHT="44" WIDTH="12" VPOS="1262" HPOS="1015"/>
            <String HEIGHT="44" WIDTH="161" VPOS="1262" HPOS="978" CONTENT="Provence," ID="r2l43_6" STYLEREFS="FONT0"/>
            <SP HEIGHT="44" WIDTH="12" VPOS="1262" HPOS="1139"/>
            <String HEIGHT="44" WIDTH="174" VPOS="1262" HPOS="1102" CONTENT="réflexions" ID="r2l43_7" STYLEREFS="FONT0"/>
            <SP HEIGHT="44" WIDTH="12" VPOS="1262" HPOS="1275"/>
            <String HEIGHT="44" WIDTH="161" VPOS="1262" HPOS="1226" CONTENT="d'An" ID="r2l43_8" STYLEREFS="FONT2"/>
          </TextLine>
          <TextLine ID="r2l44" BASELINE="1342" HEIGHT="37" WIDTH="956" VPOS="1305" HPOS="441">
            <String HEIGHT="37" WIDTH="246" VPOS="1305" HPOS="427" CONTENT="tonelle" ID="r2l44_1" STYLEREFS="FONT2"/>
            <SP HEIGHT="37" WIDTH="14" VPOS="1305" HPOS="673"/>
            <String HEIGHT="37" WIDTH="96" VPOS="1305" HPOS="632" CONTENT="sur" ID="r2l44_2" STYLEREFS="FONT0"/>
            <SP HEIGHT="37" WIDTH="14" VPOS="1305" HPOS="728"/>
            <String HEIGHT="37" WIDTH="205" VPOS="1305" HPOS="687" CONTENT="l’assemblée" ID="r2l44_3" STYLEREFS="FONT0"/>
            <SP HEIGHT="37" WIDTH="14" VPOS="1305" HPOS="892"/>
            <String HEIGHT="37" WIDTH="82" VPOS="1305" HPOS="851" CONTENT="de" ID="r2l44_4" STYLEREFS="FONT0"/>
            <SP HEIGHT="37" WIDTH="14" VPOS="1305" HPOS="933"/>
            <String HEIGHT="37" WIDTH="205" VPOS="1305" HPOS="892" CONTENT="Carpentras," ID="r2l44_5" STYLEREFS="FONT0"/>
            <SP HEIGHT="37" WIDTH="14" VPOS="1305" HPOS="1097"/>
            <String HEIGHT="37" WIDTH="219" VPOS="1305" HPOS="1056" CONTENT="déclarations" ID="r2l44_6" STYLEREFS="FONT0"/>
            <SP HEIGHT="37" WIDTH="14" VPOS="1305" HPOS="1274"/>
            <String HEIGHT="37" WIDTH="82" VPOS="1305" HPOS="1233" CONTENT="et" ID="r2l44_7" STYLEREFS="FONT0"/>
            <SP HEIGHT="37" WIDTH="14" VPOS="1305" HPOS="1315"/>
            <String HEIGHT="37" WIDTH="137" VPOS="1305" HPOS="1260" CONTENT="adresses" ID="r2l44_8" STYLEREFS="FONT0"/>
          </TextLine>
          <TextLine ID="r2l45" BASELINE="1380" HEIGHT="47" WIDTH="936" VPOS="1333" HPOS="446">
            <String HEIGHT="47" WIDTH="109" VPOS="1333" HPOS="430" CONTENT="des" ID="r2l45_1" STYLEREFS="FONT0"/>
            <SP HEIGHT="47" WIDTH="16" VPOS="1333" HPOS="540"/>
            <String HEIGHT="47" WIDTH="187" VPOS="1333" HPOS="493" CONTENT="députés," ID="r2l45_2" STYLEREFS="FONT0"/>
            <SP HEIGHT="47" WIDTH="16" VPOS="1333" HPOS="680"/>
            <String HEIGHT="47" WIDTH="296" VPOS="1333" HPOS="633" CONTENT="éclaircissemens" ID="r2l45_3" STYLEREFS="FONT0"/>
            <SP HEIGHT="47" WIDTH="16" VPOS="1333" HPOS="930"/>
            <String HEIGHT="47" WIDTH="109" VPOS="1333" HPOS="883" CONTENT="sur" ID="r2l45_4" STYLEREFS="FONT0"/>
            <SP HEIGHT="47" WIDTH="16" VPOS="1333" HPOS="992"/>
            <String HEIGHT="47" WIDTH="109" VPOS="1333" HPOS="945" CONTENT="les" ID="r2l45_5" STYLEREFS="FONT0"/>
            <SP HEIGHT="47" WIDTH="16" VPOS="1333" HPOS="1054"/>
            <String HEIGHT="47" WIDTH="203" VPOS="1333" HPOS="1008" CONTENT="évènemens" ID="r2l45_6" STYLEREFS="FONT0"/>
            <SP HEIGHT="47" WIDTH="16" VPOS="1333" HPOS="1210"/>
            <String HEIGHT="47" WIDTH="94" VPOS="1333" HPOS="1164" CONTENT="du" ID="r2l45_7" STYLEREFS="FONT0"/>
            <SP HEIGHT="47" WIDTH="16" VPOS="1333" HPOS="1257"/>
            <String HEIGHT="47" WIDTH="172" VPOS="1333" HPOS="1210" CONTENT="comtat," ID="r2l45_8" STYLEREFS="FONT0"/>
            <SP HEIGHT="47" WIDTH="16" VPOS="1333" HPOS="1382"/>
            <String HEIGHT="47" WIDTH="62" VPOS="1333" HPOS="1320" CONTENT="mé" ID="r2l45_9" STYLEREFS="FONT0"/>
          </TextLine>
          <TextLine ID="r2l46" BASELINE="1413" HEIGHT="41" WIDTH="939" VPOS="1372" HPOS="447">
            <String HEIGHT="41" WIDTH="119" VPOS="1372" HPOS="434" CONTENT="moire" ID="r2l46_1" STYLEREFS="FONT0"/>
            <SP HEIGHT="41" WIDTH="13" VPOS="1372" HPOS="553"/>
            <String HEIGHT="41" WIDTH="212" VPOS="1372" HPOS="513" CONTENT="justificatif" ID="r2l46_2" STYLEREFS="FONT0"/>
            <SP HEIGHT="41" WIDTH="13" VPOS="1372" HPOS="725"/>
            <String HEIGHT="41" WIDTH="79" VPOS="1372" HPOS="685" CONTENT="de" ID="r2l46_3" STYLEREFS="FONT0"/>
            <SP HEIGHT="41" WIDTH="13" VPOS="1372" HPOS="764"/>
            <String HEIGHT="41" WIDTH="265" VPOS="1372" HPOS="725" CONTENT="Barjavel" ID="r2l46_4" STYLEREFS="FONT2"/>
            <SP HEIGHT="41" WIDTH="13" VPOS="1372" HPOS="989"/>
            <String HEIGHT="41" WIDTH="212" VPOS="1372" HPOS="950" CONTENT="conspiration" ID="r2l46_5" STYLEREFS="FONT0"/>
            <SP HEIGHT="41" WIDTH="13" VPOS="1372" HPOS="1161"/>
            <String HEIGHT="41" WIDTH="93" VPOS="1372" HPOS="1121" CONTENT="des" ID="r2l46_6" STYLEREFS="FONT0"/>
            <SP HEIGHT="41" WIDTH="13" VPOS="1372" HPOS="1214"/>
            <String HEIGHT="41" WIDTH="212" VPOS="1372" HPOS="1174" CONTENT="aristocrates" ID="r2l46_7" STYLEREFS="FONT0"/>
            <SP HEIGHT="41" WIDTH="13" VPOS="1372" HPOS="1386"/>
            <String HEIGHT="41" WIDTH="53" VPOS="1372" HPOS="1333" CONTENT="de" ID="r2l46_8" STYLEREFS="FONT0"/>
          </TextLine>
          <TextLine ID="r2l48" BASELINE="1447" HEIGHT="38" WIDTH="496" VPOS="1409" HPOS="900">
            <String HEIGHT="38" WIDTH="128" VPOS="1409" HPOS="891" CONTENT="Carpentras," ID="r2l48_1" STYLEREFS="FONT0"/>
            <SP HEIGHT="38" WIDTH="9" VPOS="1409" HPOS="1020"/>
            <String HEIGHT="38" WIDTH="51" VPOS="1409" HPOS="994" CONTENT="et" ID="r2l48_2" STYLEREFS="FONT0"/>
            <SP HEIGHT="38" WIDTH="9" VPOS="1409" HPOS="1045"/>
            <String HEIGHT="38" WIDTH="103" VPOS="1409" HPOS="1020" CONTENT="massacre" ID="r2l48_3" STYLEREFS="FONT0"/>
            <SP HEIGHT="38" WIDTH="9" VPOS="1409" HPOS="1122"/>
            <String HEIGHT="38" WIDTH="60" VPOS="1409" HPOS="1097" CONTENT="des" ID="r2l48_4" STYLEREFS="FONT0"/>
            <SP HEIGHT="38" WIDTH="9" VPOS="1409" HPOS="1157"/>
            <String HEIGHT="38" WIDTH="111" VPOS="1409" HPOS="1131" CONTENT="patriotes" ID="r2l48_5" STYLEREFS="FONT0"/>
            <SP HEIGHT="38" WIDTH="9" VPOS="1409" HPOS="1242"/>
            <String HEIGHT="38" WIDTH="51" VPOS="1409" HPOS="1216" CONTENT="du" ID="r2l48_6" STYLEREFS="FONT0"/>
            <SP HEIGHT="38" WIDTH="9" VPOS="1409" HPOS="1268"/>
            <String HEIGHT="38" WIDTH="94" VPOS="1409" HPOS="1242" CONTENT="comtat," ID="r2l48_7" STYLEREFS="FONT0"/>
            <SP HEIGHT="38" WIDTH="9" VPOS="1409" HPOS="1336"/>
            <String HEIGHT="38" WIDTH="51" VPOS="1409" HPOS="1310" CONTENT="au" ID="r2l48_8" STYLEREFS="FONT0"/>
            <SP HEIGHT="38" WIDTH="9" VPOS="1409" HPOS="1362"/>
            <String HEIGHT="38" WIDTH="60" VPOS="1409" HPOS="1336" CONTENT="nom" ID="r2l48_9" STYLEREFS="FONT0"/>
            <SP HEIGHT="38" WIDTH="9" VPOS="1409" HPOS="1396"/>
            <String HEIGHT="38" WIDTH="34" VPOS="1409" HPOS="1362" CONTENT="du" ID="r2l48_10" STYLEREFS="FONT0"/>
          </TextLine>
          <TextLine ID="r2l49" BASELINE="1485" HEIGHT="46" WIDTH="955" VPOS="1439" HPOS="439">
            <String HEIGHT="46" WIDTH="209" VPOS="1439" HPOS="426" CONTENT="département," ID="r2l49_1" STYLEREFS="FONT0"/>
            <SP HEIGHT="46" WIDTH="13" VPOS="1439" HPOS="635"/>
            <String HEIGHT="46" WIDTH="222" VPOS="1439" HPOS="596" CONTENT="Tissot" ID="r2l49_2" STYLEREFS="FONT2"/>
            <SP HEIGHT="46" WIDTH="13" VPOS="1439" HPOS="818"/>
            <String HEIGHT="46" WIDTH="78" VPOS="1439" HPOS="779" CONTENT="et" ID="r2l49_3" STYLEREFS="FONT0"/>
            <SP HEIGHT="46" WIDTH="13" VPOS="1439" HPOS="858"/>
            <String HEIGHT="46" WIDTH="209" VPOS="1439" HPOS="818" CONTENT="Blaze" ID="r2l49_4" STYLEREFS="FONT2"/>
            <SP HEIGHT="46" WIDTH="13" VPOS="1439" HPOS="1028"/>
            <String HEIGHT="46" WIDTH="65" VPOS="1439" HPOS="988" CONTENT="à" ID="r2l49_5" STYLEREFS="FONT0"/>
            <SP HEIGHT="46" WIDTH="13" VPOS="1439" HPOS="1054"/>
            <String HEIGHT="46" WIDTH="78" VPOS="1439" HPOS="1015" CONTENT="la" ID="r2l49_6" STYLEREFS="FONT0"/>
            <SP HEIGHT="46" WIDTH="13" VPOS="1439" HPOS="1093"/>
            <String HEIGHT="46" WIDTH="196" VPOS="1439" HPOS="1054" CONTENT="convention," ID="r2l49_7" STYLEREFS="FONT0"/>
            <SP HEIGHT="46" WIDTH="13" VPOS="1439" HPOS="1250"/>
            <String HEIGHT="46" WIDTH="144" VPOS="1439" HPOS="1211" CONTENT="réponse" ID="r2l49_8" STYLEREFS="FONT0"/>
            <SP HEIGHT="46" WIDTH="13" VPOS="1439" HPOS="1355"/>
            <String HEIGHT="46" WIDTH="78" VPOS="1439" HPOS="1316" CONTENT="de" ID="r2l49_9" STYLEREFS="FONT0"/>
            <SP HEIGHT="46" WIDTH="13" VPOS="1439" HPOS="1394"/>
            <String HEIGHT="46" WIDTH="52" VPOS="1439" HPOS="1342" CONTENT="la" ID="r2l49_10" STYLEREFS="FONT0"/>
          </TextLine>
          <TextLine ID="r2l50" BASELINE="1517" HEIGHT="36" WIDTH="940" VPOS="1481" HPOS="441">
            <String HEIGHT="36" WIDTH="255" VPOS="1481" HPOS="425" CONTENT="municipalité" ID="r2l50_1" STYLEREFS="FONT0"/>
            <SP HEIGHT="36" WIDTH="16" VPOS="1481" HPOS="680"/>
            <String HEIGHT="36" WIDTH="96" VPOS="1481" HPOS="632" CONTENT="de" ID="r2l50_2" STYLEREFS="FONT0"/>
            <SP HEIGHT="36" WIDTH="16" VPOS="1481" HPOS="728"/>
            <String HEIGHT="36" WIDTH="175" VPOS="1481" HPOS="680" CONTENT="Sorgues" ID="r2l50_3" STYLEREFS="FONT0"/>
            <SP HEIGHT="36" WIDTH="16" VPOS="1481" HPOS="855"/>
            <String HEIGHT="36" WIDTH="112" VPOS="1481" HPOS="807" CONTENT="aux" ID="r2l50_4" STYLEREFS="FONT0"/>
            <SP HEIGHT="36" WIDTH="16" VPOS="1481" HPOS="919"/>
            <String HEIGHT="36" WIDTH="143" VPOS="1481" HPOS="871" CONTENT="héros" ID="r2l50_5" STYLEREFS="FONT0"/>
            <SP HEIGHT="36" WIDTH="16" VPOS="1481" HPOS="1015"/>
            <String HEIGHT="36" WIDTH="96" VPOS="1481" HPOS="967" CONTENT="de" ID="r2l50_6" STYLEREFS="FONT0"/>
            <SP HEIGHT="36" WIDTH="16" VPOS="1481" HPOS="1062"/>
            <String HEIGHT="36" WIDTH="223" VPOS="1481" HPOS="1015" CONTENT="septembre," ID="r2l50_7" STYLEREFS="FONT0"/>
            <SP HEIGHT="36" WIDTH="16" VPOS="1481" HPOS="1238"/>
            <String HEIGHT="36" WIDTH="207" VPOS="1481" HPOS="1174" CONTENT="procès" SUBS_TYPE="HypPart1" SUBS_CONTENT="procèsbaux" ID="r2l50_8" STYLEREFS="FONT0"/>
            <HYP CONTENT="-"/>
          </TextLine>
          <TextLine ID="r2l52" BASELINE="1557" HEIGHT="51" WIDTH="937" VPOS="1506" HPOS="447">
            <String HEIGHT="51" WIDTH="115" VPOS="1506" HPOS="433" CONTENT="baux" SUBS_TYPE="HypPart2" SUBS_CONTENT="procèsbaux" ID="r2l52_1" STYLEREFS="FONT0"/>
            <SP HEIGHT="51" WIDTH="14" VPOS="1506" HPOS="548"/>
            <String HEIGHT="51" WIDTH="86" VPOS="1506" HPOS="505" CONTENT="de" ID="r2l52_2" STYLEREFS="FONT0"/>
            <SP HEIGHT="51" WIDTH="14" VPOS="1506" HPOS="591"/>
            <String HEIGHT="51" WIDTH="216" VPOS="1506" HPOS="548" CONTENT="l’assemblée" ID="r2l52_3" STYLEREFS="FONT0"/>
            <SP HEIGHT="51" WIDTH="14" VPOS="1506" HPOS="764"/>
            <String HEIGHT="51" WIDTH="216" VPOS="1506" HPOS="721" CONTENT="électorale," ID="r2l52_4" STYLEREFS="FONT0"/>
            <SP HEIGHT="51" WIDTH="14" VPOS="1506" HPOS="937"/>
            <String HEIGHT="51" WIDTH="115" VPOS="1506" HPOS="894" CONTENT="etc," ID="r2l52_5" STYLEREFS="FONT0"/>
            <SP HEIGHT="51" WIDTH="14" VPOS="1506" HPOS="1009"/>
            <String HEIGHT="51" WIDTH="130" VPOS="1506" HPOS="966" CONTENT="trois" ID="r2l52_6" STYLEREFS="FONT0"/>
            <SP HEIGHT="51" WIDTH="14" VPOS="1506" HPOS="1096"/>
            <String HEIGHT="51" WIDTH="159" VPOS="1506" HPOS="1052" CONTENT="lettres" ID="r2l52_7" STYLEREFS="FONT0"/>
            <SP HEIGHT="51" WIDTH="14" VPOS="1506" HPOS="1211"/>
            <String HEIGHT="51" WIDTH="159" VPOS="1506" HPOS="1168" CONTENT="signées" ID="r2l52_8" STYLEREFS="FONT0"/>
            <SP HEIGHT="51" WIDTH="14" VPOS="1506" HPOS="1326"/>
            <String HEIGHT="51" WIDTH="101" VPOS="1506" HPOS="1283" CONTENT="des" ID="r2l52_9" STYLEREFS="FONT0"/>
            <SP HEIGHT="51" WIDTH="14" VPOS="1506" HPOS="1384"/>
            <String HEIGHT="51" WIDTH="58" VPOS="1506" HPOS="1326" CONTENT="ad" ID="r2l52_10" STYLEREFS="FONT0"/>
          </TextLine>
          <TextLine ID="r2l53" BASELINE="1589" HEIGHT="39" WIDTH="739" VPOS="1550" HPOS="446">
            <String HEIGHT="39" WIDTH="233" VPOS="1550" HPOS="433" CONTENT="ministrateurs," ID="r2l53_1" STYLEREFS="FONT0"/>
            <SP HEIGHT="39" WIDTH="13" VPOS="1550" HPOS="666"/>
            <String HEIGHT="39" WIDTH="91" VPOS="1550" HPOS="628" CONTENT="ans" ID="r2l53_2" STYLEREFS="FONT0"/>
            <SP HEIGHT="39" WIDTH="13" VPOS="1550" HPOS="718"/>
            <String HEIGHT="39" WIDTH="78" VPOS="1550" HPOS="679" CONTENT="II" ID="r2l53_3" STYLEREFS="FONT0"/>
            <SP HEIGHT="39" WIDTH="13" VPOS="1550" HPOS="757"/>
            <String HEIGHT="39" WIDTH="78" VPOS="1550" HPOS="718" CONTENT="et" ID="r2l53_4" STYLEREFS="FONT0"/>
            <SP HEIGHT="39" WIDTH="13" VPOS="1550" HPOS="796"/>
            <String HEIGHT="39" WIDTH="91" VPOS="1550" HPOS="757" CONTENT="VI," ID="r2l53_5" STYLEREFS="FONT0"/>
            <SP HEIGHT="39" WIDTH="13" VPOS="1550" HPOS="848"/>
            <String HEIGHT="39" WIDTH="78" VPOS="1550" HPOS="809" CONTENT="32" ID="r2l53_6" STYLEREFS="FONT0"/>
            <SP HEIGHT="39" WIDTH="13" VPOS="1550" HPOS="887"/>
            <String HEIGHT="39" WIDTH="130" VPOS="1550" HPOS="848" CONTENT="pièces" ID="r2l53_7" STYLEREFS="FONT0"/>
            <SP HEIGHT="39" WIDTH="13" VPOS="1550" HPOS="978"/>
            <String HEIGHT="39" WIDTH="104" VPOS="1550" HPOS="939" CONTENT="in-8" ID="r2l53_8" STYLEREFS="FONT0"/>
            <SP HEIGHT="39" WIDTH="13" VPOS="1550" HPOS="1042"/>
            <String HEIGHT="39" WIDTH="78" VPOS="1550" HPOS="1003" CONTENT="et" ID="r2l53_9" STYLEREFS="FONT0"/>
            <SP HEIGHT="39" WIDTH="13" VPOS="1550" HPOS="1081"/>
            <String HEIGHT="39" WIDTH="117" VPOS="1550" HPOS="1042" CONTENT="in-4." ID="r2l53_10" STYLEREFS="FONT0"/>
            <SP HEIGHT="39" WIDTH="13" VPOS="1550" HPOS="1159"/>
            <String HEIGHT="39" WIDTH="78" VPOS="1550" HPOS="1120" CONTENT="14" ID="r2l53_11" STYLEREFS="FONT0"/>
            <SP HEIGHT="39" WIDTH="13" VPOS="1550" HPOS="1198"/>
            <String HEIGHT="39" WIDTH="39" VPOS="1550" HPOS="1146" CONTENT="»" ID="r2l53_12" STYLEREFS="FONT0"/>
          </TextLine>
          <TextLine ID="r2l55" BASELINE="1625" HEIGHT="53" WIDTH="1021" VPOS="1572" HPOS="372">
            <String HEIGHT="53" WIDTH="124" VPOS="1572" HPOS="357" CONTENT="104." ID="r2l55_1" STYLEREFS="FONT0"/>
            <SP HEIGHT="53" WIDTH="15" VPOS="1572" HPOS="480"/>
            <String HEIGHT="53" WIDTH="186" VPOS="1572" HPOS="434" CONTENT="AVIGNON." ID="r2l55_2" STYLEREFS="FONT0"/>
            <SP HEIGHT="53" WIDTH="15" VPOS="1572" HPOS="620"/>
            <String HEIGHT="53" WIDTH="201" VPOS="1572" HPOS="573" CONTENT="Rapports," ID="r2l55_3" STYLEREFS="FONT0"/>
            <SP HEIGHT="53" WIDTH="15" VPOS="1572" HPOS="774"/>
            <String HEIGHT="53" WIDTH="201" VPOS="1572" HPOS="728" CONTENT="opinions," ID="r2l55_4" STYLEREFS="FONT0"/>
            <SP HEIGHT="53" WIDTH="15" VPOS="1572" HPOS="929"/>
            <String HEIGHT="53" WIDTH="201" VPOS="1572" HPOS="882" CONTENT="discours," ID="r2l55_5" STYLEREFS="FONT0"/>
            <SP HEIGHT="53" WIDTH="15" VPOS="1572" HPOS="1084"/>
            <String HEIGHT="53" WIDTH="186" VPOS="1572" HPOS="1037" CONTENT="mémoires" ID="r2l55_6" STYLEREFS="FONT0"/>
            <SP HEIGHT="53" WIDTH="15" VPOS="1572" HPOS="1223"/>
            <String HEIGHT="53" WIDTH="108" VPOS="1572" HPOS="1176" CONTENT="sur" ID="r2l55_7" STYLEREFS="FONT0"/>
            <SP HEIGHT="53" WIDTH="15" VPOS="1572" HPOS="1285"/>
            <String HEIGHT="53" WIDTH="170" VPOS="1572" HPOS="1223" CONTENT="l’affaire" ID="r2l55_8" STYLEREFS="FONT0"/>
          </TextLine>
          <TextLine ID="r2l56" BASELINE="1660" HEIGHT="54" WIDTH="949" VPOS="1606" HPOS="442">
            <String HEIGHT="54" WIDTH="208" VPOS="1606" HPOS="427" CONTENT="d’Avignon," ID="r2l56_1" STYLEREFS="FONT0"/>
            <SP HEIGHT="54" WIDTH="15" VPOS="1606" HPOS="635"/>
            <String HEIGHT="54" WIDTH="104" VPOS="1606" HPOS="590" CONTENT="par" ID="r2l56_2" STYLEREFS="FONT0"/>
            <SP HEIGHT="54" WIDTH="15" VPOS="1606" HPOS="694"/>
            <String HEIGHT="54" WIDTH="193" VPOS="1606" HPOS="650" CONTENT="Mulot," ID="r2l56_3" STYLEREFS="FONT2"/>
            <SP HEIGHT="54" WIDTH="15" VPOS="1606" HPOS="842"/>
            <String HEIGHT="54" WIDTH="163" VPOS="1606" HPOS="798" CONTENT="Rovère," ID="r2l56_4" STYLEREFS="FONT2"/>
            <SP HEIGHT="54" WIDTH="15" VPOS="1606" HPOS="961"/>
            <String HEIGHT="54" WIDTH="193" VPOS="1606" HPOS="917" CONTENT="Verninac," ID="r2l56_5" STYLEREFS="FONT2"/>
            <SP HEIGHT="54" WIDTH="15" VPOS="1606" HPOS="1109"/>
            <String HEIGHT="54" WIDTH="148" VPOS="1606" HPOS="1065" CONTENT="Menou," ID="r2l56_6" STYLEREFS="FONT2"/>
            <SP HEIGHT="54" WIDTH="15" VPOS="1606" HPOS="1213"/>
            <String HEIGHT="54" WIDTH="237" VPOS="1606" HPOS="1154" CONTENT="Fressenet" ID="r2l56_7" STYLEREFS="FONT2"/>
          </TextLine>
          <TextLine ID="r2l57" BASELINE="1689" HEIGHT="41" WIDTH="944" VPOS="1648" HPOS="452">
            <String HEIGHT="41" WIDTH="254" VPOS="1648" HPOS="438" CONTENT="Duchalelet," ID="r2l57_1" STYLEREFS="FONT2"/>
            <SP HEIGHT="41" WIDTH="14" VPOS="1648" HPOS="692"/>
            <String HEIGHT="41" WIDTH="310" VPOS="1648" HPOS="649" CONTENT="Clermont-Tonnerre," ID="r2l57_2" STYLEREFS="FONT2"/>
            <SP HEIGHT="41" WIDTH="14" VPOS="1648" HPOS="959"/>
            <String HEIGHT="41" WIDTH="155" VPOS="1648" HPOS="917" CONTENT="Brival," ID="r2l57_3" STYLEREFS="FONT2"/>
            <SP HEIGHT="41" WIDTH="14" VPOS="1648" HPOS="1072"/>
            <String HEIGHT="41" WIDTH="225" VPOS="1648" HPOS="1030" CONTENT="Malouct" ID="r2l57_4" STYLEREFS="FONT2"/>
            <SP HEIGHT="41" WIDTH="14" VPOS="1648" HPOS="1255"/>
            <String HEIGHT="41" WIDTH="127" VPOS="1648" HPOS="1213" CONTENT="etc.," ID="r2l57_5" STYLEREFS="FONT0"/>
            <SP HEIGHT="41" WIDTH="14" VPOS="1648" HPOS="1340"/>
            <String HEIGHT="41" WIDTH="113" VPOS="1648" HPOS="1283" CONTENT="droits" ID="r2l57_6" STYLEREFS="FONT0"/>
          </TextLine>
          <TextLine ID="r2l59" BASELINE="1724" HEIGHT="38" WIDTH="948" VPOS="1686" HPOS="444">
            <String HEIGHT="38" WIDTH="107" VPOS="1686" HPOS="429" CONTENT="des" ID="r2l59_1" STYLEREFS="FONT0"/>
            <SP HEIGHT="38" WIDTH="15" VPOS="1686" HPOS="536"/>
            <String HEIGHT="38" WIDTH="214" VPOS="1686" HPOS="490" CONTENT="Avignonais" ID="r2l59_2" STYLEREFS="FONT0"/>
            <SP HEIGHT="38" WIDTH="15" VPOS="1686" HPOS="704"/>
            <String HEIGHT="38" WIDTH="107" VPOS="1686" HPOS="658" CONTENT="par" ID="r2l59_3" STYLEREFS="FONT0"/>
            <SP HEIGHT="38" WIDTH="15" VPOS="1686" HPOS="765"/>
            <String HEIGHT="38" WIDTH="306" VPOS="1686" HPOS="719" CONTENT="Dufourny" ID="r2l59_4" STYLEREFS="FONT2"/>
            <SP HEIGHT="38" WIDTH="15" VPOS="1686" HPOS="1025"/>
            <String HEIGHT="38" WIDTH="168" VPOS="1686" HPOS="979" CONTENT="mémoire" ID="r2l59_5" STYLEREFS="FONT0"/>
            <SP HEIGHT="38" WIDTH="15" VPOS="1686" HPOS="1147"/>
            <String HEIGHT="38" WIDTH="153" VPOS="1686" HPOS="1101" CONTENT="contre" ID="r2l59_6" STYLEREFS="FONT0"/>
            <SP HEIGHT="38" WIDTH="15" VPOS="1686" HPOS="1254"/>
            <String HEIGHT="38" WIDTH="107" VPOS="1686" HPOS="1209" CONTENT="les" ID="r2l59_7" STYLEREFS="FONT0"/>
            <SP HEIGHT="38" WIDTH="15" VPOS="1686" HPOS="1316"/>
            <String HEIGHT="38" WIDTH="138" VPOS="1686" HPOS="1254" CONTENT="commis" SUBS_TYPE="HypPart1" SUBS_CONTENT="commissaires" ID="r2l59_8" STYLEREFS="FONT0"/>
            <HYP CONTENT="-"/>
          </TextLine>
          <TextLine ID="r2l60" BASELINE="1765" HEIGHT="44" WIDTH="954" VPOS="1721" HPOS="444">
            <String HEIGHT="44" WIDTH="149" VPOS="1721" HPOS="429" CONTENT="saires" SUBS_TYPE="HypPart2" SUBS_CONTENT="commissaires" ID="r2l60_1" STYLEREFS="FONT0"/>
            <SP HEIGHT="44" WIDTH="15" VPOS="1721" HPOS="578"/>
            <String HEIGHT="44" WIDTH="149" VPOS="1721" HPOS="533" CONTENT="civils" ID="r2l60_2" STYLEREFS="FONT0"/>
            <SP HEIGHT="44" WIDTH="15" VPOS="1721" HPOS="683"/>
            <String HEIGHT="44" WIDTH="313" VPOS="1721" HPOS="638" CONTENT="d'Avignon" ID="r2l60_3" STYLEREFS="FONT2"/>
            <SP HEIGHT="44" WIDTH="15" VPOS="1721" HPOS="951"/>
            <String HEIGHT="44" WIDTH="179" VPOS="1721" HPOS="906" CONTENT="horrible" ID="r2l60_4" STYLEREFS="FONT0"/>
            <SP HEIGHT="44" WIDTH="15" VPOS="1721" HPOS="1085"/>
            <String HEIGHT="44" WIDTH="179" VPOS="1721" HPOS="1040" CONTENT="massacre" ID="r2l60_5" STYLEREFS="FONT0"/>
            <SP HEIGHT="44" WIDTH="15" VPOS="1721" HPOS="1219"/>
            <String HEIGHT="44" WIDTH="149" VPOS="1721" HPOS="1174" CONTENT="commis" ID="r2l60_6" STYLEREFS="FONT0"/>
            <SP HEIGHT="44" WIDTH="15" VPOS="1721" HPOS="1323"/>
            <String HEIGHT="44" WIDTH="104" VPOS="1721" HPOS="1279" CONTENT="par" ID="r2l60_7" STYLEREFS="FONT0"/>
            <SP HEIGHT="44" WIDTH="15" VPOS="1721" HPOS="1383"/>
            <String HEIGHT="44" WIDTH="75" VPOS="1721" HPOS="1323" CONTENT="des" ID="r2l60_8" STYLEREFS="FONT0"/>
          </TextLine>
          <TextLine ID="r2l61" BASELINE="1795" HEIGHT="43" WIDTH="951" VPOS="1752" HPOS="443">
            <String HEIGHT="43" WIDTH="245" VPOS="1752" HPOS="429" CONTENT="aristocrates," ID="r2l61_1" STYLEREFS="FONT0"/>
            <SP HEIGHT="43" WIDTH="14" VPOS="1752" HPOS="674"/>
            <String HEIGHT="43" WIDTH="259" VPOS="1752" HPOS="630" CONTENT="correspondance" ID="r2l61_2" STYLEREFS="FONT0"/>
            <SP HEIGHT="43" WIDTH="14" VPOS="1752" HPOS="890"/>
            <String HEIGHT="43" WIDTH="86" VPOS="1752" HPOS="846" CONTENT="de" ID="r2l61_3" STYLEREFS="FONT0"/>
            <SP HEIGHT="43" WIDTH="14" VPOS="1752" HPOS="933"/>
            <String HEIGHT="43" WIDTH="159" VPOS="1752" HPOS="890" CONTENT="l’armée" ID="r2l61_4" STYLEREFS="FONT0"/>
            <SP HEIGHT="43" WIDTH="14" VPOS="1752" HPOS="1048"/>
            <String HEIGHT="43" WIDTH="231" VPOS="1752" HPOS="1005" CONTENT="avignonaise," ID="r2l61_5" STYLEREFS="FONT0"/>
            <SP HEIGHT="43" WIDTH="14" VPOS="1752" HPOS="1236"/>
            <String HEIGHT="43" WIDTH="115" VPOS="1752" HPOS="1192" CONTENT="cris" ID="r2l61_6" STYLEREFS="FONT0"/>
            <SP HEIGHT="43" WIDTH="14" VPOS="1752" HPOS="1308"/>
            <String HEIGHT="43" WIDTH="101" VPOS="1752" HPOS="1264" CONTENT="des" ID="r2l61_7" STYLEREFS="FONT0"/>
            <SP HEIGHT="43" WIDTH="14" VPOS="1752" HPOS="1365"/>
            <String HEIGHT="43" WIDTH="86" VPOS="1752" HPOS="1308" CONTENT="Avi" SUBS_TYPE="HypPart1" SUBS_CONTENT="Avignonais," ID="r2l61_8" STYLEREFS="FONT0"/>
            <HYP CONTENT="-"/>
          </TextLine>
          <TextLine ID="r2l62" BASELINE="1840" HEIGHT="46" WIDTH="956" VPOS="1794" HPOS="449">
            <String HEIGHT="46" WIDTH="151" VPOS="1794" HPOS="436" CONTENT="gnonais," SUBS_TYPE="HypPart2" SUBS_CONTENT="Avignonais," ID="r2l62_1" STYLEREFS="FONT0"/>
            <SP HEIGHT="46" WIDTH="13" VPOS="1794" HPOS="587"/>
            <String HEIGHT="46" WIDTH="101" VPOS="1794" HPOS="550" CONTENT="leur" ID="r2l62_2" STYLEREFS="FONT0"/>
            <SP HEIGHT="46" WIDTH="13" VPOS="1794" HPOS="650"/>
            <String HEIGHT="46" WIDTH="214" VPOS="1794" HPOS="613" CONTENT="justification" ID="r2l62_3" STYLEREFS="FONT0"/>
            <SP HEIGHT="46" WIDTH="13" VPOS="1794" HPOS="826"/>
            <String HEIGHT="46" WIDTH="88" VPOS="1794" HPOS="789" CONTENT="par" ID="r2l62_4" STYLEREFS="FONT0"/>
            <SP HEIGHT="46" WIDTH="13" VPOS="1794" HPOS="877"/>
            <String HEIGHT="46" WIDTH="252" VPOS="1794" HPOS="839" CONTENT="Deleutre" ID="r2l62_5" STYLEREFS="FONT2"/>
            <SP HEIGHT="46" WIDTH="13" VPOS="1794" HPOS="1091"/>
            <String HEIGHT="46" WIDTH="151" VPOS="1794" HPOS="1053" CONTENT="adresses" ID="r2l62_6" STYLEREFS="FONT0"/>
            <SP HEIGHT="46" WIDTH="13" VPOS="1794" HPOS="1204"/>
            <String HEIGHT="46" WIDTH="164" VPOS="1794" HPOS="1166" CONTENT="diverses," ID="r2l62_7" STYLEREFS="FONT0"/>
            <SP HEIGHT="46" WIDTH="13" VPOS="1794" HPOS="1330"/>
            <String HEIGHT="46" WIDTH="126" VPOS="1794" HPOS="1279" CONTENT="plaintes" ID="r2l62_8" STYLEREFS="FONT0"/>
          </TextLine>
          <TextLine ID="r2l63" BASELINE="1871" HEIGHT="41" WIDTH="947" VPOS="1830" HPOS="448">
            <String HEIGHT="41" WIDTH="82" VPOS="1830" HPOS="434" CONTENT="de" ID="r2l63_1" STYLEREFS="FONT0"/>
            <SP HEIGHT="41" WIDTH="14" VPOS="1830" HPOS="517"/>
            <String HEIGHT="41" WIDTH="220" VPOS="1830" HPOS="475" CONTENT="l’accusateur" ID="r2l63_2" STYLEREFS="FONT0"/>
            <SP HEIGHT="41" WIDTH="14" VPOS="1830" HPOS="695"/>
            <String HEIGHT="41" WIDTH="151" VPOS="1830" HPOS="654" CONTENT="public," ID="r2l63_3" STYLEREFS="FONT0"/>
            <SP HEIGHT="41" WIDTH="14" VPOS="1830" HPOS="805"/>
            <String HEIGHT="41" WIDTH="96" VPOS="1830" HPOS="764" CONTENT="les" ID="r2l63_4" STYLEREFS="FONT0"/>
            <SP HEIGHT="41" WIDTH="14" VPOS="1830" HPOS="860"/>
            <String HEIGHT="41" WIDTH="137" VPOS="1830" HPOS="819" CONTENT="crimes" ID="r2l63_5" STYLEREFS="FONT0"/>
            <SP HEIGHT="41" WIDTH="14" VPOS="1830" HPOS="956"/>
            <String HEIGHT="41" WIDTH="178" VPOS="1830" HPOS="915" CONTENT="dévoilés," ID="r2l63_6" STYLEREFS="FONT0"/>
            <SP HEIGHT="41" WIDTH="14" VPOS="1830" HPOS="1093"/>
            <String HEIGHT="41" WIDTH="165" VPOS="1830" HPOS="1052" CONTENT="relation" ID="r2l63_7" STYLEREFS="FONT0"/>
            <SP HEIGHT="41" WIDTH="14" VPOS="1830" HPOS="1217"/>
            <String HEIGHT="41" WIDTH="82" VPOS="1830" HPOS="1175" CONTENT="de" ID="r2l63_8" STYLEREFS="FONT0"/>
            <SP HEIGHT="41" WIDTH="14" VPOS="1830" HPOS="1258"/>
            <String HEIGHT="41" WIDTH="82" VPOS="1830" HPOS="1217" CONTENT="ce" ID="r2l63_9" STYLEREFS="FONT0"/>
            <SP HEIGHT="41" WIDTH="14" VPOS="1830" HPOS="1299"/>
            <String HEIGHT="41" WIDTH="96" VPOS="1830" HPOS="1258" CONTENT="qui" ID="r2l63_10" STYLEREFS="FONT0"/>
            <SP HEIGHT="41" WIDTH="14" VPOS="1830" HPOS="1354"/>
            <String HEIGHT="41" WIDTH="96" VPOS="1830" HPOS="1299" CONTENT="s’est" ID="r2l63_11" STYLEREFS="FONT0"/>
          </TextLine>
          <TextLine ID="r2l64" BASELINE="1905" HEIGHT="42" WIDTH="948" VPOS="1863" HPOS="447">
            <String HEIGHT="42" WIDTH="131" VPOS="1863" HPOS="432" CONTENT="passé" ID="r2l64_1" STYLEREFS="FONT0"/>
            <SP HEIGHT="42" WIDTH="15" VPOS="1863" HPOS="564"/>
            <String HEIGHT="42" WIDTH="73" VPOS="1863" HPOS="520" CONTENT="à" ID="r2l64_2" STYLEREFS="FONT0"/>
            <SP HEIGHT="42" WIDTH="15" VPOS="1863" HPOS="593"/>
            <String HEIGHT="42" WIDTH="160" VPOS="1863" HPOS="549" CONTENT="Avignon" ID="r2l64_3" STYLEREFS="FONT0"/>
            <SP HEIGHT="42" WIDTH="15" VPOS="1863" HPOS="710"/>
            <String HEIGHT="42" WIDTH="146" VPOS="1863" HPOS="666" CONTENT="depuis" ID="r2l64_4" STYLEREFS="FONT0"/>
            <SP HEIGHT="42" WIDTH="15" VPOS="1863" HPOS="812"/>
            <String HEIGHT="42" WIDTH="175" VPOS="1863" HPOS="768" CONTENT="l’entrée" ID="r2l64_5" STYLEREFS="FONT0"/>
            <SP HEIGHT="42" WIDTH="15" VPOS="1863" HPOS="943"/>
            <String HEIGHT="42" WIDTH="88" VPOS="1863" HPOS="899" CONTENT="du" ID="r2l64_6" STYLEREFS="FONT0"/>
            <SP HEIGHT="42" WIDTH="15" VPOS="1863" HPOS="987"/>
            <String HEIGHT="42" WIDTH="160" VPOS="1863" HPOS="943" CONTENT="général" ID="r2l64_7" STYLEREFS="FONT0"/>
            <SP HEIGHT="42" WIDTH="15" VPOS="1863" HPOS="1103"/>
            <String HEIGHT="42" WIDTH="263" VPOS="1863" HPOS="1060" CONTENT="Choisy" ID="r2l64_8" STYLEREFS="FONT2"/>
            <SP HEIGHT="42" WIDTH="15" VPOS="1863" HPOS="1322"/>
            <String HEIGHT="42" WIDTH="131" VPOS="1863" HPOS="1264" CONTENT="jusqu’à" ID="r2l64_9" STYLEREFS="FONT0"/>
          </TextLine>
          <TextLine ID="r2l65" BASELINE="1939" HEIGHT="41" WIDTH="940" VPOS="1898" HPOS="453">
            <String HEIGHT="41" WIDTH="78" VPOS="1898" HPOS="440" CONTENT="la" ID="r2l65_1" STYLEREFS="FONT0"/>
            <SP HEIGHT="41" WIDTH="13" VPOS="1898" HPOS="518"/>
            <String HEIGHT="41" WIDTH="118" VPOS="1898" HPOS="479" CONTENT="prise" ID="r2l65_2" STYLEREFS="FONT0"/>
            <SP HEIGHT="41" WIDTH="13" VPOS="1898" HPOS="597"/>
            <String HEIGHT="41" WIDTH="78" VPOS="1898" HPOS="557" CONTENT="de" ID="r2l65_3" STYLEREFS="FONT0"/>
            <SP HEIGHT="41" WIDTH="13" VPOS="1898" HPOS="636"/>
            <String HEIGHT="41" WIDTH="248" VPOS="1898" HPOS="597" CONTENT="Jourdan" ID="r2l65_4" STYLEREFS="FONT2"/>
            <SP HEIGHT="41" WIDTH="13" VPOS="1898" HPOS="845"/>
            <String HEIGHT="41" WIDTH="157" VPOS="1898" HPOS="806" CONTENT="discours" ID="r2l65_5" STYLEREFS="FONT0"/>
            <SP HEIGHT="41" WIDTH="13" VPOS="1898" HPOS="962"/>
            <String HEIGHT="41" WIDTH="209" VPOS="1898" HPOS="923" CONTENT="d'Agricol" ID="r2l65_6" STYLEREFS="FONT2"/>
            <SP HEIGHT="41" WIDTH="13" VPOS="1898" HPOS="1132"/>
            <String HEIGHT="41" WIDTH="209" VPOS="1898" HPOS="1093" CONTENT="Moureau" ID="r2l65_7" STYLEREFS="FONT2"/>
            <SP HEIGHT="41" WIDTH="13" VPOS="1898" HPOS="1302"/>
            <String HEIGHT="41" WIDTH="144" VPOS="1898" HPOS="1249" CONTENT="manifeste" ID="r2l65_8" STYLEREFS="FONT0"/>
          </TextLine>
          <TextLine ID="r2l66" BASELINE="1971" HEIGHT="40" WIDTH="956" VPOS="1931" HPOS="445">
            <String HEIGHT="40" WIDTH="206" VPOS="1931" HPOS="430" CONTENT="d’Avignon," ID="r2l66_1" STYLEREFS="FONT0"/>
            <SP HEIGHT="40" WIDTH="15" VPOS="1931" HPOS="636"/>
            <String HEIGHT="40" WIDTH="191" VPOS="1931" HPOS="592" CONTENT="pétitions" ID="r2l66_2" STYLEREFS="FONT0"/>
            <SP HEIGHT="40" WIDTH="15" VPOS="1931" HPOS="783"/>
            <String HEIGHT="40" WIDTH="103" VPOS="1931" HPOS="739" CONTENT="des" ID="r2l66_3" STYLEREFS="FONT0"/>
            <SP HEIGHT="40" WIDTH="15" VPOS="1931" HPOS="842"/>
            <String HEIGHT="40" WIDTH="176" VPOS="1931" HPOS="798" CONTENT="citoyens" ID="r2l66_4" STYLEREFS="FONT0"/>
            <SP HEIGHT="40" WIDTH="15" VPOS="1931" HPOS="974"/>
            <String HEIGHT="40" WIDTH="206" VPOS="1931" HPOS="930" CONTENT="d’Avignon," ID="r2l66_5" STYLEREFS="FONT0"/>
            <SP HEIGHT="40" WIDTH="15" VPOS="1931" HPOS="1136"/>
            <String HEIGHT="40" WIDTH="88" VPOS="1931" HPOS="1092" CONTENT="la" ID="r2l66_6" STYLEREFS="FONT0"/>
            <SP HEIGHT="40" WIDTH="15" VPOS="1931" HPOS="1180"/>
            <String HEIGHT="40" WIDTH="162" VPOS="1931" HPOS="1136" CONTENT="révolte" ID="r2l66_7" STYLEREFS="FONT0"/>
            <SP HEIGHT="40" WIDTH="15" VPOS="1931" HPOS="1298"/>
            <String HEIGHT="40" WIDTH="103" VPOS="1931" HPOS="1254" CONTENT="des" ID="r2l66_8" STYLEREFS="FONT0"/>
            <SP HEIGHT="40" WIDTH="15" VPOS="1931" HPOS="1357"/>
            <String HEIGHT="40" WIDTH="103" VPOS="1931" HPOS="1298" CONTENT="Juifs" ID="r2l66_9" STYLEREFS="FONT0"/>
          </TextLine>
          <TextLine ID="r2l67" BASELINE="2011" HEIGHT="44" WIDTH="956" VPOS="1967" HPOS="443">
            <String HEIGHT="44" WIDTH="78" VPOS="1967" HPOS="427" CONTENT="à" ID="r2l67_1" STYLEREFS="FONT0"/>
            <SP HEIGHT="44" WIDTH="16" VPOS="1967" HPOS="506"/>
            <String HEIGHT="44" WIDTH="188" VPOS="1967" HPOS="459" CONTENT="Avignon," ID="r2l67_2" STYLEREFS="FONT0"/>
            <SP HEIGHT="44" WIDTH="16" VPOS="1967" HPOS="647"/>
            <String HEIGHT="44" WIDTH="235" VPOS="1967" HPOS="600" CONTENT="patriotisme" ID="r2l67_3" STYLEREFS="FONT0"/>
            <SP HEIGHT="44" WIDTH="16" VPOS="1967" HPOS="835"/>
            <String HEIGHT="44" WIDTH="110" VPOS="1967" HPOS="788" CONTENT="des" ID="r2l67_4" STYLEREFS="FONT0"/>
            <SP HEIGHT="44" WIDTH="16" VPOS="1967" HPOS="897"/>
            <String HEIGHT="44" WIDTH="235" VPOS="1967" HPOS="850" CONTENT="Avignonais," ID="r2l67_5" STYLEREFS="FONT0"/>
            <SP HEIGHT="44" WIDTH="16" VPOS="1967" HPOS="1086"/>
            <String HEIGHT="44" WIDTH="141" VPOS="1967" HPOS="1039" CONTENT="suivi" ID="r2l67_6" STYLEREFS="FONT0"/>
            <SP HEIGHT="44" WIDTH="16" VPOS="1967" HPOS="1180"/>
            <String HEIGHT="44" WIDTH="94" VPOS="1967" HPOS="1133" CONTENT="du" ID="r2l67_7" STYLEREFS="FONT0"/>
            <SP HEIGHT="44" WIDTH="16" VPOS="1967" HPOS="1227"/>
            <String HEIGHT="44" WIDTH="141" VPOS="1967" HPOS="1180" CONTENT="siège" ID="r2l67_8" STYLEREFS="FONT0"/>
            <SP HEIGHT="44" WIDTH="16" VPOS="1967" HPOS="1321"/>
            <String HEIGHT="44" WIDTH="94" VPOS="1967" HPOS="1274" CONTENT="de" ID="r2l67_9" STYLEREFS="FONT0"/>
            <SP HEIGHT="44" WIDTH="16" VPOS="1967" HPOS="1368"/>
            <String HEIGHT="44" WIDTH="94" VPOS="1967" HPOS="1305" CONTENT="Car" SUBS_TYPE="HypPart1" SUBS_CONTENT="Carpentras," ID="r2l67_10" STYLEREFS="FONT0"/>
            <HYP CONTENT="-"/>
          </TextLine>
          <TextLine ID="r2l68" BASELINE="2046" HEIGHT="44" WIDTH="947" VPOS="2002" HPOS="454">
            <String HEIGHT="44" WIDTH="183" VPOS="2002" HPOS="439" CONTENT="pentras," SUBS_TYPE="HypPart2" SUBS_CONTENT="Carpentras," ID="r2l68_1" STYLEREFS="FONT0"/>
            <SP HEIGHT="44" WIDTH="15" VPOS="2002" HPOS="622"/>
            <String HEIGHT="44" WIDTH="137" VPOS="2002" HPOS="576" CONTENT="etc.," ID="r2l68_2" STYLEREFS="FONT0"/>
            <SP HEIGHT="44" WIDTH="15" VPOS="2002" HPOS="714"/>
            <String HEIGHT="44" WIDTH="122" VPOS="2002" HPOS="668" CONTENT="deux" ID="r2l68_3" STYLEREFS="FONT0"/>
            <SP HEIGHT="44" WIDTH="15" VPOS="2002" HPOS="790"/>
            <String HEIGHT="44" WIDTH="168" VPOS="2002" HPOS="744" CONTENT="lettres" ID="r2l68_4" STYLEREFS="FONT0"/>
            <SP HEIGHT="44" WIDTH="15" VPOS="2002" HPOS="912"/>
            <String HEIGHT="44" WIDTH="168" VPOS="2002" HPOS="866" CONTENT="signées" ID="r2l68_5" STYLEREFS="FONT0"/>
            <SP HEIGHT="44" WIDTH="15" VPOS="2002" HPOS="1034"/>
            <String HEIGHT="44" WIDTH="107" VPOS="2002" HPOS="989" CONTENT="des" ID="r2l68_6" STYLEREFS="FONT0"/>
            <SP HEIGHT="44" WIDTH="15" VPOS="2002" HPOS="1096"/>
            <String HEIGHT="44" WIDTH="290" VPOS="2002" HPOS="1050" CONTENT="administrateurs" ID="r2l68_7" STYLEREFS="FONT0"/>
            <SP HEIGHT="44" WIDTH="15" VPOS="2002" HPOS="1340"/>
            <String HEIGHT="44" WIDTH="122" VPOS="2002" HPOS="1279" CONTENT="d’Avi" SUBS_TYPE="HypPart1" SUBS_CONTENT="d’Avignon," ID="r2l68_8" STYLEREFS="FONT0"/>
            <HYP CONTENT="-"/>
          </TextLine>
          <TextLine ID="r2l69" BASELINE="2082" HEIGHT="47" WIDTH="955" VPOS="2035" HPOS="445">
            <String HEIGHT="47" WIDTH="143" VPOS="2035" HPOS="429" CONTENT="gnon," SUBS_TYPE="HypPart2" SUBS_CONTENT="d’Avignon," ID="r2l69_1" STYLEREFS="FONT0"/>
            <SP HEIGHT="47" WIDTH="16" VPOS="2035" HPOS="572"/>
            <String HEIGHT="47" WIDTH="175" VPOS="2035" HPOS="525" CONTENT="octobre" ID="r2l69_2" STYLEREFS="FONT0"/>
            <SP HEIGHT="47" WIDTH="16" VPOS="2035" HPOS="700"/>
            <String HEIGHT="47" WIDTH="143" VPOS="2035" HPOS="652" CONTENT="1792," ID="r2l69_3" STYLEREFS="FONT0"/>
            <SP HEIGHT="47" WIDTH="16" VPOS="2035" HPOS="795"/>
            <String HEIGHT="47" WIDTH="191" VPOS="2035" HPOS="747" CONTENT="relative" ID="r2l69_4" STYLEREFS="FONT0"/>
            <SP HEIGHT="47" WIDTH="16" VPOS="2035" HPOS="938"/>
            <String HEIGHT="47" WIDTH="111" VPOS="2035" HPOS="891" CONTENT="aux" ID="r2l69_5" STYLEREFS="FONT0"/>
            <SP HEIGHT="47" WIDTH="16" VPOS="2035" HPOS="1002"/>
            <String HEIGHT="47" WIDTH="255" VPOS="2035" HPOS="954" CONTENT="subsistances" ID="r2l69_6" STYLEREFS="FONT0"/>
            <SP HEIGHT="47" WIDTH="16" VPOS="2035" HPOS="1209"/>
            <String HEIGHT="47" WIDTH="96" VPOS="2035" HPOS="1161" CONTENT="de" ID="r2l69_7" STYLEREFS="FONT0"/>
            <SP HEIGHT="47" WIDTH="16" VPOS="2035" HPOS="1257"/>
            <String HEIGHT="47" WIDTH="96" VPOS="2035" HPOS="1209" CONTENT="la" ID="r2l69_8" STYLEREFS="FONT0"/>
            <SP HEIGHT="47" WIDTH="16" VPOS="2035" HPOS="1305"/>
            <String HEIGHT="47" WIDTH="159" VPOS="2035" HPOS="1241" CONTENT="Commune," ID="r2l69_9" STYLEREFS="FONT0"/>
          </TextLine>
          <TextLine ID="r2l70" BASELINE="2115" HEIGHT="44" WIDTH="326" VPOS="2071" HPOS="449">
            <String HEIGHT="44" WIDTH="70" VPOS="2071" HPOS="437" CONTENT="74" ID="r2l70_1" STYLEREFS="FONT0"/>
            <SP HEIGHT="44" WIDTH="12" VPOS="2071" HPOS="507"/>
            <String HEIGHT="44" WIDTH="116" VPOS="2071" HPOS="472" CONTENT="pièces" ID="r2l70_2" STYLEREFS="FONT0"/>
            <SP HEIGHT="44" WIDTH="12" VPOS="2071" HPOS="589"/>
            <String HEIGHT="44" WIDTH="93" VPOS="2071" HPOS="554" CONTENT="in-8" ID="r2l70_3" STYLEREFS="FONT0"/>
            <SP HEIGHT="44" WIDTH="12" VPOS="2071" HPOS="647"/>
            <String HEIGHT="44" WIDTH="70" VPOS="2071" HPOS="612" CONTENT="et" ID="r2l70_4" STYLEREFS="FONT0"/>
            <SP HEIGHT="44" WIDTH="12" VPOS="2071" HPOS="682"/>
            <String HEIGHT="44" WIDTH="105" VPOS="2071" HPOS="647" CONTENT="in-4." ID="r2l70_5" STYLEREFS="FONT0"/>
            <SP HEIGHT="44" WIDTH="12" VPOS="2071" HPOS="752"/>
            <String HEIGHT="44" WIDTH="70" VPOS="2071" HPOS="717" CONTENT="28" ID="r2l70_6" STYLEREFS="FONT0"/>
            <SP HEIGHT="44" WIDTH="12" VPOS="2071" HPOS="787"/>
            <String HEIGHT="44" WIDTH="35" VPOS="2071" HPOS="740" CONTENT="»" ID="r2l70_7" STYLEREFS="FONT0"/>
          </TextLine>
          <TextLine ID="r2l73" BASELINE="2153" HEIGHT="46" WIDTH="933" VPOS="2107" HPOS="461">
            <String HEIGHT="46" WIDTH="102" VPOS="2107" HPOS="448" CONTENT="105." ID="r2l73_1" STYLEREFS="FONT0"/>
            <SP HEIGHT="46" WIDTH="13" VPOS="2107" HPOS="550"/>
            <String HEIGHT="46" WIDTH="128" VPOS="2107" HPOS="512" CONTENT="CORSE." ID="r2l73_2" STYLEREFS="FONT0"/>
            <SP HEIGHT="46" WIDTH="13" VPOS="2107" HPOS="640"/>
            <String HEIGHT="46" WIDTH="64" VPOS="2107" HPOS="602" CONTENT="—" ID="r2l73_3" STYLEREFS="FONT0"/>
            <SP HEIGHT="46" WIDTH="13" VPOS="2107" HPOS="665"/>
            <String HEIGHT="46" WIDTH="230" VPOS="2107" HPOS="627" CONTENT="Liamone" ID="r2l73_4" STYLEREFS="FONT2"/>
            <SP HEIGHT="46" WIDTH="13" VPOS="2107" HPOS="857"/>
            <String HEIGHT="46" WIDTH="77" VPOS="2107" HPOS="819" CONTENT="et" ID="r2l73_5" STYLEREFS="FONT0"/>
            <SP HEIGHT="46" WIDTH="13" VPOS="2107" HPOS="896"/>
            <String HEIGHT="46" WIDTH="204" VPOS="2107" HPOS="857" CONTENT="Golo" ID="r2l73_6" STYLEREFS="FONT2"/>
            <SP HEIGHT="46" WIDTH="13" VPOS="2107" HPOS="1062"/>
            <String HEIGHT="46" WIDTH="141" VPOS="2107" HPOS="1023" CONTENT="Voyages" ID="r2l73_7" STYLEREFS="FONT0"/>
            <SP HEIGHT="46" WIDTH="13" VPOS="2107" HPOS="1164"/>
            <String HEIGHT="46" WIDTH="102" VPOS="2107" HPOS="1126" CONTENT="dans" ID="r2l73_8" STYLEREFS="FONT0"/>
            <SP HEIGHT="46" WIDTH="13" VPOS="2107" HPOS="1228"/>
            <String HEIGHT="46" WIDTH="89" VPOS="2107" HPOS="1190" CONTENT="ces" ID="r2l73_9" STYLEREFS="FONT0"/>
            <SP HEIGHT="46" WIDTH="13" VPOS="2107" HPOS="1279"/>
            <String HEIGHT="46" WIDTH="102" VPOS="2107" HPOS="1241" CONTENT="deux" ID="r2l73_10" STYLEREFS="FONT0"/>
            <SP HEIGHT="46" WIDTH="13" VPOS="2107" HPOS="1343"/>
            <String HEIGHT="46" WIDTH="102" VPOS="2107" HPOS="1292" CONTENT="dépar" SUBS_TYPE="HypPart1" SUBS_CONTENT="départéments," ID="r2l73_11" STYLEREFS="FONT0"/>
            <HYP CONTENT="-"/>
          </TextLine>
          <TextLine ID="r2l74" BASELINE="2176" HEIGHT="36" WIDTH="953" VPOS="2140" HPOS="451">
            <String HEIGHT="36" WIDTH="176" VPOS="2140" HPOS="436" CONTENT="téments," SUBS_TYPE="HypPart2" SUBS_CONTENT="départéments," ID="r2l74_1" STYLEREFS="FONT0"/>
            <SP HEIGHT="36" WIDTH="15" VPOS="2140" HPOS="612"/>
            <String HEIGHT="36" WIDTH="88" VPOS="2140" HPOS="568" CONTENT="an" ID="r2l74_2" STYLEREFS="FONT0"/>
            <SP HEIGHT="36" WIDTH="15" VPOS="2140" HPOS="656"/>
            <String HEIGHT="36" WIDTH="103" VPOS="2140" HPOS="612" CONTENT="XI," ID="r2l74_3" STYLEREFS="FONT0"/>
            <SP HEIGHT="36" WIDTH="15" VPOS="2140" HPOS="715"/>
            <String HEIGHT="36" WIDTH="73" VPOS="2140" HPOS="671" CONTENT="2" ID="r2l74_4" STYLEREFS="FONT0"/>
            <SP HEIGHT="36" WIDTH="15" VPOS="2140" HPOS="744"/>
            <String HEIGHT="36" WIDTH="132" VPOS="2140" HPOS="700" CONTENT="in-8," ID="r2l74_5" STYLEREFS="FONT0"/>
            <SP HEIGHT="36" WIDTH="15" VPOS="2140" HPOS="832"/>
            <String HEIGHT="36" WIDTH="147" VPOS="2140" HPOS="788" CONTENT="cartes" ID="r2l74_6" STYLEREFS="FONT0"/>
            <SP HEIGHT="36" WIDTH="15" VPOS="2140" HPOS="935"/>
            <String HEIGHT="36" WIDTH="88" VPOS="2140" HPOS="891" CONTENT="et" ID="r2l74_7" STYLEREFS="FONT0"/>
            <SP HEIGHT="36" WIDTH="15" VPOS="2140" HPOS="979"/>
            <String HEIGHT="36" WIDTH="132" VPOS="2140" HPOS="935" CONTENT="fig.," ID="r2l74_8" STYLEREFS="FONT0"/>
            <SP HEIGHT="36" WIDTH="15" VPOS="2140" HPOS="1067"/>
            <String HEIGHT="36" WIDTH="161" VPOS="2140" HPOS="1023" CONTENT="rapport" ID="r2l74_9" STYLEREFS="FONT0"/>
            <SP HEIGHT="36" WIDTH="15" VPOS="2140" HPOS="1184"/>
            <String HEIGHT="36" WIDTH="88" VPOS="2140" HPOS="1140" CONTENT="de" ID="r2l74_10" STYLEREFS="FONT0"/>
            <SP HEIGHT="36" WIDTH="15" VPOS="2140" HPOS="1228"/>
            <String HEIGHT="36" WIDTH="235" VPOS="2140" HPOS="1169" CONTENT="Lacombe" ID="r2l74_11" STYLEREFS="FONT2"/>
          </TextLine>
          <TextLine ID="r2l75" BASELINE="2222" HEIGHT="45" WIDTH="954" VPOS="2177" HPOS="451">
            <String HEIGHT="45" WIDTH="297" VPOS="2177" HPOS="438" CONTENT="Saint-Michel" ID="r2l75_1" STYLEREFS="FONT2"/>
            <SP HEIGHT="45" WIDTH="13" VPOS="2177" HPOS="735"/>
            <String HEIGHT="45" WIDTH="90" VPOS="2177" HPOS="696" CONTENT="sur" ID="r2l75_2" STYLEREFS="FONT0"/>
            <SP HEIGHT="45" WIDTH="13" VPOS="2177" HPOS="786"/>
            <String HEIGHT="45" WIDTH="77" VPOS="2177" HPOS="748" CONTENT="la" ID="r2l75_3" STYLEREFS="FONT0"/>
            <SP HEIGHT="45" WIDTH="13" VPOS="2177" HPOS="825"/>
            <String HEIGHT="45" WIDTH="129" VPOS="2177" HPOS="786" CONTENT="Corse," ID="r2l75_4" STYLEREFS="FONT0"/>
            <SP HEIGHT="45" WIDTH="13" VPOS="2177" HPOS="915"/>
            <String HEIGHT="45" WIDTH="129" VPOS="2177" HPOS="876" CONTENT="compte" ID="r2l75_5" STYLEREFS="FONT0"/>
            <SP HEIGHT="45" WIDTH="13" VPOS="2177" HPOS="1005"/>
            <String HEIGHT="45" WIDTH="116" VPOS="2177" HPOS="967" CONTENT="rendu" ID="r2l75_6" STYLEREFS="FONT0"/>
            <SP HEIGHT="45" WIDTH="13" VPOS="2177" HPOS="1083"/>
            <String HEIGHT="45" WIDTH="77" VPOS="2177" HPOS="1044" CONTENT="de" ID="r2l75_7" STYLEREFS="FONT0"/>
            <SP HEIGHT="45" WIDTH="13" VPOS="2177" HPOS="1121"/>
            <String HEIGHT="45" WIDTH="271" VPOS="2177" HPOS="1083" CONTENT="Monestier" ID="r2l75_8" STYLEREFS="FONT2"/>
            <SP HEIGHT="45" WIDTH="13" VPOS="2177" HPOS="1353"/>
            <String HEIGHT="45" WIDTH="77" VPOS="2177" HPOS="1315" CONTENT="de" ID="r2l75_9" STYLEREFS="FONT0"/>
            <SP HEIGHT="45" WIDTH="13" VPOS="2177" HPOS="1392"/>
            <String HEIGHT="45" WIDTH="64" VPOS="2177" HPOS="1341" CONTENT="ses" ID="r2l75_10" STYLEREFS="FONT0"/>
          </TextLine>
          <TextLine ID="r2l76" BASELINE="2258" HEIGHT="47" WIDTH="954" VPOS="2211" HPOS="444">
            <String HEIGHT="47" WIDTH="196" VPOS="2211" HPOS="430" CONTENT="opérations" ID="r2l76_1" STYLEREFS="FONT0"/>
            <SP HEIGHT="47" WIDTH="14" VPOS="2211" HPOS="626"/>
            <String HEIGHT="47" WIDTH="84" VPOS="2211" HPOS="584" CONTENT="en" ID="r2l76_2" STYLEREFS="FONT0"/>
            <SP HEIGHT="47" WIDTH="14" VPOS="2211" HPOS="668"/>
            <String HEIGHT="47" WIDTH="140" VPOS="2211" HPOS="626" CONTENT="Corse," ID="r2l76_3" STYLEREFS="FONT0"/>
            <SP HEIGHT="47" WIDTH="14" VPOS="2211" HPOS="767"/>
            <String HEIGHT="47" WIDTH="126" VPOS="2211" HPOS="725" CONTENT="mœurs" ID="r2l76_4" STYLEREFS="FONT0"/>
            <SP HEIGHT="47" WIDTH="14" VPOS="2211" HPOS="851"/>
            <String HEIGHT="47" WIDTH="84" VPOS="2211" HPOS="809" CONTENT="et" ID="r2l76_5" STYLEREFS="FONT0"/>
            <SP HEIGHT="47" WIDTH="14" VPOS="2211" HPOS="893"/>
            <String HEIGHT="47" WIDTH="168" VPOS="2211" HPOS="851" CONTENT="coutumes" ID="r2l76_6" STYLEREFS="FONT0"/>
            <SP HEIGHT="47" WIDTH="14" VPOS="2211" HPOS="1019"/>
            <String HEIGHT="47" WIDTH="98" VPOS="2211" HPOS="977" CONTENT="des" ID="r2l76_7" STYLEREFS="FONT0"/>
            <SP HEIGHT="47" WIDTH="14" VPOS="2211" HPOS="1075"/>
            <String HEIGHT="47" WIDTH="140" VPOS="2211" HPOS="1033" CONTENT="Corses" ID="r2l76_8" STYLEREFS="FONT0"/>
            <SP HEIGHT="47" WIDTH="14" VPOS="2211" HPOS="1174"/>
            <String HEIGHT="47" WIDTH="98" VPOS="2211" HPOS="1131" CONTENT="par" ID="r2l76_9" STYLEREFS="FONT0"/>
            <SP HEIGHT="47" WIDTH="14" VPOS="2211" HPOS="1230"/>
            <String HEIGHT="47" WIDTH="224" VPOS="2211" HPOS="1174" CONTENT="Feydel" ID="r2l76_10" STYLEREFS="FONT2"/>
          </TextLine>
          <TextLine ID="r2l77" BASELINE="2292" HEIGHT="47" WIDTH="957" VPOS="2245" HPOS="449">
            <String HEIGHT="47" WIDTH="91" VPOS="2245" HPOS="434" CONTENT="an" ID="r2l77_1" STYLEREFS="FONT0"/>
            <SP HEIGHT="47" WIDTH="15" VPOS="2245" HPOS="525"/>
            <String HEIGHT="47" WIDTH="122" VPOS="2245" HPOS="479" CONTENT="VII," ID="r2l77_2" STYLEREFS="FONT0"/>
            <SP HEIGHT="47" WIDTH="15" VPOS="2245" HPOS="601"/>
            <String HEIGHT="47" WIDTH="137" VPOS="2245" HPOS="555" CONTENT="in-8," ID="r2l77_3" STYLEREFS="FONT0"/>
            <SP HEIGHT="47" WIDTH="15" VPOS="2245" HPOS="692"/>
            <String HEIGHT="47" WIDTH="137" VPOS="2245" HPOS="646" CONTENT="fig.," ID="r2l77_4" STYLEREFS="FONT0"/>
            <SP HEIGHT="47" WIDTH="15" VPOS="2245" HPOS="783"/>
            <String HEIGHT="47" WIDTH="182" VPOS="2245" HPOS="738" CONTENT="adresses" ID="r2l77_5" STYLEREFS="FONT0"/>
            <SP HEIGHT="47" WIDTH="15" VPOS="2245" HPOS="920"/>
            <String HEIGHT="47" WIDTH="197" VPOS="2245" HPOS="874" CONTENT="diverses," ID="r2l77_6" STYLEREFS="FONT0"/>
            <SP HEIGHT="47" WIDTH="15" VPOS="2245" HPOS="1072"/>
            <String HEIGHT="47" WIDTH="122" VPOS="2245" HPOS="1026" CONTENT="coup" ID="r2l77_7" STYLEREFS="FONT0"/>
            <SP HEIGHT="47" WIDTH="15" VPOS="2245" HPOS="1148"/>
            <String HEIGHT="47" WIDTH="137" VPOS="2245" HPOS="1102" CONTENT="d’œil" ID="r2l77_8" STYLEREFS="FONT0"/>
            <SP HEIGHT="47" WIDTH="15" VPOS="2245" HPOS="1239"/>
            <String HEIGHT="47" WIDTH="106" VPOS="2245" HPOS="1193" CONTENT="sur" ID="r2l77_9" STYLEREFS="FONT0"/>
            <SP HEIGHT="47" WIDTH="15" VPOS="2245" HPOS="1300"/>
            <String HEIGHT="47" WIDTH="91" VPOS="2245" HPOS="1254" CONTENT="la" ID="r2l77_10" STYLEREFS="FONT0"/>
            <SP HEIGHT="47" WIDTH="15" VPOS="2245" HPOS="1345"/>
            <String HEIGHT="47" WIDTH="122" VPOS="2245" HPOS="1284" CONTENT="Corse," ID="r2l77_11" STYLEREFS="FONT0"/>
          </TextLine>
          <TextLine ID="r2l78" BASELINE="2324" HEIGHT="44" WIDTH="951" VPOS="2280" HPOS="448">
            <String HEIGHT="44" WIDTH="141" VPOS="2280" HPOS="435" CONTENT="rapport" ID="r2l78_1" STYLEREFS="FONT0"/>
            <SP HEIGHT="44" WIDTH="13" VPOS="2280" HPOS="577"/>
            <String HEIGHT="44" WIDTH="90" VPOS="2280" HPOS="538" CONTENT="sur" ID="r2l78_2" STYLEREFS="FONT0"/>
            <SP HEIGHT="44" WIDTH="13" VPOS="2280" HPOS="628"/>
            <String HEIGHT="44" WIDTH="90" VPOS="2280" HPOS="589" CONTENT="les" ID="r2l78_3" STYLEREFS="FONT0"/>
            <SP HEIGHT="44" WIDTH="13" VPOS="2280" HPOS="679"/>
            <String HEIGHT="44" WIDTH="154" VPOS="2280" HPOS="641" CONTENT="troubles" ID="r2l78_4" STYLEREFS="FONT0"/>
            <SP HEIGHT="44" WIDTH="13" VPOS="2280" HPOS="795"/>
            <String HEIGHT="44" WIDTH="77" VPOS="2280" HPOS="756" CONTENT="de" ID="r2l78_5" STYLEREFS="FONT0"/>
            <SP HEIGHT="44" WIDTH="13" VPOS="2280" HPOS="834"/>
            <String HEIGHT="44" WIDTH="154" VPOS="2280" HPOS="795" CONTENT="l'Ile" ID="r2l78_6" STYLEREFS="FONT2"/>
            <SP HEIGHT="44" WIDTH="13" VPOS="2280" HPOS="949"/>
            <String HEIGHT="44" WIDTH="193" VPOS="2280" HPOS="911" CONTENT="Rousse," ID="r2l78_7" STYLEREFS="FONT2"/>
            <SP HEIGHT="44" WIDTH="13" VPOS="2280" HPOS="1103"/>
            <String HEIGHT="44" WIDTH="141" VPOS="2280" HPOS="1065" CONTENT="mémoire" ID="r2l78_8" STYLEREFS="FONT0"/>
            <SP HEIGHT="44" WIDTH="13" VPOS="2280" HPOS="1206"/>
            <String HEIGHT="44" WIDTH="90" VPOS="2280" HPOS="1168" CONTENT="par" ID="r2l78_9" STYLEREFS="FONT0"/>
            <SP HEIGHT="44" WIDTH="13" VPOS="2280" HPOS="1258"/>
            <String HEIGHT="44" WIDTH="193" VPOS="2280" HPOS="1206" CONTENT="Focard" ID="r2l78_10" STYLEREFS="FONT2"/>
          </TextLine>
          <TextLine ID="r2l79" BASELINE="2360" HEIGHT="45" WIDTH="944" VPOS="2315" HPOS="457">
            <String HEIGHT="45" WIDTH="268" VPOS="2315" HPOS="443" CONTENT="Chateau" ID="r2l79_1" STYLEREFS="FONT2"/>
            <SP HEIGHT="45" WIDTH="14" VPOS="2315" HPOS="711"/>
            <String HEIGHT="45" WIDTH="254" VPOS="2315" HPOS="668" CONTENT="correspondance" ID="r2l79_2" STYLEREFS="FONT0"/>
            <SP HEIGHT="45" WIDTH="14" VPOS="2315" HPOS="922"/>
            <String HEIGHT="45" WIDTH="85" VPOS="2315" HPOS="880" CONTENT="de" ID="r2l79_3" STYLEREFS="FONT0"/>
            <SP HEIGHT="45" WIDTH="14" VPOS="2315" HPOS="964"/>
            <String HEIGHT="45" WIDTH="211" VPOS="2315" HPOS="922" CONTENT="Constantini" ID="r2l79_4" STYLEREFS="FONT0"/>
            <SP HEIGHT="45" WIDTH="14" VPOS="2315" HPOS="1133"/>
            <String HEIGHT="45" WIDTH="113" VPOS="2315" HPOS="1091" CONTENT="avec" ID="r2l79_5" STYLEREFS="FONT0"/>
            <SP HEIGHT="45" WIDTH="14" VPOS="2315" HPOS="1204"/>
            <String HEIGHT="45" WIDTH="99" VPOS="2315" HPOS="1161" CONTENT="ses" ID="r2l79_6" STYLEREFS="FONT0"/>
            <SP HEIGHT="45" WIDTH="14" VPOS="2315" HPOS="1260"/>
            <String HEIGHT="45" WIDTH="197" VPOS="2315" HPOS="1204" CONTENT="commettants," ID="r2l79_7" STYLEREFS="FONT0"/>
          </TextLine>
          <TextLine ID="r2l80" BASELINE="2403" HEIGHT="47" WIDTH="939" VPOS="2356" HPOS="457">
            <String HEIGHT="47" WIDTH="91" VPOS="2356" HPOS="444" CONTENT="139" ID="r2l80_1" STYLEREFS="FONT0"/>
            <SP HEIGHT="47" WIDTH="13" VPOS="2356" HPOS="535"/>
            <String HEIGHT="47" WIDTH="130" VPOS="2356" HPOS="496" CONTENT="pages," ID="r2l80_2" STYLEREFS="FONT0"/>
            <SP HEIGHT="47" WIDTH="13" VPOS="2356" HPOS="627"/>
            <String HEIGHT="47" WIDTH="65" VPOS="2356" HPOS="587" CONTENT="4" ID="r2l80_3" STYLEREFS="FONT0"/>
            <SP HEIGHT="47" WIDTH="13" VPOS="2356" HPOS="653"/>
            <String HEIGHT="47" WIDTH="130" VPOS="2356" HPOS="614" CONTENT="pièces" ID="r2l80_4" STYLEREFS="FONT0"/>
            <SP HEIGHT="47" WIDTH="13" VPOS="2356" HPOS="744"/>
            <String HEIGHT="47" WIDTH="143" VPOS="2356" HPOS="705" CONTENT="émanées" ID="r2l80_5" STYLEREFS="FONT0"/>
            <SP HEIGHT="47" WIDTH="13" VPOS="2356" HPOS="848"/>
            <String HEIGHT="47" WIDTH="78" VPOS="2356" HPOS="809" CONTENT="de" ID="r2l80_6" STYLEREFS="FONT0"/>
            <SP HEIGHT="47" WIDTH="13" VPOS="2356" HPOS="887"/>
            <String HEIGHT="47" WIDTH="222" VPOS="2356" HPOS="848" CONTENT="Salicetti," ID="r2l80_7" STYLEREFS="FONT2"/>
            <SP HEIGHT="47" WIDTH="13" VPOS="2356" HPOS="1070"/>
            <String HEIGHT="47" WIDTH="222" VPOS="2356" HPOS="1031" CONTENT="Citadella" ID="r2l80_8" STYLEREFS="FONT2"/>
            <SP HEIGHT="47" WIDTH="13" VPOS="2356" HPOS="1253"/>
            <String HEIGHT="47" WIDTH="196" VPOS="2356" HPOS="1200" CONTENT="Aréna" ID="r2l80_9" STYLEREFS="FONT2"/>
          </TextLine>
        </TextBlock>
      </PrintSpace>
    </Page>
  </Layout>
</alto>
