1912 2915
882 287 42 44 —
898 287 42 44 9
907 287 25 44 —

353 346 136 45 21560
443 346 166 45 INGRAND
564 346 106 45 (F.
624 346 121 45 P.),
700 346 151 45 député
805 346 91 45 de
851 346 91 45 la
896 346 151 45 Vienne
1002 346 75 45 à
1032 346 91 45 la
1077 346 226 45 Convention,
1258 346 166 45 célèbre
1364 346 75 45 par

451 379 91 43 ses
503 379 169 43 missions.
633 379 117 43 L.
711 379 78 43 a.
750 379 130 43 s.
841 379 91 43 aux
893 379 143 43 membres
997 379 91 43 des
1049 379 169 43 autorités
1179 379 195 43 constituées
1322 379 117 43 réunies

445 415 90 40 en
490 415 210 40 permanence
655 415 75 40 à
685 415 165 40 Vannes;
805 415 90 40 22
850 415 120 40 mars
925 415 135 40 1793,
1016 415 75 40 1
1046 415 90 40 p.
1091 415 180 40 in-fol.,
1226 415 120 40 tête
1301 415 135 40 impr.
1376 415 60 40 du

459 445 118 43 Comité
542 445 71 43 de
577 445 118 43 sûreté
660 445 153 43 générale.
778 445 59 43 5
790 445 47 43 50

489 480 167 48 Relative
615 480 70 48 à
643 480 84 48 la
684 480 181 48 situation
824 480 181 48 alarmante
964 480 84 48 de
1005 480 167 48 quelques
1131 480 181 48 districts
1271 480 84 48 du
1298 480 140 48 Morbihan

452 514 160 44 ravagés
569 514 102 44 par
627 514 102 44 les
685 514 407 44 contre-révolutionnaires.
1049 514 189 44 Nouvelles
1195 514 87 44 de
1238 514 87 44 la
1282 514 160 44 Vendée,
1384 514 58 44 où

455 550 99 40 les
511 550 170 40 brigands
639 550 99 40 ont
695 550 99 40 été
752 550 184 40 repoussés
893 550 113 40 avec
964 550 141 40 perte.
1063 550 212 40 «Convaincus
1232 550 85 40 de
1275 550 127 40 votre
1345 550 85 40 zèle

459 586 81 43 et
500 586 81 43 de
541 586 122 43 votre
622 586 163 43 activité
745 586 68 43 à
772 586 163 43 réprimer
894 586 95 43 les
948 586 149 43 auteurs
1057 586 81 43 de
1098 586 109 43 tous
1165 586 95 43 les
1220 586 190 43 désordres,
1356 586 81 43 nous

470 622 143 42 ensons
570 622 100 42 que
627 622 86 42 le
669 622 128 42 calme
755 622 114 42 sera
826 622 157 42 bientôt
941 622 157 42 rétabli
1055 622 114 42 dans
1126 622 128 42 votre
1197 622 243 42 département...»

455 658 119 46 21561
534 658 132 46 INGRES
626 658 92 46 (J.
679 658 106 46 Aug.
745 658 132 46 Dom.),
837 658 158 46 illustre
956 658 145 46 peintre
1062 658 198 46 d’histoire,
1220 658 106 46 chef
1286 658 79 46 de
1312 658 119 46 l’école

460 689 170 43 classique,
593 689 121 43 membre
678 689 73 43 de
714 689 182 43 l’Institut.
860 689 109 43 L.
932 689 73 43 a.
969 689 121 43 s.
1053 689 61 43 à
1078 689 73 43 M.
1114 689 182 43 Varcollier,
1259 689 61 43 1
1284 689 73 43 p.
1320 689 85 43 1/4
1356 689 85 43 in

1343 716 71 54 12
1367 716 35 54 »

1014 756 69 47 Lettre
1062 756 90 47 contenant
1131 756 41 47 un
1152 756 48 47 jeu
1180 756 41 47 de
1200 756 62 47 mots.
1242 756 35 47 —
1256 756 41 47 Il
1276 756 48 47 lui
1304 756 97 47 recommande
1380 756 41 47 M.
1394 756 48 47 Cham-

458 793 122 43 bart,
540 793 176 43 statuaire
675 793 122 43 plein
757 793 81 43 de
797 793 149 43 talent,
906 793 81 43 et
946 793 122 43 l’une
1028 793 95 43 des
1082 793 163 43 victimes
1204 793 95 43 des
1258 793 163 43 stupides
1367 793 81 43 cri-

465 831 112 41 tiques
543 831 67 41 de
577 831 67 41 la
611 831 112 41 classe
689 831 79 41 des
734 831 123 41 arts
824 831 146 41 laids
936 831 67 41 de
958 831 146 41 l’Institut.

462 866 119 45 21562
541 866 159 45 JOHANNOT
660 866 172 45 (Alfred),
792 866 145 45 peintre
898 866 79 45 et
938 866 145 45 graveur
1043 866 251 45 très-distingué,
1255 866 119 45 connu
1321 866 119 45 surtout

735 900 61 47 par
770 900 61 47 ses
805 900 123 47 charmantes
902 900 158 47 illustrations.
1033 900 79 47 L.
1085 900 53 47 a.
1112 900 88 47 s.
1173 900 44 47 à
1190 900 53 47 M.
1217 900 123 47 Varcolier,
1313 900 44 47 2
1330 900 53 47 p.
1357 900 61 47 pl.
1383 900 61 47 in

463 937 88 40 Jolie
522 937 108 40 lettre.
601 937 49 40 3
611 937 29 40 »

741 959 72 58 21563
789 959 88 58 JOUBERT
853 959 104 58 (Barth.).
933 959 96 58 illustre
1005 959 88 58 général
1070 959 48 58 en
1094 959 72 58 chef,
1142 959 56 58 tué
1174 959 40 58 à
1190 959 48 58 la
1214 959 96 58 bataille
1286 959 48 58 de
1302 959 56 58 Novi.

468 1009 96 41 L.
532 1009 64 41 a.
564 1009 117 41 s.
649 1009 64 41 La
681 1009 85 41 Haye
735 1009 64 41 an
767 1009 75 41 VI,
809 1009 53 41 1
831 1009 64 41 p.
863 1009 75 41 1/2
905 1009 96 41 in-4,
969 1009 85 41 tête
1022 1009 96 41 impr.
1086 1009 170 41 Rare
1225 1009 64 41 10
1246 1009 32 41 »

467 1037 106 49 21564
538 1037 95 49 KARR
597 1037 177 49 (Alphonse),
739 1037 130 49 célèbre
834 1037 154 49 romancier
952 1037 201 49 contemporain.
1118 1037 106 49 L.
1189 1037 71 49 a.
1224 1037 118 49 s.
1307 1037 59 49 à
1331 1037 71 49 V.
1354 1037 83 49 Hugo,

467 1078 75 41 1/2
510 1078 65 41 p.
543 1078 97 41 in-8.
607 1078 97 41 Jolie
672 1078 118 41 lettre.
758 1078 54 41 3
769 1078 32 41 »

463 1111 112 45 21565
537 1111 174 45 KELLERMANN
674 1111 136 45 (Chr.),
773 1111 87 45 duc
822 1111 74 45 de
860 1111 124 45 Valmy,
947 1111 149 45 maréchal
1058 1111 74 45 de
1095 1111 136 45 France.
1195 1111 112 45 L.
1269 1111 74 45 a.
1306 1111 124 45 s.
1381 1111 37 45 à

460 1151 78 45 la
499 1151 170 45 citoyenne
630 1151 157 45 Lamotte;
747 1151 144 45 (prison
852 1151 78 45 de
891 1151 170 45 l’Abbaye,
1022 1151 131 45 1793),
1113 1151 65 45 2
1139 1151 78 45 p.
1178 1151 118 45 in-8.
1257 1151 65 45 8
1270 1151 39 45 »

493 1185 174 41 Curieuse
623 1185 159 41 épître,
738 1185 87 41 où
782 1185 87 41 il
825 1185 101 41 lui
883 1185 159 41 annonce
999 1185 101 41 que
1057 1185 87 41 le
1100 1185 159 41 général
1216 1185 188 41 Carteaux,
1346 1185 101 41 brave

471 1220 86 43 êt
514 1220 158 43 honnête
629 1220 144 43 homme,
730 1220 115 43 doit
802 1220 158 43 déposer
917 1220 144 43 contre
1017 1220 115 43 lui:
1089 1220 86 43 il
1132 1220 115 43 n’en
1204 1220 115 43 aura
1276 1220 101 43 que
1334 1220 115 43 plus
1391 1220 58 43 de

473 1254 138 45 gloire
570 1254 69 45 à
598 1254 152 45 prouver
708 1254 125 45 leurs
791 1254 166 45 erreurs.
916 1254 83 45 Il
958 1254 111 45 faut
1027 1254 97 45 que
1082 1254 111 45 cela
1151 1254 166 45 finisse.
1276 1254 138 45 «Voilà
1359 1254 83 45 dans

469 1285 127 41 trois
553 1285 183 41 semaines,
694 1285 239 41 s’écrie-t-il,
891 1285 84 41 un
933 1285 84 41 an
975 1285 98 41 que
1031 1285 84 41 le
1073 1285 141 41 pauvre
1172 1285 183 41 vainqueur
1312 1285 84 41 de
1341 1285 98 41 Valmy

468 1314 80 52 et
508 1314 80 52 du
547 1314 106 52 Midy
614 1314 93 52 est
667 1314 80 52 en
706 1314 133 52 prison
799 1314 93 52 par
852 1314 80 52 la
892 1314 133 52 cabale
985 1314 80 52 la
1025 1314 106 52 plus
1091 1314 172 52 infernale
1224 1314 93 52 que
1277 1314 80 52 la
1316 1314 119 52 terre
1383 1314 66 52 ait

476 1358 131 41 amais
564 1358 131 41 vomie
651 1358 87 41 de
695 1358 117 41 plus
753 1358 219 41 exécrable...»

466 1364 118 70 21566
545 1364 131 70 KLÉBER
636 1364 92 70 (J.
689 1364 105 70 B.),
754 1364 157 70 illustre
872 1364 144 70 général
977 1364 79 70 en
1016 1364 105 70 chef
1082 1364 79 70 de
1121 1364 144 70 l’armée
1226 1364 170 70 d’Égypte,
1344 1364 105 70 assas-

477 1420 91 47 siné
534 1420 68 47 au
568 1420 103 47 Caire
636 1420 68 47 en
670 1420 103 47 1800.
739 1420 103 47 L.
807 1420 125 47 s.
898 1420 228 47 quartier-général
1092 1420 68 47 du
1126 1420 114 47 Caire,
1206 1420 57 47 9
1217 1420 91 47 nivôse

464 1461 78 48 an
503 1461 117 48 VIII,
581 1461 91 48 3/4
634 1461 78 48 de
673 1461 78 48 p.
712 1461 104 48 in-4
777 1461 104 48 vig.
842 1461 78 48 et
881 1461 104 48 tête
947 1461 117 48 impr.
1025 1461 65 48 3
1038 1461 39 48 »

470 1467 125 74 21567
553 1467 208 74 KOENIGSMARK
720 1467 139 74 (Othon
817 1467 194 74 Guillaume,
969 1467 125 74 comte
1052 1467 111 74 de),
1122 1467 139 74 habile
1219 1467 180 74 diplomate
1344 1467 55 74 du

476 1534 191 42 dix-septième
632 1534 132 42 siècle,
727 1534 203 42 généralissime
895 1534 84 42 des
943 1534 132 42 troupes
1038 1534 72 42 de
1074 1534 132 42 Venise.
1170 1534 108 42 L.
1242 1534 72 42 a.
1277 1534 132 42 s.
1361 1534 48 42 en

470 1566 168 42 français,
599 1566 65 42 à
625 1566 142 42 Mgr...;
729 1566 65 42 7
755 1566 103 42 août
819 1566 116 42 1673,
897 1566 65 42 3
923 1566 78 42 p.
962 1566 116 42 in-4.
1039 1566 65 42 6
1052 1566 39 42 »

504 1574 119 71 Belle
583 1574 79 71 et
623 1574 211 71 intéressante
794 1574 132 71 lettre
887 1574 172 71 politique
1019 1574 92 71 sur
1071 1574 92 71 les
1124 1574 158 71 affaires
1243 1574 79 71 du
1269 1574 106 71 temps.

470 1617 113 66 21568
546 1617 214 66 LACHAMBEAUDIE
722 1617 164 66 (Pierre),
848 1617 113 66 poëte
924 1617 76 66 et
962 1617 164 66 fabuliste
1088 1617 176 66 distingué.
1226 1617 164 66 Double
1340 1617 113 66 mé

480 1673 171 51 prise
620 1673 90 51 pièce
681 1673 60 51 de
711 1673 80 51 vers
761 1673 80 51 aut.
811 1673 90 51 sig.,
871 1673 50 51 1
891 1673 60 51 p.
922 1673 90 51 in-4.
982 1673 50 51 3
992 1673 40 51 50

475 1685 84 76 21569
531 1685 122 76 LAFAYETTE
625 1685 113 76 (MOTIER,
709 1685 66 76 mis
747 1685 75 76 de),
793 1685 103 76 général
869 1685 56 76 et
897 1685 103 76 député,
972 1685 131 76 l’illustre
1065 1685 113 76 libérateur

478 1744 78 45 le
517 1744 194 45 l’Amérique.
672 1744 117 45 L.
750 1744 78 45 a.
789 1744 130 45 s.
880 1744 65 45 à
906 1744 78 45 M.
945 1744 156 45 Meilhan;
1061 1744 168 45 Fontenay,
1191 1744 78 45 14
1230 1744 168 45 pluviôse,
1359 1744 91 45 1/2
1398 1744 52 45 p.

475 1780 72 46 in-4.
523 1780 40 46 4
531 1780 24 46 »

508 1788 86 68 Il
551 1788 157 68 annonce
665 1788 100 68 son
722 1788 143 68 retour
821 1788 157 68 d’exil.
936 1788 100 68 «Je
993 1788 86 68 ne
1035 1788 214 68 m’attendais
1207 1788 114 68 pas,
1278 1788 86 68 la
1306 1788 143 68 dernière

471 1835 107 55 fois
537 1835 93 55 que
591 1835 120 55 j’eus
671 1835 80 55 le
711 1835 147 55 plaisir
818 1835 80 55 de
858 1835 107 55 vous
924 1835 187 55 embrasser,
1071 1835 93 55 que
1124 1835 93 55 cet
1178 1835 120 55 adieu
1258 1835 133 55 serait
1351 1835 80 55 si
1378 1835 80 55 long

475 1878 84 50 et
517 1878 98 50 que
573 1878 154 50 bientôt
684 1878 84 50 je
726 1878 140 50 serais
824 1878 112 50 hors
894 1878 84 50 de
936 1878 140 50 France
1033 1878 112 50 pour
1103 1878 112 50 cinq
1173 1878 140 50 années
1271 1878 84 50 de
1298 1878 154 50 captivité

467 1915 86 50 et
510 1915 115 50 deux
582 1915 144 50 années
668 1915 173 50 d’exil...»

475 1925 122 68 21570
557 1925 163 68 LAGRANGE
679 1925 122 68 (Jos.
760 1925 149 68 Louis),
869 1925 81 68 un
909 1925 95 68 des
964 1925 109 68 plus
1032 1925 136 68 grands
1126 1925 176 68 géomètres
1262 1925 81 68 de
1303 1925 95 68 son
1343 1925 109 68 temps,

473 1987 123 44 membre
559 1987 74 44 de
596 1987 185 44 l’Institut.
743 1987 111 44 L.
817 1987 74 44 a.
854 1987 135 44 s.
953 1987 123 44 Paris,
1039 1987 74 44 20
1076 1987 111 44 févr.
1149 1987 111 44 1811,
1223 1987 62 44 1
1248 1987 74 44 p.
1285 1987 135 44 in-fol.
1371 1987 86 44 Très-

487 2022 75 49 belle
537 2022 83 49 pièce.
595 2022 133 49 Rare
703 2022 50 49 10
719 2022 25 49 »

473 2029 118 73 21571
552 2029 171 73 LAMENNAIS
683 2029 92 73 (F.
735 2029 105 73 de),
801 2029 79 73 un
840 2029 92 73 des
893 2029 171 73 écrivains
1024 2029 92 73 les
1077 2029 105 73 plus
1142 2029 157 73 éminents
1260 2029 79 73 de
1300 2029 79 73 ce
1326 2029 118 73 siècle.

484 2091 103 50 ièce
548 2091 154 50 autogr.,
664 2091 64 50 2
690 2091 77 50 p.
728 2091 90 50 1/4
780 2091 103 50 in-4
844 2091 64 50 à
869 2091 167 50 mi-marge.
998 2091 77 50 12
1023 2091 39 50 »

500 2127 111 39 C’est
574 2127 173 39 l’original
709 2127 74 39 de
746 2127 74 39 la
783 2127 136 39 préface
882 2127 74 39 de
919 2127 86 39 son
968 2127 148 39 Livre
1079 2127 74 39 du
1116 2127 197 39 peuple,
1276 2127 136 39 morceau
1363 2127 86 39 d’une

475 2155 116 52 mâle
547 2155 202 52 éloquence,
706 2155 87 52 et
749 2155 101 52 qui
807 2155 173 52 commence
937 2155 144 52 ainsi:
1038 2155 101 52 «En
1095 2155 159 52 passant
1211 2155 101 52 sur
1269 2155 130 52 cette
1341 2155 101 52 terre

470 2186 128 56 comme
555 2186 114 56 nous
627 2186 71 56 y
655 2186 157 56 passons
769 2186 128 56 tous,
855 2186 157 56 pauvres
969 2186 185 56 voyageurs
1111 2186 114 56 d’un
1182 2186 128 56 jour,
1268 2186 114 56 j’ai
1325 2186 128 56 entendu

468 2220 85 55 de
510 2220 142 55 grands
610 2220 242 55 gémissements;
809 2220 114 55 j’ai
880 2220 142 55 ouvert
979 2220 99 55 les
1036 2220 128 55 yeux,
1121 2220 85 55 et
1164 2220 99 55 mes
1221 2220 114 55 yeux
1292 2220 99 55 ont
1349 2220 85 55 vu
1377 2220 71 55 des

480 2252 214 48 ouffrances
648 2252 183 48 inouïes,
785 2252 107 48 des
846 2252 183 48 douleurs
984 2252 122 48 sans
1060 2252 168 48 nombre:
1182 2252 137 48 pâle,
1274 2252 168 48 malade,
1381 2252 76 48 dé-

474 2283 195 54 faillante,
628 2283 167 54 couverte
753 2283 84 54 de
795 2283 181 54 vêtements
935 2283 84 54 de
976 2283 126 54 deuil
1060 2283 167 54 parsemés
1186 2283 84 54 de
1228 2283 140 54 taches
1325 2283 84 54 de
1353 2283 84 54 sang

476 2322 195 45 l’humanité
629 2322 125 45 s’est
713 2322 125 45 levée
797 2322 139 45 devant
894 2322 112 45 moi,
964 2322 84 45 et
1006 2322 84 45 je
1048 2322 84 45 me
1090 2322 112 45 suis
1159 2322 167 45 demandé:
1285 2322 139 45 est-ce
1368 2322 84 45 done

469 2349 82 56 là
510 2349 164 56 l’homme?
634 2349 137 56 est-ce
729 2349 82 56 là
770 2349 96 56 lui
825 2349 96 56 tel
880 2349 96 56 que
935 2349 109 56 Dieu
1003 2349 96 56 l’a
1058 2349 123 56 fait?
1140 2349 82 56 et
1181 2349 96 56 mon
1236 2349 96 56 âme
1290 2349 123 56 s’est
1359 2349 82 56 émue
