1912 2915
1096 319 56 49 —
1118 319 56 49 8
1129 319 34 49 —

671 376 117 48 21544
749 376 156 48 GIRARDIN
866 376 169 48 (Delphine
996 376 104 48 GAY,
1061 376 130 48 dame),
1152 376 143 48 célèbre
1256 376 117 48 femme
1334 376 143 48 auteur.
1438 376 117 48 L.
1516 376 78 48 a.
1542 376 117 48 s.

678 413 109 46 1836,
750 413 60 46 1
775 413 72 46 p.
811 413 85 46 1/2
859 413 121 46 in-12.
944 413 109 46 Jolie
1016 413 133 46 lettre.
1113 413 60 46 3
1125 413 36 46 »

671 448 124 50 21545
754 448 262 50 GIRODET-TRIOSON
975 448 234 50 (Anne-Louis),
1168 448 152 50 célèbre
1278 448 152 50 peintre
1388 448 207 50 d’histoire,
1540 448 110 50 membre

680 486 73 36 de
716 486 183 36 l’Institut.
863 486 110 36 L.
937 486 73 36 a.
973 486 122 36 s.
1059 486 61 36 à
1083 486 73 36 M.
1120 486 135 36 Coupin;
1218 486 73 36 au
1255 486 147 36 Bauzain,
1365 486 98 36 près
1426 486 171 36 Montargis,
1560 486 73 36 10
1585 486 61 36 noy

683 515 100 53 1815,
749 515 55 53 1
772 515 67 53 p.
805 515 78 53 pl.
849 515 100 53 in-8.
916 515 55 53 6
927 515 33 53 »

704 555 190 39 Touchante
850 555 146 39 épître
952 555 88 39 où
996 555 88 39 il
1040 555 160 39 annonce
1157 555 88 39 la
1200 555 117 39 mort
1273 555 88 39 de
1317 555 102 39 son
1361 555 102 39 père.

679 590 94 47 21546
741 590 168 47 GLAIS-BIZOIN
878 590 94 47 (N.),
941 590 115 47 célèbre
1024 590 105 47 député
1098 590 126 47 libéral.
1192 590 94 47 L.
1255 590 63 47 a.
1286 590 115 47 s.
1370 590 115 47 Bizoin,
1454 590 63 47 28
1475 590 63 47 juin

678 623 100 47 1832,
745 623 56 47 4
767 623 67 47 p.
801 623 100 47 in-8.
867 623 56 47 3
879 623 33 47 »

699 633 174 70 Curieuse
829 633 145 70 épître
930 633 87 70 où
973 633 87 70 il
1017 633 159 70 annonce
1132 633 130 70 qu’il
1219 633 130 70 vient
1306 633 145 70 d’être
1407 633 130 70 nommé
1494 633 145 70 député
1581 633 72 70 par

678 688 82 39 le
719 688 151 39 collège
829 688 82 39 de
871 688 151 39 Loudéac
980 688 82 39 et
1022 688 124 39 donne
1104 688 96 39 son
1159 688 151 39 opinion
1269 688 96 39 sur
1324 688 96 39 les
1365 688 165 39 élections.

681 724 120 46 21547
761 724 134 46 GRIGNY
854 724 187 46 (Achille),
1001 724 120 46 brave
1081 724 160 46 général,
1202 724 94 46 ami
1255 724 134 46 intime
1349 724 80 46 de
1389 724 134 46 Hoche,
1482 724 94 46 tué
1536 724 80 46 au
1562 724 94 46 siège

675 761 77 40 de
714 761 116 40 Gaëte
791 761 77 40 en
830 761 116 40 1806.
907 761 116 40 L.
985 761 77 40 a.
1024 761 142 40 s.
1127 761 116 40 comme
1204 761 181 40 commandant
1346 761 77 40 de
1385 761 77 40 la
1411 761 245 40 Loire

681 796 124 48 Nantes
767 796 74 48 an
805 796 112 48 VIII,
879 796 62 48 1
904 796 74 48 p.
941 796 112 48 in-4,
1016 796 99 48 vig.
1078 796 74 48 et
1115 796 99 48 tête
1177 796 112 48 impr.
1251 796 62 48 2
1264 796 37 48 »

678 807 119 70 21548
757 807 119 70 GRIMM
836 807 92 70 (le
889 807 119 70 baron
968 807 105 70 de),
1034 807 79 70 le
1073 807 145 70 célèbre
1179 807 158 70 écrivain
1297 807 184 70 philosophe
1442 807 79 70 du
1469 807 184 70 dix

684 866 131 40 siècle.
779 866 119 40 Quitt.
863 866 95 40 aut.
922 866 107 40 sig.,
994 866 83 40 sur
1042 866 119 40 vélin;
1125 866 107 40 1778,
1197 866 60 40 1
1220 866 72 40 p.
1256 866 95 40 in-8
1316 866 131 40 oblong.
1411 866 107 40 Jolie
1471 866 95 40 pièce.

1567 897 94 49 2
1586 897 75 49 50

808 913 102 66 21549
876 913 113 66 GUÉRIN
955 913 79 66 (le
1000 913 102 66 baron
1068 913 136 66 Pierre),
1169 913 124 66 célèbre
1260 913 124 66 peintre
1350 913 170 66 d’histoire,
1486 913 113 66 membre
1554 913 45 66 de

810 958 143 62 l’Institut.
924 958 86 62 L.
981 958 57 62 a.
1009 958 95 62 s.
1076 958 48 62 à
1095 958 57 62 M.
1123 958 114 62 Lemaire;
1209 958 48 62 8
1228 958 86 62 févr.
1285 958 105 62 (1830),
1361 958 48 62 2
1380 958 57 62 p.
1408 958 86 62 in-8.
1465 958 48 62 3
1475 958 29 62 »

683 991 115 59 21550
760 991 167 59 GUILLAUME
888 991 90 59 Ier
940 991 90 59 roi
991 991 77 59 de
1029 991 141 59 Prusse,
1132 991 77 59 le
1171 991 167 59 vainqueur
1299 991 77 59 de
1337 991 141 59 Sadowa.
1440 991 115 59 L.
1517 991 128 59 s.
1594 991 64 59 Co-

684 1031 89 60 blenz,
746 1031 44 60 6
764 1031 71 60 août
809 1031 80 60 1819,
862 1031 62 60 1/2
898 1031 53 60 p.
924 1031 80 60 in-4.
978 1031 44 60 3
986 1031 36 60 50

1043 1056 60 77 21551
1084 1056 74 77 GUIRAUD
1137 1056 47 77 (le
1164 1056 60 77 baron
1205 1056 74 77 Alex.),
1258 1056 60 77 poëte
1299 1056 94 77 élégiaque,
1373 1056 40 77 de
1393 1056 74 77 l’Acad.
1447 1056 47 77 fr.
1473 1056 60 77 L.
1514 1056 40 77 a.
1527 1056 54 77 s.

686 1114 109 45 rédacteur;
772 1114 47 45 29
796 1114 63 45 août
835 1114 70 45 1841,
882 1114 39 45 2
897 1114 47 45 p.
921 1114 55 45 pl.
952 1114 70 45 in-4.
999 1114 39 45 3
1007 1114 23 45 »

713 1127 181 70 Très-belle
855 1127 142 70 lettre,
959 1127 168 70 contenant
1088 1127 90 70 des
1139 1127 233 70 rectifications
1333 1127 65 70 à
1359 1127 116 70 faire
1436 1127 103 70 dans
1501 1127 90 70 son
1540 1127 116 70 article

683 1170 137 54 intitulé;
789 1170 116 54 Vues
873 1170 63 54 de
894 1170 127 54 Paris

1017 1205 76 62 21552
1067 1205 85 62 GUIZOT
1127 1205 68 62 (Fr.
1169 1205 51 62 P.
1195 1205 102 62 Guill.),
1271 1205 102 62 illustre
1347 1205 102 62 écrivain
1424 1205 51 62 et
1449 1205 76 62 homme
1500 1205 93 62 d’État,
1568 1205 51 62 de
1585 1205 76 62 l’Acad.

680 1248 64 53 fr.
716 1248 82 53 L.
771 1248 55 53 a.
798 1248 100 53 s.
871 1248 64 53 1/2
908 1248 55 53 p.
935 1248 82 53 in-8.
989 1248 46 53 1
999 1248 36 53 50

678 1268 117 60 21553
756 1268 104 60 HEIM
821 1268 104 60 (Fr.
886 1268 156 60 Joseph),
1004 1268 143 60 célèbre
1108 1268 143 60 peintre
1212 1268 195 60 d’histoire,
1368 1268 130 60 membre
1460 1268 78 60 de
1486 1268 169 60 l’Institut.

683 1324 115 47 L.
760 1324 76 47 a.
798 1324 127 47 s.
887 1324 76 47 au
925 1324 165 47 comte...;
1052 1324 76 47 12
1090 1324 115 47 févr.
1167 1324 115 47 1827,
1243 1324 64 47 1
1269 1324 76 47 p.
1307 1324 115 47 in-4.
1383 1324 153 47 Relative
1498 1324 64 47 à
1523 1324 76 47 un
1548 1324 115 47 travail

683 1354 88 45 qui
734 1354 88 45 lui
784 1354 63 45 a
809 1354 88 45 été
860 1354 164 45 commandé.
986 1354 63 45 3
998 1354 38 45 »

679 1393 129 50 21554
765 1393 158 50 HÉRAULT
880 1393 86 50 DE
923 1393 187 50 SÉCHELLES
1066 1393 101 50 (J.
1124 1393 115 50 M.),
1196 1393 158 50 célèbre
1310 1393 258 50 conventionnel,
1511 1393 144 50 décapité

680 1426 107 47 avec
747 1426 147 47 Danton.
854 1426 121 47 L.
934 1426 80 47 a.
974 1426 134 47 s.
1068 1426 94 47 aux
1122 1426 228 47 représentants
1310 1426 80 47 du
1350 1426 147 47 peuple;
1457 1426 80 47 au
1484 1426 174 47 Luxembourg,

682 1463 72 42 30
718 1463 132 42 ventôse
814 1463 72 42 an
850 1463 84 42 II,
898 1463 84 42 3/4
946 1463 72 42 de
982 1463 72 42 p.
1018 1463 108 42 in-4.
1090 1463 72 42 20
1114 1463 36 42 »

720 1479 247 54 Très-curieuse
923 1479 160 54 épître.
1039 1479 73 54 —
1068 1479 87 54 La
1111 1479 203 54 Convention
1271 1479 87 54 ne
1314 1479 189 54 prendrait
1459 1479 145 54 aucune
1546 1479 116 54 mesure

683 1529 144 40 contre
784 1529 101 40 lui
841 1529 87 40 si
885 1529 115 40 elle
957 1529 216 40 connaissait
1130 1529 101 40 son
1187 1529 202 40 innocence.
1346 1529 101 40 «Au
1404 1529 101 40 nom
1461 1529 87 40 de
1505 1529 87 40 la
1534 1529 115 40 repré-

683 1558 178 37 sentation
820 1558 192 37 nationale,
971 1558 82 37 de
1012 1558 82 37 la
1054 1558 151 37 justice
1163 1558 82 37 et
1204 1558 82 37 de
1246 1558 206 37 l’humanité,
1410 1558 82 37 je
1451 1558 151 37 réclame
1547 1558 110 37 d’être

685 1593 158 43 entendu
800 1593 129 43 avant
886 1593 129 43 tout,
972 1593 115 43 soit
1044 1593 101 43 que
1102 1593 115 43 l’on
1174 1593 115 43 nous
1246 1593 173 43 appelle,
1375 1593 144 43 Simond
1476 1593 86 43 et
1519 1593 115 43 moi,
1591 1593 72 43 à
1605 1593 58 43 un

678 1628 160 36 comité,
795 1628 117 36 soit
868 1628 102 36 que
926 1628 175 36 quelques
1057 1628 160 36 députés
1174 1628 189 36 veuillent
1320 1628 117 36 bien
1393 1628 131 36 venir
1480 1628 160 36 prendre
1582 1628 73 36 mes

673 1659 225 41 léclarations.»

687 1686 103 49 21555
755 1686 137 49 HITTORFF
858 1686 80 49 (J.
904 1686 115 49 Ign.),
984 1686 126 49 célèbre
1076 1686 172 49 architecte,
1213 1686 115 49 membre
1294 1686 69 49 de
1328 1686 172 49 l’Institut.
1465 1686 103 49 L.
1534 1686 69 49 a.
1557 1686 103 49 s.

711 1731 40 44 1
727 1731 48 44 p.
751 1731 81 44 in-12.
808 1731 40 44 1
816 1731 32 44 50

688 1760 109 43 21556
761 1760 146 43 HOUSSAYE
870 1760 158 43 (Arsène),
992 1760 182 43 littérateur
1137 1760 73 43 et
1174 1760 170 43 romancier.
1308 1760 109 43 P.
1381 1760 73 43 a.
1417 1760 134 43 s.
1514 1760 85 43 1/2
1563 1760 73 43 p.
1587 1760 73 43 in

693 1800 88 45 oblong.
757 1800 40 45 1
765 1800 32 45 75

715 1830 120 46 Jolie
794 1830 133 46 pièce,
887 1830 120 46 faite
967 1830 106 46 pour
1034 1830 80 46 un
1073 1830 159 46 amateur,
1193 1830 80 46 et
1233 1830 173 46 contenant
1366 1830 120 46 cette
1445 1830 133 46 pensée
1525 1830 133 46 bizarre:

684 1868 99 35 «La
740 1868 127 35 femme
825 1868 99 35 est
881 1868 85 35 la
924 1868 183 35 quatrième
1065 1868 127 35 vertu
1149 1868 197 35 théologale
1304 1868 85 35 et
1347 1868 85 35 le
1389 1868 169 35 huitième
1516 1868 127 35 pêché
1586 1868 71 35 ca

680 1900 104 43 oital.»

688 1920 101 64 21557
755 1920 90 64 HUGO
811 1920 146 64 (Victor),
923 1920 135 64 illustre
1024 1920 112 64 poëte,
1103 1920 67 64 de
1136 1920 123 64 l’Acad.
1226 1920 78 64 fr.
1271 1920 101 64 L.
1338 1920 67 64 a.
1372 1920 112 64 s.
1450 1920 56 64 à
1473 1920 112 64 M....;
1551 1920 67 64 10
1574 1920 78 64 janv.

690 1970 101 41 1860,
757 1970 56 41 1
779 1970 67 41 p.
813 1970 78 41 pl.
857 1970 101 41 in-8.
924 1970 56 41 8
936 1970 34 41 »

715 2009 166 40 Curieuse.
843 2009 64 40 —
868 2009 77 40 Il
907 2009 115 40 donne
983 2009 230 40 l’autorisation
1175 2009 77 40 de
1213 2009 128 40 graver
1303 2009 89 40 son
1354 2009 128 40 dessin
1443 2009 140 40 Crux
1532 2009 128 40 Nova

684 2039 101 40 sur
741 2039 116 40 John
814 2039 145 40 Brown.
915 2039 130 40 «Tout
1002 2039 87 40 ce
1045 2039 101 40 qui
1103 2039 173 40 concourt
1233 2039 87 40 au
1276 2039 130 40 grand
1363 2039 116 40 but,
1435 2039 173 40 liberté,
1551 2039 101 40 cons-

683 2071 125 38 titue
766 2071 111 38 pour
836 2071 97 38 moi
891 2071 83 38 le
933 2071 153 38 devoir,
1044 2071 83 38 et
1086 2071 83 38 je
1127 2071 125 38 serai
1211 2071 153 38 heureux
1322 2071 83 38 si
1363 2071 83 38 ce
1405 2071 153 38 dessin,
1502 2071 153 38 multiplié

684 2102 101 44 par
741 2102 130 44 votre
828 2102 115 44 art,
900 2102 115 44 peut
972 2102 202 44 contribuer
1130 2102 72 44 à
1159 2102 187 44 maintenir
1303 2102 158 44 présent
1418 2102 115 44 dans
1490 2102 101 44 les
1548 2102 115 44 âmes
1605 2102 58 44 le

676 2137 174 39 souvenir
807 2137 87 39 de
851 2137 87 39 ce
894 2137 203 39 libérateur
1054 2137 87 39 de
1098 2137 102 39 nos
1156 2137 145 39 frères
1257 2137 145 39 noirs,
1359 2137 87 39 de
1403 2137 102 39 cet
1461 2137 174 39 héroïque
1577 2137 87 39 John

684 2170 144 39 Brown,
784 2170 115 39 mort
856 2170 115 39 pour
928 2170 86 39 le
971 2170 144 39 Christ
1072 2170 86 39 et
1115 2170 129 39 comme
1201 2170 86 39 le
1230 2170 144 39 Christ.»

690 2205 120 43 21558
770 2205 160 43 HUMBOLDT
889 2205 266 43 (Charles-Guill.,
1116 2205 120 43 baron
1196 2205 107 43 de),
1262 2205 160 43 illustre
1382 2205 133 43 poëte,
1476 2205 186 43 philologue
1609 2205 53 43 et

691 2246 118 37 homme
770 2246 131 37 d’Etat
861 2246 170 37 allemand.
992 2246 118 37 L.
1071 2246 79 37 a.
1110 2246 144 37 s.
1215 2246 79 37 en
1255 2246 157 37 italien,
1373 2246 66 37 à
1399 2246 79 37 J.
1438 2246 184 37 Sacchetti;
1569 2246 79 37 Rome

683 2274 76 43 20
721 2274 101 43 nov.
785 2274 114 43 1805,
860 2274 63 43 2
886 2274 76 43 p.
924 2274 114 43 in-4.
1000 2274 177 43 Très-belle
1139 2274 76 43 et
1177 2274 202 43 intéressante
1341 2274 139 43 lettre.
1442 2274 63 43 4
1455 2274 38 43 »

689 2314 114 41 21559
765 2314 152 41 HUMBOLDT
880 2314 127 41 (Alex.
968 2314 101 41 de),
1032 2314 76 41 le
1070 2314 127 41 savant
1159 2314 76 41 le
1197 2314 101 41 plus
1260 2314 152 41 illustre
1374 2314 76 41 de
1412 2314 76 41 ce
1450 2314 140 41 siècle,
1552 2314 114 41 frère
1615 2314 51 41 du

693 2348 178 48 précédent.
833 2348 114 48 L.
909 2348 76 48 a.
947 2348 127 48 s.
1036 2348 76 48 (à
1074 2348 76 48 V.
1112 2348 127 48 Hugo);
1201 2348 76 48 21
1239 2348 102 48 mars
1303 2348 114 48 1845,
1379 2348 63 48 1
1404 2348 76 48 p.
1442 2348 89 48 pl.
1493 2348 114 48 in-8.
1569 2348 63 48 3
1582 2348 38 48 »

724 2374 197 43 Très-belle
878 2374 155 43 lettre,
991 2374 84 43 où
1033 2374 84 43 il
1075 2374 98 43 lui
1131 2374 155 43 exprime
1244 2374 225 43 l’admiration
1426 2374 126 43 qu’il
1511 2374 70 43 a
1539 2374 112 43 pour
1595 2374 70 43 son

658 2407 128 52 génie.
