1912 2915
985 408 74 51 —
1015 408 89 51 14
1045 408 45 51 —

458 467 131 53 21635
546 467 145 53 ROSSEL
647 467 116 53 (El.
720 467 87 53 P.
763 467 116 53 Ed.,
836 467 189 53 chevalier
981 467 116 53 de),
1054 467 261 53 contre-amiral,
1271 467 145 53 savant
1358 467 189 53 navigateur,

569 511 90 43 qui
620 511 128 43 publia
710 511 77 43 le
748 511 166 43 Voyage
876 511 77 43 de
914 511 243 43 d’Entrecasteaux
1119 511 64 43 à
1145 511 77 43 la
1183 511 166 43 recherche
1311 511 77 43 de
1336 511 205 43 Lapérouse

565 544 117 42 membre
647 544 70 42 de
682 544 164 42 l’Istitut.
811 544 105 42 L.
881 544 70 42 a.
917 544 117 42 s.
999 544 59 42 à
1022 544 70 42 M.
1057 544 117 42 Gence,
1139 544 82 42 3/4
1186 544 70 42 de
1221 544 70 42 p.
1256 544 105 42 in-4.
1326 544 59 42 2
1338 544 47 42 25

567 577 106 49 21636
638 577 106 49 ROSSI
708 577 177 49 (Pellegrino
850 577 94 49 di),
909 577 118 49 savant
991 577 177 49 économiste,
1132 577 141 49 ministre
1238 577 71 49 de
1273 577 82 49 Pie
1321 577 82 49 IX,
1356 577 94 49 assas-

566 617 106 46 siné
632 617 66 46 à
659 617 106 46 Rome
725 617 80 46 en
765 617 119 46 1848.
844 617 119 46 L.
924 617 80 46 a.
964 617 146 46 s.
1070 617 80 46 en
1109 617 172 46 français,
1242 617 66 46 à
1269 617 172 46 Sismondi,
1401 617 66 46 1
1428 617 80 46 p.
1454 617 93 46 in

1454 651 120 39 4
1478 651 72 39 »

595 677 202 49 Très-belle
753 677 144 49 lettre
854 677 86 49 où
897 677 86 49 il
940 677 101 49 lui
998 677 158 49 demande
1113 677 115 49 avec
1185 677 173 49 instance
1315 677 86 49 un
1358 677 158 49 article
1459 677 86 49 pour

566 712 100 45 ses
609 712 143 45 Annales.

573 750 114 54 21637
650 750 216 54 SAINT-HILAIRE
827 750 216 54 (Barthélemy),
1005 750 178 54 philosophe
1145 750 76 54 et
1183 750 152 54 écrivain
1297 750 178 54 distingué,
1424 750 64 54 re-

563 788 192 44 présentant
714 788 82 44 du
755 788 151 44 peuple,
865 788 82 44 en
906 788 123 44 1848,
989 788 137 44 membre
1085 788 82 44 de
1126 788 206 44 l’Institut.
1290 788 123 44 L.
1373 788 82 44 a.
1414 788 137 44 s.
1496 788 55 44 au

566 819 133 41 rédacteur
668 819 62 41 du
699 819 205 41 Moniteur
874 819 82 41 sig.
925 819 92 41 aussi
987 819 72 41 par
1028 819 164 41 Bixio
1161 819 195 41 Pagnerre
1325 819 62 41 et
1346 819 195 41 Altaroche;

561 851 120 46 Paris,
645 851 72 46 12
681 851 132 46 janvier
777 851 108 46 1849,
850 851 60 46 1
874 851 72 46 p.
910 851 84 46 pl.
958 851 108 46 in-8.
1030 851 60 46 3
1042 851 48 46 50

594 886 98 46 Ils
650 886 196 46 expliquent
804 886 98 46 les
859 886 140 46 motifs
957 886 98 46 qui
1013 886 98 46 les
1069 886 98 46 ont
1125 886 140 46 portés
1223 886 70 46 à
1251 886 84 46 se
1293 886 182 46 prononcer
1432 886 112 46 pour
1488 886 56 46 le

567 924 129 47 rejet
653 924 115 47 dans
724 924 86 47 le
767 924 115 47 vote
839 924 86 47 de
882 924 172 47 division
1010 924 100 47 sur
1068 924 100 47 les
1125 924 215 47 conclusions
1297 924 86 47 du
1340 924 157 47 rapport
1440 924 57 47 de

553 949 95 45 M.
585 949 127 45 Grévy.

564 983 120 47 21638
643 983 186 47 SAINT-JUST
789 983 120 47 (Ant.
869 983 80 47 L.
909 983 80 47 L.
949 983 106 47 de),
1015 983 146 47 célèbre
1121 983 226 47 conventionnel
1307 983 80 47 et
1347 983 133 47 membre
1427 983 53 47 du

563 1026 130 46 Comité
654 1026 78 46 de
693 1026 117 46 salut
771 1026 143 46 public,
876 1026 156 46 décapité
993 1026 104 46 avec
1058 1026 208 46 Robespierre.
1227 1026 117 46 Pièce
1306 1026 117 46 aut.,
1384 1026 65 46 1
1397 1026 52 46 p.

579 1052 53 50 1/4
609 1052 68 50 in-4.
654 1052 45 50 18
669 1052 23 50 »

587 1070 146 56 Curieux
693 1070 133 56 projet
786 1070 106 56 pour
853 1070 253 56 l’établissement
1065 1070 120 56 d’une
1145 1070 239 56 censure
1345 1070 186 56 remplaçant
1478 1070 66 56 les

551 1123 139 42 armées
648 1123 278 42 révolutionnaires
884 1123 208 42 supprimées;
1051 1123 111 42 elle
1120 1123 111 42 doit
1190 1123 139 42 suivre
1287 1123 97 42 pas
1343 1123 69 42 à
1370 1123 97 42 pas
1412 1123 125 42 l’homme

562 1159 85 34 en
604 1159 141 34 place,
703 1159 85 34 ne
745 1159 141 34 porter
844 1159 85 34 ni
887 1159 99 34 sur
943 1159 85 34 le
985 1159 141 34 peuple
1084 1159 85 34 ni
1127 1159 99 34 sur
1183 1159 99 34 les
1240 1159 141 34 mœurs.
1338 1159 99 34 «Un
1381 1159 155 34 gouverne-

560 1181 114 51 ment
631 1181 85 51 ne
674 1181 114 51 peut
745 1181 114 51 être
816 1181 171 51 maintenu
944 1181 100 51 que
1001 1181 100 51 par
1058 1181 85 51 un
1100 1181 142 51 tyran,
1200 1181 85 51 ou
1242 1181 100 51 par
1299 1181 85 51 la
1342 1181 156 51 justice
1456 1181 85 51 et
1484 1181 57 51 la

563 1219 139 48 censure
664 1219 214 48 inflexible...
828 1219 38 48 »

569 1245 105 58 21639
639 1245 198 58 SAINT-LAMBERT
802 1245 81 58 (J.
848 1245 81 58 Fr.
895 1245 93 58 de),
953 1245 186 58 littérateur,
1104 1245 116 58 auteur
1185 1245 70 58 du
1220 1245 105 58 poëme
1290 1245 81 58 des
1325 1245 151 58 Sai

564 1295 184 48 sons
713 1295 115 48 membre
793 1295 69 48 de
827 1295 126 48 l’Acad.
919 1295 80 48 fr.
965 1295 103 48 L.
1034 1295 69 48 a.
1068 1295 115 48 s.
1149 1295 57 48 à
1172 1295 69 48 M.
1206 1295 149 48 Pointard;
1321 1295 161 48 Ingoville,
1447 1295 69 48 21
1470 1295 69 48 août

562 1325 114 48 1792,
638 1325 88 48 3/4
689 1325 76 48 de
726 1325 76 48 p.
764 1325 114 48 in-8,
840 1325 126 48 cachet
928 1325 126 48 brisé.
1017 1325 63 48 3
1029 1325 38 48 »

552 1343 127 60 21640
637 1343 226 60 SAINT-PIERRE
820 1343 113 60 (Ch.
891 1343 141 60 Irénée
990 1343 155 60 CASTEL,
1103 1343 113 60 abbé
1174 1343 113 60 de),
1244 1343 85 60 le
1287 1343 155 60 célèbre
1400 1343 141 60 auteur
1484 1343 57 60 du

558 1397 152 51 Projet
675 1397 70 51 de
710 1397 93 51 paix
768 1397 233 51 perpétuelle
967 1397 117 51 membre
1049 1397 70 51 de
1084 1397 128 51 l’Acad.
1177 1397 82 51 fr.
1224 1397 105 51 P.
1294 1397 128 51 s.
1387 1397 105 51 Paris
1445 1397 82 51 1734,

556 1423 79 48 1/2
601 1423 68 48 p.
635 1423 91 48 in-8
692 1423 125 48 oblong.
783 1423 57 48 3
794 1423 34 48 »

551 1448 124 58 21641
634 1448 220 58 SAINTE-BEUVE
812 1448 110 58 (Ch.
881 1448 137 58 Aug.),
977 1448 82 58 un
1018 1448 82 58 de
1059 1448 96 58 nos
1114 1448 178 58 critiques
1251 1448 96 58 les
1306 1448 110 58 plus
1361 1448 165 58 distingués

556 1502 67 45 de
589 1502 122 45 l’Acad.
678 1502 78 45 fr.
722 1502 100 45 L.
789 1502 67 45 a.
822 1502 122 45 s.
911 1502 100 45 1866,
977 1502 55 45 1
999 1502 67 45 p.
1033 1502 78 45 1/2
1077 1502 111 45 in-12.
1154 1502 100 45 Jolie
1221 1502 122 45 lettre.
1310 1502 55 45 1
1321 1502 44 45 75

560 1536 122 39 21642
642 1536 163 39 SANTERRE
764 1536 95 39 (A.
818 1536 109 39 J.),
886 1536 81 39 le
927 1536 149 39 célèbre
1036 1536 190 39 commandant
1185 1536 81 39 de
1226 1536 81 39 la
1266 1536 122 39 garde
1348 1536 177 39 nationale
1470 1536 68 39 pa-

556 1572 178 45 risienne,
693 1572 151 45 général
803 1572 82 45 en
844 1572 110 45 chef
912 1572 82 45 en
954 1572 151 45 Vendée.
1063 1572 123 45 L.
1145 1572 82 45 a.
1187 1572 82 45 s.
1228 1572 178 45 Santerre,
1351 1572 178 45 ex

560 1600 157 47 ral
683 1600 112 47 Paris,
762 1600 56 47 4
785 1600 112 47 nivôse
863 1600 67 47 an
897 1600 79 47 VI,
942 1600 56 47 2
965 1600 67 47 p.
998 1600 101 47 in-4.
1066 1600 101 47 Belle
1133 1600 112 47 pièce.
1212 1600 56 47 4
1223 1600 34 47 »

551 1642 124 39 21643
634 1642 179 39 SCHNEIDER
771 1642 179 39 (Eugène),
909 1642 151 39 député,
1019 1642 83 39 le
1060 1642 151 39 nouveau
1170 1642 179 39 président
1308 1642 83 39 du
1349 1642 124 39 Corps
1418 1642 110 39 légis-

553 1680 116 47 latif.
635 1680 104 47 L.
704 1680 70 47 a.
739 1680 116 47 s.
820 1680 58 47 à
843 1680 116 47 M....;
925 1680 139 47 Creusot,
1029 1680 70 47 31
1064 1680 93 47 août
1122 1680 104 47 1859,
1192 1680 58 47 7
1215 1680 70 47 p.
1250 1680 81 47 1/2
1296 1680 104 47 in-8.
1366 1680 58 47 3
1377 1680 35 47 »

583 1716 167 44 Curieuse
708 1716 139 44 épître
806 1716 97 44 sur
861 1716 83 44 la
903 1716 209 44 candidature
1070 1716 83 44 au
1112 1716 125 44 Corps
1195 1716 195 44 législatif
1348 1716 83 44 de
1390 1716 125 44 celui
1459 1716 70 44 au-

559 1749 95 44 juel
618 1749 71 44 il
642 1749 95 44 écrit.

560 1790 94 33 21644
622 1790 115 33 SCHNETZ
706 1790 104 33 (Vor),
779 1790 115 33 célèbre
862 1790 115 33 peintre
946 1790 157 33 d’histoire,
1071 1790 104 33 membre
1144 1790 63 33 de
1176 1790 157 33 l’Institut.
1301 1790 94 33 L.
1353 1790 94 33 a.

551 1825 138 37 s.
657 1825 53 37 à
679 1825 64 37 M.
710 1825 117 37 Blouet,
795 1825 159 37 architecte;
922 1825 117 37 (1836),
1007 1825 53 37 1
1028 1825 64 37 p.
1060 1825 95 37 in-8.
1123 1825 95 37 Jolie
1187 1825 117 37 lettre.
1272 1825 53 37 3
1282 1825 85 37 <b

557 1856 100 40 21645
623 1856 111 40 SIMART
701 1856 78 40 (P.
745 1856 100 40 Ch.),
812 1856 111 40 habile
889 1856 155 40 statuaire,
1011 1856 111 40 membre
1089 1856 66 40 de
1122 1856 166 40 l’Institut.
1255 1856 100 40 L.
1321 1856 66 40 a.
1343 1856 100 40 s.

556 1892 107 44 1846,
627 1892 59 44 1
651 1892 71 44 p.
687 1892 119 44 in-12.
770 1892 59 44 3
781 1892 36 44 »

553 1928 115 46 21646
630 1928 128 46 SONTAG
720 1928 205 46 (Henriette),
886 1928 154 46 comtesse
1001 1928 77 46 de
1040 1928 128 46 Rossi,
1129 1928 115 46 l’une
1206 1928 90 46 des
1257 1928 192 46 cantatrices
1411 1928 90 46 les
1449 1928 77 46 plus

545 1964 212 44 remarquables
717 1964 79 44 du
757 1964 265 44 Théâtre-Italien.
982 1964 93 44 Ces
1035 1964 119 44 mots:
1114 1964 212 44 Henriette
1287 1964 119 44 Rossi
1353 1964 172 44 Sontag

548 1997 136 40 écrits
643 1997 95 40 sur
698 1997 95 40 une
752 1997 149 40 feuille
861 1997 81 40 de
901 1997 136 40 papier
996 1997 109 40 in-8
1064 1997 109 40 pour
1132 1997 81 40 M.
1173 1997 122 40 Amant
1254 1997 95 40 (du
1295 1997 217 40 Palais

551 2032 89 41 qui
602 2032 64 41 a
628 2032 89 41 mis
679 2032 77 41 au
717 2032 89 41 bas
768 2032 77 41 de
806 2032 77 41 la
845 2032 115 41 pièce
921 2032 89 41 une
972 2032 191 41 attestation
1125 2032 128 41 signée
1214 2032 77 41 de
1253 2032 102 41 lui.
1316 2032 64 41 2
1329 2032 51 41 50

557 2068 95 40 21647
621 2068 158 40 SPALLANZANI
747 2068 137 40 (Lazare),
852 2068 126 40 illustre
947 2068 148 40 anatomiste
1063 2068 126 40 italien.
1158 2068 95 40 L.
1221 2068 63 40 a.
1253 2068 105 40 s.
1327 2068 53 40 à
1337 2068 95 40 Vallis-

551 2103 111 34 neri;
625 2103 74 34 29
662 2103 111 34 avril
736 2103 111 34 1757,
811 2103 62 34 2
836 2103 74 34 p.
873 2103 111 34 in-4.
947 2103 111 34 Belle
1021 2103 136 34 lettre.
1120 2103 62 34 7
1133 2103 37 34 »

550 2133 109 43 21648
623 2133 134 43 SURCOUF
720 2133 158 43 (Robert),
841 2133 170 43 l’héroïque
975 2133 146 43 corsaire
1084 2133 73 43 de
1121 2133 182 43 Saint-Malo.
1267 2133 109 43 L.
1340 2133 122 43 s.
1413 2133 36 43 à

548 2172 75 37 M.
585 2172 75 37 M.
622 2172 125 37 Defly;
710 2172 175 37 Saint-Malo
847 2172 75 37 an
884 2172 100 37 XII,
947 2172 87 37 1/2
996 2172 75 37 p.
1034 2172 112 37 in-4.
1109 2172 62 37 4
1121 2172 50 37 50

552 2212 104 43 21649
622 2212 104 43 TASTU
691 2212 151 43 (Amable),
807 2212 127 43 célèbre
900 2212 104 43 femme
970 2212 127 43 auteur.
1062 2212 104 43 L.
1132 2212 70 43 a.
1167 2212 116 43 s.
1248 2212 58 43 à
1271 2212 70 43 V.
1306 2212 104 43 Hugo,
1375 2212 58 43 2
1387 2212 46 43 p.

582 2242 50 43 1/4
610 2242 64 43 in-8.
653 2242 36 43 2
660 2242 29 43 75

582 2270 165 45 Charmante
709 2270 127 45 épître
798 2270 76 45 de
836 2270 191 45 compliments
989 2270 89 45 sur
1040 2270 89 45 ses
1078 2270 254 45 Orientales

547 2314 100 49 21650
614 2314 112 49 THOMAS
692 2314 100 49 (Ant.
759 2314 89 49 L.),
815 2314 123 49 célèbre
904 2314 178 49 littérateur,
1049 2314 67 49 de
1082 2314 123 49 l’Acad.
1172 2314 78 49 fr.
1216 2314 100 49 L.
1283 2314 123 49 a.
1372 2314 56 49 à
1395 2314 112 49 Ducis,
1462 2314 33 49 à

551 2345 136 42 Marly;
646 2345 81 42 ce
687 2345 163 42 dimanche
809 2345 122 42 matin
890 2345 95 42 23,
945 2345 95 42 1/2
999 2345 81 42 p.
1039 2345 122 42 in-4.
1121 2345 68 42 5
1134 2345 41 42 »

588 2380 189 48 L’élection
736 2380 108 48 d’un
803 2380 189 48 secrétaire
951 2380 81 48 (à
992 2380 202 48 l’Académie)
1154 2380 94 48 est
1208 2380 121 48 fixée
1288 2380 67 48 à
1315 2380 135 48 jeudi.
1396 2380 135 48 «Quittés

553 2415 127 45 votre
637 2415 169 45 retraite
764 2415 84 45 et
806 2415 98 45 vos
862 2415 112 45 bois
933 2415 84 45 au
975 2415 127 45 moins
1059 2415 112 45 pour
1129 2415 84 45 un
1172 2415 112 45 jour
1242 2415 84 45 et
1284 2415 127 45 venés
1368 2415 112 45 vous
1425 2415 98 45 mêler

547 2450 99 47 aux
603 2450 141 47 scènes
702 2450 85 47 de
745 2450 85 47 la
787 2450 141 47 vie...
886 2450 85 47 On
929 2450 85 47 se
971 2450 156 47 dispute
1084 2450 85 47 et
1127 2450 113 47 l’on
1198 2450 141 47 mendie
1297 2450 99 47 les
1353 2450 127 47 voix,
1424 2450 99 47 comme

543 2485 87 39 on
586 2485 159 39 dispute
701 2485 87 39 la
744 2485 173 39 couronne
874 2485 87 39 de
917 2485 159 39 Pologne
1033 2485 130 39 quand
1119 2485 115 39 elle
1191 2485 101 39 est
1235 2485 187 39 vacante...»
