1912 2915
921 380 44 71 —
939 380 53 71 16
957 380 27 71 —

563 453 214 54 l’empereur,
734 453 86 54 et
777 453 157 54 quoique
891 453 157 54 l’armée
1005 453 228 54 autrichienne
1191 453 100 54 ait
1248 453 129 54 l’air
1334 453 86 54 de
1377 453 143 54 croire
1477 453 71 54 à
1491 453 57 54 la

566 494 95 44 reprise
635 494 60 44 des
670 494 86 44 armes,
730 494 52 44 la
756 494 69 44 paix
799 494 69 44 doit
842 494 69 44 être
877 494 138 44 prochaine...».

1008 524 68 58 21665
1054 524 98 58 DUPUYTREN
1129 524 53 58 (le
1159 524 68 58 baron
1204 524 83 58 Guill.)
1264 524 90 58 illustre
1331 524 113 58 chirurgien,
1421 524 75 58 membre
1474 524 45 58 de
1489 524 60 58 l’Ins-

565 570 127 37 titut.
654 570 178 37 Ordonnance
794 570 102 37 aut.
858 570 114 37 sig.;
934 570 114 37 1832,
1010 570 64 37 1
1036 570 76 37 p.
1074 570 89 37 3/4
1125 570 114 37 in-4.
1201 570 64 37 2
1214 570 38 37 »

1054 602 60 44 21666
1094 602 60 44 JUNOT
1134 602 94 44 (Andoche),
1208 602 47 44 duc
1235 602 100 44 d’Abrantès,
1315 602 73 44 général
1368 602 40 44 en
1388 602 60 44 chef,
1428 602 40 44 le
1448 602 94 44 conquérant
1515 602 27 44 du

571 641 79 37 Portugal.
632 641 55 37 L.
668 641 36 37 a.
686 641 67 37 s.
734 641 79 37 Lisbonne,
795 641 30 37 9
807 641 42 37 mai
831 641 55 37 1808,
868 641 30 37 1
880 641 36 37 p.
898 641 48 37 in-8
928 641 67 37 oblong.
971 641 42 37 Jolie

548 674 300 47 pièce.
758 674 150 47 5
788 674 90 47 »

599 702 87 51 Bon
648 702 99 51 pour
710 702 87 51 une
759 702 124 51 partie
846 702 74 51 de
883 702 74 51 la
920 702 111 51 somme
995 702 111 51 qu’il
1069 702 124 51 devait
1155 702 62 51 à
1180 702 186 51 François
1316 702 223 51 Bartholozz,

573 750 49 37 pour
604 750 55 37 avoir
640 750 55 37 gravé
677 750 43 37 son
702 750 80 37 portrait,
763 750 31 37 —
775 750 37 37 On
793 750 61 37 trouve
836 750 43 37 sur
861 750 55 37 cette
898 750 55 37 pièce
934 750 74 37 l’acquit
983 750 25 37 et

563 785 82 33 la
604 785 178 33 signature
742 785 82 33 du
783 785 151 33 célèbre
879 785 137 33 artiste.

560 807 122 51 21667
641 807 149 51 LECONTE
749 807 81 51 DE
789 807 122 51 LISLE
870 807 270 51 (Charles-Marie),
1100 807 81 51 un
1140 807 95 51 des
1194 807 135 51 poëtes
1289 807 95 51 les
1343 807 108 51 plus
1397 807 149 51 originaux

564 844 69 51 de
599 844 104 51 notre
668 844 115 51 temps.
749 844 104 51 L.
818 844 69 51 a.
853 844 127 51 s.
945 844 104 51 1862,
1014 844 58 51 1
1037 844 69 51 p.
1071 844 115 51 in-12.
1152 844 104 51 Jolie
1221 844 115 51 pièce.
1302 844 58 51 2
1313 844 35 51 »

561 887 117 38 21668
639 887 117 38 MARAT
717 887 91 38 (J.
769 887 104 38 P.),
834 887 130 38 fameux
925 887 182 38 publiciste
1069 887 78 38 et
1108 887 234 38 conventionnel,
1303 887 169 38 assassiné
1420 887 65 38 par

557 919 186 42 Charlotte
700 919 157 42 Corday.
814 919 171 42 Fragment
942 919 86 42 de
985 919 71 42 5
1014 919 143 42 lignes
1114 919 171 42 autogr.,
1242 919 186 42 contenant
1385 919 100 42 une
1428 919 114 42 phrase

563 953 173 39 entière,
692 953 87 39 et
736 953 115 39 tiré
808 953 115 39 d’un
880 953 159 39 mémoire
995 953 144 39 inédit
1096 953 144 39 publié
1197 953 87 39 en
1240 953 115 39 1834
1312 953 101 39 par
1370 953 87 39 le
1399 953 144 39 libraire

569 989 99 44 Ebrard.
641 989 45 44 4
650 989 36 44 50

567 1025 98 43 21669
633 1025 131 43 MARÉCHAL
731 1025 153 43 (Sylvain),
851 1025 65 43 le
883 1025 120 43 célèbre
971 1025 109 43 auteur
1047 1025 65 43 du
1080 1025 207 43 Dictionnaire
1254 1025 76 43 des
1287 1025 142 43 athées

564 1060 103 44 L.
632 1060 114 44 a.
712 1060 57 44 à
735 1060 125 44 Camille
826 1060 171 44 Desmoulins,
963 1060 57 44 1
985 1060 68 44 p.
1020 1060 80 44 1/4
1065 1060 103 44 in-8.
1134 1060 137 44 Curieuse
1236 1060 125 44 épître.
1316 1060 57 44 8>»

564 1090 94 47 21670
626 1090 104 47 ROUGET
699 1090 63 47 DE
730 1090 94 47 LISLE
793 1090 94 47 (J.),
856 1090 146 47 l’illustre
970 1090 104 47 auteur
1043 1090 63 47 de
1075 1090 63 47 la
1106 1090 209 47 Marseillaise.
1283 1090 63 47 L.
1315 1090 63 47 a.
1336 1090 83 47 s

562 1129 59 46 à
586 1129 71 46 M.
621 1129 142 46 Coytier,
728 1129 59 46 1
751 1129 71 46 p.
787 1129 83 46 pl.
834 1129 106 46 in-8.
905 1129 106 46 Jolie
976 1129 118 46 pièce.
1059 1129 59 46 9
1071 1129 35 46 »

559 1204 164 70 TRAVAUX
678 1204 209 70 MANUSCRITS
843 1204 179 70 destinés
977 1204 75 70 à
1007 1204 90 70 la
1052 1204 164 70 seconde
1171 1204 164 70 édition
1290 1204 90 70 de
1335 1204 134 70 l’Art
1425 1204 90 70 de
1454 1204 75 70 vé-

556 1265 133 41 rifier
649 1265 93 41 les
702 1265 133 41 dates,
795 1265 93 41 par
848 1265 93 41 les
901 1265 212 41 Bénédictins,
1073 1265 80 41 et
1113 1265 66 41 à
1140 1265 173 41 l’édition
1273 1265 146 41 publiée
1379 1265 93 41 par
1432 1265 80 41 le
1458 1265 80 41 mar-

552 1297 109 41 quis
621 1297 137 41 Fortia
716 1297 164 41 d’Urban,
840 1297 96 41 166
894 1297 191 41 fascicules
1045 1297 164 41 in-fol.,
1168 1297 82 41 ou
1209 1297 123 41 in-4,
1291 1297 96 41 br.
1346 1297 82 41 (4
1373 1297 164 41 imprimés).

556 1329 102 49 Ils
615 1329 131 49 sont,
702 1329 160 49 presque
819 1329 131 49 tous,
906 1329 160 49 chargés
1023 1329 87 49 de
1067 1329 146 49 notes,
1169 1329 219 49 corrections
1344 1329 87 49 et
1373 1329 160 49 additions

556 1360 155 44 autogr.
669 1360 84 44 de
711 1360 84 44 D.
753 1360 155 44 Clément
866 1360 84 44 et
908 1360 84 44 du
950 1360 155 44 marquis
1063 1360 84 44 de
1105 1360 155 44 Fortia,
1217 1360 84 44 et
1260 1360 183 44 renfermés
1400 1360 113 44 dans
1457 1360 84 44 huit

1399 1394 161 47 1200
1480 1394 61 47 »

562 1397 124 52 boites
636 1397 111 52 in

584 1409 80 72 51
624 1409 187 72 fascicules
771 1409 201 72 contiennent
932 1409 94 72 les
985 1409 214 72 chronologies
1159 1409 94 72 des
1213 1409 174 72 éclipses,
1347 1409 80 72 de
1373 1409 161 72 l’histoire

557 1465 143 39 sainte
657 1465 86 39 et
700 1465 100 39 des
757 1465 157 39 anciens
871 1465 171 39 peuples,
1000 1465 129 39 avant
1085 1465 243 39 Jésus-Christ.
1285 1465 71 39 —
1314 1465 86 39 La
1342 1465 186 39 Chronologie

552 1500 83 43 de
594 1500 194 43 l’histoire
747 1500 167 43 romaine,
871 1500 97 43 par
927 1500 153 43 Albert,
1038 1500 194 43 conseiller
1191 1500 153 43 d’Etat,
1302 1500 125 43 avait
1385 1500 97 43 été
1427 1500 111 43 remise

555 1526 99 49 par
611 1526 170 49 l’auteur
739 1526 71 49 à
767 1526 85 49 D.
810 1526 170 49 Clément,
937 1526 113 49 pour
1008 1526 113 49 être
1079 1526 170 49 employée
1206 1526 113 49 dans
1277 1526 127 49 l’Art
1362 1526 85 49 de
1390 1526 142 49 vérifier

556 1570 96 35 les
611 1570 137 35 dates.
707 1570 69 35 —
735 1570 124 35 Parmi
817 1570 96 35 ces
872 1570 206 35 fascicules,
1037 1570 82 35 on
1078 1570 137 35 trouve
1175 1570 96 35 des
1230 1570 234 35 dissertations
1422 1570 96 35 sur
1463 1570 69 35 les

555 1603 226 40 calendriers,
739 1603 85 40 et
781 1603 85 40 de
824 1603 198 40 nombreuses
979 1603 156 40 lettres
1092 1603 212 40 autographes
1262 1603 85 40 et
1305 1603 156 40 signées
1418 1603 99 40 par
1460 1603 71 40 di-

562 1640 116 31 vers
635 1640 174 31 savants,
766 1640 189 31 adressées
911 1640 73 31 à
940 1640 87 31 D.
984 1640 174 31 Clément,
1115 1640 102 31 sur
1173 1640 87 31 le
1216 1640 116 31 même
1289 1640 145 31 sujet;
1391 1640 131 31 ainsi
1463 1640 73 31 que

555 1663 93 43 des
608 1663 212 43 Observations
780 1663 80 43 de
820 1663 80 43 ce
860 1663 173 43 religieux
993 1663 93 43 sur
1046 1663 80 43 la
1086 1663 159 43 critique
1205 1663 80 43 de
1245 1663 119 43 l’Art
1325 1663 80 43 de
1364 1663 159 43 vérifier
1471 1663 66 43 les

563 1696 136 45 lates,
659 1696 95 45 par
700 1696 123 45 Feller.

1205 1722 72 58 à
1233 1722 216 58 différentes
1392 1722 144 58 époques.

584 1723 82 53 32
625 1723 191 53 fascicules
775 1723 191 53 concernant
925 1723 191 53 l’histoire
1075 1723 82 53 de
1102 1723 109 53 France

585 1766 80 54 37
625 1766 187 54 fascicules
772 1766 94 54 sur
826 1766 187 54 l’histoire
973 1766 94 54 des
1026 1766 161 54 abbayes,
1147 1766 94 54 des
1200 1766 147 54 villes,
1307 1766 94 54 des
1361 1766 174 54 provinces
1481 1766 54 54 et

546 1803 106 49 des
607 1803 182 49 familles
743 1803 91 49 de
789 1803 91 49 la
834 1803 167 49 France.
955 1803 182 49 (Artois,
1092 1803 212 49 Bourgogne,
1259 1803 167 49 Bresse,
1365 1803 167 49 Gascogne,

559 1845 127 45 luché
643 1845 85 45 de
686 1845 183 45 Bouillon,
827 1845 211 45 Roussillon,
996 1845 127 45 comté
1080 1845 85 45 de
1122 1845 113 45 Foix
1193 1845 127 45 etc.)
1277 1845 99 45 Les
1334 1845 113 45 deux
1390 1845 141 45 premiers

553 1874 208 47 fascicules
702 1874 163 47 manquent.

1414 1908 96 41 —
1433 1908 96 41 Re-

583 1895 85 58 23
625 1895 198 58 fascicules
781 1895 99 58 sur
838 1895 198 58 l’histoire
994 1895 99 58 des
1051 1895 227 58 principautés
1221 1895 198 58 d’Allemagne.

548 1937 188 54 marques,
689 1937 235 54 corrections
877 1937 94 54 et
924 1937 203 54 additions
1080 1937 78 54 à
1112 1937 219 54 l’histoire
1284 1937 250 54 d’Allemagne,
1471 1937 63 54 du

530 1977 66 47 P.

583 1976 113 43 Barre.

577 2005 81 57 23
618 2005 189 57 fascicules
767 2005 95 57 sur
821 2005 189 57 l’histoire
970 2005 81 57 de
1010 2005 176 57 l’Italie,
1146 2005 81 57 de
1186 2005 81 57 la
1227 2005 149 57 Suisse;
1335 2005 81 57 de
1376 2005 81 57 la
1403 2005 135 57 Hollande

550 2045 87 53 et
593 2045 102 53 des
651 2045 116 53 pays
724 2045 87 53 du
753 2045 102 53 Nord.

585 2084 85 42 Un
627 2084 128 42 grand
713 2084 142 42 nombre
812 2084 85 42 de
855 2084 99 42 ces
911 2084 142 42 pièces
1011 2084 114 42 sont
1082 2084 142 42 encore
1181 2084 185 42 inédites.
1323 2084 156 42 Dossier
1422 2084 114 42 unique

554 2109 85 46 et
596 2109 128 46 d’une
681 2109 198 46 importance
837 2109 156 46 extrême
951 2109 113 46 pour
1022 2109 99 46 les
1064 2109 142 46 érudits.

561 2275 348 53 L’authenticité
859 2275 116 53 des
926 2275 248 53 Autographes
1124 2275 116 53 est
1174 2275 248 53 garantie.

488 2323 87 61 Le
531 2323 188 61 Catalogue
676 2323 116 61 sera
748 2323 145 61 envoyé
850 2323 72 61 à
879 2323 145 61 toutes
980 2323 101 61 les
1038 2323 188 61 personnes
1183 2323 101 61 qui
1241 2323 87 61 en
1284 2323 145 61 feront
1386 2323 87 61 la
1415 2323 130 61 démande

460 2376 207 58 Affranchir)

541 2461 273 67 Strasbourg,
759 2461 273 67 typographie
977 2461 109 67 de
1032 2461 109 67 G.
1068 2461 236 67 Silbermann.
