1912 2915
774 278 86 54 —
808 278 86 54 7
825 278 52 54 —

790 323 80 66 siècle.
848 323 65 66 L.
891 323 43 66 a.
913 323 72 66 s.
963 323 43 66 au
985 323 108 66 chancelier:
1072 323 72 66 Paris,
1122 323 43 66 20
1144 323 87 66 février,
1209 323 51 66 1/2
1238 323 43 66 p.
1260 323 80 66 in-fol.
1310 323 51 66 Très-

364 374 86 46 belle
422 374 95 46 pièce.
488 374 57 46 10
507 374 29 46 »

366 409 111 41 21526
439 409 111 41 ENGEL
513 409 160 41 (Samuel),
636 409 135 41 célèbre
734 409 160 41 géographe
857 409 74 41 et
894 409 172 41 économiste
1029 409 135 41 suisse.
1127 409 111 41 L.
1201 409 74 41 a.
1237 409 123 41 s.
1311 409 37 41 à

364 447 77 48 M.
403 447 103 48 ...;
467 447 129 48 Berne,
557 447 77 48 22
596 447 116 48 janv.
673 447 116 48 1767,
750 447 64 48 4
776 447 77 48 p.
815 447 90 48 pl.
866 447 116 48 in-4.
944 447 64 48 4
956 447 52 48 50

392 484 153 54 Superbe
503 484 83 54 et
545 484 223 54 intéressante
726 484 139 54 épître
823 484 181 54 contenant
962 484 97 54 les
1018 484 181 54 nouvelles
1157 484 195 54 politiques
1296 484 56 54 du

346 519 123 41 temps.

368 550 122 45 21527
450 550 149 45 ESPAGNE
558 550 95 45 (J.
612 550 81 45 L.
652 550 95 45 B.,
707 550 149 45 comte),
815 550 81 45 un
855 550 95 45 des
909 550 176 45 meilleurs
1045 550 162 45 généraux
1166 550 81 45 de
1193 550 149 45 cavalerie

368 592 101 41 des
425 592 158 41 guerres
540 592 86 41 de
583 592 187 41 l’Empire,
727 592 115 41 mort
799 592 245 41 glorieusement
1001 592 72 41 à
1029 592 86 41 la
1073 592 173 41 bataille
1188 592 158 41 d’Essling

362 622 75 42 en
399 622 112 42 1809.
474 622 112 42 L.
548 622 75 42 a.
586 622 125 42 s.
673 622 62 42 à
698 622 75 42 M.
735 622 187 42 Villemanzy;
885 622 137 42 Erlang,
985 622 62 42 4
1010 622 150 42 février,
1122 622 62 42 1
1147 622 75 42 p.
1184 622 87 42 1/2
1221 622 125 42 in

369 651 91 53 tête
425 651 102 53 impr.
494 651 102 53 Belle
562 651 114 53 pièce.
642 651 57 53 3
653 651 34 53 »

370 687 111 46 21528
444 687 98 46 ESTE
505 687 160 46 (Alphonse
628 687 74 46 II
665 687 98 46 d’),
727 687 86 46 duc
776 687 74 46 de
813 687 148 46 Ferrare,
924 687 86 46 qui
973 687 86 46 fit
1022 687 160 46 renfermer
1145 687 74 46 le
1170 687 86 46 Tasse

364 726 110 39 comme
437 726 98 39 fou.
499 726 110 39 L.
572 726 135 39 s.
670 726 135 39 Ferrare
768 726 61 39 9
793 726 110 39 sept.
866 726 98 39 1578
927 726 86 39 3/4
976 726 74 39 de
1013 726 74 39 p.
1050 726 135 39 in-fol.
1148 726 61 39 6
1160 726 37 39 »

374 766 112 45 21529
448 766 137 45 FAUSTIN
548 766 100 45 Ier,
610 766 149 45 empereur
722 766 149 45 d’Haïti,
834 766 100 45 plus
896 766 112 45 connu
971 766 100 45 sous
1033 766 75 45 le
1070 766 87 45 nom
1120 766 75 45 de
1145 766 199 45 général

364 797 265 42 Soulouque
591 797 126 42 fameux
680 797 88 42 par
730 797 88 42 ses
781 797 164 42 cruautés.
907 797 113 42 P.
982 797 126 42 s.
1071 797 76 42 en
1108 797 164 42 français;
1222 797 126 42 Port-

366 835 107 47 Prince
441 835 96 47 1850,
506 835 75 47 3/4
548 835 64 47 de
580 835 64 47 p.
613 835 118 47 in-fol.
698 835 171 47 Rare
837 835 54 47 4
848 835 43 47 50

371 869 103 38 21530
439 869 103 38 FÉVAL
508 869 126 38 (Paul),
600 869 149 38 romancier
715 869 69 38 et
750 869 115 38 auteur
830 869 172 38 dramatique.
968 869 103 38 Le
1037 869 92 38 Père
1094 869 172 38 Goubet
1221 869 57 38 ar-

369 899 112 46 ticle
443 899 100 46 aut.
506 899 112 46 sig.,
581 899 62 46 4
605 899 75 46 p.
643 899 112 46 in-4.
718 899 112 46 Léger
793 899 200 46 raccommodage
955 899 62 46 à
980 899 75 46 un
1017 899 162 46 feuillet.
1142 899 62 46 4
1154 899 50 46 50

368 932 107 69 21531
439 932 119 69 FORMEY
523 932 83 69 (J.
570 932 71 69 H.
606 932 143 69 Samuel),
713 932 166 69 philosophe
843 932 71 69 et
879 932 190 69 littérateur,
1033 932 166 69 secrétaire
1152 932 95 69 perpé-

372 982 89 49 tuel
428 982 67 49 de
461 982 122 49 l’Acad.
550 982 67 49 de
583 982 122 49 Berlin.
672 982 100 49 L.
739 982 67 49 a.
773 982 122 49 s.
862 982 67 49 en
895 982 145 49 français,
1006 982 56 49 à
1029 982 67 49 M.
1062 982 111 49 Klotz;
1129 982 100 49 Berlin,

369 1014 76 50 13
407 1014 114 50 janv.
483 1014 101 50 1767
546 1014 63 50 1
572 1014 76 50 p.
609 1014 114 50 in-4.
685 1014 114 50 Belle
761 1014 126 50 pièce.
849 1014 63 50 3
862 1014 38 50 »

375 1034 97 73 21532
440 1034 75 73 FOY
483 1034 75 73 (M.
526 1034 86 73 S.),
579 1034 129 73 illustre
676 1034 118 73 général
762 1034 64 73 et
794 1034 118 73 orateur
880 1034 193 73 parlementaire.
1041 1034 97 73 L.
1105 1034 64 73 a.
1137 1034 107 73 s.
1212 1034 54 73 à
1223 1034 43 73 un

368 1086 76 47 de
406 1086 88 47 ses
457 1086 176 47 collègues;
595 1086 126 47 Pithon
683 1086 151 47 (Aisne),
797 1086 63 47 5
822 1086 101 47 nov.
885 1086 113 47 1823,
960 1086 63 47 3
985 1086 76 47 p.
1023 1086 88 47 1/2
1074 1086 113 47 in-4.
1149 1086 63 47 6
1162 1086 50 47 50

401 1115 147 51 Superbe
508 1115 134 51 lettre
601 1115 120 51 toute
681 1115 187 51 politique,
828 1115 80 51 où
868 1115 80 51 il
908 1115 120 51 donne
988 1115 240 51 d’intéressants
1189 1115 147 51 détails
1282 1115 67 51 sur

376 1156 160 40 l’esprit
496 1156 133 40 public
589 1156 80 40 et
629 1156 93 40 sur
682 1156 93 40 les
736 1156 173 40 élections
869 1156 107 40 dans
936 1156 80 40 le
976 1156 200 40 département
1136 1156 80 40 de
1176 1156 160 40 l’Aisne.
1282 1156 67 40 «Au

368 1191 132 48 reste,
460 1191 145 48 dit-il,
566 1191 79 48 je
605 1191 145 48 deviens
711 1191 66 48 à
737 1191 92 48 peu
790 1191 106 48 près
856 1191 198 48 indifférent
1014 1191 79 48 au
1054 1191 171 48 résultat.
1186 1191 106 48 Avec
1252 1191 79 48 le
1278 1191 66 48 ré-

367 1227 120 40 gime
442 1227 165 40 actuel,
562 1227 90 40 le
607 1227 241 40 gouvernement
803 1227 256 40 représentatif
1013 1227 135 40 n’est
1104 1227 120 40 plus
1179 1227 135 40 qu’un
1254 1227 90 40 vain

366 1259 98 36 mot
422 1259 84 36 et
464 1259 98 36 les
521 1259 197 36 assemblées
675 1259 211 36 électorales
844 1259 141 36 qu’une
943 1259 197 36 insultante
1083 1259 197 36 moquerie...»

524 1289 82 62 21533
579 1289 109 62 FRANÇAIS
661 1289 73 62 (Fr.
706 1289 73 62 L.),
752 1289 100 62 célèbre
825 1289 100 62 peintre
898 1289 55 62 de
925 1289 119 62 paysages.
1017 1289 82 62 L.
1071 1289 55 62 a.
1099 1289 100 62 s.
1172 1289 46 62 1
1190 1289 55 62 p.
1208 1289 64 62 in

1270 1331 36 37 1
1277 1331 29 37 75

368 1349 82 65 21534
423 1349 137 65 FRAYSSINOUS
533 1349 110 65 (Denis),
615 1349 92 65 évêque
679 1349 156 65 d’Hermopolis,
807 1349 147 65 grand-maître
926 1349 55 65 de
945 1349 73 65 l’Uni-

372 1393 135 58 versité,
473 1393 113 58 membre
552 1393 68 58 de
586 1393 124 58 l’Acad.
676 1393 79 58 fr.
721 1393 102 58 L.
789 1393 68 58 a.
823 1393 113 58 s.
902 1393 56 58 à
925 1393 68 58 M.
958 1393 68 58 de
992 1393 158 58 Vignolles;
1116 1393 124 58 (1822),
1207 1393 56 58 2
1218 1393 45 58 p.

372 1436 72 38 in-8.
420 1436 40 38 4
428 1436 24 38 »

556 1449 90 67 21535
616 1449 100 67 GAMBEY
686 1449 70 67 (H.
726 1449 110 67 Prud.),
807 1449 100 67 savant
877 1449 130 67 ingénieur
977 1449 150 67 mécanicien,
1098 1449 100 67 membre
1168 1449 60 67 de
1188 1449 80 67 l’Ins-

553 1506 91 42 titut.
617 1506 82 42 L.
671 1506 55 42 a.
699 1506 91 42 s.
762 1506 46 42 à
780 1506 55 42 M.
808 1506 109 42 Regnaud;
890 1506 82 42 Paris
944 1506 82 42 1838,
999 1506 46 42 1
1017 1506 55 42 p.
1045 1506 82 42 in-8.
1099 1506 82 42 Jolie
1154 1506 100 42 lettre.
1227 1506 46 42 2
1236 1506 27 42 »

554 1539 91 45 21536
614 1539 131 45 GARIBALDI
715 1539 111 45 (Jos.),
796 1539 60 45 le
826 1539 91 45 héros
886 1539 60 45 de
917 1539 181 45 l’indépendance
1068 1539 141 45 italienne.
1179 1539 81 45 L.
1229 1539 91 45 s.
1279 1539 71 45 comme

550 1574 169 36 commandant
683 1574 72 36 de
719 1574 72 36 la
755 1574 85 36 1re
804 1574 145 36 division
912 1574 72 36 de
948 1574 133 36 l’armée
1045 1574 145 36 romaine,
1154 1574 72 36 au
1190 1574 133 36 colonel
1275 1574 72 36 Ama-

579 1609 75 43 dei;
626 1609 85 43 Rome,
682 1609 47 43 7
701 1609 75 43 juin
748 1609 85 43 1849,
804 1609 66 43 3/4
842 1609 56 43 de
870 1609 56 43 p.
898 1609 85 43 in-4,
955 1609 75 43 tête
1002 1609 85 43 impr.
1058 1609 47 43 8
1068 1609 28 43 »

574 1648 158 49 Intéressante
703 1648 99 49 épître
772 1648 69 49 par
811 1648 119 49 laquelle
900 1648 59 49 il
930 1648 59 49 le
959 1648 79 49 prie
1009 1648 128 49 d’activer
1107 1648 69 49 les
1147 1648 109 49 travaux
1226 1648 59 49 de
1246 1648 49 49 dé-

371 1685 131 42 fense
459 1685 87 42 de
488 1685 102 42 Rome.

370 1710 117 55 21537
448 1710 157 55 GASSENDI
566 1710 170 55 (Pierre),
696 1710 78 55 le
735 1710 157 55 créateur
853 1710 78 55 de
892 1710 78 55 la
931 1710 196 55 philosophie
1088 1710 183 55 naturelle.
1232 1710 117 55 Pièce
1297 1710 52 55 de

373 1749 103 54 vers
438 1749 155 54 autogr.,
554 1749 77 54 en
593 1749 129 54 latin,
683 1749 103 54 sig.
748 1749 77 54 en
786 1749 116 54 tête,
864 1749 155 54 adressée
980 1749 65 54 à
1006 1749 142 54 Gabriel
1109 1749 129 54 Naudé,
1199 1749 65 54 1
1212 1749 52 54 p.

369 1789 84 43 in-4.
425 1789 56 43 14
443 1789 28 43 »

371 1815 120 52 21538
451 1815 160 52 GAUTHIER
571 1815 214 52 (Théophile),
744 1815 80 52 nn
784 1815 80 52 de
824 1815 93 52 nos
878 1815 174 52 meilleurs
1011 1815 174 52 écrivains
1131 1815 214 52 contemporains.

374 1860 80 44 L.
428 1860 54 44 a.
455 1860 98 44 s.
526 1860 63 44 1/2
562 1860 54 44 p.
589 1860 80 44 in-8.
642 1860 45 44 2
651 1860 27 44 »

373 1887 117 53 21539
451 1887 182 53 GAY-LUSSAC
594 1887 117 53 (Jos.
672 1887 143 53 Louis),
776 1887 78 53 un
815 1887 91 53 des
867 1887 104 53 plus
931 1887 143 53 savants
1035 1887 169 53 chimistes
1165 1887 78 53 de
1204 1887 78 53 ce
1230 1887 117 53 siècle,

368 1925 131 45 membre
460 1925 79 45 de
499 1925 196 45 l’Institut.
656 1925 183 45 Opinion
800 1925 79 45 de
839 1925 79 45 M.
879 1925 183 45 Gay-Lussac
1023 1925 92 45 sur
1075 1925 79 45 le
1114 1925 131 45 projet
1206 1925 79 45 de
1232 1925 118 45 lo

369 1967 181 34 tendant
511 1967 65 34 à
537 1967 155 34 réprimer
653 1967 77 34 la
692 1967 219 34 falsification
872 1967 90 34 des
924 1967 168 34 vins
1053 1967 155 34 discours
1169 1967 155 34 autogr.,
1273 1967 77 34 avec

370 1985 146 51 ratures
476 1985 79 51 et
515 1985 212 51 corrections,
688 1985 79 51 71
727 1985 79 51 p.
767 1985 93 51 1/2
820 1985 119 51 in-4.
900 1985 185 51 Très-belle
1045 1985 79 51 et
1085 1985 212 51 intéressante
1244 1985 106 51 pièce.

1263 2022 58 40 8
1275 2022 35 40 »

377 2056 121 47 21540
457 2056 148 47 GEORGEL
565 2056 175 47 (l’abbé),
700 2056 256 47 vicaire-général
915 2056 81 47 du
956 2056 162 47 cardinal
1077 2056 81 47 de
1117 2056 135 47 Rohan,
1211 2056 135 47 auteur
1292 2056 54 47 de

382 2089 207 49 Mémoires
555 2089 81 49 sur
601 2089 150 49 l’affaire
716 2089 69 49 du
751 2089 138 49 collier.
854 2089 104 49 L.
923 2089 69 49 a.
958 2089 115 49 s.
1038 2089 58 49 à
1061 2089 138 49 l’évêque
1165 2089 138 49 d’Arath;
1257 2089 92 49 Paris,

375 2135 71 43 29
411 2135 94 43 juin
469 2135 106 43 1779,
540 2135 59 43 1
564 2135 71 43 p.
599 2135 106 43 in-4.
669 2135 106 43 Belle
740 2135 129 43 lettre.
834 2135 59 43 4
846 2135 47 43 50

377 2161 114 48 21542
454 2161 140 48 GEORGES
555 2161 127 48 WEYMER
644 2161 140 48 (Mlle),
746 2161 76 48 la
784 2161 140 48 célèbre
886 2161 203 48 tragédienne.
1051 2161 114 48 L.
1127 2161 76 48 a.
1166 2161 127 48 s.
1242 2161 38 48 à

384 2201 87 49 Mme
433 2201 87 49 (V.
483 2201 125 49 Hugo);
571 2201 75 49 26
608 2201 112 49 juin,
683 2201 62 49 1
708 2201 75 49 p.
745 2201 87 49 pl.
795 2201 112 49 in-8.
870 2201 112 49 Jolie
944 2201 137 49 lettre.
1044 2201 62 49 3
1057 2201 37 49 »

372 2222 121 59 21543
452 2222 148 59 GERBIER
560 2222 94 59 (P.
614 2222 81 59 J.
654 2222 108 59 B.),
721 2222 81 59 un
762 2222 94 59 des
816 2222 108 59 plus
883 2222 135 59 grands
977 2222 162 59 orateurs
1098 2222 81 59 du
1139 2222 148 59 barreau
1246 2222 81 59 au
1273 2222 81 59 dix-

381 2255 155 60 huitième
497 2255 142 60 siècle.
601 2255 116 60 L.
678 2255 77 60 a.
717 2255 129 60 s.
807 2255 65 60 à
833 2255 77 60 M.
872 2255 155 60 Lambert,
988 2255 65 60 1
1014 2255 77 60 p.
1052 2255 116 60 in-8.
1130 2255 116 60 Jolie
1207 2255 129 60 pièce.
1297 2255 65 60 4
1310 2255 52 60 50

374 2305 106 55 21544
445 2305 141 55 GIRARDIN
550 2305 117 55 (Émile
632 2305 94 55 de),
691 2305 129 55 célèbre
785 2305 164 55 publiciste
914 2305 70 55 et
949 2305 129 55 député.
1042 2305 106 55 L.
1113 2305 70 55 a.
1148 2305 117 55 s.
1230 2305 59 55 à
1253 2305 70 55 V.
1277 2305 82 55 Hugo,

402 2346 54 54 1
424 2346 65 54 p.
456 2346 97 54 in-8.
521 2346 140 54 Curieuse.
629 2346 54 54 3
640 2346 32 54 »
