1912 2915
854 283 46 43 —
872 283 46 43 5
881 283 28 43 —

321 331 128 53 21499
406 331 298 53 COLLIN-HARLEVILLE
661 331 99 53 (J.
718 331 113 53 F.),
789 331 156 53 célèbre
902 331 128 53 poëte
987 331 85 53 et
1030 331 142 53 auteur
1129 331 213 53 dramatique,
1285 331 57 53 de

419 372 121 44 l’Acad.
507 372 77 44 fr.
551 372 99 44 L.
618 372 66 44 a.
651 372 121 44 s.
739 372 66 44 19
772 372 144 44 frimaire,
883 372 77 44 1/2
927 372 66 44 p.
960 372 99 44 in-4.
1026 372 99 44 Jolie
1092 372 121 44 lettre.
1181 372 55 44 5
1192 372 44 44 50

427 416 117 42 21500
505 416 117 42 COMTE
583 416 182 42 (Auguste),
726 416 143 42 célèbre
830 416 195 42 philosophe,
986 416 169 42 fondateur
1116 416 78 42 de
1155 416 78 42 la
1194 416 156 42 doctrine
1298 416 52 42 du

425 449 182 48 Positivisme.
579 449 58 48 L.
608 449 58 48 a.
637 449 106 48 s.
714 449 48 48 1
733 449 58 48 p.
762 449 96 48 in-12.
829 449 154 48 Rare
954 449 48 48 8
963 449 29 48 »

448 476 151 52 Curieuse
562 476 126 52 épître
650 476 114 52 ainsi
726 476 126 52 datée:
814 476 164 52 samedi
941 476 76 52 15
978 476 164 52 Descartes
1105 476 126 52 65
1193 476 88 52 (22
1244 476 101 52 oct.
1294 476 101 52 1853).

429 518 109 44 21501
502 518 145 44 CONSTANT
610 518 182 44 (Benjamin),
756 518 133 44 célèbre
852 518 169 44 publiciste
986 518 73 44 et
1022 518 133 44 député.
1119 518 109 44 L.
1191 518 73 44 a.
1228 518 121 44 s.
1312 518 61 44 à
1324 518 73 44 Jean

420 556 117 42 Debry;
502 556 105 42 1808,
572 556 58 42 1
595 556 70 42 p.
630 556 82 42 pl.
677 556 105 42 in-8.
747 556 58 42 2
758 556 47 42 25

421 591 114 42 21502
498 591 140 42 COURIER
599 591 216 42 (Paul-Louis),
777 591 127 42 savant
866 591 178 42 helléniste
1006 591 76 42 et
1045 591 140 42 célèbre
1146 591 191 42 publiciste,
1286 591 102 42 assas-

427 630 82 41 siné
478 630 62 41 en
509 630 92 41 1825.
571 630 92 41 L.
632 630 62 41 a.
663 630 103 41 s.
735 630 51 41 à
755 630 62 41 sa
786 630 113 41 cousine
868 630 82 41 (Mme
920 630 134 41 Pigalle);
1022 630 134 41 Barletta,
1125 630 62 41 29
1146 630 92 41 ventôse

418 662 62 49 an
449 662 94 49 XIII,
511 662 52 49 1
532 662 62 49 p.
563 662 73 49 1/4
605 662 94 49 in-4.
667 662 166 49 Rare
802 662 62 49 20
823 662 31 49 »

452 694 84 44 Il
494 694 84 44 ne
536 694 111 44 peut
605 694 125 44 venir
689 694 70 44 à
717 694 139 44 Paris.
814 694 125 44 Outre
898 694 97 44 que
953 694 97 44 son
1009 694 139 44 emploi
1107 694 84 44 le
1148 694 167 44 retient,
1274 694 84 44 la
1302 694 97 44 peste

419 729 84 45 et
461 729 98 45 les
517 729 168 45 brigands
643 729 154 45 rendent
754 729 98 45 les
810 729 140 45 routes
908 729 251 45 impraticables.
1118 729 98 45 «Je
1173 729 112 45 vous
1243 729 140 45 envoye
1327 729 70 45 mon

425 759 180 46 testament.
566 759 77 46 Il
605 759 90 46 est
656 759 103 46 fort
720 759 154 46 possible
836 759 90 46 que
887 759 77 46 je
925 759 128 46 vienne
1015 759 64 46 à
1041 759 128 46 crever
1131 759 103 46 d’un
1195 759 103 46 jour
1259 759 64 46 à
1272 759 128 46 l’autre.

419 791 154 51 Quoique
531 791 112 51 nous
601 791 84 51 ne
643 791 168 51 fassions
769 791 98 51 pas
825 791 84 51 ce
867 791 126 51 qu’on
952 791 154 51 appelle
1064 791 84 51 la
1106 791 154 51 guerre,
1218 791 84 51 je
1260 791 84 51 ne
1288 791 112 51 laisse

424 837 96 44 pas
479 837 137 44 d’être
575 837 137 44 exposé
671 837 110 44 tous
739 837 96 44 les
794 837 123 44 jours
876 837 68 44 à
904 837 123 44 mille
972 837 178 44 dangers...»

426 849 91 65 21503
487 849 91 65 COURT
548 849 61 65 DE
578 849 112 65 GÉBELIN
659 849 142 65 (Antoine),
771 849 61 65 le
802 849 102 65 savant
873 849 102 65 auteur
944 849 61 65 du
974 849 163 65 Monde
1096 849 173 65 primitif

431 901 103 46 L.
499 901 69 46 a.
534 901 115 46 s.
614 901 57 46 à
637 901 126 46 Mgr...;
728 901 115 46 Paris,
809 901 69 46 28
843 901 80 46 mai
889 901 103 46 1783,
958 901 57 46 4
981 901 69 46 p.
1015 901 103 46 in-4.
1084 901 57 46 7
1095 901 46 46 50

458 931 134 53 Superbe
555 931 134 53 lettre;
652 931 73 53 où
689 931 73 53 il
725 931 158 53 l’informe
847 931 109 53 qu’il
920 931 109 53 vient
993 931 122 53 d’être
1078 931 109 53 guéri
1151 931 122 53 par
1236 931 85 53 les
1272 931 134 53 soins

420 963 122 50 de
502 963 82 50 M.
543 963 136 50 Mesmer
638 963 82 50 et
679 963 95 50 par
733 963 95 50 son
788 963 109 50 seul
856 963 259 50 traitement
1073 963 82 50 Il
1114 963 95 50 lui
1169 963 150 50 demande
1278 963 122 50 aussi
1346 963 54 50 de

423 999 125 48 faire
507 999 195 48 intervenir
660 999 84 48 le
702 999 98 48 roi
758 999 112 48 pour
827 999 181 48 maintenir
967 999 84 48 la
1009 999 195 48 nomination
1162 999 112 48 d’un
1232 999 139 48 consul
1315 999 84 48 pro-

423 1030 151 53 testant
533 1030 110 53 dans
602 1030 83 53 la
644 1030 138 53 petite
740 1030 124 53 ville
823 1030 83 53 de
864 1030 138 53 Ganges
960 1030 124 53 (près
1043 1030 234 53 Montpellier),
1236 1030 165 53 arranger
1346 1030 55 53 le

425 1061 141 57 mariage
528 1061 77 57 de
566 1061 102 57 deux
630 1061 128 57 jeunes
719 1061 102 57 gens
783 1061 90 57 qui
834 1061 115 57 ont
911 1061 102 57 fait
975 1061 77 57 la
1013 1061 115 57 faute
1090 1061 153 57 qu’amour
1205 1061 102 57 fait
1256 1061 141 57 faire

420 1094 83 48 et
462 1094 69 48 à
489 1094 151 48 l’union
599 1094 165 48 légitime
723 1094 165 48 desquels
847 1094 193 48 s’opposent
999 1094 124 48 leurs
1081 1094 165 48 parents,
1205 1094 83 48 et
1247 1094 124 48 enfin
1315 1094 83 48 sou-

428 1127 129 45 tenir
514 1127 86 45 le
557 1127 129 45 Musée
643 1127 86 45 de
686 1127 129 45 Paris
773 1127 115 45 qui,
844 1127 129 45 faute
931 1127 187 45 d’argent,
1074 1127 101 45 est
1132 1127 101 45 sur
1189 1127 86 45 le
1233 1127 129 45 point
1319 1127 86 45 de
1348 1127 57 45 se

415 1170 158 42 disperser.

427 1177 93 72 21504
489 1177 103 72 COUSIN
561 1177 135 72 (Victor),
665 1177 114 72 célèbre
747 1177 145 72 philosophe
861 1177 62 72 et
892 1177 135 72 écrivain,
996 1177 62 72 de
1027 1177 114 72 l'Acad.
1110 1177 72 72 fr.
1151 1177 93 72 L.
1213 1177 62 72 a.
1234 1177 93 72 s.

454 1238 61 54 1
478 1238 73 54 p.
514 1238 109 54 in-8.
587 1238 145 54 Relative
696 1238 61 54 à
720 1238 85 54 son
769 1238 133 54 travail
866 1238 85 54 sur
914 1238 73 54 le
950 1238 97 54 Père
1011 1238 121 54 André.
1096 1238 61 54 3
1108 1238 36 54 »

434 1253 108 74 21505
506 1253 132 74 CUSTINE
602 1253 96 74 (Ad.
662 1253 108 74 Ph.),
734 1253 132 74 célèbre
830 1253 132 74 général
927 1253 72 74 en
963 1253 108 74 chef,
1035 1253 144 74 décapité
1143 1253 72 74 en
1179 1253 108 74 1793.
1251 1253 72 74 L.
1275 1253 48 74 s.

716 1302 54 59 au
743 1302 99 59 général
815 1302 108 59 Ferrand,
897 1302 126 59 commandant
996 1302 54 59 de
1023 1302 154 59 Valenciennes;
1149 1302 108 59 Cambrai,
1231 1302 54 59 11
1249 1302 72 59 juill.

436 1342 104 53 1793,
506 1342 81 53 1/2
552 1342 70 53 p.
587 1342 127 53 in-fol.
680 1342 197 53 Intéressante.
842 1342 58 53 3
854 1342 46 53 50

781 1352 73 75 21506
830 1352 89 75 CUSTINE
895 1352 57 75 (le
927 1352 57 75 mis
960 1352 49 75 A.
984 1352 65 75 de),
1025 1352 89 75 célèbre
1090 1352 98 75 voyageur
1163 1352 49 75 et
1187 1352 130 75 littérateur,
1293 1352 114 75 petit-fils
1374 1352 33 75 du

438 1415 147 50 précédent.
553 1415 94 50 L.
616 1415 63 50 a.
647 1415 105 50 s.
721 1415 52 50 à
742 1415 63 50 V.
773 1415 94 50 Hugo,
836 1415 52 50 1
857 1415 63 50 p.
888 1415 73 50 1/2
930 1415 94 50 in-8.
993 1415 94 50 Jolie
1056 1415 105 50 lettre
1130 1415 115 50 d’envoi
1203 1415 42 50 de

435 1444 71 52 ses
475 1444 81 52 deux
526 1444 121 52 derniers
617 1444 121 52 volumes.
698 1444 121 52 3iy

551 1460 104 77 21507
621 1460 115 77 DARTHÉ
701 1460 104 77 (Aug.
771 1460 127 77 Alex.),
863 1460 92 77 l’un
921 1460 81 77 des
967 1460 161 77 vainqueurs
1094 1460 69 77 de
1128 1460 69 77 la
1163 1460 150 77 Bastille,
1267 1460 138 77 accusateur

438 1520 80 51 public
494 1520 56 51 des
526 1520 104 51 tribunaux
606 1520 160 51 révolutionnaires
743 1520 88 51 d’Arras
807 1520 48 51 et
831 1520 48 51 de
855 1520 96 51 Cambrai,
927 1520 48 51 né
943 1520 24 51 à

950 1545 87 47 Saint-Pol
1017 1545 134 47 (Pas-de-Calais),
1131 1545 80 47 complice
1191 1545 40 47 de
1211 1545 67 47 Babeuf
1258 1545 40 47 et
1278 1545 80 47 décapité
1339 1545 54 47 avec
1366 1545 33 47 lui

952 1578 46 48 L.
982 1578 56 48 s.
1023 1578 51 48 écrite
1058 1578 30 48 et
1074 1578 41 48 sig.
1099 1578 35 48 par
1119 1578 86 48 Didier
1190 1578 41 48 sig.
1215 1578 46 48 aussi
1246 1578 35 48 par
1266 1578 106 48 Buonarrot
1357 1578 41 48 (ses
1378 1578 30 48 deux

968 1615 92 36 co-accusés
1041 1615 53 36 dans
1074 1615 85 36 l’affaire
1139 1615 39 36 de
1159 1615 79 36 Babeuf),
1218 1615 46 36 aux
1244 1615 125 36 administrateurs
1349 1615 39 36 du
1362 1615 53 36 bureau

954 1649 48 44 central
988 1649 26 44 de
1002 1649 44 44 Paris;
1032 1649 35 44 tour
1054 1649 26 44 du
1067 1649 48 44 Temple,
1102 1649 26 44 28
1115 1649 52 44 messidor
1154 1649 26 44 an
1167 1649 30 44 IV,
1184 1649 22 44 1
1193 1649 26 44 p.
1202 1649 39 44 in

447 1692 75 51 Rare
508 1692 28 51 10
518 1692 14 51 »

706 1705 101 67 Remis
773 1705 67 67 au
807 1705 123 67 secret,
897 1705 112 67 malgré
975 1705 123 67 l’ordre
1065 1705 67 67 du
1099 1705 101 67 jury,
1166 1705 79 67 ils
1211 1705 157 67 demandent,
1334 1705 67 67 au
1357 1705 56 67 nom

431 1751 86 53 de
474 1751 86 53 la
517 1751 115 53 loi,
589 1751 101 53 que
646 1751 129 53 cette
733 1751 144 53 mesure
833 1751 115 53 soit
905 1751 173 53 révoquée
1020 1751 230 53 immédiatement.

437 1787 101 57 21508
504 1787 179 57 DARTIGOEYTE,
650 1787 112 57 député
728 1787 78 57 des
773 1787 112 57 Landes
852 1787 56 57 à
874 1787 67 57 la
908 1787 168 57 Convention,
1042 1787 101 57 connu
1109 1787 78 57 par
1143 1787 56 57 ses

440 1826 168 53 missions
566 1826 112 53 dans
636 1826 98 53 les
693 1826 224 53 départements
875 1826 84 53 de
917 1826 84 53 la
959 1826 168 53 Gironde,
1085 1826 84 53 du
1127 1826 112 53 Gers
1198 1826 84 53 et
1240 1826 98 53 des
1282 1826 126 53 Hautes-

433 1864 177 45 Pyrénées.
570 1864 136 45 Arrêté
665 1864 109 45 aut.
733 1864 109 45 sig.
801 1864 82 45 du
842 1864 136 45 Comité
937 1864 82 45 de
978 1864 136 45 sûreté
1074 1864 177 45 générale,
1210 1864 109 45 sig.
1278 1864 123 45 aussi
1346 1864 68 45 par

442 1894 155 50 Bernard,
566 1894 155 50 Ingrand
689 1894 62 50 et
720 1894 196 50 Michaud;
885 1894 62 50 17
916 1894 83 50 août
968 1894 93 50 1793,
1030 1894 52 50 1
1051 1894 62 50 p.
1082 1894 93 50 in-4,
1143 1894 83 50 tête
1185 1894 72 50 impr.

444 1942 55 50 et
471 1942 100 50 cachet.
544 1942 46 50 6
553 1942 37 50 50

463 1946 140 69 Ordre
557 1946 93 69 de
603 1946 187 69 conduire
743 1946 249 69 sur-le-champ
946 1946 78 69 à
977 1946 187 69 l’Abbaye
1117 1946 93 69 le
1163 1946 140 69 nommé
1241 1946 171 69 Yioungre,

434 1993 151 53 d’abord
544 1993 179 53 déserteur
682 1993 206 53 autrichien,
847 1993 83 53 et
888 1993 96 53 qui
943 1993 151 53 ensuite
1053 1993 83 53 «a
1095 1993 151 53 déserté
1205 1993 83 53 de
1246 1993 138 53 France
1328 1993 83 53 lors

437 2033 85 53 de
479 2033 228 53 l’évacuation
664 2033 85 53 de
707 2033 85 53 la
735 2033 171 53 Belgique.»

440 2064 117 62 21509
518 2064 169 62 DELACROIX
648 2064 169 62 (Eugène),
777 2064 156 62 illustre
894 2064 143 62 peintre
998 2064 195 62 d’histoire,
1154 2064 104 62 chef
1218 2064 78 62 de
1257 2064 143 62 l’école
1348 2064 65 62 ro-

448 2105 122 45 mantique,
541 2105 94 45 membre
607 2105 56 45 de
635 2105 141 45 l’Institut.
748 2105 84 45 L.
804 2105 56 45 a.
832 2105 103 45 s.
908 2105 84 45 1859,
964 2105 47 45 1
983 2105 56 45 p.
1011 2105 66 45 1/4
1048 2105 84 45 in-8.
1095 2105 66 45 Jolie

455 2149 68 42 pièce.
503 2149 34 42 3
510 2149 20 42 »

443 2160 124 64 21510
526 2160 151 64 DELISLE
635 2160 82 64 DE
677 2160 124 64 SALES
759 2160 96 64 (J.
814 2160 82 64 B.
855 2160 96 64 Cl.
910 2160 151 64 IsoARD,
1020 2160 124 64 dit),
1102 2160 137 64 fécond
1198 2160 165 64 écrivain
1308 2160 110 64 philo-

438 2201 128 60 sophe,
528 2201 128 60 membre
618 2201 77 60 de
656 2201 192 60 l’Institut.
810 2201 115 60 L.
887 2201 77 60 a.
926 2201 128 60 s.
1015 2201 64 60 à
1041 2201 141 60 Mgr...,
1144 2201 103 60 avec
1208 2201 77 60 un
1234 2201 192 60 post

438 2235 80 53 de
478 2235 67 53 9
504 2235 106 53 lig.
571 2235 106 53 aut.
637 2235 106 53 sig.
704 2235 253 53 d'Assomption
917 2235 80 53 de
956 2235 186 53 Badia
1103 2235 80 53 sa
1143 2235 133 53 femme;
1236 2235 80 53 23
1276 2235 106 53 mars
1329 2235 93 53 1815,

472 2280 49 55 1
492 2280 59 55 p.
521 2280 68 55 1/2
560 2280 107 55 in-fol.
638 2280 49 55 4
648 2280 29 55 »

471 2292 153 66 Superbe
582 2292 139 66 lettre
680 2292 97 66 sur
735 2292 83 66 le
777 2292 139 66 retour
874 2292 83 66 en
916 2292 139 66 France
1013 2292 83 66 du
1055 2292 167 66 ministre
1180 2292 139 66 auquel
1277 2292 83 66 il
1305 2292 111 66 écrit:

443 2336 127 61 «J’en
528 2336 127 61 jure,
612 2336 99 61 lui
669 2336 155 61 dit-il,
782 2336 99 61 par
838 2336 127 61 votre
923 2336 169 61 courage:
1050 2336 113 61 vous
1121 2336 184 61 réparerés
1262 2336 99 61 les
1304 2336 113 61 ruines
