1912 2915
1042 286 94 62 —
1080 286 94 62 6
1099 286 56 62 —

629 343 82 58 de
670 343 204 58 l’Institut:
833 343 109 58 vous
902 343 95 58 lui
956 343 150 58 rendrés
1065 343 95 58 ses
1119 343 163 58 classes,
1242 343 95 58 ses
1296 343 150 58 membres
1405 343 95 58 que
1459 343 82 58 le
1487 343 122 58 caprice

626 394 77 41 a
641 394 201 41 décimés...»

632 428 100 49 21511
699 428 145 49 DESCHAMPS
810 428 134 49 (Émile),
910 428 100 49 poëte
977 428 67 49 et
1011 428 156 49 traducteur
1133 428 156 49 distingué.
1256 428 111 49 Une
1334 428 156 49 ruine
1445 428 78 49 pièce

634 467 75 40 de
671 467 100 40 vers
733 467 100 40 aut.
796 467 112 40 sig.,
871 467 62 40 1
896 467 75 40 p.
933 467 100 40 in-4
995 467 137 40 oblong.
1095 467 175 40 Très-jolie
1232 467 112 40 pièce
1307 467 150 40 d’album.
1420 467 62 40 3
1432 467 50 40 75

633 501 99 51 21512
699 501 143 51 DESCHAMPS
808 501 143 51 (Antoni),
918 501 99 51 poëte
984 501 153 51 distingué,
1104 501 99 51 frère
1170 501 66 51 du
1203 501 153 51 précédent.
1324 501 99 51 La
1378 501 132 51 Grèce

629 540 94 52 à
688 540 117 52 Gérard
770 540 70 52 de
805 540 176 52 Nerval
946 540 106 52 pièce
1017 540 70 52 de
1052 540 94 52 vers
1111 540 94 52 aut.
1169 540 106 52 sig.,
1240 540 59 52 1
1263 540 70 52 p.
1298 540 82 52 3/4
1345 540 106 52 in-8.
1416 540 59 52 »
1439 540 59 52 2
1451 540 47 52 50

639 572 96 49 21513
704 572 139 49 DONIZETTI
811 572 139 49 (Gaëtan),
918 572 118 49 célèbre
1004 572 161 49 compositeur
1132 572 64 49 de
1165 572 118 49 musique
1250 572 129 49 italien.
1347 572 96 49 L.
1411 572 64 49 a.
1433 572 96 49 s.

632 612 77 44 en
671 612 168 44 français,
800 612 65 44 à
826 612 77 44 M.
864 612 155 44 Leborne,
981 612 65 44 1
1007 612 77 44 p.
1045 612 90 44 pl.
1097 612 116 44 in-8.
1174 612 65 44 8
1187 612 39 44 »

660 644 127 43 Jolie
744 644 141 43 lettre
843 644 183 43 contenant
984 644 99 43 des
1040 644 127 43 notes
1125 644 85 43 de
1153 644 141 43 musique.

628 680 103 60 21514
696 680 114 60 DORVAL
776 680 137 60 (Marie),
879 680 69 60 la
913 680 126 60 célèbre
1005 680 183 60 tragédienne.
1153 680 103 60 L.
1222 680 69 60 a.
1256 680 114 60 s.
1336 680 69 60 (à
1371 680 69 60 V.
1405 680 114 60 Hugo),
1485 680 57 60 1
1496 680 46 60 p.

638 713 68 44 1/4
677 713 87 44 in-8.
735 713 48 44 4
745 713 29 44 »

659 752 190 45 Très-jolie
809 752 150 45 lettre,
918 752 82 45 où
959 752 109 45 elle
1027 752 82 45 le
1067 752 109 45 prie
1136 752 82 45 de
1176 752 122 45 venir
1258 752 122 45 dîner
1340 752 109 45 chez
1408 752 109 45 elle
1462 752 136 45 mercredi

637 790 96 37 our
692 790 82 37 où
733 790 110 37 elle
802 790 110 37 doit
870 790 123 37 avoir
952 790 82 37 M.
994 790 151 37 Granier
1103 790 82 37 de
1131 790 164 37 Cassagnac.

635 826 87 46 21515
693 826 106 46 DUBARRY
770 826 106 46 (Jeanne
847 826 144 46 VAUBERNIER,
963 826 135 46 comtesse),
1069 826 106 46 célèbre
1146 826 125 46 maîtresse
1232 826 39 46 de

625 860 123 52 Louis
707 860 96 52 XV,
762 860 177 52 décapitée
898 860 82 52 en
939 860 123 52 1794.
1021 860 136 52 Billet
1117 860 109 52 aut.
1185 860 109 52 sig.
1253 860 68 52 à
1280 860 150 52 l’ordre
1389 860 82 52 de
1430 860 109 52 Mlle
1485 860 109 52 Bertin

624 893 88 52 la
668 893 161 52 célèbre
785 893 190 52 marchande
931 893 88 52 de
975 893 146 52 modes,
1078 893 88 52 et
1122 893 175 52 acquitté
1253 893 102 52 par
1312 893 132 52 elle;
1385 893 219 52 Louveciennes,

635 922 63 50 19
666 922 83 50 août
718 922 94 50 1788,
781 922 73 50 1/2
822 922 63 50 p.
854 922 94 50 in-4.
916 922 167 50 Rare
1052 922 63 50 16
1073 922 31 50 »

624 957 123 51 21516
706 957 232 51 DUGUAY-TROUIN
897 957 150 51 (René),
1006 957 163 51 illustre
1128 957 123 51 marin
1210 957 82 51 du
1251 957 136 51 siècle
1346 957 82 51 de
1387 957 123 51 Louis
1469 957 109 51 XIV,
1537 957 82 51 né
1564 957 41 51 à

626 997 188 47 Saint-Malo.
777 997 113 47 L.
852 997 75 47 a.
890 997 138 47 s.
991 997 126 47 Brest,
1079 997 75 47 12
1116 997 113 47 janv.
1192 997 113 47 1713,
1267 997 63 47 4
1292 997 75 47 p.
1330 997 88 47 pl.
1380 997 113 47 in-4.
1443 997 163 47 Très

629 1032 157 49 déchirure
750 1032 96 49 dans
810 1032 133 49 l’angle
906 1032 169 49 inférieur,
1039 1032 145 49 enlevant
1147 1032 72 49 un
1184 1032 96 49 mot.
1244 1032 109 49 Belle
1316 1032 72 49 et
1352 1032 96 49 rare
1401 1032 109 49 lettre.

1500 1073 71 38 45
1524 1073 35 38 »

629 1089 120 66 21517
709 1089 174 66 DUMANIANT
843 1089 120 66 (Ant.
923 1089 80 66 J.
963 1089 161 66 BOURLIN,
1083 1089 120 66 dit),
1164 1089 147 66 acteur,
1271 1089 134 66 fécond
1364 1089 134 66 auteur
1445 1089 161 66 dramatique

624 1138 74 49 et
661 1138 173 49 romancier.
797 1138 111 49 L.
871 1138 74 49 a.
908 1138 124 49 s.
995 1138 62 49 à
1020 1138 74 49 M.
1057 1138 149 49 Raymond;
1168 1138 161 49 Clermont,
1292 1138 74 49 21
1329 1138 99 49 nov.
1391 1138 111 49 1821,
1465 1138 62 49 1
1478 1138 50 49 p.

625 1167 83 44 3/4
673 1167 107 44 in-4.
744 1167 166 44 Très-belle
874 1167 71 44 et
909 1167 189 44 intéressante
1063 1167 130 44 lettre.
1158 1167 59 44 3
1170 1167 47 44 50

626 1196 100 65 21518
693 1196 100 65 DUMAS
760 1196 123 65 (Alex.)
849 1196 100 65 père,
916 1196 67 65 le
950 1196 123 65 célèbre
1039 1196 156 65 romancier.
1162 1196 100 65 L.
1229 1196 67 65 a.
1262 1196 112 65 s.
1340 1196 56 65 à
1363 1196 67 65 V.
1396 1196 100 65 Hugo,
1463 1196 56 65 1
1474 1196 45 65 p.

638 1238 58 43 in-8.
676 1238 32 43 3
682 1238 26 43 50

657 1269 116 61 Jolie
735 1269 142 61 lettre,
838 1269 77 61 où
876 1269 77 61 il
915 1269 155 61 l’invite
1031 1269 65 61 à
1057 1269 116 61 venir
1135 1269 129 61 passer
1225 1269 103 61 avec
1289 1269 90 61 lui
1341 1269 77 61 la
1380 1269 142 61 journée
1483 1269 77 61 de
1509 1269 90 61 lundi

621 1306 74 52 à
651 1306 268 52 Saint-Germain.
874 1306 89 52 Le
919 1306 149 52 prince
1023 1306 179 52 Napoléon
1157 1306 74 52 y
1186 1306 134 52 sera.
1276 1306 104 52 «Il
1335 1306 149 52 serait
1439 1306 164 52 heureux
1543 1306 60 52 de

628 1346 112 44 vous
698 1346 112 44 voir
768 1346 84 44 et
810 1346 98 44 moi
866 1346 84 44 de
908 1346 112 44 vous
979 1346 182 44 présenter
1119 1346 70 44 à
1133 1346 98 44 lui.»

626 1369 103 63 21519
694 1369 69 63 LE
729 1369 103 63 MÊME.
798 1369 161 63 Ballade
924 1369 138 63 (Édithe,
1027 1369 92 63 acte
1084 1369 138 63 Il)
1188 1369 103 63 pièce
1256 1369 69 63 de
1291 1369 92 63 vers
1348 1369 69 63 a.
1383 1369 69 63 s.
1417 1369 69 63 de
1451 1369 57 63 6
1463 1369 126 63 strophes.

627 1415 60 52 1
651 1415 72 52 p.
687 1415 96 52 in-4
747 1415 132 52 oblong.
843 1415 168 52 Très-jolie
976 1415 108 52 pièce
1048 1415 144 52 d’album.
1156 1415 60 52 6
1168 1415 36 52 »

625 1450 107 66 21520
696 1450 118 66 DUMONT
779 1450 130 66 (Aug.),
874 1450 118 66 habile
957 1450 166 66 statuaire,
1087 1450 118 66 membre
1170 1450 71 66 de
1205 1450 178 66 l’Institut.
1347 1450 107 66 L.
1418 1450 71 66 a.
1454 1450 130 66 s.
1537 1450 59 66 3/4

628 1486 58 43 de
657 1486 58 43 p.
686 1486 87 43 in-8.
744 1486 48 43 1
754 1486 39 43 50

621 1515 132 56 21521
709 1515 146 56 DUPONT
811 1515 88 56 DE
855 1515 161 56 NEMOURS
972 1515 102 56 (P.
1031 1515 146 56 Sam.),
1133 1515 161 56 célèbre
1250 1515 219 56 économiste,
1426 1515 102 56 ami
1484 1515 88 56 de
1513 1515 88 56 Tur-

629 1563 88 47 got,
684 1563 177 47 constituant,
828 1563 110 47 membre
905 1563 66 47 de
938 1563 166 47 l’Institut.
1071 1563 99 47 L.
1137 1563 66 47 a.
1170 1563 110 47 s.
1247 1563 55 47 à
1269 1563 132 47 Pougens;
1369 1563 66 47 27
1391 1563 88 47 juill.

619 1590 103 54 1814,
687 1590 57 54 3
710 1590 69 54 p.
745 1590 80 54 pl.
791 1590 103 54 in-4.
860 1590 57 54 4
871 1590 46 54 50

650 1617 178 58 Curieuse
784 1617 148 58 épître
887 1617 104 58 sur
947 1617 89 58 la
991 1617 163 58 demande
1110 1617 133 58 faite
1199 1617 104 58 par
1258 1617 163 58 Pougens
1377 1617 89 58 de
1421 1617 89 58 la
1466 1617 133 58 croix
1540 1617 59 58 de

620 1664 151 49 l’ordre
730 1664 82 49 de
771 1664 137 49 Malte.
867 1664 69 49 —
895 1664 192 49 Talleyrand
1046 1664 69 49 a
1073 1664 137 49 refusé
1169 1664 82 49 de
1211 1664 137 49 signer
1307 1664 96 49 une
1362 1664 137 49 lettre
1458 1664 82 49 au
1485 1664 110 49 bailli

616 1697 83 49 de
658 1697 167 49 Ferrette
783 1697 97 49 sur
838 1697 83 49 ce
880 1697 139 49 sujet,
977 1697 125 49 parce
1061 1697 111 49 que,
1130 1697 139 49 a-t-il
1228 1697 111 49 dit,
1297 1697 97 49 «le
1353 1697 167 49 ministre
1478 1697 97 49 des
1520 1697 69 49 af-

621 1731 142 56 faires
720 1731 198 56 étrangères
876 1731 85 56 de
918 1731 142 56 France
1017 1731 85 56 ne
1060 1731 113 56 sait
1131 1731 113 56 pas,
1201 1731 85 56 ne
1244 1731 113 56 peut
1315 1731 99 56 pas
1371 1731 156 56 savoir,
1485 1731 85 56 ne
1513 1731 85 56 doit

618 1763 94 50 pas
671 1763 134 50 savoir
765 1763 107 50 s’il
833 1763 67 50 y
859 1763 67 50 a
886 1763 81 50 un
927 1763 121 50 ordre
1007 1763 81 50 de
1048 1763 121 50 Malte
1128 1763 81 50 ou
1168 1763 107 50 s’il
1236 1763 94 50 n’y
1289 1763 81 50 en
1330 1763 67 50 a
1343 1763 121 50 point.»

616 1793 114 54 21522
692 1793 127 54 DUPUCH
781 1793 114 54 (Ant.
858 1793 114 54 Ad.),
934 1793 140 54 premier
1035 1793 127 54 évêque
1124 1793 152 54 d’Alger.
1238 1793 114 54 L.
1315 1793 76 54 a.
1353 1793 140 54 s.
1454 1793 114 54 1846,
1531 1793 63 54 1
1543 1793 51 54 p.

620 1829 64 42 in-8.
663 1829 36 42 2
670 1829 21 42 »

619 1870 113 57 21513
695 1870 126 57 DUPUIS
783 1870 101 57 (Ch.
846 1870 113 57 Fr.),
921 1870 227 57 conventionnel,
1110 1870 126 57 auteur
1198 1870 76 57 de
1236 1870 201 57 l'Origine
1400 1870 76 57 de
1437 1870 101 57 tous
1488 1870 113 57 les

620 1908 188 55 culles
776 1908 104 55 membre
849 1908 63 55 de
881 1908 157 55 l’Institut.
1006 1908 94 55 P.
1069 1908 63 55 a.
1100 1908 115 55 s.
1184 1908 94 55 Lyon,
1246 1908 63 55 22
1278 1908 125 55 prairial
1372 1908 63 55 an
1403 1908 84 55 III,
1466 1908 52 55 1
1476 1908 42 55 p.

616 1938 133 49 in-fol.,
716 1938 89 49 vig.
771 1938 67 49 et
805 1938 89 49 tête
860 1938 100 49 impr.
927 1938 55 49 7
938 1938 33 49 »

640 1972 124 52 Pièce
723 1972 220 52 intéressante
902 1972 96 52 sur
957 1972 96 52 les
1012 1972 138 52 moyens
1109 1972 83 52 de
1150 1972 165 52 propager
1274 1972 234 52 l’instruction
1467 1972 110 52 dans
1522 1972 69 52 les

618 2015 175 49 ocalités
750 2015 88 49 du
794 2015 219 49 département
969 2015 88 49 du
998 2015 117 49 Rhône.

980 2039 78 68 21524
1032 2039 95 68 DUSAULX
1101 2039 95 68 (Jean),
1171 2039 95 68 érudit.
1240 2039 121 68 traducteur
1335 2039 52 68 de
1361 2039 104 68 Juvénal,
1439 2039 87 68 député
1499 2039 43 68 à
1517 2039 52 68 la
1534 2039 52 68 Con-

612 2086 161 61 vention
729 2086 88 61 et
773 2086 88 61 au
817 2086 161 61 Conseil
934 2086 102 61 des
992 2086 175 61 anciens,
1124 2086 146 61 membre
1226 2086 88 61 de
1270 2086 161 61 l’Acad.
1387 2086 102 61 des
1431 2086 146 61 inscript

618 2117 101 54 L.
685 2117 67 54 a.
719 2117 112 54 s.
797 2117 67 54 au
831 2117 146 54 ministre;
943 2117 112 54 Paris,
1021 2117 56 54 8
1044 2117 135 54 germinal
1145 2117 67 54 an
1178 2117 78 54 IV,
1223 2117 56 54 1
1246 2117 67 54 p.
1279 2117 123 54 in-fol.
1369 2117 56 54 4
1380 2117 45 54 50

1164 2152 110 63 Intéressante
1253 2152 75 63 épître,
1308 2152 41 63 où
1329 2152 41 63 il
1349 2152 75 63 demande
1404 2152 62 63 qu’on
1445 2152 75 63 exempte
1500 2152 48 63 son
1527 2152 62 63 neveu
1562 2152 27 63 du

616 2201 148 45 service
723 2201 189 45 militaire.
871 2201 94 45 «Je
925 2201 108 45 suis
993 2201 135 45 vieux,
1087 2201 148 45 dit-il,
1195 2201 108 45 j’ai
1262 2201 108 45 tout
1329 2201 175 45 sacrifié,
1464 2201 121 45 comme
1531 2201 54 45 on

1183 2232 35 45 le
1201 2232 53 45 sait,
1236 2232 29 45 à
1248 2232 35 45 la
1265 2232 88 45 Révolution,
1336 2232 53 45 corps
1371 2232 35 45 et
1389 2232 59 45 biens.
1430 2232 41 45 Que
1454 2232 35 45 la
1471 2232 82 45 République
1530 2232 59 45 triomphe

607 2266 83 53 et
649 2266 83 53 je
691 2266 153 53 mourrai
802 2266 167 53 content;
927 2266 111 53 mais
997 2266 125 53 quand
1080 2266 83 53 je
1122 2266 111 53 l’ai
1191 2266 83 53 si
1233 2266 111 53 bien
1303 2266 139 53 servie
1400 2266 83 53 me
1428 2266 153 53 refusera-

605 2287 111 46 t-on
674 2287 83 46 de
716 2287 152 46 laisser
827 2287 83 46 en
868 2287 125 46 place
951 2287 97 46 mon
1006 2287 125 46 petit
1089 2287 125 46 neveu
1172 2287 97 46 que
1228 2287 111 46 j’ai
1283 2287 166 46 élevé?...»

608 2326 116 64 21525
685 2326 154 64 DUTILLET
801 2326 141 64 (Jean),
903 2326 116 64 sieur
981 2326 77 64 de
1019 2326 77 64 La
1058 2326 167 64 Bussière,
1186 2326 154 64 greffier
1302 2326 116 64 civil
1379 2326 77 64 du
1417 2326 167 64 Parlement
1533 2326 51 64 de

601 2369 136 61 Paris,
697 2369 82 61 un
738 2369 95 61 des
792 2369 191 61 historiens
942 2369 82 61 et
983 2369 95 61 des
1037 2369 150 61 érudits
1146 2369 95 61 les
1201 2369 109 61 plus
1269 2369 191 61 distingués
1419 2369 82 61 du
1446 2369 136 61 seizième
