1912 2915
810 340 76 74 —
840 340 91 74 13
871 340 46 74 —

792 399 70 71 21620
839 399 93 71 PRUD’HON
909 399 54 71 (P.
940 399 62 71 P.),
978 399 93 71 illustre
1056 399 85 71 peintre
1118 399 116 71 d’histoire,
1211 399 78 71 membre
1266 399 47 71 de
1281 399 101 71 l’Institut.

799 444 70 55 L.
846 444 47 55 a.
870 444 78 55 s.
924 444 39 55 à
940 444 94 55 Frochot;
1010 444 78 55 Paris,
1065 444 47 55 14
1089 444 63 55 mars
1128 444 70 55 1809,
1175 444 55 55 1/2
1206 444 47 55 p.
1230 444 70 55 in-4.
1276 444 70 55 Jolie
1323 444 47 55 et
1339 444 47 55 rare

421 502 76 41 pièce.
475 502 46 41 15
490 502 23 41 »

808 525 31 49 21621
828 525 34 49 RABAUT
852 525 58 49 SAINT-ETIENNE
900 525 20 49 J.
910 525 27 49 P.),
927 525 38 49 célèbre
954 525 61 49 conventionnel,
1002 525 34 49 décapité

795 555 44 56 en
817 555 67 56 1794.
861 555 59 56 Reçu
898 555 67 56 sig.;
943 555 74 56 Paris,
994 555 44 56 23
1017 555 59 56 mars
1054 555 67 56 1793,
1098 555 37 56 1
1113 555 44 56 p.
1135 555 59 56 in-8
1172 555 81 56 oblong.
1231 555 37 56 2
1239 555 22 56 »

406 591 136 60 21622
497 591 227 60 RAMBOUILLET
678 591 212 60 (Catherine
845 591 91 60 de
890 591 303 60 VIVONNE-SAVELLE,
1147 591 121 60 mise
1223 591 121 60 de),
1283 591 106 60 femme

408 623 134 61 connue
501 623 94 61 par
555 623 94 61 son
609 623 147 61 esprit,
716 623 80 61 et
756 623 107 61 dont
823 623 147 61 l’hôtel
930 623 94 61 est
984 623 121 61 resté
1064 623 147 61 célèbre
1172 623 107 61 dans
1225 623 161 61 l’histoire

406 655 84 55 des
454 655 132 55 cercles
550 655 192 55 littéraires.
705 655 96 55 Acte
765 655 132 55 notarié
861 655 108 55 sig.;
933 655 72 55 15
969 655 132 55 octobre
1064 655 108 55 1652,
1136 655 60 55 1
1160 655 72 55 p.
1184 655 60 55 1/2

413 709 80 51 in-fol.
471 709 36 51 3
478 709 29 51 50

441 726 122 58 Elle
517 726 167 58 déclare
639 726 183 58 renoncer
775 726 76 58 à
806 726 91 58 la
851 726 213 58 communauté
1019 726 91 58 de
1064 726 137 58 biens
1156 726 106 58 qui
1216 726 76 58 a
1247 726 106 58 été
1293 726 106 58 entre

407 760 112 58 elle
477 760 84 58 et
519 760 98 58 feu
575 760 98 58 son
631 760 112 58 mari
701 760 84 58 le
743 760 154 58 marquis
855 760 84 58 de
897 760 210 58 Rambouillet
1066 760 84 58 et
1108 760 84 58 se
1150 760 140 58 borner
1248 760 98 58 aux
1290 760 98 58 avan-

410 803 131 52 tages
497 803 87 52 de
540 803 102 52 son
598 803 160 52 contrat
714 803 87 52 de
743 803 145 52 mariage.

420 826 103 62 21623
488 826 137 62 RAUCOURT
591 826 126 62 (Mlle),
682 826 126 62 célèbre
773 826 126 62 actrice
865 826 68 62 du
899 826 240 62 Théâtre-Français.
1104 826 103 62 L.
1173 826 126 62 a.
1264 826 57 62 à
1275 826 46 62 la

420 871 72 53 3e
456 871 157 53 personne,
577 871 84 53 1/2
625 871 72 53 p.
661 871 108 53 in-8.
733 871 108 53 Jolie
805 871 120 53 pièce.
890 871 60 53 2
902 871 48 53 50

417 890 124 72 21624
500 890 152 72 REINAUD
611 890 97 72 (J.
666 890 111 72 T.),
735 890 83 72 un
776 890 83 72 de
818 890 97 72 nos
873 890 111 72 plus
942 890 152 72 savants
1053 890 249 72 orientalistes,
1260 890 138 72 membre
1343 890 55 72 de

416 931 179 62 l’Institut.
559 931 107 62 L.
631 931 71 62 a.
666 931 131 62 s.
762 931 107 62 1842,
833 931 60 62 2
857 931 71 62 p.
893 931 107 62 in-8.
964 931 191 62 Intéressante
1119 931 119 62 lettre
1202 931 71 62 où
1238 931 71 62 il
1274 931 107 62 parle
1333 931 60 62 des

424 991 104 41 Arabes.
499 991 47 41 2
509 991 28 41 »

425 996 112 67 21625
499 996 112 67 RENAN
574 996 162 67 (Ernest),
698 996 149 67 l’auteur
810 996 75 67 de
847 996 75 67 la
884 996 124 67 Vie
971 996 75 67 de
1009 996 162 67 Jésus
1133 996 124 67 membre
1220 996 75 67 de
1245 996 149 67 l’Institut

426 1041 90 59 L.
486 1041 60 59 a.
516 1041 110 59 s.
595 1041 50 59 1
615 1041 60 59 p.
645 1041 70 59 pl.
685 1041 90 59 in-8.
745 1041 90 59 Jolie
804 1041 100 59 pièce.
874 1041 50 59 4
884 1041 40 59 50

429 1080 61 67 21626
470 1080 68 67 RENIER
517 1080 74 67 (Léon),
571 1080 41 67 un
592 1080 41 67 de
612 1080 47 67 nos
639 1080 54 67 plus
673 1080 74 67 savants
727 1080 122 67 épigraphistes,
828 1080 68 67 membre
869 1080 27 67 de

435 1119 142 60 l’Institut.
548 1119 85 60 L.
604 1119 57 60 a.
633 1119 104 60 s.
708 1119 66 60 1/2
746 1119 57 60 p.
774 1119 85 60 in-8.
831 1119 47 60 1
840 1119 38 60 50

893 1128 67 64 21627
937 1128 163 64 REVELLIERE-LEPEAUX
1078 1128 52 64 (J.
1107 1128 59 64 M.),
1144 1128 126 64 conventionnel
1248 1128 44 64 et
1270 1128 104 64 directeur,
1352 1128 44 64 le
1367 1128 44 64 pape

425 1176 89 69 des
476 1176 281 69 Théophilanthropes.
719 1176 115 69 L.
796 1176 77 69 a.
834 1176 128 69 s.
923 1176 64 69 à
949 1176 166 69 Saliceti,
1077 1176 192 69 commissaire
1230 1176 77 69 du
1256 1176 153 69 Directoire

442 1205 93 72 rès
495 1205 147 72 l’armée
602 1205 173 72 d’Italie;
735 1205 133 72 Paris,
828 1205 80 72 27
868 1205 147 72 floréal
975 1205 80 72 an
1015 1205 93 72 IV,
1068 1205 67 72 2
1095 1205 80 72 p.
1135 1205 93 72 pl.
1188 1205 160 72 in-fol.,
1308 1205 107 72 vig.
1362 1205 53 72 et

435 1265 77 55 tête
483 1265 77 55 imp.
531 1265 57 55 10
550 1265 29 55 »

929 1262 79 66 Superbe
986 1262 72 66 lettre
1037 1262 43 66 où
1058 1262 43 66 il
1080 1262 65 66 parle
1123 1262 43 66 de
1145 1262 43 66 la
1166 1262 115 66 conspiration
1260 1262 43 66 de
1281 1262 79 66 Babeuf.
1339 1262 43 66 Le
1353 1262 58 66 Direc-

432 1313 130 67 toire
518 1313 145 67 envoie
620 1313 87 67 en
663 1313 145 67 Italie
764 1313 101 67 des
822 1313 159 67 savants
938 1313 116 67 pour
1010 1313 188 67 rapporter
1155 1313 87 67 en
1198 1313 145 67 France
1299 1313 101 67 des
1343 1313 72 67 ta-

431 1343 162 68 bleaux,
549 1343 147 68 objets
652 1343 147 68 d’art,
754 1343 206 68 manuscrits
916 1343 117 68 etc.
989 1343 162 68 Thouin,
1107 1343 88 68 La
1151 1343 235 68 Billardière,
1327 1343 88 68 Ber-

434 1377 158 72 thollet
549 1377 86 72 et
592 1377 129 72 Monge
678 1377 115 72 vont
750 1377 144 72 partir
850 1377 115 72 avec
922 1377 86 72 un
965 1377 158 72 peintre
1080 1377 86 72 et
1123 1377 86 72 un
1166 1377 201 72 sculpteur.
1324 1377 86 72 Il
1353 1377 72 72 lui

434 1414 209 64 recommande
598 1414 299 64 particulièrement
852 1414 105 64 ces
912 1414 75 64 6
942 1414 149 64 hommes
1047 1414 90 64 de
1091 1414 149 64 mérite
1196 1414 120 64 «qui
1271 1414 120 64 sont
1330 1414 90 64 tous

431 1452 101 58 des
488 1452 187 58 patriotes
632 1452 115 58 dont
704 1452 86 58 la
747 1452 173 58 conduite
877 1452 86 58 et
920 1452 101 58 les
978 1452 173 58 lumières
1107 1452 86 58 ne
1150 1452 158 58 peuvent
1251 1452 173 58 qu’honorer

435 1500 95 51 la
467 1500 222 51 République.»

442 1507 109 75 21628
515 1507 134 75 REYNAUD
612 1507 134 75 (Jean),
709 1507 182 75 littérateur
855 1507 73 75 et
891 1507 182 75 philosophe,
1037 1507 122 75 auteur
1122 1507 73 75 de
1159 1507 146 75 Terre
1268 1507 73 75 et
1292 1507 122 75 ciel

441 1567 94 48 L.
503 1567 63 48 a.
534 1567 104 48 s.
607 1567 52 48 à
628 1567 73 48 son
670 1567 125 48 éditeur,
764 1567 52 48 1
785 1567 63 48 p.
816 1567 94 48 in-8.
878 1567 52 48 3
889 1567 31 48 »

471 1582 166 69 Relative
595 1582 69 69 à
623 1582 235 69 l’instruction
816 1582 166 69 synodale
940 1582 83 69 de
982 1582 166 69 l’évêque
1106 1582 83 69 de
1147 1582 166 69 Poitiers
1271 1582 83 69 et
1313 1582 97 69 aux
1354 1582 69 69 ar-

446 1626 105 62 ticles
519 1626 63 62 de
550 1626 210 62 l’Univers
729 1626 105 62 contre
802 1626 73 62 son
844 1626 94 62 livre
907 1626 126 62 Terre
1002 1626 63 62 et
1023 1626 115 62 ciel

448 1644 118 86 21629
526 1644 131 86 RICHER
618 1644 79 86 DE
657 1644 144 86 SERIZY,
762 1644 144 86 célèbre
867 1644 196 86 journaliste
1024 1644 79 86 et
1063 1644 157 86 écrivain
1181 1644 183 86 royaliste,
1312 1644 105 86 rédac-

447 1688 106 72 teur
513 1688 80 72 de
553 1688 252 72 l'Accusateur
765 1688 146 72 pubtic.
871 1688 80 72 L.
911 1688 80 72 a.
951 1688 133 72 s.
1044 1688 66 72 à
1071 1688 146 72 Camille
1177 1688 199 72 Desmoulins,
1336 1688 93 72 1/2
1376 1688 53 72 p.

449 1748 98 54 in-4,
514 1748 120 54 cachet.
601 1748 54 54 6
612 1748 33 54 »

481 1763 88 66 Il
525 1763 102 66 lui
584 1763 161 66 demande
700 1763 117 66 s’il
773 1763 88 66 se
817 1763 175 66 souvient
948 1763 88 66 de
992 1763 102 66 son
1051 1763 146 66 ancien
1153 1763 117 66 ami.
1226 1763 117 66 «Les
1299 1763 131 66 jours
1372 1763 58 66 de

453 1793 220 68 l’affliction
632 1793 83 68 se
674 1793 138 68 lèvent
770 1793 110 68 pour
839 1793 110 68 lui,
908 1793 151 68 dit-il,
1018 1793 83 68 et
1059 1793 193 68 Desmoulins
1211 1793 110 68 doit
1266 1793 165 68 l’aimer...

458 1833 123 68 Viens
540 1833 232 68 sur-le-champ;
731 1833 137 68 viens,
827 1833 82 68 je
868 1833 109 68 t’en
936 1833 164 68 conjure,
1059 1833 82 68 si
1100 1833 191 68 l’humanité
1250 1833 82 68 te
1278 1833 150 68 parle...»

457 1859 109 75 21630
530 1859 134 75 RISTORI
627 1859 182 75 (Adélaïde),
772 1859 73 75 la
809 1859 121 75 grande
894 1859 194 75 tragédienne.
1052 1859 85 75 Ces
1100 1859 97 75 mots
1161 1859 134 75 «Amo
1258 1859 73 75 la
1282 1859 146 75 patria

454 1900 134 73 piit
551 1900 85 73 che
600 1900 85 73 non
648 1900 109 73 l’ama
721 1900 73 73 il
757 1900 146 73 guerrier
867 1900 109 73 sotto
939 1900 73 73 la
976 1900 182 73 tenda»
1121 1900 97 73 aut.
1182 1900 97 73 sig.
1231 1900 206 73 Adélaide

461 1931 153 69 Ristori
581 1931 76 69 del
625 1931 164 69 Grillo
756 1931 131 69 derrière
854 1931 76 69 son
897 1931 131 69 portrait
996 1931 98 69 in-8,
1061 1931 175 69 photographié
1203 1931 76 69 par
1236 1931 65 69 Car-

460 1975 86 63 jat
509 1975 98 63 dans
570 1975 74 63 le
607 1975 148 63 Panthéon
718 1975 160 63 parisien.
841 1975 172 63 Très-jolie
976 1975 123 63 pièce.
1062 1975 62 63 7
1075 1975 49 63 50

461 1999 123 76 21631
543 1999 123 76 ROHAN
626 1999 96 76 (L.
680 1999 82 76 R.
721 1999 109 76 Ed.,
790 1999 164 76 cardinal
913 1999 109 76 de),
981 1999 123 76 grand
1063 1999 164 76 aumônier
1187 1999 82 76 de
1228 1999 151 76 France,
1324 1999 109 76 fameux

468 2030 94 75 par
521 2030 80 75 le
561 2030 107 75 rôle
628 2030 120 75 qu’il
708 2030 107 75 joua
775 2030 107 75 dans
842 2030 174 75 l’affaire
976 2030 80 75 du
1016 2030 161 75 collier,
1137 2030 134 75 membre
1230 2030 80 75 de
1270 2030 147 75 l’Acad.
1364 2030 67 75 fr.

462 2061 70 81 1°
497 2061 105 81 L.
568 2061 70 81 a.
603 2061 117 81 s.
685 2061 82 81 R.,
732 2061 82 81 3/4
779 2061 70 81 de
814 2061 70 81 p.
849 2061 105 81 in-4.
919 2061 59 81 —
943 2061 129 81 2°L.
1037 2061 129 81 s.
1130 2061 105 81 1779,
1201 2061 59 81 2
1224 2061 70 81 p.
1259 2061 105 81 in-4.
1318 2061 117 81 Intéres-

470 2134 73 40 sante.
521 2134 36 40 4
528 2134 29 40 50

465 2127 114 87 21632
541 2127 127 87 ROLAND
630 2127 89 87 (J.
681 2127 102 87 M.),
745 2127 140 87 célèbre
846 2127 152 87 ministre
961 2127 76 87 de
999 2127 203 87 l’intérieur,
1164 2127 152 87 proscrit
1278 2127 102 87 avec
1341 2127 89 87 les
1380 2127 63 87 Gi-

472 2166 136 74 rondins
571 2166 74 74 et
608 2166 99 74 mort
670 2166 87 74 par
719 2166 136 74 suicide
819 2166 74 74 en
856 2166 112 74 1793.
930 2166 124 74 Billet
1017 2166 112 74 a.
1091 2166 124 74 s.
1178 2166 62 74 à
1203 2166 87 74 MM.
1252 2166 149 74 Larrivée
1351 2166 50 74 et

473 2205 160 73 Valcour,
593 2205 93 73 aux
646 2205 187 73 Tuileries;
793 2205 80 73 14
833 2205 160 73 décembre
952 2205 120 73 1792,
1032 2205 93 73 1/2
1086 2205 80 73 p.
1126 2205 120 73 in-8.
1206 2205 67 73 7
1219 2205 40 73 »

497 2240 82 73 Il
538 2240 96 73 les
593 2240 110 73 prie
662 2240 82 73 de
703 2240 124 73 venir
786 2240 220 73 sur-le-champ
964 2240 137 73 auprès
1060 2240 82 73 de
1088 2240 82 73 lui.

471 2248 118 97 21633
550 2248 132 97 ROLLIN
642 2248 184 97 (Charles),
786 2248 132 97 savant
879 2248 171 97 humaniste
1010 2248 79 97 et
1049 2248 184 97 historien.
1194 2248 132 97 Quitt.
1286 2248 79 97 de
1326 2248 66 97 5
1339 2248 105 97 lignes

468 2303 112 77 a.
542 2303 137 77 s.
642 2303 124 77 Paris,
728 2303 75 77 14
766 2303 99 77 juin
828 2303 112 77 1735,
902 2303 62 77 1
927 2303 75 77 p.
965 2303 99 77 in-8
1027 2303 137 77 oblong.
1126 2303 112 77 Jolie
1201 2303 112 77 pièce
1275 2303 112 77 fixée
1350 2303 87 77 sur
1387 2303 62 77 une

469 2363 122 55 feuille
557 2363 66 55 de
590 2363 122 55 papier.
679 2363 55 55 7
690 2363 33 55 »

365 2367 118 100 21634
443 2367 144 100 ROSALIE
548 2367 92 100 (la
601 2367 131 100 sœur),
692 2367 170 100 surnommée
823 2367 118 100 la
902 2367 183 100 Providence
1046 2367 92 100 des
1098 2367 157 100 pauvres.
1216 2367 118 100 L.
1295 2367 79 100 a.
1334 2367 131 100 s.
1413 2367 39 100 à

469 2417 81 78 M.
510 2417 176 78 Reiguier;
646 2417 81 78 12
687 2417 163 78 février,
809 2417 68 78 1
836 2417 81 78 p.
877 2417 122 78 in-4.
958 2417 190 78 Très-jolie
1108 2417 149 78 lettre.
1230 2417 68 78 6
1243 2417 41 78 »
