1912 2915
1067 408 71 64 —
1095 408 71 64 4
1109 408 43 64 —

654 467 122 71 21487
736 467 135 71 CARLIN
830 467 108 71 (Ch.
898 467 108 71 Ant.
965 467 203 71 BERTINAZZI,
1127 467 122 71 dit),
1209 467 81 71 un
1249 467 95 71 des
1303 467 176 71 meilleurs
1438 467 162 71 artistés
1560 467 81 71 de
1587 467 54 71 la

664 506 135 54 comédie
762 506 159 54 italienne
884 506 73 54 au
921 506 196 54 dix-huitième
1080 506 135 54 siècle.
1177 506 110 54 P.
1251 506 135 54 s.
1349 506 98 54 avec
1410 506 61 54 2
1434 506 98 54 lig.
1495 506 110 54 aut.;
1557 506 73 54 1779

661 553 81 48 3/4
708 553 70 48 de
743 553 70 48 p.
778 553 105 48 in-4.
847 553 58 48 3
859 553 35 48 »

672 577 84 56 21488
728 577 84 56 CARRA
784 577 66 56 (J.
822 577 75 56 L.),
869 577 103 56 célèbre
944 577 160 56 conventionnel
1075 577 56 56 et
1103 577 141 56 publiciste,
1216 577 113 56 décapité
1301 577 75 56 avec
1338 577 47 56 les

666 615 122 58 Girondins.
762 615 79 58 L.
815 615 52 58 a.
841 615 87 58 s.
902 615 44 58 à
919 615 96 58 Mgr...;
989 615 87 58 Paris,
1050 615 44 58 8
1068 615 87 58 juill.
1129 615 79 58 1779,
1181 615 44 58 1
1199 615 52 58 p.
1225 615 79 58 in-4.
1269 615 122 58 Rare

1537 644 128 42 10
1579 644 64 42 »

659 681 130 59 21489
745 681 188 59 CAVAIGNAC
890 681 188 59 (Eugène),
1035 681 87 59 un
1078 681 101 59 des
1136 681 188 59 meilleurs
1280 681 174 59 généraux
1411 681 87 59 de
1454 681 159 59 l’armée
1555 681 87 59 d’A-

664 716 149 57 frique,
773 716 108 57 chef
840 716 81 57 du
881 716 149 57 pouvoir
989 716 162 57 exécutif
1111 716 81 57 en
1151 716 122 57 1848.
1232 716 122 57 P.
1313 716 81 57 a.
1354 716 135 57 s.
1449 716 122 57 comme
1530 716 108 57 chef
1584 716 54 57 du

664 750 140 66 pouvoir
766 750 165 66 exécutif;
893 750 153 66 (Paris),
1007 750 76 66 17
1046 750 127 66 juill.
1135 750 114 66 1848,
1211 750 64 66 2
1236 750 76 66 p.
1274 750 89 66 1/2
1325 750 114 66 in-4.
1401 750 76 66 10
1427 750 38 66 »

694 780 142 64 Arrêté
793 780 99 64 qui
850 780 128 64 nomme
935 780 85 64 le
977 780 113 64 cit.
1048 780 128 64 Marie
1133 780 170 64 ministre
1261 780 85 64 de
1304 780 85 64 la
1346 780 156 64 justice
1460 780 85 64 en
1488 780 156 64 remplace-

659 822 110 52 ment
728 822 82 52 du
769 822 110 52 cit.
838 822 179 52 Bethmont,
975 822 82 52 le
1016 822 110 52 cit.
1085 822 151 52 Bastide
1195 822 165 52 ministre
1318 822 96 52 des
1373 822 165 52 affaires
1483 822 165 52 étrangères

664 851 87 58 en
707 851 231 58 remplacement
894 851 87 58 du
938 851 159 58 général
1053 851 159 58 Bedeau,
1168 851 87 58 et
1211 851 87 58 le
1255 851 187 58 capitaine
1399 851 87 58 de
1442 851 173 58 vaisseau
1557 851 87 58 Ver-

665 888 158 58 ninhac
776 888 189 58 ministre
918 888 95 58 de
965 888 95 58 la
1013 888 158 58 marine
1123 888 95 58 en
1170 888 253 58 remplacement
1376 888 95 58 du
1423 888 126 58 cit.
1486 888 158 58 Bastide,

665 923 130 53 nommé
751 923 173 53 ministre
881 923 101 53 des
939 923 173 53 affaires
1054 923 188 53 étrangères.

670 951 126 64 21490
754 951 209 64 CHANGARNIER
921 951 126 64 (Nic.
1005 951 84 64 A.
1047 951 126 64 Th.),
1131 951 84 64 un
1172 951 98 64 des
1228 951 181 64 meilleurs
1368 951 167 64 généraux
1493 951 84 64 de
1521 951 126 64 l’armée

663 991 172 69 d’Afrique.
798 991 111 69 L.
872 991 74 69 a.
908 991 123 69 s.
994 991 61 69 à
1019 991 74 69 M.
1056 991 184 69 Berbrugger;
1203 991 74 69 31
1240 991 147 69 juillet,
1351 991 61 69 1
1375 991 74 69 p.
1412 991 111 69 in-4.
1486 991 111 69 Belle
1547 991 86 69 pièce

1553 1022 94 45 2
1572 1022 75 45 25

667 1050 115 71 21491
744 1050 153 71 CHARLES,
859 1050 89 71 duc
910 1050 77 71 de
948 1050 140 71 Guyenne
1050 1050 115 71 frère
1127 1050 128 71 unique
1216 1050 77 71 de
1254 1050 115 71 Louis
1331 1050 89 71 XI,
1382 1050 102 71 mort
1433 1050 102 71 empoi-

680 1094 76 68 sonné
730 1094 51 68 en
756 1094 76 68 1472.
807 1094 76 68 P.
858 1094 93 68 s.
925 1094 59 68 sur
959 1094 85 68 vélin;
1019 1094 136 68 Saint-Sever,
1129 1094 42 68 5
1146 1094 68 68 nov.
1188 1094 76 68 1471,
1239 1094 42 68 1
1256 1094 51 68 p.
1273 1094 51 68 in

670 1138 88 48 oblong.
734 1138 127 48 Rare
837 1138 48 48 14
853 1138 24 48 »

701 1145 224 77 Intéressante
883 1145 126 77 pièce
967 1145 98 77 sur
1023 1145 84 77 la
1065 1145 126 77 terre
1148 1145 84 77 de
1190 1145 168 77 Montent,
1316 1145 84 77 en
1344 1145 126 77 Quercy.

666 1204 109 55 21492
738 1204 133 55 CHARLES
835 1204 84 55 IX,
883 1204 84 55 roi
931 1204 72 55 de
968 1204 133 55 France.
1064 1204 109 55 P.
1136 1204 133 55 s.
1233 1204 84 55 sur
1281 1204 121 55 vélin;
1354 1204 290 55 Saint

664 1240 75 65 27
702 1240 101 65 juin
765 1240 113 65 1564,
840 1240 63 65 1
865 1240 75 65 p.
903 1240 138 65 in-fol.
1004 1240 138 65 oblong.
1104 1240 201 65 Intéressante
1268 1240 126 65 pièce,
1356 1240 75 65 un
1393 1240 88 65 peu
1431 1240 113 65 jaunie.

1571 1269 47 37 4
1580 1269 28 37 »

668 1290 117 70 21493
746 1290 221 70 CHARLES-QUINT
928 1290 156 70 empereur
1045 1290 195 70 d’Allemagne
1200 1290 78 70 et
1239 1290 91 70 roi
1291 1290 182 70 d’Espagne.
1434 1290 117 70 L.
1512 1290 143 70 s.
1603 1290 52 70 en

671 1343 182 55 français,
811 1343 112 55 avec
881 1343 84 55 la
923 1343 196 55 souscript.
1077 1343 126 55 aut.,
1161 1343 70 55 à
1188 1343 84 55 sa
1230 1343 112 55 sœur
1300 1343 84 55 la
1342 1343 126 55 reine
1426 1343 84 55 de
1468 1343 168 55 Hongrie,
1580 1343 70 55 ré-

670 1371 130 72 gente
756 1371 101 72 des
814 1371 188 72 Pays-Bas;
958 1371 216 72 Valladolid,
1131 1371 87 72 18
1175 1371 115 72 juin
1247 1371 130 72 1537,
1333 1371 72 72 2
1362 1371 87 72 p.
1406 1371 173 72 in-fol.,
1521 1371 130 72 cachet.

1549 1406 68 41 25
1571 1406 34 41 »

706 1429 122 76 Pièce
788 1429 190 76 importante
937 1429 95 76 sur
991 1429 95 76 les
1046 1429 136 76 débats
1141 1429 81 76 de
1181 1429 190 76 l’électeur
1330 1429 149 76 palatin
1439 1429 163 76 Frédéric
1561 1429 68 76 V
1575 1429 81 76 avec

673 1476 180 55 Christian
812 1476 111 55 III,
881 1476 97 55 roi
936 1476 83 55 de
978 1476 180 55 Danemark,
1117 1476 83 55 au
1158 1476 125 55 sujet
1241 1476 83 55 de
1283 1476 180 55 Christian
1421 1476 83 55 II
1463 1476 97 55 qui
1505 1476 152 55 cherchait

675 1512 74 55 à
705 1512 221 55 reconquérir
881 1512 103 55 son
940 1512 147 55 trône.
1043 1512 74 55 —
1073 1512 250 55 Charles-Quint
1279 1512 133 55 ayant
1367 1512 147 55 appris
1470 1512 103 55 que
1529 1512 88 55 sa
1559 1512 88 55 sœur

675 1543 117 57 avait
753 1543 143 57 déclaré
858 1543 65 57 à
884 1543 183 57 l’électeur
1027 1543 143 57 palatin
1131 1543 143 57 qu’elle
1236 1543 78 57 ne
1275 1543 143 57 voulait
1379 1543 104 57 plus
1444 1543 78 57 se
1483 1543 117 57 mêler
1562 1543 78 57 de
1588 1543 65 57 ses

672 1579 148 51 affaires
783 1579 74 51 et
820 1579 173 51 favorisait
956 1579 74 51 le
993 1579 87 51 duc
1042 1579 74 51 de
1079 1579 148 51 Holstein
1191 1579 173 51 (Christian
1327 1579 111 51 III),
1401 1579 74 51 il
1438 1579 74 51 la
1475 1579 99 51 prie
1537 1579 74 51 de
1561 1579 87 51 faire

679 1603 88 59 en
723 1603 131 59 sorte
811 1603 88 59 de
855 1603 88 59 ne
898 1603 102 59 pas
957 1603 204 59 abandonner
1118 1603 102 59 ses
1176 1603 131 59 neveu
1264 1603 88 59 et
1307 1603 131 59 nièce
1395 1603 219 59 (l’électeur
1570 1603 88 59 et
1600 1603 58 59 sa

672 1645 132 55 femme
760 1645 190 55 Dorothée,
907 1645 132 55 fille
994 1645 88 55 de
1038 1645 190 55 Christian
1185 1645 117 55 II),
1258 1645 88 55 et
1302 1645 88 55 de
1346 1645 117 55 leur
1419 1645 190 55 témoigner
1551 1645 102 55 toute

675 1681 210 54 l’affection
843 1681 126 54 qu’il
927 1681 112 54 leur
997 1681 140 54 porte,
1095 1681 98 54 «et
1151 1681 98 54 que
1208 1681 98 54 non
1264 1681 196 54 seullement
1418 1681 126 54 veulx
1488 1681 168 54 entretenir

682 1709 83 53 et
724 1709 153 53 complir
835 1709 83 53 ce
876 1709 125 53 qu’ay
960 1709 153 53 traicté
1070 1709 111 53 mais
1140 1709 125 53 aussi
1223 1709 194 53 m’emploier
1376 1709 83 53 en
1417 1709 111 53 tout
1487 1709 83 53 ce
1528 1709 97 53 que
1570 1709 83 53 sera

687 1752 99 45 our
743 1752 113 45 leur
814 1752 170 45 honneur,
941 1752 141 45 estime
1040 1752 85 45 et
1069 1752 141 45 bien..,»

683 1785 123 46 21494
765 1785 164 46 CHAULIEU
888 1785 150 46 (Guill.
997 1785 150 46 AMFRYE,
1107 1785 109 46 abbé
1175 1785 109 46 de),
1243 1785 150 46 célèbre
1353 1785 123 46 poëte
1434 1785 150 46 lyrique
1544 1785 82 46 du
1571 1785 82 46 dix-

683 1816 160 49 septième
802 1816 146 49 siècle,
909 1816 160 49 surnommé
1028 1816 226 49 l'Anacréon
1214 1816 80 49 du
1254 1816 199 49 temple
1414 1816 160 49 Fragment
1533 1816 80 49 de
1560 1816 93 49 pièce

672 1849 76 51 de
710 1849 101 51 vers
773 1849 151 51 autogr.,
887 1849 101 51 avec
950 1849 139 51 ratures
1051 1849 76 51 et
1089 1849 202 51 corrections,
1253 1849 63 51 1
1278 1849 76 51 p.
1316 1849 114 51 in-4.
1392 1849 63 51 3
1405 1849 50 51 50

708 1890 93 50 Il
754 1890 186 50 commence
878 1890 124 50 ainsi:

782 1917 109 43 «La
845 1917 125 43 Fare
923 1917 78 43 i
954 1917 188 43 conduira
1095 1917 141 43 soubs
1189 1917 94 43 le
1236 1917 109 43 nom
1298 1917 94 43 de
1330 1917 109 43 Comus

783 1956 101 41 «La
840 1956 130 41 bonne
927 1956 130 41 chère
1013 1956 86 41 et
1042 1956 187 41 l’alégresse

784 1979 73 55 «
814 1979 87 55 La
857 1979 146 55 divine
959 1979 175 55 Bouillon
1090 1979 131 55 soubs
1178 1979 131 55 celui
1265 1979 87 55 de
1294 1979 102 55 Vénus

797 2026 175 48 «L’esprit.
935 2026 63 48 .
960 2026 63 48 .
985 2026 63 48 .
998 2026 50 48 .»

685 2044 134 65 21495
774 2044 312 65 CHAUVEAU-LAGARDE,
1042 2044 163 65 célèbre
1161 2044 163 65 avocat,
1280 2044 193 65 défenseur
1428 2044 89 65 de
1458 2044 208 65 Marie-

687 2093 110 57 nette.
764 2093 99 57 L.
830 2093 66 57 a.
863 2093 121 57 s.
951 2093 99 57 1833,
1016 2093 55 57 1
1038 2093 66 57 p.
1071 2093 99 57 in-4.
1137 2093 99 57 Belle
1203 2093 110 57 pièce.
1280 2093 55 57 3
1291 2093 33 57 »

680 2123 127 65 21496
764 2123 183 65 CHEVREUSE
905 2123 141 65 (Marie
1004 2123 84 65 de
1046 2123 141 65 ROHAN,
1144 2123 169 65 duchesse
1271 2123 113 65 de),
1341 2123 99 65 une
1398 2123 99 65 des
1454 2123 169 65 héroînes
1581 2123 84 65 de
1609 2123 56 65 la

691 2163 107 53 Fronde.
769 2163 88 53 L.
828 2163 58 53 a.
857 2163 97 53 s.
925 2163 58 53 au
954 2163 68 53 duc
993 2163 127 53 d’Amalfi;
1090 2163 97 53 Paris,
1158 2163 58 53 16
1188 2163 78 53 déc.
1236 2163 107 53 (1655),
1314 2163 49 53 2
1334 2163 58 53 p.
1363 2163 68 53 pl.
1392 2163 68 53 in

686 2206 124 52 cachets
776 2206 68 52 et
810 2206 113 52 soies.
889 2206 158 52 Très-belle
1013 2206 113 52 pièce.
1093 2206 68 52 40
1115 2206 34 52 »

715 2222 128 65 Jolie
800 2222 143 65 lettre
900 2222 86 65 de
943 2222 257 65 recommandation
1157 2222 86 65 en
1200 2222 143 65 faveur
1300 2222 86 65 du
1343 2222 157 65 porteur
1457 2222 86 65 dé
1500 2222 86 65 sa
1529 2222 128 65 lettre,

692 2274 101 59 jui
749 2274 86 59 va
792 2274 129 59 faire
878 2274 86 59 un
921 2274 144 59 voyage
1022 2274 86 59 en
1051 2274 172 59 Allemagne.

692 2290 128 92 21497
777 2290 213 92 CHRESTIENNE
948 2290 85 92 DE
990 2290 156 92 FRANCE,
1104 2290 171 92 duchesse
1232 2290 85 92 de
1275 2290 156 92 Savoie,
1389 2290 128 92 fille
1474 2290 85 92 de
1517 2290 128 92 Henri
1588 2290 71 92 IV.

688 2345 115 59 L.
765 2345 77 59 a.
804 2345 128 59 s.
893 2345 64 59 à
919 2345 77 59 sa
958 2345 128 59 fille;
1047 2345 77 59 28
1086 2345 115 59 sept.
1163 2345 115 59 1644,
1240 2345 64 59 1
1265 2345 77 59 p.
1304 2345 115 59 in-4,
1381 2345 141 59 cachets
1483 2345 141 59 brisés.
1573 2345 90 59 Jolie

698 2397 78 44 lettre.
755 2397 43 44 10
769 2397 21 44 »

688 2409 124 69 21498
771 2409 137 69 COBDEN
867 2409 192 69 (Richard),
1018 2409 165 69 illustre
1142 2409 124 69 homme
1224 2409 137 69 d’État
1320 2409 165 69 anglais,
1444 2409 82 69 le
1485 2409 179 69 promoteur
1609 2409 55 69 du

682 2447 117 60 libre
760 2447 156 60 échange.
878 2447 117 60 L.
956 2447 78 60 a.
995 2447 130 60 s.
1086 2447 65 60 à
1112 2447 130 60 Michel
1204 2447 183 60 Chevalier;
1347 2447 78 60 15
1386 2447 91 60 mai
1438 2447 117 60 1863,
1517 2447 65 60 2
1543 2447 78 60 p.
1569 2447 91 60 in

681 2500 102 56 Belle
748 2500 68 56 et
782 2500 181 56 intcressante
929 2500 124 56 lettre.
1020 2500 56 56 6
1031 2500 45 56 50
