1450 2253
185 347 184 79 GEIGER
313 347 239 79 (Ernest),
498 347 110 79 né
553 347 92 79 à
590 347 166 79 Brugg
700 347 239 79 (Suisse).
884 347 92 79 —
921 347 147 79 155,
995 347 147 79 boule-

225 407 142 68 vard
314 407 107 68 du
367 407 302 68 Montparnasse,
598 407 142 68 Paris.

290 499 229 56 1642
473 499 92 56 Le
504 499 137 56 fleuve.

290 541 230 59 1643
474 541 138 59 Clair
566 541 92 59 de
597 541 107 59 lune.

287 586 231 60 1644
472 586 123 60 Ciel
533 586 108 60 bleu.

288 631 232 62 1645
473 631 155 62 Retour
582 631 93 62 de
628 631 93 62 la
659 631 124 62 forêt.

291 683 248 57 1646
489 683 99 57 Le
522 683 149 57 moulin.

289 720 240 62 1647
481 720 176 62 Paysage
593 720 160 62 d'hiver.

288 772 252 60 1648
490 772 168 60 Ruines
590 772 185 60 romaines.

291 816 245 63 1649
487 816 164 63 Chemin
601 816 98 63 de
634 816 131 63 forêt.

199 949 200 79 GEORGE
339 949 180 79 (Mlle
459 949 280 79 Dorothée),
679 949 140 79 née
758 949 100 79 à
798 949 240 79 Londres.
978 949 100 79 —
1018 949 120 79 4,
1058 949 100 79 rue

242 1016 205 71 Lalande,
378 1016 137 71 Paris.

470 1098 127 61 1650
571 1098 51 61 La
588 1098 93 61 jalousie.

468 1152 135 55 1651
567 1152 117 55 Crépuscule.

463 1184 205 77 1652
628 1184 123 77 Tempo
710 1184 151 77 passato
819 1184 137 77 perche
915 1184 96 77 non
970 1184 110 77 tomi
1025 1184 82 77 piu.

475 1245 107 56 1653
553 1245 71 56 L’envoi.

473 1280 168 71 1654
607 1280 67 71 Le
641 1280 89 71 rêve
697 1280 101 71 d’une
764 1280 101 71 jeune
820 1280 89 71 fille.

471 1334 193 55 1655
625 1334 141 55 Croquis
728 1334 64 55 à
754 1334 128 55 Dieppe
844 1334 77 55 et
882 1334 77 55 en
908 1334 141 55 Bretagne.

472 1376 202 57 1656
633 1376 108 57 Dans
700 1376 94 57 les
754 1376 148 57 jardins
862 1376 81 57 du
889 1376 175 57 Luxembourg.

479 1428 154 69 1657
602 1428 62 69 La
633 1428 123 69 dernière
715 1428 82 69 lueur.

215 1564 230 87 GERHARDI
387 1564 192 87 (Ida),
521 1564 134 87 née
598 1564 96 87 à
636 1564 172 87 Hagen
751 1564 287 87 Westphalie.
981 1564 96 87 —
1020 1564 134 87 12,
1077 1564 96 87 rue

253 1637 108 67 de
307 1637 108 67 la
361 1637 377 67 Grande-Chaumière,
666 1637 144 67 Paris.

315 1720 237 66 1658
505 1720 189 66 Portrait
647 1720 95 66 de
678 1720 158 66 Thérèse.

317 1753 247 73 1659
514 1753 197 73 Portrait
662 1753 99 73 de
711 1753 214 73 Margareta
876 1753 82 73 P
909 1753 82 73 à
925 1753 148 73 Berlin.

318 1811 238 69 1660
509 1811 191 69 Portrait
652 1811 95 69 du
699 1811 111 69 Dr.
763 1811 111 69 Ph.
826 1811 95 69 J.
874 1811 79 69 à
890 1811 143 69 Berlin.

300 1867 256 70 *1661
508 1867 160 70 Devant
619 1867 96 70 le
667 1867 128 70 café
731 1867 176 70 Vachette.
