1450 2253
531 287 111 81 —
575 287 155 81 113
642 287 66 81 —

142 371 166 73 HEATH
252 371 221 73 (Ellen),
418 371 129 73 née
492 371 92 73 à
529 371 221 73 Londres.
695 371 92 73 —
731 371 129 73 73,
805 371 129 73 rue
860 371 240 73 Notre-

175 443 265 67 des-Champs,
387 443 159 67 Paris
493 443 141 67 (aux
581 443 159 67 soins
687 443 106 67 de
740 443 106 67 M.
775 443 159 67 Bréal).

216 535 255 64 *1868
423 535 96 64 La
455 535 175 64 fenaison.

217 590 261 62 *1869
428 590 114 62 Une
494 590 163 62 charge
607 590 98 62 de
640 590 114 62 foin.

217 638 294 70 *1870
456 638 110 70 Un
511 638 202 70 cottage
658 638 110 70 du
714 638 202 70 Surrey,
861 638 129 70 par
934 638 166 70 temps
1026 638 74 70 de

421 688 139 59 neige.

145 855 156 74 HÉLIS
249 855 208 74 (Henri).
405 855 87 74 —
440 855 121 74 30,
509 855 121 74 rue
578 855 208 74 Vernier,
717 855 139 74 Paris.

237 955 247 63 1871
434 955 164 63 Bruges
549 955 115 63 (le
615 955 115 63 lac
664 955 181 63 d’Amour).

238 1010 240 48 1872
430 1010 96 48 La
478 1010 144 48 Seine
574 1010 80 48 à
590 1010 128 48 Bercy.

237 1054 243 53 1873
431 1054 162 53 Brumes
545 1054 114 53 sur
610 1054 97 53 la
642 1054 130 53 Seine.

237 1098 241 56 1874
430 1098 129 56 Pont
510 1098 96 56 de
542 1098 145 56 l’Alma.

238 1146 243 49 1875
432 1146 162 49 Canal,
545 1146 81 49 à
561 1146 146 49 Bruges.

237 1186 238 57 1876
427 1186 253 57 Dentellières
633 1186 111 57 sur
697 1186 111 57 les
760 1186 190 57 remparts
887 1186 174 57 (Bruges).

237 1237 251 53 1877
438 1237 151 53 Chène
539 1237 101 53 en
572 1237 168 53 Sologne.

237 1270 243 79 1878
431 1270 178 79 Village
560 1270 97 79 de
609 1270 162 79 Loreux
706 1270 194 79 (Sologne).

143 1448 216 65 HÉNAULT
300 1448 235 65 (Jules),
477 1448 118 65 né
535 1448 98 65 à
575 1448 372 65 Valence-en-Brie
869 1448 235 65 (Seine-

181 1512 198 61 Marne).
325 1512 90 61 —
361 1512 126 61 38,
433 1512 126 61 rue
505 1512 306 61 Rochechouart,
740 1512 144 61 Paris.

410 1601 151 71 *1879
532 1601 57 71 Le
561 1601 113 71 ruisseau
636 1601 85 71 (soir).

409 1660 140 54 *1880
523 1660 96 54 Matinée
584 1660 70 54 d’été.

409 1708 162 54 *1881
541 1708 61 54 Le
571 1708 91 54 vieux
622 1708 91 54 moulin.

404 1753 205 54 *1882
571 1753 90 54 Rue
622 1753 77 54 de
661 1753 192 54 l’Abreuvoir
802 1753 192 54 (Montmartre).

405 1793 190 71 *1883
560 1793 107 71 Vache
631 1793 143 71 normande
726 1793 119 71 (étude).

407 1843 166 61 *1884
542 1843 145 61 Crépuscule
645 1843 104 61 (étude).

408 1885 191 69 *1885
563 1885 143 69 Pâturage
671 1885 72 69 en
695 1885 143 69 Normandie.
