1450 2253
577 272 110 75 —
621 272 154 75 115
687 272 66 75 —

191 327 289 89 HERMENJAT
413 327 267 89 (Abram),
614 327 134 89 né
681 327 111 89 à
725 327 245 89 Genève.
903 327 111 89 —
925 327 223 89 Lignère-

230 399 232 71 Chexbres,
409 399 179 71 canton
534 399 143 71 Vaud
605 399 197 71 (Suisse).

266 454 267 76 *1908
483 454 100 76 La
533 454 167 76 vallée
650 454 117 76 des
716 454 200 76 Ormonts,
866 454 117 76 vue
933 454 100 76 de
966 454 150 76 Leysin.

266 506 268 65 *1909
484 506 184 65 Chalets
618 506 101 65 au
668 506 251 65 Haut-Nendaz
853 506 184 65 (Valais).

267 545 263 75 *1910
481 545 165 75 Hameau
596 545 132 75 sous
678 545 99 75 la
728 545 148 75 neige
810 545 181 75 (Valais).

267 604 247 55 *1911
468 604 93 55 Le
514 604 155 55 jardin
622 604 186 55 enseveli
746 604 170 55 (Valais).

264 647 262 73 *1912
477 647 82 73 «
509 647 164 73 Mazots
624 647 82 73 »
657 647 82 73 à
690 647 164 73 Nendaz
788 647 180 73 (Valais).

189 734 165 91 HERVÉ
299 734 386 91 (Julien-Auguste),
630 734 110 91 né
685 734 92 91 à
721 734 110 91 La
777 734 276 91 Basse-Indre
979 734 165 91 (Loire-

230 798 244 64 Inférieure.
425 798 81 64 —
457 798 98 64 9,
506 798 114 64 rue
571 798 244 64 Blainville,
750 798 130 64 Paris.

264 847 269 73 *1913
483 847 336 73 Expressionnisme:
768 847 185 73 Jupiter
903 847 101 73 et
936 847 118 73 Léda.

263 904 274 60 *1914
485 904 342 60 Expressionnisme:
759 904 137 60 Jonas.

262 955 273 53 *1915
484 955 342 53 Expressionnisme:
757 955 205 53 L’Ancêtre.

261 1002 280 59 *1916
488 1002 350 59 Expressionnisme:
785 1002 105 59 Le
820 1002 227 59 Descendant.

262 1042 255 63 *1917
469 1042 143 63 Clair
565 1042 96 63 de
612 1042 127 63 lune
692 1042 96 63 au
724 1042 159 63 Croisic.

262 1089 255 55 *1918
470 1089 144 55 Lever
565 1089 96 55 de
597 1089 112 55 lune.

262 1134 265 74 *1919
478 1134 182 74 Bateaux
610 1134 99 74 de
643 1134 133 74 pêche.

282 1179 231 63 1920
466 1179 108 63 Sur
528 1179 92 63 la
559 1179 123 63 Loire.

185 1273 219 70 HERVIEU
344 1273 517 70 (Louise-Jeanne-Aimée),
802 1273 139 70 née
881 1273 99 70 à
921 1273 239 70 Alençon.
1080 1273 60 70 —

225 1332 116 61 26,
292 1332 165 61 avenue
407 1332 182 61 Reille,
523 1332 132 61 Paris.

282 1383 239 74 1921
473 1383 112 74 Les
537 1383 128 74 gens
617 1383 96 74 de
665 1383 96 74 la
696 1383 112 74 noce.

261 1439 258 54 *1922
471 1439 97 54 La
519 1439 129 54 mère
584 1439 161 54 Brisset.

282 1490 242 48 1923
475 1490 129 48 Fête
556 1490 97 48 de
604 1490 97 48 la
636 1490 274 48 Sainte

260 1515 277 72 *1924
485 1515 208 72 Paysages
641 1515 87 72 .
676 1515 104 72 1.
728 1515 156 72 Étude
832 1515 104 72 le
884 1515 156 72 matin
971 1515 173 72 (Brette-

477 1588 188 43 ville).
614 1588 102 43 2.
665 1588 120 43 Les
733 1588 222 43 fabriques
904 1588 137 43 sous
989 1588 102 43 la
1023 1588 120 43 neige

474 1619 223 69 (Paris).
641 1619 93 69 3
678 1619 167 69 Étude
790 1619 111 69 au
845 1619 185 69 soleil
957 1619 185 69 couchant

461 1659 246 52 (Bretteville).

260 1686 253 69 *1925
466 1686 111 69 Les
529 1686 206 69 fabriques
688 1686 158 69 (étude
799 1686 79 69 à
814 1686 143 69 Paris).

260 1743 255 61 *1926
467 1743 143 61 Foire
563 1743 80 61 à
579 1743 143 61 Lessay.

258 1785 276 60 *1927
482 1785 104 60 En
534 1785 190 60 société
672 1785 121 60 (le
742 1785 173 60 diseur
863 1785 104 60 de
897 1785 242 60 monologues).

262 1836 206 65 *1927
427 1836 206 65 bis
592 1836 151 65 Dessins
702 1836 69 65 :
730 1836 82 65 1.
771 1836 165 65 Désirée.
895 1836 82 65 2.
936 1836 137 65 Étude.
1032 1836 82 65 3.
1060 1836 82 65 Pla

461 1878 132 65 cidie.
