1450 2253
734 300 90 55 120

309 361 197 96 MARION
447 361 276 96 (E.-Jack),
664 361 118 96 né
723 361 118 96 au
782 361 217 96 Canada.
939 361 98 96 —
979 361 158 96 218,
1057 361 217 96 bouievard

352 426 202 74 Raspail,
487 426 135 74 Paris.

581 498 133 71 *1984
689 498 58 71 Les
714 498 91 71 poiriers.

581 550 173 62 *1985
722 550 65 62 Le
754 550 97 62 petit
819 550 108 62 canal,
884 550 97 62 Venico.

581 596 181 61 *1986
728 596 68 61 Le
761 596 113 61 départ
841 596 90 61 pour
897 596 68 61 la
920 596 90 61 pêche.

584 645 167 60 *1987
719 645 63 60 La
751 645 84 60 cour
803 645 63 60 de
834 645 63 60 la
855 645 84 60 ferme.

586 692 129 57 *1988
691 692 49 57 Le
707 692 73 57 souper.

584 730 173 65 *1989
724 730 129 65 Fragment
811 730 129 65 décoratif.

585 779 172 63 *1990
725 779 129 63 Fragment
810 779 129 63 décoratif.

586 830 178 67 *1991
731 830 67 67 Au
753 830 145 67 Luxembourg.

322 943 166 71 JAMOT
432 943 202 71 (Paul),
579 943 110 71 né
634 943 92 71 à
671 943 184 71 Paris.
800 943 92 71 —
837 943 110 71 11
892 943 147 71 bis,
984 943 184 71 avenue
1112 943 110 71 de
1149 943 129 71 Ségur

345 1009 139 54 Paris.

585 1074 235 53 *1992
776 1074 103 53 San
835 1074 191 53 Francesco
982 1074 103 53 del
1040 1074 176 53 Deserto,
1173 1074 117 53 près
1231 1074 59 53 de

601 1126 167 50 Venise.

595 1170 161 61 *1993
725 1170 70 61 Lac
766 1170 60 61 de
786 1170 90 61 Lugano.

597 1216 156 53 *1994
724 1216 58 53 Le
743 1216 107 53 Lavandou.

594 1259 190 52 *1995
749 1259 71 52 La
784 1259 119 52 plaine
867 1259 71 52 du
891 1259 131 52 Lavandou.

597 1305 176 56 *1996
740 1305 88 56 Baie
795 1305 66 56 de
829 1305 165 56 Saint-Clair
950 1305 88 56 (Var).

600 1354 168 54 *1997
736 1354 116 54 Falaise
820 1354 63 54 de
841 1354 147 54 Saint

599 1404 176 45 *1998
742 1404 88 45 Baie
797 1404 66 45 de
830 1404 66 45 la
863 1404 121 45 Favière
940 1404 88 45 (Var).

600 1450 179 57 *1999
746 1450 67 57 La
779 1450 123 57 Favière
858 1450 168 57 (crépuscule).

330 1538 265 92 JANSSAUD
529 1538 331 92 (Mathurin),
793 1538 132 92 né
860 1538 110 92 à
904 1538 265 92 Manosque
1080 1538 221 92 (Basses-

375 1619 189 68 Alpes).
512 1619 86 68 —
546 1619 120 68 11,
615 1619 120 68 rue
683 1619 103 68 de
735 1619 189 68 Sèvres,
855 1619 137 68 Paris.

412 1669 268 81 *2000
630 1669 184 81 Coucher
764 1669 101 81 du
814 1669 168 81 soleil
932 1669 285 81 (Concarneau),
1149 1669 151 81 pastel.

415 1735 251 55 *2001
619 1735 157 55 Sortie
729 1735 188 55 d’Eglise
870 1735 235 55 (Bretagne),
1042 1735 141 55 pastel.

417 1793 263 48 *2002
630 1793 164 48 Lueurs
745 1793 99 48 du
795 1793 197 48 couchant
942 1793 279 48 (Concarneau),
1156 1793 148 48 pastel.

438 1830 248 57 2003
636 1830 132 57 Soir
718 1830 182 57 orageux
850 1830 281 57 (Concarneau),
1065 1830 149 57 pastel.

421 1877 264 77 *2004
635 1877 148 77 Lever
734 1877 99 77 de
783 1877 132 77 lune
865 1877 280 77 (Concarneau),
1080 1877 148 77 pastel.
