1450 2253
655 273 112 66 —
699 273 157 66 128
767 273 67 66 —

294 358 239 72 11
478 358 166 72 Étude
588 358 147 72 pour
680 358 147 72 «Les
773 358 221 72 Poseuses
938 358 92 72 »
975 358 276 72 (1886-1887)
1178 358 55 72 —

419 417 114 58 La
476 417 210 58 Poseuse
629 417 114 58 de
667 417 133 58 face.

285 455 241 77 12
471 455 167 77 Étude
582 455 148 77 pour
675 455 148 77 «Les
768 455 223 77 Poseuses
935 455 93 77 »
972 455 278 77 (1886-1887)
1176 455 56 77 —

422 517 111 68 La
477 517 203 68 Poseuse
624 517 111 68 de
661 517 166 68 profil.

289 568 200 67 13
442 568 107 67 Les
504 568 215 67 Banquistes
657 568 169 67 (pastel).

285 618 238 62 14
468 618 183 62 Étude:
596 618 256 62 L’Échouage
798 618 110 62 de
834 618 220 62 Grandcamp.

285 667 235 72 15
466 667 181 72 Étude:
592 667 108 72 Le
646 667 235 72 Mouillage
827 667 108 72 de
863 667 217 72 Grand

286 719 217 54 16
453 719 167 54 Étude:
569 719 133 54 Pont
636 719 150 54 Bineau.

287 773 219 69 17
456 773 169 69 Étude:
574 773 152 69 Seine
675 773 84 69 à
692 773 219 69 Courbevoie.

449 858 288 66 Collection
686 858 169 66 Edmond
788 858 271 66 Cousturier

287 934 227 57 18
461 934 105 57 Un
513 934 209 57 Dimanche
670 934 87 57 à
705 934 105 57 la
757 934 174 57 Grande
879 934 157 57 Jatte
966 934 244 57 (1884

283 987 268 65 19
490 987 186 65 Étude
614 987 165 65 pour
717 987 145 65 «Un
799 987 248 65 Dimanche
985 987 103 65 à
1027 987 124 65 la
1068 987 165 65 Grande

462 1040 160 68 Jatte
569 1040 89 68 »
587 1040 160 68 (1885).

512 1119 264 81 Collection
730 1119 124 81 Paul
792 1119 202 81 Signac

277 1200 216 73 20
443 1200 100 73 Le
493 1200 166 73 Cirque
609 1200 166 73 (1891,
709 1200 199 73 inachevé).

277 1255 218 52 21
445 1255 100 52 La
495 1255 151 52 Seine
595 1255 84 52 à
629 1255 234 52 Courbevoie
796 1255 151 52 (1885).

278 1302 214 61 22
442 1302 165 61 Petite
558 1302 198 61 esquisse
706 1302 99 61 de
755 1302 82 61 «
788 1302 115 61 Les
854 1302 198 61 Poseuses
1002 1302 82 61 »
1019 1302 148 61 (1887).

276 1354 230 64 23
453 1354 177 64 Petite
577 1354 213 64 esquisse
737 1354 106 64 d’
790 1354 124 64 «Un
861 1354 213 64 Dimanche
1020 1354 89 64 à
1056 1354 106 64 la
1091 1354 142 64 Grande

420 1410 154 62 Jatte
522 1410 85 62 »
539 1410 154 62 (1885).

277 1455 222 66 24
448 1455 154 66 Étude
550 1455 85 66 :
584 1455 222 66 Grandcamp
738 1455 154 66 (1885).

279 1508 208 68 25
439 1508 144 68 Étude
535 1508 80 68 :
567 1508 224 68 Gravelines
727 1508 144 68 (1890).

280 1561 196 65 26
431 1561 211 65 Banquistes
581 1561 166 65 (pastel).

282 1616 196 64 27
433 1616 151 64 Dineur
523 1616 166 64 (dessin).

281 1664 190 59 28
428 1664 103 59 Dos
472 1664 161 59 (dessin).

280 1712 200 63 29
433 1712 215 63 Banquistes
587 1712 169 63 (dessin).

280 1763 201 66 30
434 1763 216 66 Banquistes
588 1763 170 66 (dessin).

290 1814 197 58 31
441 1814 212 58 Banquistes
593 1814 166 58 (dessin).

284 1863 212 74 32
446 1863 277 74 L’Échafaudage
658 1863 179 74 (dessin).
