1450 2253
558 267 111 64 —
602 267 156 64 139
669 267 67 64 —

272 358 245 59 2270
468 358 147 59 Etude
566 358 131 59 pour
647 358 98 59 la
680 358 196 59 maternité.

272 409 236 65 2271
461 409 95 65 La
493 409 189 65 maternité.

177 550 243 52 LALLEMAND
364 550 206 52 (Léon),
514 550 112 52 ne
570 550 94 52 à
608 550 225 52 Moyenvre
776 550 281 52 (Lorraine).
1001 550 94 52 —
1020 550 112 52 131,

217 594 114 72 rue
282 594 227 72 Lafayette,
444 594 130 72 Paris.

272 668 235 57 2272
461 668 94 57 La
508 668 141 57 Seine
602 668 78 57 à
633 668 188 57 Neuilly,
774 668 94 57 en
806 668 94 57 été.

271 723 249 60 2273
471 723 100 60 La
521 723 150 60 Seine
621 723 83 60 à
654 723 200 60 Neuilly,
803 723 100 60 en
837 723 166 60 automne.

272 777 254 46 2274
475 777 102 46 Le
526 777 169 46 chemin
645 777 153 46 creux
747 777 85 46 à
764 777 186 46 Fontenay.

273 814 239 60 2275
464 814 96 60 Le
512 814 143 60 petit
607 814 127 60 bois
687 814 80 60 à
703 814 175 60 Fontenay.

270 867 248 47 2276
469 867 132 47 Dans
552 867 99 47 la
601 867 132 47 baie
684 867 99 47 de
717 867 215 47 Douarnenez.

274 906 229 56 2277
442 906 153 56 L’étang.

272 954 250 55 2278
473 954 184 55 Aqueduc
606 954 117 55 sur
673 954 100 55 la
706 954 134 55 Marne.

272 1003 248 63 2279
471 1003 99 63 Le
521 1003 149 63 petit
620 1003 165 63 chemin
736 1003 83 63 à
752 1003 182 63 Fontenay.

181 1143 191 52 LAMBERT
319 1143 260 52 (Marcelle),
527 1143 121 52 née
597 1143 87 52 à
631 1143 173 52 Paris.
753 1143 87 52 —
787 1143 121 52 20,
857 1143 121 52 rue
909 1143 225 52 St

201 1185 137 64 Paris.

256 1260 250 72 *2280
460 1260 141 72 Vieux
553 1260 203 72 serviteur
710 1260 156 72 (étude
804 1260 156 72 plâtre).

180 1399 313 65 LAMOURDEDIEU
435 1399 235 65 (Raoul),
610 1399 117 65 né
669 1399 98 65 à
708 1399 313 65 Fauguerolles
943 1399 195 65 (Lot-

217 1455 230 62 Garonne).
394 1455 88 62 —
430 1455 124 62 49,
500 1455 124 62 rue
571 1455 212 62 Dupleix,
713 1455 141 62 Paris.

273 1550 237 50 2281
447 1550 158 50 Sagesse.

282 1594 243 52 2282
476 1594 114 52 Une
541 1594 178 52 vitrine
671 1594 211 52 contenant
833 1594 81 52 :
850 1594 178 52 Curieuse.

273 1637 240 54 2283
449 1637 160 54 Rêverie.

279 1684 242 52 2284
456 1684 161 52 L'ombre.

272 1731 234 61 2285
444 1731 187 61 L'esclave.

279 1775 376 52 2286Portrait
606 1775 98 52 de
655 1775 98 52 Me
688 1775 98 52 S...

272 1822 230 57 2287
455 1822 184 57 Médaille
593 1822 107 57 (la
654 1822 122 57 joie
731 1822 92 57 de
761 1822 138 57 vivre).

276 1869 238 59 2288
466 1869 190 59 Esquisse
609 1869 111 59 (la
657 1869 174 59 douleur).
