1450 2253
679 267 112 64 —
701 267 112 64 140

297 367 200 64 LAMPUÉ
437 367 259 64 (Pierre).
636 367 100 64 —
676 367 140 64 72,
756 367 259 64 boulevard
956 367 120 64 du
996 367 259 64 Port

321 419 133 54 Paris.

374 499 265 61 *2289
589 499 83 61 6
623 499 165 61 études
738 499 99 61 de
788 499 165 61 Crozan
887 499 182 61 (Creuse).

376 553 258 53 *2290
585 553 161 53 Entrée
698 553 97 53 de
730 553 129 53 ferme.

375 583 266 83 *2291
592 583 100 83 Le
642 583 133 83 pont
725 583 100 83 et
775 583 100 83 la
825 583 183 83 vieille
958 583 200 83 chapelle
1108 583 83 83 à
1125 583 133 83 Angles

573 647 197 55 (Vienne).

395 691 252 51 2292
597 691 101 51 Le
647 691 168 51 moulin
764 691 84 51 à
798 691 168 51 Angles
898 691 185 51 (Vienne).

395 728 245 68 2293
590 728 98 68 Le
639 728 196 68 ruisseau
786 728 98 68 de
835 728 98 68 la
884 728 147 68 ferme
982 728 114 68 des
1047 728 228 68 Allouettes
1210 728 49 68 à

596 780 257 55 Pontaubert
779 780 184 55 (Yonne).

380 824 256 74 *2294
588 824 112 74 Les
652 824 160 74 ruines
764 824 96 74 du
812 824 176 74 château
941 824 96 74 et
989 824 96 74 la
1037 824 144 74 ville
1133 824 144 74 basse
1213 824 48 74 à

597 874 178 59 Angles
704 874 196 59 (Vienne).

377 912 266 60 *2295
593 912 100 60 La
643 912 133 60 cour
726 912 150 60 d’une
826 912 166 60 maison
942 912 83 60 à
976 912 166 60 Angles
1075 912 183 60 (Vienne).

379 966 276 59 *2296
603 966 121 59 Les
672 966 173 59 roches
793 966 190 59 d’Aurou
931 966 86 59 à
966 966 173 59 Angles
1069 966 190 59 (Vienne).

304 1126 180 70 LANOE
424 1126 280 70 (Georges),
644 1126 120 70 né
704 1126 100 70 à
744 1126 220 70 Nantes.
903 1126 100 70 —
943 1126 160 70 326,
1043 1126 140 70 rue
1103 1126 160 70 Saint-

340 1189 206 68 Jacques,
477 1189 138 68 Paris.

400 1259 239 71 2297
591 1259 96 71 La
639 1259 111 71 rue
703 1259 271 71 Saint-Jacques
910 1259 159 71 (Paris).

398 1321 253 47 2298
601 1321 169 47 Chemin
719 1321 135 47 près
804 1321 101 47 de
854 1321 253 47 Recouvrance
1040 1321 169 47 (Brest).

398 1366 254 50 2299
601 1366 203 50 Remparts
754 1366 102 50 de
804 1366 254 50 Recouvrance
991 1366 169 50 (Brest).

400 1413 239 54 2300
591 1413 175 54 Rivière
719 1413 96 54 du
767 1413 128 54 Faou
831 1413 223 54 (Finistère).

306 1572 207 75 LAPORTE
456 1572 244 75 (Victor),
644 1572 113 75 né
701 1572 94 75 à
738 1572 188 75 Paris.
870 1572 94 75 —
907 1572 150 75 144,
1001 1572 131 75 rue
1057 1572 207 75 Lecourbe,

331 1636 136 52 Paris.

383 1708 289 63 *2301
618 1708 181 63 Quatre
744 1708 181 63 études
871 1708 145 63 dans
961 1708 108 63 un
1015 1708 181 63 cadre:
1142 1708 145 63 Grue
1214 1708 54 63 à

603 1772 188 53 vapeur.
739 1772 136 53 Près
825 1772 102 53 du
876 1772 136 53 pont
961 1772 102 53 de
1012 1772 205 53 Neuilly.
1149 1772 119 53 Vieux

602 1817 180 59 moulin
728 1817 108 59 en
782 1817 234 59 Bretagne.
943 1817 288 59 Bateau

386 1852 273 84 *2302
608 1852 102 84 Un
659 1852 137 84 coin
745 1852 102 84 de
796 1852 120 84 rue
864 1852 85 84 à
881 1852 154 84 Fécamp.
