1450 2253
553 266 111 74 —
597 266 156 74 141
664 266 67 74 —

170 373 211 65 LAPRADE
323 373 249 65 (Pierre),
515 373 115 65 né
573 373 96 65 à
611 373 249 65 Narbonne.
803 373 96 65 —
841 373 134 65 14,
918 373 134 65 rue
976 373 153 65 Mayet,

191 432 140 64 Paris.

248 530 251 58 *2303
452 530 157 58 Jeunes
562 530 157 58 filles
656 530 173 58 chantant.

247 572 283 69 *2304
477 572 106 69 La
530 572 159 69 femme
637 572 88 69 à
672 572 106 69 la
725 572 230 69 mantille.
902 572 248 69 Appaitient
1079 572 53 69 à

469 624 108 55 M.
505 624 108 55 R...

249 655 252 90 *2305
454 655 204 90 Grisaille
611 655 126 90 pour
690 655 110 90 une
753 655 173 90 édition
878 655 94 90 de
910 655 220 90 Manon

464 720 176 74 Lescaut

177 890 221 65 LARRAMET
342 890 257 65 (Hilaire),
544 890 110 65 né
600 890 92 65 à
636 890 202 65 Montech
765 890 368 65 (Tarn

211 952 88 65 —
247 952 124 65 35,
317 952 124 65 rue
388 952 124 65 des
459 952 230 65 Abbesses,
618 952 141 65 Paris.

441 1040 188 81 2306
592 1040 151 81 Portrait
705 1040 75 81 de
743 1040 88 81 Mme
793 1040 75 81 la
831 1040 151 81 marquise
944 1040 75 81 de
969 1040 163 81 Belleville.

439 1102 150 53 2307
559 1102 60 53 La
579 1102 110 53 Flamenca.

441 1148 150 56 2308
561 1148 60 56 La
581 1148 110 56 Macarona.

437 1195 170 57 2309
573 1195 136 57 Souvenir
664 1195 136 57 d’Espagne.

442 1241 160 58 2310
570 1241 96 58 Après
634 1241 64 58 le
666 1241 74 58 bal
698 1241 138 58 (portrait).

439 1286 187 67 2311
588 1286 75 67 La
626 1286 112 67 femme
700 1286 87 67 aux
738 1286 137 67 chardons.

445 1333 102 55 2312
520 1333 54 55 Repos.

441 1375 189 68 2313
593 1375 151 68 Portrait
706 1375 76 68 de
744 1375 88 68 Mme
795 1375 76 68 la
832 1375 151 68 marquise
946 1375 76 68 de
971 1375 164 68 Belleville.

180 1564 213 63 LARRUE
329 1564 341 63 (Guillaume),
606 1564 128 63 né
671 1564 107 63 à
713 1564 277 63 Bordeaux.
927 1564 107 63 —
969 1564 149 63 11,
1033 1564 107 63 rue

217 1612 351 71 Jacques-Boyceau,
498 1612 228 71 Versailles.

256 1702 258 69 *2314
466 1702 161 69 Retour
579 1702 97 69 du
611 1702 129 69 lycée.

258 1750 251 55 *2315
462 1750 94 55 La
510 1750 141 55 porte
604 1750 94 55 de
651 1750 236 55 l’Orangerie
839 1750 79 55 à
855 1750 204 55 Versailles.

258 1804 254 52 *2316
464 1804 95 52 Un
512 1804 143 52 jeune
591 1804 159 52 écolier.

258 1853 246 56 *2317
458 1853 92 56 La
488 1853 139 56 dictée.
