1450 2253
574 244 109 79 —
618 244 153 79 145
683 244 66 79 —

184 340 107 77 LE
238 340 142 77 BEAU
327 340 232 77 (Alcide),
505 340 107 77 né
558 340 89 77 à
594 340 214 77 Lorient.
754 340 89 77 —
790 340 125 77 45,
861 340 125 77 rue
932 340 107 77 de
986 340 107 77 la
1021 340 125 77 Tour,

203 393 140 55 Paris.

450 451 184 73 2378
597 451 110 73 Matin
670 451 110 73 calme
743 451 86 73 sur
792 451 73 73 le
817 451 110 73 Trieux.

452 512 156 54 2379
577 512 94 54 Effet
639 512 62 54 de
670 512 115 54 contres
743 512 73 54 jour.

452 560 181 56 2380
597 560 121 56 Entrée
681 560 72 56 du
718 560 97 56 port
778 560 60 56 à
790 560 121 56 Loguioy.

451 602 177 51 2381
593 602 106 51 Marée
664 602 106 51 basse
734 602 59 51 à
746 602 118 51 Loguioy.

449 651 188 49 2382
600 651 138 49 Lumière
700 651 100 49 pâle
763 651 88 49 sur
800 651 176 49 Saint

452 694 183 60 2383
598 694 134 60 Clartés
696 694 73 60 du
732 694 110 60 matin
793 694 159 60 (Suresnes).

454 742 168 60 2384
588 742 78 60 Les
633 742 134 60 falaises
734 742 67 60 du
756 742 101 60 Trieux.

455 787 165 70 2385
587 787 77 70 Aux
631 787 88 70 îles
675 787 110 70 Chausey.

191 895 157 81 LEBEL
295 895 245 81 (Gustave),
488 895 105 81 né
540 895 87 81 à
575 895 175 81 Paris.
697 895 87 81 —
732 895 122 81 81,
802 895 175 81 avenue
925 895 105 81 de
960 895 192 81 Villiers,

209 958 139 60 Paris.

459 1019 149 74 2386
578 1019 60 74 La
608 1019 109 74 falaise
678 1019 119 74 (Étretat).

456 1078 165 59 2387
588 1078 99 59 Marée
655 1078 99 59 basse
710 1078 132 59 (Étretat).

455 1128 186 56 2388
603 1128 112 56 Lever
678 1128 74 56 de
715 1128 124 56 soleil
802 1128 74 56 en
827 1128 136 56 montagne.

455 1169 202 84 2389
616 1169 81 84 La
657 1169 121 84 porte
737 1169 135 84 d’aval
832 1169 189 84 (Étretat),
980 1169 189 84 appartient
1115 1169 40 84 à

487 1220 122 59 M.
527 1220 122 59 L...

461 1252 155 73 2390
585 1252 104 73 Retour
657 1252 62 73 de
678 1252 83 73 pêche.

455 1307 206 63 2391
620 1307 192 63 L’aiguille
771 1307 124 63 verte
854 1307 165 63 (matin),
977 1307 192 63 appartient
1115 1307 41 63 à

486 1358 117 56 M.
524 1358 156 56 Q...).

457 1398 198 51 2392
615 1398 92 51 Fin
668 1398 211 51 d’après-midi
840 1398 92 51 sur
893 1398 79 51 le
919 1398 172 51 Mont

457 1451 178 63 2393
599 1451 95 63 Soir
659 1451 154 63 d’automne
766 1451 130 63 (Savoie).

193 1558 114 77 LE
250 1558 208 77 CHARLES
401 1558 227 77 (Henri),
572 1558 114 77 né
629 1558 95 77 à
667 1558 284 77 Châteauneuf
894 1558 284 77 (Charente).
1102 1558 57 77 —

230 1619 127 70 78,
303 1619 237 70 Grand’Rue
485 1619 91 70 à
521 1619 273 70 Saint-Mandé
721 1619 182 70 (Seine).

271 1693 255 57 *2394
478 1693 96 57 Le
526 1693 128 57 pont
606 1693 255 57 d’Austerlitz
798 1693 207 57 (peinture).

290 1744 242 48 2325
483 1744 226 48 Crépuscule
660 1744 177 48 d’hiver
789 1744 113 48 sur
854 1744 97 48 la
902 1744 161 48 Seine,
1015 1744 145 48 effet
1096 1744 64 48 de

489 1791 162 61 brume
579 1791 234 61 (peinture).

272 1820 256 96 *2396
480 1820 96 96 Le
528 1820 144 96 Béarn
609 1820 224 96 (aquarelle).

990 1902 81 47 7
