1450 2253
675 258 113 79 —
721 258 158 79 146
788 258 68 79 —

386 348 250 71 2397
587 348 184 71 Croquis
720 348 184 71 d’après
854 348 167 71 nature
970 348 184 71 (études
1104 348 100 71 au
1137 348 117 71 vapo-

588 408 228 61 risateur).
751 408 195 61 Aquarelle.

368 458 272 64 *2398
589 458 255 64 Crépuscule,
793 458 187 64 panneau
930 458 221 64 décoratif
1083 458 170 64 (velours

587 503 151 72 peint
688 503 101 72 au
722 503 269 72 vaporisateur).

291 602 341 67 LECUIT-MONROY
572 602 220 67 (Paul),
732 602 120 67 né
792 602 100 67 à
832 602 200 67 Paris.
972 602 100 67 —
1012 602 120 67 4,
1053 602 200 67 faubourg

328 656 110 65 du
383 656 201 65 Temple,
511 656 146 65 Paris.

386 700 250 80 2399
586 700 100 80 La
636 700 133 80 paix
720 700 117 80 des
770 700 150 80 champs.

368 767 248 56 *2400
555 767 155 56 Liseuse.

369 817 262 53 *2401
582 817 131 53 Sous
664 817 131 53 bois
729 817 213 53 méridional.

368 854 265 50 *2402
584 854 149 50 Vieux
684 854 232 50 presbytère
866 854 133 50 près
932 854 133 50 Dreux.

370 900 270 57 *2403
590 900 203 57 Environs
741 900 101 57 de
775 900 152 57 Toulon.

370 948 264 53 *2404
584 948 99 53 La
633 948 132 53 cote
716 948 165 53 d’azur
831 948 132 53 près
897 948 148 53 Toulon.

369 998 265 57 *2405
584 998 165 57 Nature
684 998 132 57 morte.

368 1044 267 56 *2406
569 1044 184 56 Ménagère.

294 1133 222 92 LEDOGARD
461 1133 259 92 (Georges),
665 1133 111 92 né
720 1133 93 92 à
757 1133 352 92 Jouy-le-Moutier
1035 1133 222 92 (Seine-

333 1199 162 71 Oise).
446 1199 81 71 —
478 1199 113 71 52,
543 1199 113 71 rue
608 1199 210 71 Laffitte,
754 1199 129 71 Paris.

371 1269 271 57 *2407
591 1269 136 57 Côte
676 1269 102 57 du
727 1269 237 57 Valhermeil
897 1269 203 57 (automne).

372 1313 258 63 *2408
581 1313 129 63 Côte
662 1313 97 63 du
710 1313 225 63 Valhermeil
871 1313 129 63 (été).

372 1371 257 44 *2409
581 1371 144 44 Bords
677 1371 96 44 de
725 1371 161 44 l’Oise
821 1371 161 44 (hiver).

390 1413 241 54 2410
583 1413 144 54 Bords
679 1413 96 54 de
727 1413 160 54 l’Oise
823 1413 241 54 (brouillard).

373 1447 269 67 *2411
591 1447 151 67 Bords
692 1447 101 67 de
743 1447 168 67 l’Oise
860 1447 84 67 à
877 1447 151 67 Auvers.

374 1496 255 65 *2412
581 1496 143 65 Petit
677 1496 159 65 jardin
772 1496 191 65 (automne).

375 1544 259 49 *2413
585 1544 145 49 Rouen
682 1544 113 49 (le
747 1544 113 49 pré
811 1544 97 49 au
844 1544 145 49 loups).

374 1591 265 65 *2414
590 1591 100 65 La
640 1591 149 65 Seine
739 1591 83 65 à
773 1591 149 65 Rouen
872 1591 100 65 le
905 1591 133 65 matin.

297 1680 125 73 LE
360 1680 313 73 FAUCONNIER,
610 1680 125 73 né
673 1680 104 73 à
715 1680 209 73 Hesdin
861 1680 418 73 (Pas-de-Calais).
1195 1680 63 73 —

342 1744 114 66 19,
407 1744 114 66 rue
456 1744 180 66 Visconti.

376 1796 260 92 *2415
587 1796 130 92 Coin
668 1796 98 92 de
717 1796 211 92 boulevard
880 1796 146 92 après
961 1796 179 92 l’averse.

376 1859 250 64 *2416
580 1859 219 64 L’Institut
752 1859 125 64 dans
830 1859 94 64 le
862 1859 203 64 brouillard.
