1450 2253
570 252 115 94 —
616 252 161 94 147
685 252 69 94 —

453 357 186 76 2417
601 357 149 76 L’église
700 357 310 76 Saint

451 407 183 64 2418
597 407 146 64 L’abside
707 407 73 64 de
731 407 159 64 Notre

451 459 179 58 2419
594 459 72 58 La
630 459 107 58 Seine
702 459 72 58 au
726 459 143 58 Pont

451 504 176 62 2420
592 504 165 62 Notre-Dame
722 504 94 62 vers
780 504 71 62 le
804 504 82 62 soir.

449 537 205 64 2421
613 537 95 64 Les
668 537 150 64 jardins
777 537 82 64 du
818 537 191 64 Luxembourg
968 537 82 64 en
995 537 109 64 hiver.

451 598 197 71 2422
609 598 79 71 Le
648 598 105 71 pont
714 598 171 71 St-Michel
845 598 79 71 et
885 598 79 71 la
911 598 237 71 Sainte

189 700 221 79 LEFEBVRE
355 700 240 79 (Joseph),
539 700 111 79 né
594 700 92 79 à
631 700 406 79 St-Pierre-en-Port.
982 700 92 79 —
1000 700 148 79 Saint-

227 759 293 67 Pierre-en-Port
455 759 342 67 (Seine

447 813 199 89 2423
606 813 146 89 Falaise
712 813 106 89 aval
778 813 80 89 de
818 813 279 89 St-Pierre-en-Fort
1044 813 106 89 (effet

480 891 105 54 de
514 891 140 54 lune).

448 916 211 73 2424
616 916 168 73 Falaises
743 916 154 73 d’amont
855 916 84 73 de
883 916 267 73 St

481 980 240 55 (brouillard
673 980 96 55 la
705 980 128 55 nuit).

449 1022 181 58 2425
594 1022 85 58 Les
642 1022 121 58 meules
727 1022 72 58 au
763 1022 109 58 clair
835 1022 72 58 de
859 1022 85 58 lune.

450 1070 197 57 2426
608 1070 118 57 Lever
687 1070 79 57 de
726 1070 105 57 lune
792 1070 92 57 sur
844 1070 79 57 la
884 1070 118 57 plage
963 1070 79 57 de
989 1070 158 57 St

461 1115 179 55 en

452 1157 144 60 2427
567 1157 86 60 Lever
625 1157 57 60 de
644 1157 67 60 lune.

447 1204 192 65 2428
601 1204 141 65 Rentrée
703 1204 77 65 du
741 1204 154 65 troupeau
857 1204 128 65 (clair
946 1204 77 65 de
972 1204 102 65 lune).

447 1254 174 50 2429
586 1254 139 50 Portrait
690 1254 69 50 de
725 1254 104 50 femme
783 1254 81 50 âgée.

448 1302 180 56 2430
592 1302 108 56 Lever
664 1302 72 56 de
701 1302 108 56 lune,
773 1302 96 56 ciel
821 1302 120 56 nuageux.

184 1414 115 73 LE
241 1414 154 73 GOFF
338 1414 231 73 (Jules),
511 1414 115 73 né
568 1414 115 73 au
626 1414 192 73 Havre.
761 1414 96 73 —
799 1414 135 73 16,
876 1414 135 73 rue
953 1414 115 73 de
991 1414 154 73 Passy,

206 1473 135 61 Paris.

447 1527 176 74 2431
588 1527 94 74 Port
647 1527 70 74 de
682 1527 164 74 Beauvoisin
800 1527 117 74 (Isère).

446 1578 192 73 2432
600 1578 153 73 Environs
715 1578 77 73 de
753 1578 153 73 Moutiers
855 1578 141 73 (Savoie).

446 1639 189 64 2433
598 1639 88 64 Rue
648 1639 88 64 des
699 1639 139 64 Perles,
800 1639 139 64 Roscoff
888 1639 164 64 (Bretagne).

444 1690 175 51 2434
584 1690 198 51 Saint-Lunaire
736 1690 152 51 (Bretagne).

445 1726 205 62 2435
609 1726 82 62 La
650 1726 219 62 Grande-Mare,
828 1726 191 62 Saint-Malo
964 1726 178 62 (Bretagne).

444 1778 191 61 2436
597 1778 153 61 Environs
711 1778 76 61 de
750 1778 140 61 Roscoff
839 1778 165 61 (Bretagne).

445 1820 190 61 2437
597 1820 114 61 Bords
673 1820 76 61 de
711 1820 76 61 la
749 1820 114 61 Rance
812 1820 165 61 (Bretagne).

445 1858 195 72 2438
601 1858 143 72 Rochers
705 1858 78 72 de
745 1858 169 72 Rothéneuf
862 1858 169 72 (Bretagne).
