1450 2253
670 321 118 73 —
717 321 141 73 14
764 321 71 73 —

487 430 278 92 Collection
715 430 180 92 Maurice
830 430 196 92 Fabre

292 501 204 81 1l
449 501 141 81 Halte
544 501 94 81 de
591 501 173 81 forains
701 501 204 81 (peinture).

293 583 201 51 12
447 583 217 51 Cueillette
618 583 108 51 des
680 583 155 51 olives
773 583 201 51 (peinture).

292 623 211 61 13
454 623 97 61 Le
503 623 179 61 facteur
633 623 130 61 (sur
714 623 130 61 fond
795 623 162 61 jaune)
893 623 211 61 (peinture),

293 680 218 80 14
461 680 100 80 La
511 680 151 80 ronde
611 680 117 80 des
678 680 251 80 prisonniers
862 680 218 80 (peinture).

591 783 224 72 Collecton
759 783 168 72 Fayet

291 858 252 73 15
485 858 233 73 Portrait
660 858 117 73 de
718 858 136 73 Van
795 858 175 73 Gogh,
912 858 136 73 dit
990 858 117 73 de
1048 858 214 73 l’homme
1184 858 58 73 à

425 921 108 64 la
479 921 144 64 pipe
551 921 234 64 (peinture).

295 964 224 64 16
467 964 103 64 Le
518 964 172 64 jardin
639 964 224 64 d’Aubigny
811 964 103 64 au
863 964 224 64 printemps
1017 964 224 64 (peinture).

297 1026 209 80 17
458 1026 112 80 Les
522 1026 193 80 chardons
650 1026 209 80 (peinture).

546 1113 257 88 Collection
757 1113 91 88 Dr
788 1113 196 88 Gachet

296 1194 223 85 18
468 1194 120 85 Les
536 1194 137 85 deux
622 1194 172 85 sœurs,
743 1194 172 85 Auvers
863 1194 137 85 1889
932 1194 223 85 (peinture).

295 1264 242 73 19
482 1264 224 73 Portrait
650 1264 112 73 du
705 1264 112 73 Dr
761 1264 186 73 Gachet
892 1264 130 73 (P.
966 1264 130 73 Van
1041 1264 186 73 Ryssel
1153 1264 93 73 des

427 1321 346 50 Indépendants),
715 1321 192 50 Auvers
849 1321 154 50 1889
926 1321 250 50 (peinture).

281 1373 246 62 20
470 1373 227 62 Portrait
641 1373 114 62 de
697 1373 132 62 Van
773 1373 170 62 Gogh,
887 1373 189 62 Auvers
1019 1373 151 62 1889
1095 1373 151 62 (pein

408 1424 144 59 ture).

280 1446 257 91 21
478 1446 217 91 Chaumes
636 1446 119 91 du
695 1446 237 91 Montcel,
873 1446 198 91 Auvers
1012 1446 158 91 1889
1091 1446 158 91 (pein

408 1527 144 56 ture).

283 1565 250 72 22
475 1565 212 72 Inspiré
630 1565 116 72 du
687 1565 212 72 tableau
841 1565 116 72 de
899 1565 135 72 Mme
957 1565 289 72 Demont

427 1624 234 60 «l’homme
602 1624 136 60 est
680 1624 117 60 en
738 1624 136 60 mer
816 1624 97 60 »
836 1624 253 60 (peinture).

284 1667 228 63 23
460 1667 123 63 Les
530 1667 246 63 Vessenots,
723 1667 175 63 Auvers
846 1667 140 63 1889
933 1667 193 63 (Dessin
1074 1667 88 63 à
1109 1667 105 63 la
1144 1667 105 63 mine

429 1726 114 53 de
486 1726 171 53 plomb
600 1726 114 53 et
657 1726 95 53 à
695 1726 114 53 la
752 1726 171 53 plume
866 1726 114 53 de
904 1726 190 53 roseau).

391 1770 177 71 24
528 1770 150 71 Dessins
637 1770 123 71 faits
719 1770 68 71 à
746 1770 136 71 Auvers
828 1770 95 71 1889.

391 1826 188 66 25
535 1826 144 66 Dessin
636 1826 116 66 fait
708 1826 72 66 à
737 1826 144 66 Auvers
824 1826 101 66 1889.

391 1862 210 62 26
552 1862 178 62 L’homme
682 1862 81 62 à
714 1862 97 62 la
762 1862 129 62 pipe
843 1862 226 62 (eau-forte
1021 1862 162 62 unique
1134 1862 97 62 de
1166 1862 81 62 Van

428 1922 188 72 Gogh,
553 1922 208 72 Auvers
678 1922 167 72 1889).
