1450 2253
700 265 113 81 —
723 265 113 81 168

316 386 180 63 MAYNE
436 386 120 63 DE
496 386 120 63 LA
556 386 180 63 CROIX
676 386 220 63 (Paul),
835 386 120 63 né
895 386 100 63 à
935 386 200 63 Paris.
1075 386 100 63 —
1115 386 140 63 31,
1175 386 100 63 rue

356 441 102 68 de
407 441 102 68 la
458 441 271 68 Faisanderie,
678 441 152 68 Paris
779 441 102 68 et
830 441 85 68 à
847 441 254 68 Ponchartrain.

398 515 271 87 *2821
618 515 118 87 Bon
686 515 169 87 cocher
804 515 118 87 bon
855 515 152 87 cheval.

419 575 190 69 2821
566 575 205 69 bis
727 575 102 69 Les
785 575 117 69 deux
844 575 161 69 méthodes.

403 633 260 53 *2822
614 633 163 53 Cheval
728 633 98 53 au
760 633 98 53 pré.

401 685 269 58 *2823
620 685 185 58 Croquis
754 685 101 58 de
788 685 168 58 chevaux.

406 733 248 52 *2824
591 733 155 52 Attente.

406 769 260 62 *2825
617 769 146 62 Chien
715 769 98 62 et
748 769 146 62 cygnes.

408 797 261 77 *2826
620 797 98 77 Le
668 797 114 77 lac
734 797 212 77 supérieur
896 797 98 77 du
929 797 163 77 Vésinet.

409 864 259 58 *2827
619 864 146 58 Bonne
700 864 130 58 prise.

410 899 260 59 *2828
621 899 97 59 Au
669 899 130 59 bois
751 899 260 59 (silhouettes
945 899 179 59 connues).

335 1025 201 97 MAZARD
475 1025 421 97 (Alphonse-Henri),
837 1025 120 97 né
897 1025 100 97 à
937 1025 201 97 Paris.
1077 1025 100 97 —
1117 1025 161 97 117,
1198 1025 100 97 rue

354 1102 484 73 Notre

436 1207 247 61 2829
633 1207 165 61 Rayons
749 1207 99 61 du
798 1207 132 61 soir
880 1207 132 61 (les
963 1207 148 61 murs,
1045 1207 198 61 S.

423 1247 248 54 *2830
625 1247 140 54 Lever
719 1247 93 54 de
765 1247 124 54 lune
843 1247 233 54 (Itteville,
1014 1247 186 54 S.

424 1293 259 64 *2831
634 1293 97 64 Le
683 1293 227 64 Pont-Royal
845 1293 162 64 (Paris).

444 1342 242 55 2832
638 1342 97 55 Au
686 1342 129 55 bord
767 1342 97 55 de
799 1342 162 55 l’étang.

444 1395 243 59 2833
622 1395 162 59 Moisson.

427 1434 257 66 *2834
636 1434 96 66 Le
684 1434 177 66 sentier
812 1434 96 66 de
860 1434 96 66 la
909 1434 161 66 Brière
1021 1434 225 66 (St-Vrain,
1182 1434 128 66 Seine

628 1484 185 52 et

431 1528 257 58 *2835
640 1528 161 58 Soleil
752 1528 96 58 du
784 1528 129 58 matin.

450 1569 243 76 2836
644 1569 114 76 Fin
709 1569 97 76 de
742 1569 162 76 journée.

360 1684 240 110 MAZIÈRES
540 1684 240 110 (Félix),
720 1684 120 110 né
780 1684 100 110 à
820 1684 300 110 Saint-Genis
1060 1684 280 110 Saintonge.
1260 1684 60 110 —

400 1776 257 65 Saint-Genis
606 1776 223 65 Saintonge
760 1776 412 65 (Charente

442 1869 274 84 *2837
664 1869 103 84 La
715 1869 137 84 mare
801 1869 120 84 aux
852 1869 154 84 ayones.
