1450 2253
198 416 418 86 MÉRODACK-JEANEAU
554 416 272 86 (Alexis),
763 416 125 86 né
825 416 105 86 à
867 416 230 86 Angers.
1035 416 105 86 —
1055 416 105 86 26,

235 468 125 81 rue
307 468 107 81 de
360 468 107 81 la
414 468 250 81 Chalonère,
592 468 161 81 Angers.

291 560 238 61 2872
481 560 190 61 Jeunesse
608 560 190 61 (fresque).

288 611 252 62 2873
490 611 135 62 Tête
574 611 101 62 de
625 611 151 62 femme
726 611 101 62 en
759 611 118 62 noir.

289 657 240 56 2874
465 657 208 56 Mélancolie.

286 699 260 63 2875
493 699 104 63 La
545 699 156 63 femme
649 699 104 63 en
684 699 138 63 rouge.

287 744 256 66 2876
491 744 136 66 Agna
560 744 136 66 Andia.

284 790 249 65 2877
484 790 100 65 Ma
534 790 133 65 sœur
600 790 183 65 (dessin).

285 836 232 73 2878
470 836 93 73 Le
516 836 201 73 capitaine
671 836 93 73 de
718 836 108 73 lit
764 836 170 73 (dessin).

283 886 258 82 2879
489 886 138 82 Tête
576 886 189 82 d’homme
696 886 224 82 (sanguine).

185 1044 199 99 MESNAGE
330 1044 362 99 (Regina-Jeanne),
638 1044 109 99 né
692 1044 91 99 à
710 1044 435 99 Montaigui

220 1117 85 89 —
254 1117 118 89 52,
322 1117 118 89 rue
389 1117 220 89 Laffitte,
558 1117 152 89 Paris
660 1117 152 89 (chez
761 1117 101 89 M.
795 1117 237 89 Barthélémy).

441 1190 206 92 2880
606 1190 82 92 Le
647 1190 151 92 sentier
757 1190 96 92 des
811 1190 164 92 pommiers
921 1190 137 92 (Somme).

442 1259 188 66 2881
592 1259 150 66 Derniers
704 1259 125 66 rayons
779 1259 125 66 (Somme).

441 1297 192 79 2882
594 1297 77 79 Le
633 1297 128 79 chemin
722 1297 115 79 creux
786 1297 217 79 (Eure

440 1351 171 59 2883
577 1351 69 59 La
611 1351 80 59 rue
657 1351 137 59 Zacharie
748 1351 114 59 (Paris).

437 1398 187 56 2884
586 1398 187 56 L’Abreuvoir
723 1398 175 56 (Normandie).

437 1436 173 71 2885
576 1436 69 71 La
611 1436 81 71 rue
657 1436 127 71 Rateaux
738 1436 115 71 (Paris).

437 1483 169 62 2886
572 1483 68 62 Le
606 1483 90 62 quai
662 1483 68 62 du
685 1483 101 62 Louvre.

436 1529 159 65 2887
563 1529 63 65 La
595 1529 106 65 pointe
669 1529 63 65 de
701 1529 63 65 la
722 1529 74 65 Cité.

169 1685 188 87 MESPLÉ
301 1685 338 87 (Paul-Victor),
582 1685 113 87 né
639 1685 94 87 à
676 1685 244 87 Toulouse.
864 1685 94 87 —
902 1685 131 87 rue
958 1685 169 87 Sainte-

205 1752 212 83 Eulalie,
365 1752 177 83 Condom
489 1752 195 83 (Gers).
630 1752 159 83 Élève
736 1752 106 83 de
790 1752 195 83 l’École
931 1752 124 83 des
984 1752 142 83 Beaux-

201 1795 167 73 Arts,
294 1795 205 73 Toulouse.

257 1883 239 74 2888
448 1883 127 74 Vues
528 1883 96 74 de
560 1883 175 74 Biarritz.
