1450 2253
214 350 204 82 MEUNIER
363 350 315 82 (Paul-Henri),
622 350 111 82 né
678 350 93 82 à
715 350 185 82 Paris.
844 350 93 82 —
882 350 130 82 16,
956 350 130 82 rue
1030 350 111 82 de
1067 350 111 82 Cha-

253 421 171 62 zelles,
361 421 124 62 Paris.

479 501 186 69 2907
627 501 87 69 Sur
677 501 74 69 la
714 501 124 69 plage,
800 501 74 69 au
838 501 124 69 soleil
912 501 136 69 couchant.

479 561 180 76 2908
623 561 72 76 La
659 561 120 76 cabane
744 561 72 76 du
768 561 132 76 douanier.

483 602 106 59 2909
560 602 78 59 L’église.

481 646 131 65 2910
586 646 61 65 Les
613 646 88 65 Viottes.

478 677 193 76 2911
632 677 128 76 Chemin
722 677 180 76 descendant
864 677 64 76 à
889 677 77 76 la
928 677 90 76 mer
966 677 206 76 (Villerville).

477 743 204 79 2912
641 743 82 79 La
682 743 136 79 maison
777 743 82 79 du
818 743 123 79 garde
900 743 123 79 (parc
981 743 82 79 de
1009 743 163 79 St

214 882 341 86 MICHAUD-COMTE
495 882 161 86 (Mme
595 882 221 86 Marie),
756 882 140 86 née
836 882 100 86 à
876 882 181 86 Lyon.
996 882 100 86 —
1037 882 120 86 8,
1077 882 100 86 rue

250 960 109 49 de
304 960 109 49 la
359 960 382 49 Grande-Chaumière,
668 960 145 49 Paris.

290 1029 263 65 *2913
503 1029 197 65 Bretonne
651 1029 213 65 attendant
815 1029 98 65 le
864 1029 164 65 retour
979 1029 98 65 du
1012 1029 164 65 pêcheur.

290 1092 268 56 *2914
508 1092 301 56 Correspondance
742 1092 167 56 tardive.

290 1143 257 58 *2915
498 1143 128 58 Tête
563 1143 160 58 d’étude.

213 1302 201 49 MIGNON
354 1302 241 49 (Jules),
534 1302 121 49 né
595 1302 100 49 à
635 1302 201 49 Angers
775 1302 422 49 (Maine-et-Loire).
1117 1302 60 49 —

256 1356 120 61 17,
325 1356 120 61 rue
393 1356 120 61 des
462 1356 447 61 Immeubles-Industriels,
840 1356 138 61 Paris.

479 1438 162 56 2916
609 1438 130 56 Portrait
706 1438 65 56 de
739 1438 76 56 Mme
771 1438 65 56 C...

478 1487 202 56 2917
639 1487 94 56 Les
693 1487 202 56 Coquelicots
841 1487 296 56 (Montigny

477 1536 215 46 2918
648 1536 86 46 La
691 1536 115 46 mare
763 1536 100 46 aux
820 1536 143 46 Quinze
920 1536 143 46 (forêt
1021 1536 86 46 de
1049 1536 129 46 Fontai

488 1577 189 55 nebleau.

476 1615 202 84 2919
637 1615 148 84 Sentier
745 1615 81 84 de
785 1615 81 84 la
826 1615 256 84 Gorge-aux-Loups
1041 1615 135 84 (forêt
1122 1615 54 84 de

492 1667 306 57 Fontainebleau).

476 1696 195 75 2920
632 1696 130 75 Soleil
723 1696 78 75 du
762 1696 117 75 matin
840 1696 104 75 dans
905 1696 91 75 les
944 1696 117 75 champs.

478 1753 197 63 2921
636 1753 145 63 Au-long
741 1753 132 63 rocher
833 1753 132 63 (forêt
925 1753 79 63 de
951 1753 224 63 Fontainebleau).

480 1804 177 65 2922
622 1804 106 65 Effet
692 1804 153 65 d’automne
798 1804 118 65 (étude).

478 1852 180 74 2923
622 1852 96 74 Bébé
682 1852 132 74 endormi
765 1852 168 74 (aquarelle).
