1450 2253
606 280 112 73 —
650 280 157 73 175
718 280 67 73 —

297 357 257 71 *2942
506 357 144 71 Plage
602 357 96 71 de
650 357 225 71 Saint-Malo
810 357 225 71 (aquarelle).

312 428 243 44 2943
506 428 114 44 Une
571 428 130 44 rue,
652 428 81 44 à
685 428 146 44 Dreux
766 428 227 44 (aquarelle).

313 469 237 57 2944
503 469 111 57 Sur
566 469 111 57 les
629 469 142 57 bords
724 469 95 57 du
771 469 126 57 Loir
834 469 174 57 (dessin).

311 514 233 51 2945
498 514 109 51 Sur
560 514 93 51 la
607 514 171 51 Bièvre,
732 514 78 51 à
763 514 140 51 Paris
841 514 202 51 (peinture).

290 558 296 82 *2946
530 558 111 82 La
585 558 185 82 Bièvre
715 558 111 82 au
770 558 222 82 quartier
937 558 129 82 des
992 558 185 82 Gobelins

492 605 217 59 (peinture).

309 642 238 73 2947
500 642 95 73 Le
547 642 191 73 désordre
674 642 207 73 (peinture).

213 765 231 90 MILLIARY
386 765 212 90 (Paul),
540 765 116 90 né
598 765 96 90 à
637 765 193 90 Paris.
771 765 96 90 —
810 765 116 90 7,
868 765 135 90 rue
926 765 250 90 André

236 815 135 59 Paris.

293 871 244 76 *2948
491 871 107 76 Une
552 871 198 76 éclaircie
689 871 168 76 (pastel).

307 942 271 63 2949
523 942 144 63 Soir
614 942 235 63 d’automne
794 942 217 63 (coucher
956 942 108 63 de
993 942 180 63 soleil),

489 983 177 59 (pastel).

308 1012 239 79 2950
499 1012 191 79 Portrait
643 1012 96 79 de
690 1012 96 79 M.
738 1012 127 79 R...
802 1012 175 79 (fusain):

212 1140 207 76 MINARTZ
363 1140 207 76 (Tony).
513 1140 94 76 —
551 1140 132 76 37,
626 1140 132 76 rue
701 1140 245 76 Fontaine,
871 1140 150 76 Paris.

308 1212 239 64 2951
499 1212 96 64 La
547 1212 175 64 comédie
675 1212 96 64 de
723 1212 96 64 la
755 1212 175 64 terrasse.

307 1273 239 47 2952
498 1273 95 47 Le
530 1273 270 47 divertissement,

306 1319 250 53 2953
507 1319 100 53 Le
540 1319 150 53 domino.

306 1363 249 61 2954
506 1363 100 61 La
556 1363 133 61 dame
639 1363 100 61 en
672 1363 116 61 noir.

309 1405 247 61 2955
489 1405 247 61 Armenonville.

306 1453 246 60 2956
503 1453 99 60 La
536 1453 214 60 romancière.

306 1501 241 59 2957
499 1501 80 59 A
515 1501 193 59 l’Olympia.

212 1600 185 96 MONIER
341 1600 258 96 (Camille),
544 1600 111 96 né
599 1600 92 96 à
636 1600 295 96 Montpellier.
876 1600 92 96 —
913 1600 185 96 Sanary
1023 1600 148 96 (Var),

248 1665 151 62 Villa
332 1665 185 62 Bellevue.

287 1736 250 63 *2958
490 1736 187 63 L’église
631 1736 265 63 Saint-Gervais
834 1736 156 63 (Paris).

285 1773 265 73 *2959
501 1773 166 73 Chemin
617 1773 100 73 de
667 1773 100 73 la
717 1773 149 73 Cride
800 1773 182 73 (Sanary).

286 1830 257 66 *2960
495 1830 177 66 L’étang
624 1830 161 66 d’Osne
720 1830 209 66 (Senlisse).

285 1878 252 66 *2961
490 1878 221 66 Port-Issol
648 1878 173 66 (Sanary).
