1450 2253
583 277 111 52 —
627 277 156 52 181
694 277 67 52 —

194 365 263 51 NEUMEISTER
401 365 300 51 (Geneviève),
644 365 131 51 née
720 365 94 51 à
738 365 413 51 Coulanges

231 415 213 62 (Yonne).
391 415 89 62 —
427 415 124 62 34,
498 415 178 62 avenue
622 415 107 62 de
675 415 107 62 la
729 415 266 62 République,
924 415 142 62 Paris.

289 477 226 59 3061
470 477 151 59 Fleurs
575 477 90 59 et
605 477 136 59 fruits.

288 532 248 55 3062
487 532 215 55 Jacinthes
652 532 99 55 et
685 532 182 55 anémones.

194 668 220 48 NICOLAS
354 668 400 48 (Auguste-Jules),
693 668 120 48 né
753 668 100 48 à
793 668 200 48 Brest.
933 668 100 48 —
973 668 180 48 Place
1073 668 80 48 de

236 716 359 61 l’Isle-de-Kerléan,
529 716 131 61 Brest.

294 789 230 59 3063
477 789 107 59 Les
539 789 168 59 raisins
646 789 199 59 (peinture).

294 841 235 64 3064
482 841 157 64 Études
577 841 172 64 (dessin).

198 970 224 65 NICOLET
360 970 265 65 (Gaston),
564 970 122 65 né
625 970 102 65 à
666 970 203 65 Paris.
808 970 102 65 —
849 970 163 65 133,
930 970 224 65 boulevard

239 1028 196 54 Pereire,
369 1028 131 54 Paris.

296 1103 231 50 3065
481 1103 93 50 La
527 1103 139 50 vague
620 1103 154 50 (effet
728 1103 93 50 de
759 1103 123 50 soir).

295 1148 244 47 3066
490 1148 179 47 Récolte
620 1148 98 47 du
669 1148 163 47 varech
783 1148 81 47 à
799 1148 179 47 Gouville.

298 1196 222 47 3067
461 1196 148 47 Reflets.

297 1243 243 49 3068
475 1243 129 49 Calme.

296 1284 236 54 3069
485 1284 94 54 Le
532 1284 142 54 havre
627 1284 94 54 de
658 1284 205 54 Blainville.

297 1329 253 50 3070
499 1329 135 50 Coin
583 1329 101 50 du
634 1329 219 50 Pont-Neuf
786 1329 168 50 (matin).

298 1375 223 53 3071
477 1375 134 53 Effet
566 1375 89 53 de
596 1375 134 53 soleil.

298 1422 239 57 3072
489 1422 175 57 Coucher
616 1422 95 57 de
648 1422 143 57 soleil.

203 1549 213 54 NOBLOT
352 1549 277 54 (Marcel),
564 1549 128 54 né
628 1549 106 54 à
671 1549 191 54 Metz.
798 1549 106 54 —
841 1549 149 54 18,
926 1549 234 54 impasse
1075 1549 85 54 du

242 1596 178 66 Maine,
349 1596 143 66 Paris.

470 1677 177 54 3073
612 1677 118 54 Moulin
694 1677 94 54 dans
753 1677 71 54 la
777 1677 106 54 Creuse.

469 1727 166 53 3074
602 1727 89 53 Mare
658 1727 89 53 dans
713 1727 67 53 la
735 1727 100 53 Creuse.

475 1772 110 49 3075
556 1772 74 49 Dessins.

469 1814 188 52 3076
620 1814 138 52 Paysage
720 1814 75 52 vu
758 1814 88 52 par
808 1814 88 52 une
858 1814 138 52 fenêtre
946 1814 125 52 (Paris).

470 1857 194 76 3077
625 1857 142 76 Paysage
728 1857 78 76 vu
767 1857 90 76 par
819 1857 90 76 une
871 1857 142 76 fenêtre
961 1857 142 76 (Creuse).
