1450 2253
383 348 256 79 *3158
591 348 112 79 Les
639 348 144 79 gerbes.

384 417 259 54 *3159
595 417 162 54 Entrée
708 417 97 54 de
741 417 114 54 parc.

384 459 257 56 *3160
593 459 145 56 Étude
689 459 96 56 de
722 459 96 56 blé.

383 507 259 58 *3161
593 507 162 58 Jardin
706 507 178 58 (matin,
820 507 129 58 mars).

401 553 235 61 3062
590 553 157 61 Jardin
700 553 173 61 (matin,
809 553 126 61 juin).

384 600 249 66 *3063
586 600 155 66 Jardin
680 600 155 66 (neige).

306 751 213 74 PAILLER
460 751 367 74 (Pierre-Henri),
770 751 116 74 né
827 751 97 74 à
866 751 232 74 Poitiers
1040 751 251 74 (Vienne).
1214 751 58 74 —

343 825 124 64 39,
414 825 141 64 quai
502 825 124 64 des
573 825 371 64 Grands-Augustins,
873 825 141 64 Paris.

383 902 262 64 *3164
596 902 98 64 Au
645 902 180 64 dessert
776 902 180 64 (nature
891 902 147 64 morte).

382 957 253 59 *3165
588 957 95 59 Le
635 957 158 59 lièvre
746 957 174 59 (nature
857 957 142 59 morte).

399 1005 262 59 3166
608 1005 122 59 Les
678 1005 175 59 pommes
801 1005 192 59 (nature
941 1005 192 59 morte).
1063 1005 210 59 Appartient

599 1049 84 61 à
633 1049 101 61 M.
683 1049 185 61 Francis
801 1049 269 61 Vielé

382 1085 279 67 *3167
608 1085 174 67 Pommes
730 1085 192 67 (nature
852 1085 157 67 morte).

383 1143 258 47 *3168
593 1143 97 47 Le
641 1143 145 47 petit
738 1143 194 47 déjeuner
884 1143 178 47 (nature
997 1143 145 47 morte).

384 1170 263 77 *3169
597 1170 181 77 Légumes
729 1170 99 77 et
778 1170 230 77 ustensiles
959 1170 99 77 de
1009 1170 181 77 cuisine
1124 1170 148 77 (nature

582 1232 172 59 morte).

384 1272 255 65 *3170
591 1272 111 65 Les
639 1272 175 65 pivoines.

383 1325 258 68 *3171
593 1325 113 68 Les
657 1325 145 68 vieux
754 1325 258 68 châtaigniers
964 1325 97 68 en
1012 1325 145 68 hiver
1093 1325 177 68 (Creuse).

305 1492 220 59 PAILLET
465 1492 280 59 (Fernand),
685 1492 120 59 né
745 1492 100 59 à
785 1492 180 59 Niotr
885 1492 320 59 (Deux

343 1546 104 63 6,
395 1546 225 63 boulevard
568 1546 104 63 de
620 1546 190 63 Clichy,
741 1546 138 63 Paris.

402 1622 248 69 3172
601 1622 149 69 Effet
700 1622 99 69 du
749 1622 165 69 matin,
865 1622 83 69 à
881 1622 215 69 Fontarabie.

403 1681 240 52 3173
595 1681 144 52 Effet
691 1681 96 52 du
739 1681 144 52 soir,
835 1681 80 52 à
851 1681 208 52 Saint

401 1728 241 53 3174
577 1728 193 53 Tentation.

403 1773 230 57 3175
586 1773 168 57 Réverie
694 1773 168 57 (pastel).

399 1823 250 55 3176
599 1823 133 55 Dans
682 1823 117 55 mon
749 1823 167 55 jardin
849 1823 233 55 (aquarelle).

402 1867 246 59 3177
599 1867 131 59 Dans
681 1867 115 59 mon
747 1867 164 59 jardin
845 1867 230 59 (aquarelle).
