1450 2253
193 407 787 91 DESIGNATION

160 646 261 54 ACHENBACH
360 646 321 54 (Gabrielle),
621 646 140 54 née
701 646 100 54 à
741 646 220 54 Nucourt
881 646 241 54 (Seine-

203 692 169 53 Oise).
321 692 84 53 –
355 692 101 53 12
405 692 135 53 bis,
490 692 118 53 rue
557 692 202 53 Vineuse,
692 692 135 53 Paris.

259 788 166 52 1
384 788 97 52 Une
426 788 153 52 écolière.

259 829 168 53 2
385 829 154 53 Vieille
482 829 154 53 paysanne.

263 876 171 55 3
391 876 142 55 Nature
476 876 114 55 morte.

251 927 185 53 4
390 927 155 53 Nature
482 927 124 53 morte.

260 967 179 57 5
394 967 89 57 Un
439 967 149 57 chalet
543 967 119 57 dans
617 967 89 57 le
647 967 164 57 Kienthal.

258 1011 182 52 6
394 1011 91 52 Le
440 1011 106 52 lac
500 1011 91 52 de
531 1011 136 52 Thorme.

268 1062 183 50 7
405 1062 183 50 L'église
542 1062 91 50 de
572 1062 213 50 Reichenbach.

161 1178 170 53 ADOUR
275 1178 265 53 (Pauline),
482 1178 132 53 née
558 1178 95 53 à
596 1178 189 53 Paris.
728 1178 95 53 –
766 1178 132 53 19,
842 1178 132 53 rue
898 1178 227 53 d'Enghien,

185 1230 148 52 Paris.

265 1304 142 57 8
360 1304 130 57 Fillette.

264 1351 184 57 9
402 1351 92 57 La
447 1351 123 57 dune
524 1351 92 57 et
570 1351 123 57 vent
647 1351 92 57 de
677 1351 92 57 mer.

235 1402 202 50 10
374 1402 155 50 Automne.

241 1439 198 59 11
393 1439 92 59 La
439 1439 153 59 grève,
531 1439 198 59 impression.

236 1483 204 55 12
394 1483 189 55 Automne,
535 1483 126 55 sous
598 1483 110 55 bois.

236 1537 177 52 13
372 1537 82 52 La
400 1537 122 52 vallée.

236 1583 210 53 14
397 1583 194 53 Automne,
526 1583 210 53 impression.

203 1738 103 68 (1)
262 1738 236 68 L’astérisque
454 1738 133 68 placé
543 1738 74 68 à
572 1738 118 68 côté
646 1738 103 68 des
705 1738 162 68 numéros
823 1738 162 68 indique
941 1738 103 68 les
1000 1738 148 68 œuvres
1089 1738 44 68 à

158 1796 143 42 vendre.

206 1826 83 50 On
248 1826 111 50 peut
317 1826 83 50 se
358 1826 180 50 procurer,
497 1826 83 50 au
538 1826 208 50 Secrétariat
704 1826 83 50 de
746 1826 235 50 l’Exposition,
939 1826 111 50 tous
1008 1826 97 50 les
1050 1826 83 50 ren-

177 1873 214 49 seignements
348 1873 214 49 nécessaires
520 1873 71 49 à
548 1873 157 49 l’achat
663 1873 100 49 des
720 1873 186 49 ouvrages,
863 1873 114 49 prix
934 1873 100 49 des
991 1873 143 49 œuvres
1077 1873 57 49 et

177 1906 169 66 adresses
304 1906 99 66 des
346 1906 141 66 auteurs.
