1450 2253
693 285 111 83 —
737 285 156 83 196
804 285 67 83 —

305 374 185 91 POZIER
434 374 277 91 (Jacinthe),
655 374 111 91 né
711 374 92 91 à
748 374 185 91 Paris.
877 374 92 91 —
914 374 203 91 Eragny,
1062 374 129 91 par
1117 374 148 91 Gisors

320 437 166 77 (Eure).

381 505 271 68 *3349
602 505 102 68 Le
652 505 187 68 brûleur
788 505 204 68 d’herbes
941 505 85 68 à
958 505 305 68 Éragny

384 560 268 46 *3350
602 560 101 46 La
652 560 168 46 Cavée,
770 560 84 46 à
786 560 302 46 Éragny

402 601 248 61 3351
600 601 99 61 Le
649 601 165 61 givre,
765 601 83 61 à
781 601 297 61 Éragny

403 637 246 70 3352
599 637 147 70 Place
697 637 98 70 de
746 637 196 70 l’Église
894 637 82 70 à
926 637 229 70 Bazincourt
1090 637 131 70 (Eure)

405 685 246 68 3353
602 685 148 68 Bords
700 685 99 68 de
749 685 164 68 l’Epte
864 685 82 68 à
897 685 230 68 Bazincourt
1061 685 148 68 (Eire).

405 736 236 63 3354
594 736 173 63 Falaise
720 736 79 63 à
735 736 236 63 Varengeville.

404 781 267 71 3355
618 781 107 71 Le
671 781 178 71 moulin
796 781 196 71 Limbour
938 781 89 71 à
956 781 214 71 Pont

314 915 200 68 PRINCE
454 915 280 68 (Georges),
674 915 120 68 né
734 915 100 68 à
774 915 200 68 Paris.
915 915 100 68 —
955 915 120 68 4,
1015 915 140 68 rue
1075 915 200 68 Tardieu,

336 969 139 56 Paris.

587 1030 147 61 3356
705 1030 108 61 Huîtres
783 1030 59 61 et
803 1030 88 61 fleurs.

588 1085 149 52 3357
707 1085 99 52 Pêches
777 1085 60 52 et
797 1085 99 52 raisins.

585 1131 167 51 3358
718 1131 145 51 Violettes
830 1131 67 51 et
852 1131 111 51 mimosas.

592 1176 127 57 3359
685 1176 85 57 Légumes.

587 1223 168 54 3360
721 1223 112 54 Études
800 1223 67 54 de
823 1223 123 54 paysages.

591 1263 174 61 3361
730 1263 104 61 Buste
800 1263 104 61 Welly
858 1263 162 61 (aquarelle).

591 1310 157 73 3362
716 1310 136 73 Violettes
810 1310 146 73 (aquarelle).

326 1422 208 100 PRUNIER
477 1422 246 100 (Gaston),
666 1422 113 100 né
723 1422 113 100 au
780 1422 189 100 Havre.
912 1422 95 100 —
950 1422 132 100 24,
1025 1422 132 100 rue
1082 1422 208 100 Dombasle,

349 1495 141 66 Paris.

595 1560 186 58 3363
744 1560 74 58 La
781 1560 99 58 baie
843 1560 87 58 des
893 1560 161 58 Trépassés
1004 1560 174 58 (aquarelle).

592 1607 198 59 3364
750 1607 79 59 La
790 1607 106 59 côte
856 1607 79 59 de
896 1607 79 59 la
935 1607 132 59 Pointe
1028 1607 79 59 du
1067 1607 92 59 Raz
1107 1607 185 59 (aquarelle).

594 1655 191 56 3365
747 1655 153 56 Chantier
862 1655 77 56 de
900 1655 204 56 construction
1053 1655 179 56 (aquarelle).

598 1695 188 64 3366
749 1695 75 64 Le
787 1695 88 64 Pic
837 1695 75 64 de
874 1695 75 64 la
912 1695 151 64 Bonaïgue
1012 1695 176 64 (aquarelle).

597 1744 203 56 3367
760 1744 162 56 Dimanche
881 1744 81 56 au
922 1744 230 56 Point-du-Jour
1097 1744 176 56 (peinture).

600 1789 198 59 3368
758 1789 92 59 Aux
811 1789 237 59 Champs-Élysées
996 1789 171 59 (peinture).

596 1834 200 61 3369
756 1834 93 61 Aux
809 1834 240 61 Champs-Élysées
996 1834 173 61 (peinture).

600 1886 199 71 3370
759 1886 93 71 Aux
812 1886 238 71 Champs-Élysées
997 1886 172 71 (peinture).
