1450 2253
688 291 118 80 —
736 291 142 80 18
783 291 71 80 —

291 369 180 76 AGARD
411 369 279 76 (Charles),
630 369 120 76 né
690 369 100 76 à
730 369 220 76 Nontron
890 369 299 76 (Dordogne).
1129 369 100 76 —
1149 369 100 76 23,

331 435 231 71 boulevard
509 435 337 71 Gouvion-St-Cyr,
775 435 142 71 Paris.

372 502 222 68 *15
547 502 95 68 Le
595 502 159 68 retour
706 502 95 68 de
754 502 95 68 la
785 502 191 68 promenade.

373 555 209 55 *16
537 555 194 55 L’étroite
686 555 149 55 vallée
776 555 194 55 (Limousin).

372 602 207 60 *17
535 602 148 60 Nature
639 602 133 60 morte
713 602 163 60 (fruits).

374 650 214 60 *18
542 650 92 60 Le
587 650 153 60 chemin
694 650 92 60 de
725 650 153 60 l’usine.

394 691 199 64 19
547 691 184 64 Portrait
685 691 92 64 de
731 691 107 64 Mme
793 691 92 64 A.
839 691 169 64 (1904).
946 691 46 64 .

394 742 198 57 20
546 742 183 57 Portrait
684 742 92 57 de
729 742 107 57 Mme
790 742 92 57 A.
821 742 137 57 (1899).

395 792 206 49 21
553 792 158 49 Herbes
664 792 206 49 fleuries,
822 792 222 49 appartient
996 792 79 49 à
1028 792 95 49 M.
1060 792 158 49 Bélugon.

398 834 175 69 22
519 834 108 69 Étude.

302 940 194 92 AGUTTES
444 940 283 92 (Georgette),
674 940 124 92 née
744 940 88 92 à
780 940 177 92 Paris.
903 940 88 92 —
939 940 124 92 11,
1009 940 124 92 rue
1063 940 194 92 Cauchois,

321 1008 139 65 Paris.

398 1068 194 67 23
547 1068 104 67 Les
607 1068 194 67 peupliers
756 1068 89 67 au
785 1068 194 67 brouillard.

400 1128 184 54 24
542 1128 128 54 L’ile
627 1128 113 54 sous
697 1128 85 54 le
726 1128 184 54 brouillard.

400 1177 189 59 25
545 1177 87 59 Le
588 1177 203 59 brouillard
748 1177 87 59 se
777 1177 102 59 lève.

383 1219 217 56 *26
553 1219 93 56 La
599 1219 139 56 femme
692 1219 77 56 à
708 1219 170 56 l’orange.

382 1269 219 50 *27
554 1269 188 50 Danseuse
695 1269 219 50 s’exerçant
867 1269 156 50 devant
977 1269 94 50 la
1008 1269 125 50 glace.

384 1309 222 58 *28
559 1309 190 58 Danseuse
701 1309 159 58 debout
812 1309 95 58 au
844 1309 127 58 repos.

384 1363 221 47 *29
558 1363 158 47 Genève
668 1363 95 47 le
715 1363 142 47 matin
810 1363 95 47 au
841 1363 205 47 brouillard.

402 1414 216 51 30
569 1414 150 51 Forêt
668 1414 100 51 du
718 1414 166 51 Signal
835 1414 100 51 de
885 1414 200 51 Lausanne
1034 1414 100 51 en
1068 1414 166 51 automne.

310 1521 195 78 ALBERT
447 1521 274 78 (Adolphe),
662 1521 117 78 né
721 1521 98 78 à
760 1521 195 78 Paris.
897 1521 98 78 —
936 1521 137 78 42,
1014 1521 137 78 rue
1073 1521 195 78 Fontaine

330 1592 139 50 Paris.

389 1649 204 60 *31
550 1649 87 60 Le
594 1649 146 60 soleil
696 1649 160 60 dissipe
812 1649 87 60 le
841 1649 190 60 brouillard.

388 1696 232 61 *32
570 1696 99 61 Le
620 1696 232 61 brouillard
802 1696 132 61 bleu
885 1696 99 61 du
934 1696 149 61 matin
1033 1696 99 61 en
1067 1696 198 61 septembre.

390 1752 211 57 *33
555 1752 135 57 Bords
646 1752 90 57 de
676 1752 120 57 Seine.

390 1798 208 56 *34
553 1798 89 56 La
583 1798 178 56 débutante.

392 1839 206 60 *35
554 1839 88 60 Le
599 1839 133 60 petit
672 1839 133 60 Andely.

410 1886 196 65 36
561 1886 151 65 Fruits
652 1886 181 65 d’automne.
