1450 2253
746 320 154 68 200
812 320 66 68 —

407 406 250 67 3429
607 406 150 67 Ferme
707 406 200 67 lombarde
840 406 233 67 (aquarelle).

392 466 259 55 *3430
602 466 97 55 Le
651 466 130 55 quai
732 466 97 55 de
780 466 194 55 Bougival
910 466 162 55 (pastel.

316 573 169 74 RATEL
429 573 245 74 (Edmond),
617 573 113 74 né
674 573 94 74 à
711 573 263 74 Vincennes.
918 573 94 74 —
956 573 151 74 103,
1050 573 132 74 rue
1125 573 113 74 de
1163 573 113 74 Vau-

353 623 180 68 girard,
467 623 131 68 Paris.

394 678 248 58 *3431
595 678 201 58 Intérieur
750 678 139 58 d’une
827 678 217 58 teinturerie.

410 733 239 51 3432
601 733 207 51 Intérieur
760 733 143 51 d’une
840 733 207 51 mégisserie.

394 767 265 60 *3433
609 767 116 60 Fin
676 767 99 60 du
725 767 149 60 jour,
824 767 83 60 à
858 767 165 60 Nangis
957 767 314 60 (Seine

412 833 236 42 3434
601 833 126 42 Coin
679 833 94 42 de
727 833 126 42 cour
805 833 94 42 au
837 833 141 42 soleil.

395 871 255 56 *3435
602 871 96 56 La
650 871 143 56 porte
746 871 96 56 du
778 871 143 56 jardin.

395 919 256 45 *3436
603 919 96 45 La
651 919 160 45 Bièvre
763 919 128 45 dans
843 919 160 45 Paris,
955 919 112 45 rue
1019 919 112 45 des
1067 919 208 45 Cordeliers.

410 957 261 54 3437
618 957 122 54 Une
688 957 156 54 cour,
792 957 104 54 le
844 957 156 54 soir,
948 957 87 54 à
983 957 243 54 Ouistreham
1156 957 122 54 (Cal

593 1005 162 53 vados).

321 1094 191 82 RATIER
455 1094 230 82 (Louis),
627 1094 115 82 né
685 1094 96 82 à
723 1094 249 82 Toulouse.
914 1094 96 82 —
953 1094 134 82 47,
1029 1094 249 82 boulevard
1201 1094 77 82 de

359 1167 183 60 Clichy,
476 1167 133 60 Paris.

415 1221 245 65 3438
611 1221 147 65 Orage
709 1221 180 65 pendant
840 1221 98 65 la
873 1221 114 65 nuit.

414 1274 253 55 3439
616 1274 101 55 Le
667 1274 152 55 poëte
751 1274 202 55 abandonné.

414 1322 236 56 3440
603 1322 142 56 Rayon
698 1322 95 56 de
729 1322 142 56 soleil.

414 1353 248 66 3441
613 1353 182 66 Pochade
745 1353 199 66 (paysage
894 1353 199 66 environs
1043 1353 99 66 de
1076 1353 149 66 Paris).

324 1461 147 73 RÉAL
416 1461 239 73 (Daniel),
599 1461 110 73 né
655 1461 92 73 à
691 1461 202 73 Guîtres
839 1461 257 73 (Gironde).
1041 1461 92 73 —
1078 1461 129 73 12,
1151 1461 129 73 rue
1206 1461 74 73 du

362 1530 366 63 Moulin-de-Beurre,
658 1530 139 63 Paris.

418 1585 237 55 3442
608 1585 110 55 Rue
671 1585 95 55 de
718 1585 189 55 village,
860 1585 95 55 le
892 1585 126 55 matin.

417 1635 249 62 3443
617 1635 150 62 Temps
700 1635 166 62 d’orage.

418 1682 240 57 3444
610 1682 128 57 Pont
690 1682 128 57 sous
754 1682 112 57 bois.

420 1728 228 61 3445
602 1728 137 61 Bords
694 1728 91 61 de
724 1728 137 61 l’isle.

420 1781 243 54 3446
614 1781 113 54 Vue
679 1781 97 54 de
711 1781 162 54 Guîtres.

421 1825 218 56 3447
582 1825 146 56 Prairie.

421 1873 228 63 3448
588 1873 198 63 Sentinelle.

420 1915 242 73 3449
597 1915 161 73 Hussard.
