1450 2253
651 299 120 69 —
675 299 120 69 204

278 375 116 87 ROBERTY
363 375 127 87 (André),
458 375 63 87 né
490 375 53 87 à
511 375 106 87 Paris.
585 375 53 87 –
606 375 63 87 3,
638 375 95 87 place
691 375 137 87 Constantin-

309 443 230 55 Pecqueur,
469 443 142 55 Paris.

349 491 253 72 *3509
555 491 142 72 Jeune
650 491 142 72 fille
729 491 174 72 accoudée.

350 546 248 60 *3510
535 546 155 60 Réverie.

350 592 248 58 *3511
552 592 155 58 Petite
645 592 140 58 rousse.

367 643 255 48 3512
571 643 153 48 Jeune
656 643 136 48 femme.

353 683 247 57 *3513
553 683 93 57 Le
584 683 139 57 jardin.

353 726 253 61 *3514
558 726 126 61 Dans
637 726 95 61 le
669 726 142 61 jardin.

353 774 267 50 *3515
570 774 150 50 Étuce
671 774 100 50 de
704 774 167 50 paysage.

353 820 265 63 *3516
568 820 149 63 Étude
668 820 99 63 de
701 820 165 63 paysane.

279 900 163 66 ROBIN
388 900 454 66 (Maurice-Louis-Ange),
787 900 109 66 né
842 900 91 66 à
878 900 182 66 Paris.
1005 900 91 66 —
1041 900 127 66 83,
1114 900 127 66 rue
1168 900 73 66 de

318 955 175 57 Paris,
422 955 367 57 Boulogne

375 998 243 72 3517
569 998 97 72 La
617 998 146 72 quoti
714 998 162 72 lienne
828 998 194 72 banlieue
957 998 210 72 (peinture).

359 1056 257 54 *3518
568 1056 96 54 La
616 1056 112 54 rue
680 1056 161 54 Misère
776 1056 177 54 (dessin).

360 1085 262 68 *3519
572 1085 213 68 Tryptique
736 1085 115 68 des
802 1085 196 68 chariots
933 1085 196 68 (dessin)..

377 1143 263 56 3520
588 1143 175 56 Hommes
710 1143 193 56 couchés
851 1143 158 56 (deux
938 1143 193 56 dessins).

360 1192 282 46 *3521
590 1192 176 46 Hommes
713 1192 194 46 couchés
854 1192 159 46 (deux
942 1192 194 46 dessins).

364 1241 253 60 *3522
569 1241 174 60 Dessins
680 1241 142 60 divers.

382 1289 236 57 3523
571 1289 110 57 Les
634 1289 220 57 funéraires
807 1289 141 57 (cinq
885 1289 173 57 dessins).

367 1335 254 65 *3524
574 1335 111 65 Une
637 1335 111 65 rue
685 1335 175 65 (dessin).

292 1412 231 87 ROBINEAU
465 1412 423 87 (Edouard-Gabriel),
830 1412 115 87 né
888 1412 96 87 à
926 1412 192 87 Paris.
1061 1412 96 87 —
1099 1412 115 87 5,
1138 1412 115 87 quai

330 1469 105 60 de
383 1469 264 60 Montebello,
576 1469 141 60 Paris.

442 1527 178 54 Études
567 1527 143 54 dans
656 1527 107 54 la
710 1527 161 54 forêt
817 1527 107 54 de
853 1527 285 54 Fontainebleau:

389 1567 233 58 3525
576 1567 171 58 Sentier
684 1567 264 58 (Plaine

390 1614 243 59 3526
584 1614 97 59 La
633 1614 114 59 mer
698 1614 97 59 de
730 1614 130 59 sable.

392 1660 249 53 3527
592 1660 100 53 La
641 1660 149 53 raare
741 1660 116 53 aux
791 1660 149 53 Quinze.

393 1707 256 58 3528
598 1707 137 58 Dans
683 1707 102 58 le
717 1707 239 58 Long

393 1748 243 58 3529
587 1748 97 58 Un
636 1748 162 58 fourré
749 1748 97 58 de
798 1748 97 58 la
830 1748 243 58 Plaine

397 1798 231 52 3530
581 1798 92 52 La
627 1798 246 52 Plaine-Verte
827 1798 154 52 (effet
935 1798 92 52 de
966 1798 138 52 pluie).

397 1842 241 58 3531
590 1842 96 58 La
638 1842 113 58 mer
702 1842 96 58 de
734 1842 129 58 sable.

399 1894 238 62 3532
589 1894 143 62 Route
684 1894 95 62 en
716 1894 127 62 forêt.
