1450 2253
588 291 111 63 —
632 291 156 63 205
699 291 67 63 —

197 355 364 102 ROCHEFOUCAULD
497 355 257 102 (Antoine
689 355 129 102 de
754 355 171 102 La),
861 355 129 102 né
925 355 107 102 à
968 355 214 102 Paris.
1097 355 64 102 —

242 426 118 61 19,
310 426 118 61 rue
377 426 254 61 d’Offémont,
564 426 135 61 Paris.

295 504 231 65 3533
480 504 139 65 Saint
572 504 154 65 Pierre
680 504 108 65 est
742 504 154 65 appelé
850 504 77 65 à
865 504 216 65 l’apostolat.

627 562 114 47 «Et
692 562 146 47 Jésus
789 562 114 47 dit
854 562 81 47 à
886 562 276 47 Simon-Pierre:
1097 562 65 47 Ne

601 597 167 52 «crains
722 597 152 52 point!
829 597 198 52 Désormais
981 597 91 52 ce
1026 597 122 52 sont
1087 597 76 52 des

600 640 185 38 «hommes
735 640 118 38 que
802 640 101 38 tu
836 640 202 38 prendras.»

684 673 131 64 SAINT
772 673 116 64 LUC,
844 673 131 64 chap.
932 673 87 64 V,
975 673 145 64 verset
1062 673 73 64 10.

496 723 254 56 Décoration
695 723 181 56 murale
822 723 272 56 appartenant
1039 723 91 56 à
1057 723 109 56 l’é-

496 775 151 59 glise
597 775 268 59 Saint-Pierre
814 775 100 59 et
865 775 234 59 Saint-Paul
1049 775 100 59 de
1082 775 84 59 Mé-

498 819 182 65 nilles,
631 819 182 65 diocèse
746 819 182 65 d’Evreux.

204 937 169 74 RODO.
317 937 94 74 —
354 937 131 74 18,
430 937 207 74 impasse
580 937 113 74 du
636 937 188 74 Maine,
749 937 150 74 Paris.

469 1022 193 60 3534
624 1022 77 60 La
663 1022 129 60 maison
753 1022 77 60 du
791 1022 116 60 garde
869 1022 129 60 (effet
959 1022 77 60 de
985 1022 103 60 neige)

473 1074 144 58 3535
589 1074 86 58 Bords
646 1074 58 58 de
666 1074 86 58 l’Oise.

472 1120 177 48 3536
614 1120 71 48 La
649 1120 82 48 rue
696 1120 118 48 Thiers
779 1120 59 48 à
790 1120 130 48 Harffeur.

471 1157 190 61 3537
623 1157 76 61 La
662 1157 114 61 place
738 1157 76 61 de
776 1157 76 61 la
814 1157 152 61 Fontaine
928 1157 63 61 à
941 1157 139 61 Harfleur.

471 1210 187 53 3538
620 1210 75 53 La
657 1210 174 53 Grande-Rue
794 1210 62 53 à
807 1210 137 53 Harfieur.

471 1259 158 56 3539
598 1259 84 56 Clos
640 1259 105 56 normand.

473 1302 165 56 3540
605 1302 132 56 Pommiers
693 1302 99 56 (étude)

477 1350 127 61 3541
569 1350 110 61 Aquarelles.

211 1461 160 94 ROGER
318 1461 249 94 (Georges),
513 1461 107 94 né
567 1461 89 94 à
602 1461 213 94 Orléans.
762 1461 89 94 —
798 1461 124 94 65,
869 1461 124 94 rue
940 1461 107 94 de
975 1461 196 94 Grenelle,

233 1525 135 52 Paris.

473 1575 204 82 3542
637 1575 123 82 Notes
719 1575 82 82 de
759 1575 136 82 voyage
855 1575 150 82 (Savoie
964 1575 82 82 et
991 1575 177 82 Normandie).

477 1649 189 48 3543
629 1649 126 48 Église
717 1649 252 48 Saint-Christophe
931 1649 63 48 à
957 1649 126 48 Taggia
1032 1649 139 48 (Italie).

475 1695 209 46 3544
642 1695 125 46 Fermé
726 1695 70 46 à
754 1695 321 46 St-Martin-le-Hébert
1019 1695 153 46 (Manche).

477 1739 183 63 3545
623 1739 73 63 Le
660 1739 110 63 Ponty
733 1739 122 63 (bords
819 1739 73 63 du
843 1739 122 63 Loiret).

479 1782 165 58 3546
611 1782 77 58 Les
655 1782 99 58 bords
721 1782 66 58 du
743 1782 99 58 Loiret.

477 1821 192 67 3547
630 1821 89 67 Les
682 1821 115 67 bords
758 1821 77 67 de
796 1821 77 67 la
835 1821 115 67 Seine
911 1821 64 67 à
924 1821 115 67 Vernon.

479 1870 189 75 3548
631 1870 88 75 Les
681 1870 114 75 bords
757 1870 76 75 de
795 1870 76 75 la
833 1870 114 75 Seine
909 1870 63 75 à
921 1870 114 75 Vernon.
