1450 2253
704 259 98 56 206

281 333 210 83 ROPION
428 333 440 83 (Hugues-Fernand),
805 333 126 83 né
868 333 105 83 à
910 333 272 83 Bordeaux.
1119 333 105 83 —
1140 333 105 83 59,

321 395 178 68 avenue
446 395 107 68 de
499 395 160 68 Saxe,
588 395 143 68 Paris.

547 468 194 85 3549
702 468 129 85 Palais
793 468 78 85 de
831 468 181 85 Monssarate
974 468 65 85 à
999 468 129 85 Cintra
1077 468 168 85 (Portugal).

550 527 171 61 3550
686 527 103 61 Étude
755 527 103 61 (dans
812 527 148 61 l’Hérault).

548 573 200 59 3551
708 573 160 59 Ruisseau
828 573 174 59 (premiers
962 573 120 59 jours
1028 573 174 59 d’automne).

549 619 173 50 3552
688 619 81 50 Une
734 619 115 50 ruelle
815 619 58 50 à
826 619 139 50 Saunières.

545 668 210 68 3553
713 668 168 68 Souvenir
839 668 126 68 d’une
922 668 140 68 course
1020 668 84 68 de
1062 668 168 68 taureaux
1174 668 70 68 aux

575 710 184 59 arènes
704 710 111 59 de
759 710 166 59 Nîmes
851 710 221 59 (pochade).

547 762 189 51 3554
699 762 113 51 Plage
774 762 76 51 de
812 762 139 51 Dafundo
900 762 164 51 (Portugal).

548 811 194 43 3555
703 811 116 43 Marée
780 811 116 43 basse
858 811 142 43 (bassin
948 811 181 43 d’Arcachon).

546 851 188 67 3556
697 851 75 67 Un
734 851 100 67 coin
797 851 75 67 de
835 851 150 67 Collares
935 851 150 67 (Portugal.

280 993 260 74 ROSENBERG
480 993 180 74 (J.),
600 993 120 74 né
660 993 100 74 à
700 993 200 74 Paris.
841 993 100 74 —
881 993 120 74 7,
941 993 140 74 rue
1001 993 240 74 Montholon,

301 1058 141 52 Paris.

544 1138 194 62 3557
699 1138 155 62 Vieilles
816 1138 181 62 marchandes
959 1138 78 62 de
984 1138 130 62 légumes.

547 1194 156 56 3558
671 1194 83 56 Coin
723 1194 62 56 de
744 1194 83 56 musée.

545 1235 193 65 3559
700 1235 90 65 Une
751 1235 116 65 salle
828 1235 77 65 de
867 1235 116 65 musée
944 1235 77 65 de
970 1235 103 65 Cluny.

545 1286 174 60 3560
685 1286 105 60 Repos
755 1286 105 60 après
824 1286 70 60 la
848 1286 116 60 journée.

280 1440 175 63 ROSLIN
402 1440 244 63 (Charles),
594 1440 105 63 né
646 1440 87 63 à
681 1440 157 63 Bercy
786 1440 210 63 (Seine).
943 1440 87 63 —
978 1440 122 63 14,
1048 1440 122 63 rue
1100 1440 140 63 Carnot

315 1491 81 68 à
347 1491 225 68 Versailles
508 1491 290 68 (Seine

372 1564 257 60 3561
578 1564 206 60 Souvenir
732 1564 103 60 du
767 1564 154 60 Morvan.

374 1621 240 60 3562
566 1621 144 60 Après
662 1621 96 60 la
710 1621 144 60 pluie
806 1621 112 60 sur
870 1621 96 60 la
918 1621 192 60 terrasse
1062 1621 96 60 de
1094 1621 144 60 l’Oran

547 1672 145 54 gerie.

372 1719 238 50 3563
562 1719 111 50 Sur
626 1719 95 50 la
673 1719 190 50 terrasse
816 1719 95 50 de
848 1719 222 50 l’Orangerie.

372 1768 236 61 3564
561 1768 110 61 Sur
624 1768 94 61 la
671 1768 189 61 terrasse
812 1768 94 61 de
844 1768 220 61 l’Orangerie.

373 1805 234 61 3565
561 1805 109 61 Sur
623 1805 94 61 la
670 1805 188 61 terrasse
811 1805 94 61 de
842 1805 219 61 l’Orangerie.

372 1856 236 57 3566
561 1856 189 57 Parterre
703 1856 142 57 d’eau
797 1856 173 57 (soleil
907 1856 189 57 couchant).
