1450 2253
205 359 125 76 SON
276 359 267 76 (Johannès),
490 359 107 76 né
544 359 89 76 à
579 359 160 76 Lyon.
686 359 89 76 —
722 359 125 76 30,
793 359 125 76 rue
864 359 232 76 Fontaine,
1025 359 142 76 Paris.

473 449 169 66 3796
608 449 68 66 Le
642 449 90 66 pont
699 449 102 66 Marie
766 449 56 66 à
778 449 90 66 Paris.

472 502 197 61 3797
630 502 132 61 Quatre
722 502 145 61 pastels
827 502 92 61 (Le
880 502 158 61 Tréport,
998 502 79 61 La
1024 502 145 61 Rochelle,

507 552 253 58 Morsalines
705 552 108 58 et
742 552 162 58 Rouen).

473 598 180 49 3798
617 598 96 49 Neuf
677 598 120 49 études
762 598 96 49 dans
822 598 72 49 le
846 598 84 49 Midi.

472 647 209 58 3799
639 647 139 58 Quatre
737 647 139 58 études
834 647 70 58 à
862 647 181 58 Dordrecht
987 647 181 58 (Hollande).

473 695 191 48 3800
626 695 127 48 Quatre
715 695 127 48 effets
804 695 76 48 du
842 695 114 48 matin
918 695 102 48 dans
969 695 102 48 l’Ain.

475 739 214 57 3801
646 739 100 57 Les
703 739 172 57 tartanes
832 739 86 57 au
875 739 129 57 repos
961 739 129 57 après
1046 739 86 57 la
1075 739 100 57 pluie

484 779 205 57 (Cannes).

470 821 207 68 3802
636 821 124 68 Trois
719 821 138 68 études
816 821 207 68 (Granville,
982 821 124 68 Rouen
1064 821 83 68 et
1092 821 83 68 Dor

488 868 180 63 drecht).

205 1009 262 70 SOULL’ARD
407 1009 242 70 (Louis),
588 1009 121 70 né
649 1009 101 70 à
689 1009 262 70 Saint-Lô.
891 1009 101 70 —
931 1009 141 70 17,
991 1009 182 70 passage

243 1058 226 70 Gourdon,
394 1058 150 70 Paris.

474 1133 182 70 3803
620 1133 134 70 L’Arche
705 1133 243 70 (Pont

473 1189 169 51 3804
608 1189 67 51 La
641 1189 101 51 Seine
709 1189 56 51 à
720 1189 146 51 Rolleboise.

475 1233 181 57 3805
620 1233 72 57 La
656 1233 109 57 Seine
729 1233 60 57 à
741 1233 217 57 Pont

472 1281 176 70 3806
613 1281 70 70 La
648 1281 105 70 Seine
718 1281 129 70 (soleil
800 1281 141 70 couchant).

469 1328 168 56 3807
603 1328 123 56 Matinée
693 1328 56 56 à
704 1328 146 56 Rolleboise.

471 1373 170 53 3808
606 1373 124 53 Matinée
697 1373 57 53 à
708 1373 147 53 Rolleboise.

472 1418 171 54 3809
609 1418 69 54 La
643 1418 137 54 Sablière
746 1418 57 54 à
757 1418 149 54 Rolleboise.

471 1461 196 67 3810
628 1461 78 67 La
667 1461 157 67 décharge
784 1461 104 67 (rue
850 1461 78 67 de
889 1461 78 67 la
928 1461 144 67 Colonie
1032 1461 65 67 à
1045 1461 118 67 Paris).

202 1596 222 76 SOUPLET
363 1596 282 76 (Fernand),
585 1596 121 76 né
645 1596 101 76 à
685 1596 201 76 Paris.
826 1596 101 76 —
867 1596 141 76 23,
947 1596 141 76 rue
1008 1596 161 76 Guyot,

226 1653 137 59 Paris.

282 1736 268 63 *3811
500 1736 168 63 Fleurs
601 1736 302 63 (chrysanthèmes).

282 1767 263 81 *3812
495 1767 165 81 Fleurs
611 1767 214 81 (cityses,
775 1767 214 81 aubépines
940 1767 99 81 et
973 1767 197 81 pommiers).

282 1830 255 58 *3813
489 1830 159 58 Fleurs
601 1830 207 58 (tulipes,
744 1830 223 58 primevères).

283 1870 259 71 *3814
493 1870 162 71 Fleurs
607 1870 162 71 (roses
720 1870 97 71 et
769 1870 162 71 fleurs
882 1870 113 71 des
931 1870 162 71 champs).
