1450 2253
645 295 114 56 —
691 295 160 56 226
759 295 69 56 —

332 378 271 52 *3931
552 378 102 52 La
603 378 152 52 route
705 378 102 52 du
739 378 152 52 moulin.

352 424 245 64 3932
548 424 131 64 Baie
629 424 196 64 bretonne
760 424 245 64 l’après

353 473 249 52 3933
553 473 133 52 Baie
636 473 199 52 bretonne
785 473 100 52 le
818 473 133 52 matin.

338 525 273 49 *3934
560 525 119 49 Une
628 525 154 49 lande
713 525 205 49 Kernéwote.

260 631 192 66 THOMAS
394 631 231 66 (Henri),
567 631 115 66 né
625 631 96 66 à
663 631 192 66 Paris.
798 631 96 66 —
837 631 173 66 Villa
952 631 192 66 Corot,
1086 631 115 66 2,
1125 631 96 66 rue

304 682 233 65 d’Arcueil,
471 682 133 65 Paris.

537 742 109 60 3935
624 742 44 60 Un
638 742 51 60 soir.

538 797 123 54 3936
636 797 49 54 Le
652 797 74 54 bassin.

533 813 189 88 3937
684 813 75 88 La
722 813 126 88 pinède
810 813 189 88 (appartient
961 813 63 88 à
986 813 75 88 M.
1011 813 101 88 L...).

536 883 173 64 3938
675 883 115 64 Square
756 883 69 64 en
779 883 127 64 Provence.

540 939 159 53 3939
668 939 74 53 Les
710 939 128 53 poiriers
795 939 96 53 rouges.

539 971 184 64 3940
686 971 135 64 L’allée
784 971 184 64 (appartient
932 971 61 64 à
956 971 74 64 M.
981 971 98 64 M...).

544 1032 145 52 3941
660 1032 58 52 De
689 1032 58 52 ma
708 1032 97 52 fenêtre.

546 1077 132 55 3942
652 1077 53 55 Le
669 1077 88 55 potager.

276 1156 198 93 THOMAS
415 1156 356 93 (Pierre-Paul),
712 1156 119 93 né
771 1156 99 93 à
811 1156 238 93 Limoges.
989 1156 99 93 —
1028 1156 139 93 40,
1107 1156 139 93 rue
1167 1156 79 93 du

320 1235 160 65 Four,
409 1235 142 65 Paris.

360 1276 277 70 *3943
585 1276 156 70 Vieux
689 1276 173 70 moulin
810 1276 87 70 à
827 1276 277 70 Châteaupordal.

362 1338 277 53 *3944
587 1338 139 53 Cour
674 1338 104 53 de
726 1338 173 53 moulin
847 1338 87 53 à
865 1338 277 53 Châteaupordal.

363 1379 266 63 *3945
580 1379 166 63 Moulin
696 1379 100 63 de
746 1379 100 63 la
796 1379 150 63 ville
895 1379 83 63 à
912 1379 266 63 Châteaupordal.

366 1428 267 60 *3946
583 1428 167 60 Entrée
700 1428 100 60 de
750 1428 117 60 rue
817 1428 83 60 à
834 1428 267 60 Châteaupordal.

366 1478 269 55 *3947
585 1478 185 55 Limoges
719 1478 151 55 (port
820 1478 101 55 du
854 1478 168 55 Naveix).

367 1526 265 56 *3948
583 1526 282 56 Bateau-lavoir
815 1526 99 56 au
864 1526 132 56 pont
931 1526 132 56 Marie.

370 1569 256 53 *3949
578 1569 128 53 Quai
658 1569 112 53 des
721 1569 208 53 Orfèvres,
865 1569 128 53 Paris.

292 1676 191 62 TIXIER
425 1676 248 62 (Daniel),
616 1676 114 62 né
673 1676 95 62 à
711 1676 305 62 Châteauroux.
959 1676 95 62 —
997 1676 133 62 51,
1054 1676 210 62 boulevard

335 1727 307 77 Saint-Jacques,
574 1727 136 77 Paris.

376 1792 244 59 *3950
574 1792 92 59 La
605 1792 153 59 lessive.

376 1837 260 57 *3951
587 1837 114 57 Les
636 1837 276 57 blanchisseuses.

378 1889 249 59 *3952
581 1889 187 59 Toilette
721 1889 93 59 de
752 1889 109 59 nuit.
