1450 2253
605 262 111 81 —
649 262 156 81 227
716 262 67 81 —

314 372 232 53 3953
499 372 93 53 Le
530 372 108 53 vent.

305 415 235 55 3954
493 415 94 55 La
525 415 172 55 causette.

306 455 249 62 3955
505 455 199 62 Brûleurs
638 455 182 62 d'herbes.

310 507 230 55 3956
494 507 92 55 La
524 507 138 55 sieste.

217 613 187 60 TORENT
348 613 243 60 (Evelio),
536 613 112 60 né
592 613 94 60 à
629 613 225 60 Badalone
798 613 262 60 (Espagne).
1004 613 94 60 –
1041 613 131 60 20,
1097 613 94 60 rue

253 670 126 55 des
325 670 215 55 Martyrs,
468 670 144 55 Paris.

308 732 251 57 3957
509 732 100 57 En
559 732 100 57 la
609 732 150 57 plaza
693 732 200 57 (Espagne).

323 777 238 57 3958
513 777 158 57 Fleurs
624 777 95 57 et
672 777 158 57 fruits
767 777 190 57 (Espagne).

316 821 258 53 3959
522 821 172 53 Fleurs
643 821 120 53 des
711 821 172 53 champs
815 821 206 53 (Espagne).

315 871 245 55 3960
510 871 163 55 Rosace
624 871 114 55 des
673 871 147 55 ruines.

314 918 252 57 3961
516 918 151 57 Avant
616 918 101 57 la
667 918 151 57 messe
751 918 218 57 (Bretagne).

309 963 245 60 3962
504 963 114 60 Sur
570 963 98 60 la
619 963 147 60 plage
700 963 212 60 (Bretagne).

312 1013 251 55 3963
513 1013 134 55 Coin
597 1013 100 55 de
647 1013 117 55 rue
697 1013 218 55 (Bretagne).

326 1051 241 61 3964
518 1051 192 61 Portrait
663 1051 96 61 de
711 1051 96 61 M.
759 1051 160 61 Alfred
871 1051 160 61 Naquet
968 1051 176 61 (fusain).

220 1157 279 69 TORNEMAN
429 1157 256 69 (Axel),
615 1157 139 69 né
685 1157 139 69 en
754 1157 232 69 Suède.
917 1157 116 69 –
964 1157 139 69 7,
1033 1157 163 69 rue
1103 1157 93 69 de

255 1216 229 52 Bagneux,
407 1216 153 52 Paris.

316 1283 239 52 3965
507 1283 95 52 La
539 1283 159 52 révolte.

315 1328 241 55 3966
508 1328 97 55 Le
540 1328 161 55 cadavre.

318 1368 241 57 3967
495 1368 128 57 Marie.

321 1415 236 55 3968
510 1415 189 55 L'enfant
652 1415 110 55 qui
715 1415 142 55 vient
809 1415 94 55 de
840 1415 142 55 naître.

346 1467 223 53 3969
525 1467 104 53 Les
569 1467 134 53 géants.

319 1508 245 52 3970
514 1508 98 52 La
547 1508 114 52 rose.

227 1619 209 64 TRAMAD,
379 1619 114 64 né
436 1619 95 64 à
474 1619 190 64 Paris.
607 1619 95 64 –
645 1619 133 64 48,
721 1619 133 64 rue
796 1619 114 64 de
853 1619 266 64 Dunkerque,
1043 1619 152 64 Paris.

318 1687 246 57 3971
514 1687 115 57 Les
580 1687 180 57 rochers
711 1687 98 57 de
743 1687 197 57 Vallièves.

316 1727 265 60 3972
529 1727 106 60 Le
582 1727 177 60 moulin
706 1727 106 60 de
741 1727 177 60 Didonne.

324 1775 255 61 3973
528 1775 119 61 Les
596 1775 153 61 dunes
697 1775 102 61 de
731 1775 272 61 Saint

342 1822 246 55 3974
538 1822 98 55 La
587 1822 164 55 pointe
702 1822 98 55 de
735 1822 131 55 Suzac.

328 1874 236 50 3975
502 1874 173 50 Pivoines.
