1450 2253
646 267 113 68 —
692 267 158 68 228
759 267 68 68 —

259 346 207 86 TRIBOUT
410 346 264 86 (Georges),
617 346 113 86 né
674 346 94 86 à
711 346 188 86 Paris.
843 346 94 86 —
881 346 113 86 5,
937 346 132 86 rue
1013 346 113 86 de
1050 346 170 86 Montre-

300 413 152 70 tout,
401 413 253 70 Saint-Cloud
587 413 304 70 (Seine

341 488 246 59 *3976
540 488 107 59 Les
586 488 169 59 inspirés.

340 541 265 50 *3977
555 541 165 50 Voyage
671 541 99 50 de
704 541 116 50 noce.

341 576 252 63 *3978
546 576 95 63 Au
594 576 142 63 clair
688 576 95 63 de
720 576 110 63 lune.

341 624 264 57 *3979
555 624 132 57 Parc
637 624 99 57 de
670 624 231 57 Saint

343 674 260 62 *3980
554 674 179 62 L’adieu
667 674 179 62 nocturne.

264 767 189 84 TROTIN
397 767 246 84 (George),
586 767 114 84 né
642 767 114 84 au
699 767 359 84 Château-du-Loir
1002 767 246 84 (Sarthe).
1172 767 57 84 —

309 834 121 79 15,
378 834 121 79 rue
447 834 191 79 Moncey,
568 834 139 79 Paris.

345 898 262 67 *3981
557 898 164 67 Soleil
672 898 196 67 couchant
819 898 147 67 (rade
918 898 98 67 de
950 898 164 67 Dinard).

347 956 253 52 *3982
553 956 111 52 Ile
601 956 158 52 Chausey.

348 1000 258 45 *3983
557 1000 322 45 Saint-Christophe
815 1000 306 45 (Indre

348 1040 258 55 *3984
558 1040 97 55 La
606 1040 161 55 Loire,
719 1040 81 55 à
735 1040 403 55 Saint

349 1091 261 54 *3985
560 1091 163 54 Soleil
675 1091 195 54 couchant
805 1091 179 54 (Fouras).

349 1138 257 56 *3986
558 1138 113 56 Les
622 1138 161 56 vases,
735 1138 80 56 à
751 1138 145 56 Fouras.

350 1181 258 58 *3987
560 1181 97 58 La
608 1181 161 58 Loire,
721 1181 81 58 à
737 1181 129 58 Tours.

351 1226 259 63 *3988
561 1226 129 63 Quai
642 1226 146 63 Henri
723 1226 81 63 IV.

271 1327 226 89 TROUBLÉ
436 1327 287 89 (Georges),
661 1327 123 89 né
723 1327 103 89 à
764 1327 205 89 Paris.
908 1327 103 89 —
949 1327 144 89 37,
1031 1327 205 89 avenue
1154 1327 82 89 du

317 1392 175 65 Roule,
421 1392 175 65 Neuilly.

353 1447 267 74 *3989
570 1447 267 74 L’enlèvement
788 1447 100 74 de
821 1447 217 74 Proserpine.

351 1496 302 74 *3990
596 1496 132 74 Les
672 1496 207 74 Nymphes
822 1496 226 74 pleurant
992 1496 113 74 la
1049 1496 151 74 mort
1124 1496 113 74 d’un

546 1554 155 53 chène.

276 1656 167 64 TURIN
388 1656 222 64 (André),
554 1656 111 64 né
610 1656 93 64 à
647 1656 185 64 Paris.
776 1656 93 64 —
813 1656 130 64 12,
887 1656 130 64 rue
961 1656 130 64 des
1017 1656 222 64 Pyramides,

304 1718 133 58 Paris.

358 1771 258 64 *3991
568 1771 81 64 A
600 1771 226 64 l’approche
777 1771 97 64 du
826 1771 129 64 soir
906 1771 113 64 sur
971 1771 97 64 le
1003 1771 129 64 Loing.

358 1824 260 57 *3992
569 1824 146 57 Meule
666 1824 97 57 au
715 1824 292 57 Petit-Groslay,
959 1824 97 57 en
991 1824 130 57 hiver.

359 1876 251 66 *3993
563 1876 157 66 Soleil
673 1876 188 66 d’hiver,
814 1876 78 66 à
830 1876 157 66 Savigny.
