1450 2253
566 244 113 71 —
612 244 158 71 231
679 244 68 71 —

188 344 118 76 VALLÉE
271 344 165 76 (Ludovic),
400 344 71 76 né
436 344 59 76 à
459 344 118 76 Paris.
542 344 59 76 –
566 344 94 76 126,
625 344 83 76 rue
660 344 106 76 d’Assas

202 393 135 60 Paris.

276 478 254 53 4027
479 478 102 53 La
530 478 135 53 dame
615 478 102 53 en
666 478 135 53 rose
750 478 152 53 (parc
852 478 271 53 Montsouris).

274 523 245 56 4028
470 523 98 56 La
519 523 180 56 pelouse
650 523 147 56 (parc
748 523 262 56 Montsouris).

274 574 245 50 4029
470 574 115 50 Les
535 574 245 50 Marronniers
732 574 147 50 (parc
830 574 262 50 Montsouris).

277 622 242 50 4030
470 622 113 50 Fin
535 622 97 50 de
583 622 177 50 journée
712 622 145 50 (parc
809 622 258 50 Montsouris).

280 659 245 53 4031
475 659 98 53 Le
524 659 147 53 matin
622 659 147 53 (parc
720 659 261 53 Montsouris).

285 707 236 55 4032
474 707 95 55 Le
522 707 173 55 Catalpa
648 707 142 55 (parc
742 707 252 55 Montsouris).

281 750 249 55 4033
481 750 100 55 La
530 750 183 55 musique
663 750 149 55 (parc
763 750 266 55 Montsouris).

310 798 219 55 4034
486 798 88 55 Le
530 798 132 55 lilas
618 798 132 55 (parc
705 798 234 55 Montsouris).

191 941 191 56 VALLEY
325 941 459 56 (Améedée-Noël-Paul),
726 941 115 56 né
784 941 96 56 à
822 941 191 56 Paris.
956 941 96 56 –
994 941 115 56 2,
1051 941 134 56 rue

218 986 183 53 Monge,
328 986 146 53 Paris.

284 1074 256 50 4035
488 1074 102 50 Au
540 1074 256 50 Luxembourg.

282 1114 242 56 4036
475 1114 97 56 Au
524 1114 129 56 bois
604 1114 97 56 de
653 1114 226 56 Vincennes.

277 1162 244 55 4037
472 1162 179 55 Paysage
602 1162 179 55 divers.

281 1210 243 58 4038
475 1210 97 58 La
524 1210 130 58 mort
605 1210 97 58 et
654 1210 97 58 le
703 1210 211 58 bucheron.

282 1255 240 53 4039
474 1255 208 53 L'ouvrier
634 1255 128 53 crée
714 1255 240 53 l'abondance
907 1255 208 53 (esquisse
1051 1255 96 53 pour

471 1306 99 52 la
520 1306 164 52 mairie
619 1306 164 52 d'Ivry).

281 1348 251 53 4040
482 1348 201 53 Portrait
633 1348 100 53 de
683 1348 134 53 Mlle
767 1348 100 53 C.
817 1348 251 53 (appartient
1018 1348 84 53 à
1052 1348 100 53 M.
1085 1348 67 53 L.

446 1391 193 53 Copin).

279 1436 255 53 4041
483 1436 204 53 Portrait
636 1436 102 53 de
687 1436 136 53 Mlle
772 1436 187 53 Suzanne
908 1436 102 53 P.
942 1436 221 53 (appartient

471 1489 96 61 à
509 1489 115 61 M.
548 1489 211 61 Pérusse).

287 1532 247 53 4042
484 1532 198 53 Portrait
633 1532 99 53 de
682 1532 132 53 Mlle
764 1532 148 53 Renée
863 1532 99 53 P.
913 1532 247 53 (appartient
1111 1532 82 53 à

487 1580 110 58 M.
523 1580 201 58 Pérusse).

195 1715 260 61 VALLOTTON
395 1715 240 61 (Féiix),
575 1715 120 61 né
635 1715 100 61 à
675 1715 260 61 Lausanne.
876 1715 100 61 —
916 1715 140 61 59,
996 1715 140 61 rue
1056 1715 100 61 des

238 1769 320 61 Belles-Feuilles,
494 1769 128 61 Paris.

274 1852 275 75 *4043
497 1852 154 75 Femme
600 1852 189 75 couchée
720 1852 223 75 (peinture).
