1450 2253
552 278 111 70 —
596 278 156 70 233
663 278 67 70 —

160 385 205 47 VALTON
304 385 411 47 (Edmond-Eugène),
654 385 123 47 né
715 385 103 47 à
756 385 205 47 Paris.
900 385 103 47 —
941 385 144 47 79,
1003 385 123 47 Fau-

201 422 159 64 bourg
307 422 106 64 du
360 422 194 64 Temple.
502 422 88 64 —
537 422 212 64 Atelier:
696 422 124 64 44,
767 422 124 64 rue
837 422 212 64 Fessart,
979 422 141 64 Paris.

432 501 161 58 4063
561 501 129 58 Portrait
657 501 64 58 de
679 501 107 58 couture.

436 550 118 57 4064
530 550 55 57 Les
554 550 55 57 âges.

432 593 181 62 4065
577 593 121 62 Fleurs
661 593 72 62 au
698 593 97 62 bord
758 593 72 62 de
782 593 121 62 l’abîme.

433 647 169 52 4066
568 647 79 52 Les
613 647 124 52 enfants
704 647 68 52 et
738 647 68 52 la
760 647 102 52 chèvre.

434 687 144 59 4067
550 687 58 59 Le
569 687 115 59 laboureur.

436 734 132 54 4068
533 734 105 54 Baigneuse.

436 781 162 53 4069
566 781 87 53 Deux
620 781 87 53 sous
674 781 65 53 de
696 781 97 53 frites.

436 825 154 63 4070
559 825 123 63 Portrait
651 825 62 63 de
672 825 113 63 l’auteur.

164 942 151 86 VAN
251 942 302 86 COPPENOLLE
488 942 302 86 (Jacques),
725 942 129 86 né
789 942 108 86 à
811 942 323 86 Montigny-

204 1015 186 58 Loing
328 1015 434 58 (Seine-et-Marne).
700 1015 103 58 —
721 1015 413 58 Montigny

189 1063 335 59 (Seine

434 1139 208 61 4071
601 1139 125 61 L’île
684 1139 83 61 du
726 1139 139 61 moulin
823 1139 69 61 à
837 1139 291 61 Montigny

435 1192 191 59 4072
588 1192 102 59 Bord
652 1192 76 59 du
690 1192 115 59 Loing
766 1192 64 59 à
779 1192 140 59 Montigny.

440 1234 159 59 4073
567 1234 64 59 Le
599 1234 95 59 Loing
663 1234 53 59 à
673 1234 85 59 Episy.

439 1276 185 62 4074
587 1276 74 62 Le
624 1276 111 62 canal
698 1276 74 62 du
735 1276 111 62 Loing
809 1276 62 62 à
821 1276 99 62 Episy.

440 1320 171 56 4075
576 1320 80 56 Les
622 1320 125 56 coteaux
713 1320 68 56 de
736 1320 137 56 Villecerf.

437 1368 189 55 4076
589 1368 88 55 Une
639 1368 126 55 entrée
728 1368 76 55 du
766 1368 139 55 village
867 1368 76 55 de
892 1368 139 55 Marlotte.

440 1416 185 57 4077
588 1416 136 57 Paysage
687 1416 74 57 au
724 1416 99 57 bord
785 1416 74 57 du
810 1416 99 57 Loing.

441 1463 153 56 4078
563 1463 61 56 Un
593 1463 92 56 effet
654 1463 61 56 de
675 1463 81 56 neige.

173 1582 137 99 VAN
252 1582 137 99 DER
330 1582 157 99 DOES
428 1582 274 99 (Gustave),
644 1582 118 99 né
703 1582 98 99 à
742 1582 118 99 La
801 1582 157 99 Haye
879 1582 255 99 (Hollande).

211 1651 92 90 —
247 1651 129 90 15,
321 1651 368 90 Schouwtjesplein,
634 1651 239 90 Heemstede
800 1651 239 90 (Hollande).

254 1725 250 80 *4079
458 1725 94 80 Le
505 1725 141 80 petit
583 1725 156 80 mercier.

253 1788 269 58 *4080
455 1788 201 58 L’automne.

257 1834 242 58 *4081
438 1834 121 58 L’été.

255 1886 264 48 *4082
469 1886 99 48 La
518 1886 165 48 maison
633 1886 99 48 de
683 1886 132 48 Piet
749 1886 181 48 Nelissen.
