1450 2253
299 376 132 73 VAN
374 376 113 73 DE
431 376 169 73 VELDE
544 376 226 73 (Louis),
713 376 113 73 né
770 376 94 73 à
807 376 188 73 Lille.
939 376 94 73 —
977 376 113 73 3,
1033 376 132 73 rue
1090 376 169 73 d’Abbe-

338 420 153 65 ville,
430 420 122 65 Paris.

566 488 146 66 4083
683 488 126 66 Intérieur
770 488 117 66 d’atelier.

561 538 197 65 4084
719 538 79 65 Le
758 538 105 65 Pont
824 538 66 65 à
837 538 355 65 Villeneuve

561 586 178 60 4085
704 586 119 60 Église
787 586 59 60 à
799 586 214 60 Auvers

558 639 210 58 4086
726 639 84 58 Le
768 639 154 58 berceau
880 639 84 58 du
922 639 182 58 Champagne
1062 639 112 58 près
1118 639 140 58 Epernay.

561 685 164 54 4087
692 685 66 54 Le
725 685 88 54 port
769 685 175 54 (Saint

558 729 196 54 4088
715 729 78 54 La
754 729 144 54 station
858 729 78 54 du
898 729 131 54 Touage
976 729 209 54 (Saint

563 775 172 57 4089
700 775 69 57 La
735 775 103 57 Seine
804 775 57 57 à
815 775 184 57 Gennevilliers.

560 820 199 69 4090
719 820 160 69 Péniches
839 820 80 69 en
879 820 186 69 réparation
1025 820 66 69 à
1038 820 213 69 Gennevilliers.

296 923 137 77 VAN
375 923 196 77 DONGEN
512 923 216 77 (Kees),
669 923 118 77 né
728 923 98 77 à
767 923 275 77 Rotterdam.
983 923 98 77 —
1023 923 137 77 10,
1081 923 177 77 Impasse

332 981 228 54 Girardon,
491 981 141 54 Paris.

563 1045 155 67 4091
687 1045 114 67 Masques
759 1045 114 67 (pastel).

557 1102 219 54 4092
732 1102 87 54 La
776 1102 175 54 descente
907 1102 102 54 aux
966 1102 146 54 Enfers
1068 1102 87 54 de
1111 1102 87 54 la
1140 1102 117 54 déesse

593 1144 166 63 Istar
703 1144 240 63 (maquette
888 1144 166 63 d’une
999 1144 259 63 décoration
1184 1144 74 63 de

591 1193 129 52 rebe
672 1193 97 52 de
704 1193 129 52 fête).

559 1239 192 57 4093
713 1239 77 57 La
751 1239 154 57 terrasse
867 1239 77 57 du
905 1239 128 57 Moulin
995 1239 77 57 de
1033 1239 77 57 la
1059 1239 128 57 Galette.

559 1283 166 56 4094
692 1283 55 56 A
714 1283 66 56 la
747 1283 100 56 porte
802 1283 100 56 Ornano.

561 1329 145 56 4095
677 1329 58 56 Un
696 1329 116 56 carrousel.

561 1374 144 56 4096
677 1374 58 56 Un
696 1374 115 56 carrousel.

560 1418 147 68 4097
678 1418 59 68 Le
697 1418 108 68 boniment.

289 1531 147 70 VAN
373 1531 273 70 HOLLEBEKE
583 1531 231 70 (l’abbé
751 1531 462 70 Alphonse-Antoine),
1151 1531 126 70 né
1193 1531 63 70 à

330 1574 238 80 Beauvais.
513 1574 92 80 —
549 1574 110 80 Au
604 1574 201 80 Becquet
732 1574 165 80 (Oise).

368 1644 251 69 *4098
573 1644 94 69 Le
604 1644 157 69 peintre.

367 1695 268 58 *4099
585 1695 101 58 Et
636 1695 101 58 le
669 1695 218 58 catéchisme»

368 1734 251 62 *4100
572 1734 94 62 La
604 1734 125 62 neige.

368 1777 246 70 *4101
568 1777 108 70 Par
629 1777 92 70 la
660 1777 123 70 pluie.

382 1831 248 57 4102
581 1831 116 57 Nos
630 1831 248 57 grands

365 1878 238 66 *4103
544 1878 134 66 Soleil.
