1450 2253
687 289 111 71 —
731 289 156 71 236
798 289 67 71 —

302 370 157 73 VERNET
412 370 173 73 (Paul),
538 370 94 73 né
585 370 79 73 à
616 370 157 73 Paris.
726 370 79 73 —
758 370 94 73 12
805 370 236 73 bis
993 370 110 73 rue
1056 370 110 73 des
1103 370 157 73 Glaises,

322 432 182 65 Viroflay.

379 501 243 67 *4118
576 501 122 67 Zinc
637 501 198 67 (Viroflay).

378 550 245 62 *4119
577 550 122 62 Zinc
638 550 199 62 (Viroflay).

379 599 247 62 *4120
580 599 124 62 Zinc
641 599 186 62 Viroflay).

377 642 253 63 *4121
583 642 111 63 Rue
646 642 111 63 des
710 642 174 63 Glaises
820 642 206 63 (Viroflay).

376 689 261 63 *4122
588 689 147 63 Route
685 689 212 63 nationale
832 689 228 63 (Viroflay)..

377 738 254 57 *4123
583 738 143 57 Route
678 738 206 57 nationale
821 738 206 57 (Viroflay).

377 782 240 61 *4124
557 782 135 61 Pastel.

378 831 241 73 *4125
559 831 135 73 Pastel.

302 952 214 64 VIALLATE
463 952 446 64 (Paul-Daniel-Ernest),
855 952 107 64 né
909 952 89 64 à
945 952 232 64 Biarritz,
1105 952 161 64 Basses-

304 1008 224 75 Pyrénées.
476 1008 86 75 —
511 1008 121 75 41,
580 1008 121 75 rue
649 1008 311 75 Saint-Georges,
891 1008 138 75 Paris.

567 1070 139 73 4126
678 1070 83 73 Étude
724 1070 102 73 (pastel).

568 1120 165 63 4127
700 1120 66 63 La
733 1120 99 63 Seine
799 1120 55 63 à
810 1120 88 63 Médan.

567 1175 151 55 4128
687 1175 60 55 La
717 1175 90 55 Seine
778 1175 50 55 à
788 1175 80 55 Triel.

569 1209 171 69 4129
706 1209 80 69 Les
751 1209 114 69 noyers
820 1209 183 69 (Vernouillet).

563 1270 179 62 4130
706 1270 107 62 Triel
778 1270 72 62 au
813 1270 107 62 lever
885 1270 72 62 de
921 1270 72 62 la
945 1270 95 62 brume.

569 1311 147 55 4131
687 1311 88 55 Effet
745 1311 59 55 du
765 1311 78 55 matin.

567 1361 177 59 4132
709 1361 71 59 Le
744 1361 94 59 pont
803 1361 71 59 de
838 1361 118 59 Triel,
921 1361 71 59 le
945 1361 94 59 matin.

566 1401 188 75 4133
717 1401 113 75 Étude
792 1401 75 75 de
829 1401 138 75 paysage
917 1401 200 75 (Vernouiilet).

303 1500 277 93 VIEILLARD,.
524 1500 92 93 —
561 1500 148 93 108,
654 1500 129 93 rue
728 1500 314 93 Caulaincourt,
968 1500 148 93 Paris.

567 1598 173 60 4134
705 1598 92 60 Loup
762 1598 69 60 au
797 1598 104 60 clair
866 1598 69 60 de
889 1598 81 60 Lune.

568 1651 171 60 4135
704 1651 91 60 Loup
761 1651 57 60 à
784 1651 68 60 la
819 1651 114 60 sortie
898 1651 68 60 du
921 1651 80 60 bois.

565 1698 193 66 4136
720 1698 77 66 Le
758 1698 103 66 loup
823 1698 77 66 et
861 1698 77 66 le
887 1698 219 66 Chaperon

572 1749 140 56 4137
684 1749 75 56 Deux
721 1749 93 56 bassets.

569 1793 144 55 4138
684 1793 77 55 Sous
732 1793 57 55 la
751 1793 96 55 hêtraie.

568 1838 170 58 4139
704 1838 91 58 Loup
761 1838 125 58 prenant
852 1838 68 58 le
874 1838 80 58 vent.

573 1889 170 67 4140
709 1889 68 67 La
743 1889 125 67 voiture
834 1889 68 67 de
856 1889 114 67 boucher.
