<alto xmlns:xsi="http://www.w3.org/2001/XMLSchema-instance" xmlns="http://www.loc.gov/standards/alto/ns-v2#" xmlns:page="http://schema.primaresearch.org/PAGE/gts/pagecontent/2013-07-15" xsi:schemaLocation="http://www.loc.gov/standards/alto/ns-v2# http://www.loc.gov/standards/alto/alto.xsd">
  <Description>
    <MeasurementUnit>pixel</MeasurementUnit>
    <sourceImageInformation>
         <fileName>239.jpg</fileName>
      </sourceImageInformation>
    <OCRProcessing ID="IdOcr">
      <ocrProcessingStep>
        <processingDateTime>2020-10-22T11:22:50.079+02:00</processingDateTime>
        <processingSoftware>
               <softwareCreator>CONTRIBUTORS</softwareCreator>
               <softwareName>pdfalto</softwareName>
               <softwareVersion>0.1</softwareVersion>
            </processingSoftware>
      </ocrProcessingStep>
    </OCRProcessing>
  </Description>
  <Styles>
     <TextStyle ID="FONT0" FONTSTYLE=""/>
     <TextStyle ID="FONT1" FONTSTYLE="bold"/>
     <TextStyle ID="FONT2" FONTSTYLE="italics"/>
</Styles>
  <Tags/>
  <Layout>
    <Page ID="Page1" PHYSICAL_IMG_NR="1" HEIGHT="2253" WIDTH="1450">
      <PrintSpace HEIGHT="2159" WIDTH="1392" VPOS="37" HPOS="58">
        <TextBlock ID="r_1_1" HEIGHT="34" WIDTH="98" VPOS="291" HPOS="640">
          <TextLine ID="tl_1" BASELINE="343" HEIGHT="78" WIDTH="110" VPOS="265" HPOS="633">
            <String HEIGHT="78" WIDTH="154" VPOS="265" HPOS="611" CONTENT="237" ID="tl_1_1" STYLEREFS="FONT0"/>
            <SP HEIGHT="78" WIDTH="22" VPOS="265" HPOS="765"/>
            <String HEIGHT="78" WIDTH="66" VPOS="265" HPOS="677" CONTENT="—" ID="tl_1_2" STYLEREFS="FONT0"/>
          </TextLine>
        </TextBlock>
        <TextBlock ID="r_2_1" HEIGHT="88" WIDTH="933" VPOS="406" HPOS="203">
          <TextLine ID="tl_2" BASELINE="456" HEIGHT="79" WIDTH="943" VPOS="377" HPOS="198">
            <String HEIGHT="79" WIDTH="216" VPOS="377" HPOS="178" CONTENT="VILLARD" ID="tl_2_1" STYLEREFS="FONT0"/>
            <SP HEIGHT="79" WIDTH="20" VPOS="377" HPOS="394"/>
            <String HEIGHT="79" WIDTH="236" VPOS="377" HPOS="336" CONTENT="(Louis)," ID="tl_2_2" STYLEREFS="FONT0"/>
            <SP HEIGHT="79" WIDTH="20" VPOS="377" HPOS="571"/>
            <String HEIGHT="79" WIDTH="118" VPOS="377" HPOS="512" CONTENT="né" ID="tl_2_3" STYLEREFS="FONT0"/>
            <SP HEIGHT="79" WIDTH="20" VPOS="377" HPOS="630"/>
            <String HEIGHT="79" WIDTH="98" VPOS="377" HPOS="571" CONTENT="à" ID="tl_2_4" STYLEREFS="FONT0"/>
            <SP HEIGHT="79" WIDTH="20" VPOS="377" HPOS="669"/>
            <String HEIGHT="79" WIDTH="216" VPOS="377" HPOS="611" CONTENT="Arpajon" ID="tl_2_5" STYLEREFS="FONT0"/>
            <SP HEIGHT="79" WIDTH="20" VPOS="377" HPOS="827"/>
            <String HEIGHT="79" WIDTH="393" VPOS="377" HPOS="768" CONTENT="(Seine-et-Ois-)." ID="tl_2_6" STYLEREFS="FONT0"/>
            <SP HEIGHT="79" WIDTH="20" VPOS="377" HPOS="1161"/>
            <String HEIGHT="79" WIDTH="59" VPOS="377" HPOS="1082" CONTENT="—" ID="tl_2_7" STYLEREFS="FONT0"/>
          </TextLine>
          <TextLine ID="tl_3" BASELINE="524" HEIGHT="80" WIDTH="368" VPOS="444" HPOS="233">
            <String HEIGHT="80" WIDTH="105" VPOS="444" HPOS="215" CONTENT="4," ID="tl_3_1" STYLEREFS="FONT0"/>
            <SP HEIGHT="80" WIDTH="18" VPOS="444" HPOS="321"/>
            <String HEIGHT="80" WIDTH="123" VPOS="444" HPOS="268" CONTENT="rue" ID="tl_3_2" STYLEREFS="FONT0"/>
            <SP HEIGHT="80" WIDTH="18" VPOS="444" HPOS="391"/>
            <String HEIGHT="80" WIDTH="193" VPOS="444" HPOS="338" CONTENT="Choron," ID="tl_3_3" STYLEREFS="FONT0"/>
            <SP HEIGHT="80" WIDTH="18" VPOS="444" HPOS="531"/>
            <String HEIGHT="80" WIDTH="140" VPOS="444" HPOS="461" CONTENT="Paris." ID="tl_3_4" STYLEREFS="FONT0"/>
          </TextLine>
        </TextBlock>
        <TextBlock ID="r_4_1" HEIGHT="39" WIDTH="356" VPOS="548" HPOS="458">
          <TextLine ID="tl_11" BASELINE="590" HEIGHT="65" WIDTH="365" VPOS="525" HPOS="453">
            <String HEIGHT="65" WIDTH="166" VPOS="525" HPOS="442" CONTENT="4141" ID="tl_11_1" STYLEREFS="FONT1"/>
            <SP HEIGHT="65" WIDTH="11" VPOS="525" HPOS="608"/>
            <String HEIGHT="65" WIDTH="111" VPOS="525" HPOS="575" CONTENT="Nature" ID="tl_11_2" STYLEREFS="FONT0"/>
            <SP HEIGHT="65" WIDTH="11" VPOS="525" HPOS="685"/>
            <String HEIGHT="65" WIDTH="100" VPOS="525" HPOS="652" CONTENT="morte" ID="tl_11_3" STYLEREFS="FONT0"/>
            <SP HEIGHT="65" WIDTH="11" VPOS="525" HPOS="752"/>
            <String HEIGHT="65" WIDTH="111" VPOS="525" HPOS="707" CONTENT="(huile)." ID="tl_11_4" STYLEREFS="FONT0"/>
          </TextLine>
        </TextBlock>
        <TextBlock ID="r_4_2" HEIGHT="40" WIDTH="334" VPOS="593" HPOS="459">
          <TextLine ID="tl_12" BASELINE="642" HEIGHT="62" WIDTH="344" VPOS="580" HPOS="454">
            <String HEIGHT="62" WIDTH="161" VPOS="580" HPOS="443" CONTENT="4142" ID="tl_12_1" STYLEREFS="FONT1"/>
            <SP HEIGHT="62" WIDTH="11" VPOS="580" HPOS="605"/>
            <String HEIGHT="62" WIDTH="118" VPOS="580" HPOS="572" CONTENT="Paysage" ID="tl_12_2" STYLEREFS="FONT0"/>
            <SP HEIGHT="62" WIDTH="11" VPOS="580" HPOS="691"/>
            <String HEIGHT="62" WIDTH="151" VPOS="580" HPOS="648" CONTENT="(aquarelle)." ID="tl_12_3" STYLEREFS="FONT0"/>
          </TextLine>
        </TextBlock>
        <TextBlock ID="r_4_3" HEIGHT="39" WIDTH="364" VPOS="639" HPOS="461">
          <TextLine ID="tl_13" BASELINE="684" HEIGHT="58" WIDTH="373" VPOS="626" HPOS="456">
            <String HEIGHT="58" WIDTH="155" VPOS="626" HPOS="446" CONTENT="4143" ID="tl_13_1" STYLEREFS="FONT1"/>
            <SP HEIGHT="58" WIDTH="10" VPOS="626" HPOS="601"/>
            <String HEIGHT="58" WIDTH="93" VPOS="626" HPOS="570" CONTENT="Effet" ID="tl_13_2" STYLEREFS="FONT0"/>
            <SP HEIGHT="58" WIDTH="10" VPOS="626" HPOS="663"/>
            <String HEIGHT="58" WIDTH="62" VPOS="626" HPOS="632" CONTENT="de" ID="tl_13_3" STYLEREFS="FONT0"/>
            <SP HEIGHT="58" WIDTH="10" VPOS="626" HPOS="694"/>
            <String HEIGHT="58" WIDTH="104" VPOS="626" HPOS="663" CONTENT="soleil" ID="tl_13_4" STYLEREFS="FONT0"/>
            <SP HEIGHT="58" WIDTH="10" VPOS="626" HPOS="767"/>
            <String HEIGHT="58" WIDTH="104" VPOS="626" HPOS="725" CONTENT="(huile)." ID="tl_13_5" STYLEREFS="FONT0"/>
          </TextLine>
        </TextBlock>
        <TextBlock ID="r_4_4" HEIGHT="85" WIDTH="476" VPOS="684" HPOS="461">
          <TextLine ID="tl_14" BASELINE="735" HEIGHT="61" WIDTH="485" VPOS="674" HPOS="456">
            <String HEIGHT="61" WIDTH="187" VPOS="674" HPOS="444" CONTENT="4144" ID="tl_14_1" STYLEREFS="FONT1"/>
            <SP HEIGHT="61" WIDTH="12" VPOS="674" HPOS="630"/>
            <String HEIGHT="61" WIDTH="75" VPOS="674" HPOS="593" CONTENT="La" ID="tl_14_2" STYLEREFS="FONT0"/>
            <SP HEIGHT="61" WIDTH="12" VPOS="674" HPOS="667"/>
            <String HEIGHT="61" WIDTH="124" VPOS="674" HPOS="630" CONTENT="Vienne" ID="tl_14_3" STYLEREFS="FONT0"/>
            <SP HEIGHT="61" WIDTH="12" VPOS="674" HPOS="754"/>
            <String HEIGHT="61" WIDTH="62" VPOS="674" HPOS="717" CONTENT="à" ID="tl_14_4" STYLEREFS="FONT0"/>
            <SP HEIGHT="61" WIDTH="12" VPOS="674" HPOS="779"/>
            <String HEIGHT="61" WIDTH="124" VPOS="674" HPOS="742" CONTENT="Chinon" ID="tl_14_5" STYLEREFS="FONT0"/>
            <SP HEIGHT="61" WIDTH="12" VPOS="674" HPOS="866"/>
            <String HEIGHT="61" WIDTH="124" VPOS="674" HPOS="817" CONTENT="(huile)." ID="tl_14_6" STYLEREFS="FONT0"/>
          </TextLine>
          <TextLine ID="tl_15" BASELINE="779" HEIGHT="57" WIDTH="378" VPOS="722" HPOS="456">
            <String HEIGHT="57" WIDTH="162" VPOS="722" HPOS="445" CONTENT="4145" ID="tl_15_1" STYLEREFS="FONT1"/>
            <SP HEIGHT="57" WIDTH="11" VPOS="722" HPOS="607"/>
            <String HEIGHT="57" WIDTH="119" VPOS="722" HPOS="575" CONTENT="Réverie" ID="tl_15_2" STYLEREFS="FONT0"/>
            <SP HEIGHT="57" WIDTH="11" VPOS="722" HPOS="694"/>
            <String HEIGHT="57" WIDTH="184" VPOS="722" HPOS="650" CONTENT="(lithographie)." ID="tl_15_3" STYLEREFS="FONT0"/>
          </TextLine>
        </TextBlock>
        <TextBlock ID="r_4_5" HEIGHT="85" WIDTH="539" VPOS="777" HPOS="458">
          <TextLine ID="tl_16" BASELINE="828" HEIGHT="55" WIDTH="549" VPOS="773" HPOS="453">
            <String HEIGHT="55" WIDTH="183" VPOS="773" HPOS="441" CONTENT="4146" ID="tl_16_1" STYLEREFS="FONT1"/>
            <SP HEIGHT="55" WIDTH="12" VPOS="773" HPOS="624"/>
            <String HEIGHT="55" WIDTH="159" VPOS="773" HPOS="587" CONTENT="Paysages," ID="tl_16_2" STYLEREFS="FONT0"/>
            <SP HEIGHT="55" WIDTH="12" VPOS="773" HPOS="746"/>
            <String HEIGHT="55" WIDTH="159" VPOS="773" HPOS="709" CONTENT="triptyque" ID="tl_16_3" STYLEREFS="FONT0"/>
            <SP HEIGHT="55" WIDTH="12" VPOS="773" HPOS="868"/>
            <String HEIGHT="55" WIDTH="183" VPOS="773" HPOS="819" CONTENT="(aquarelles)." ID="tl_16_4" STYLEREFS="FONT0"/>
          </TextLine>
          <TextLine ID="tl_17" BASELINE="879" HEIGHT="64" WIDTH="403" VPOS="815" HPOS="456">
            <String HEIGHT="64" WIDTH="168" VPOS="815" HPOS="445" CONTENT="4147" ID="tl_17_1" STYLEREFS="FONT1"/>
            <SP HEIGHT="64" WIDTH="11" VPOS="815" HPOS="613"/>
            <String HEIGHT="64" WIDTH="56" VPOS="815" HPOS="579" CONTENT="3" ID="tl_17_2" STYLEREFS="FONT0"/>
            <SP HEIGHT="64" WIDTH="11" VPOS="815" HPOS="635"/>
            <String HEIGHT="64" WIDTH="134" VPOS="815" HPOS="602" CONTENT="paysages" ID="tl_17_3" STYLEREFS="FONT0"/>
            <SP HEIGHT="64" WIDTH="11" VPOS="815" HPOS="736"/>
            <String HEIGHT="64" WIDTH="168" VPOS="815" HPOS="691" CONTENT="(aquarelles)." ID="tl_17_4" STYLEREFS="FONT0"/>
          </TextLine>
        </TextBlock>
        <TextBlock ID="r_5_1" HEIGHT="89" WIDTH="933" VPOS="979" HPOS="204">
          <TextLine ID="tl_18" BASELINE="1033" HEIGHT="68" WIDTH="942" VPOS="965" HPOS="199">
            <String HEIGHT="68" WIDTH="226" VPOS="965" HPOS="180" CONTENT="VLAMINCK" ID="tl_18_1" STYLEREFS="FONT0"/>
            <SP HEIGHT="68" WIDTH="19" VPOS="965" HPOS="406"/>
            <String HEIGHT="68" WIDTH="226" VPOS="965" HPOS="350" CONTENT="(Maurice" ID="tl_18_2" STYLEREFS="FONT0"/>
            <SP HEIGHT="68" WIDTH="19" VPOS="965" HPOS="576"/>
            <String HEIGHT="68" WIDTH="151" VPOS="965" HPOS="519" CONTENT="de)," ID="tl_18_3" STYLEREFS="FONT0"/>
            <SP HEIGHT="68" WIDTH="19" VPOS="965" HPOS="670"/>
            <String HEIGHT="68" WIDTH="113" VPOS="965" HPOS="613" CONTENT="né" ID="tl_18_4" STYLEREFS="FONT0"/>
            <SP HEIGHT="68" WIDTH="19" VPOS="965" HPOS="727"/>
            <String HEIGHT="68" WIDTH="94" VPOS="965" HPOS="670" CONTENT="à" ID="tl_18_5" STYLEREFS="FONT0"/>
            <SP HEIGHT="68" WIDTH="19" VPOS="965" HPOS="764"/>
            <String HEIGHT="68" WIDTH="188" VPOS="965" HPOS="708" CONTENT="Paris." ID="tl_18_6" STYLEREFS="FONT0"/>
            <SP HEIGHT="68" WIDTH="19" VPOS="965" HPOS="896"/>
            <String HEIGHT="68" WIDTH="94" VPOS="965" HPOS="840" CONTENT="—" ID="tl_18_7" STYLEREFS="FONT0"/>
            <SP HEIGHT="68" WIDTH="19" VPOS="965" HPOS="934"/>
            <String HEIGHT="68" WIDTH="132" VPOS="965" HPOS="877" CONTENT="21," ID="tl_18_8" STYLEREFS="FONT0"/>
            <SP HEIGHT="68" WIDTH="19" VPOS="965" HPOS="1009"/>
            <String HEIGHT="68" WIDTH="207" VPOS="965" HPOS="934" CONTENT="boulevard" ID="tl_18_9" STYLEREFS="FONT0"/>
          </TextLine>
          <TextLine ID="tl_19" BASELINE="1097" HEIGHT="79" WIDTH="565" VPOS="1018" HPOS="235">
            <String HEIGHT="79" WIDTH="120" VPOS="1018" HPOS="218" CONTENT="des" ID="tl_19_1" STYLEREFS="FONT0"/>
            <SP HEIGHT="79" WIDTH="17" VPOS="1018" HPOS="338"/>
            <String HEIGHT="79" WIDTH="171" VPOS="1018" HPOS="286" CONTENT="Ormes," ID="tl_19_2" STYLEREFS="FONT0"/>
            <SP HEIGHT="79" WIDTH="17" VPOS="1018" HPOS="458"/>
            <String HEIGHT="79" WIDTH="154" VPOS="1018" HPOS="406" CONTENT="Rueil" ID="tl_19_3" STYLEREFS="FONT0"/>
            <SP HEIGHT="79" WIDTH="17" VPOS="1018" HPOS="560"/>
            <String HEIGHT="79" WIDTH="308" VPOS="1018" HPOS="492" CONTENT="(Seine" ID="tl_19_4" STYLEREFS="FONT0"/>
          </TextLine>
        </TextBlock>
        <TextBlock ID="r_7_1" HEIGHT="77" WIDTH="676" VPOS="1120" HPOS="461">
          <TextLine ID="tl_28" BASELINE="1177" HEIGHT="80" WIDTH="683" VPOS="1097" HPOS="459">
            <String HEIGHT="80" WIDTH="186" VPOS="1097" HPOS="447" CONTENT="4148" ID="tl_28_1" STYLEREFS="FONT1"/>
            <SP HEIGHT="80" WIDTH="12" VPOS="1097" HPOS="633"/>
            <String HEIGHT="80" WIDTH="87" VPOS="1097" HPOS="596" CONTENT="Les" ID="tl_28_2" STYLEREFS="FONT0"/>
            <SP HEIGHT="80" WIDTH="12" VPOS="1097" HPOS="683"/>
            <String HEIGHT="80" WIDTH="112" VPOS="1097" HPOS="645" CONTENT="bords" ID="tl_28_3" STYLEREFS="FONT0"/>
            <SP HEIGHT="80" WIDTH="12" VPOS="1097" HPOS="757"/>
            <String HEIGHT="80" WIDTH="75" VPOS="1097" HPOS="720" CONTENT="de" ID="tl_28_4" STYLEREFS="FONT0"/>
            <SP HEIGHT="80" WIDTH="12" VPOS="1097" HPOS="794"/>
            <String HEIGHT="80" WIDTH="75" VPOS="1097" HPOS="757" CONTENT="la" ID="tl_28_5" STYLEREFS="FONT0"/>
            <SP HEIGHT="80" WIDTH="12" VPOS="1097" HPOS="832"/>
            <String HEIGHT="80" WIDTH="112" VPOS="1097" HPOS="794" CONTENT="Seine" ID="tl_28_6" STYLEREFS="FONT0"/>
            <SP HEIGHT="80" WIDTH="12" VPOS="1097" HPOS="906"/>
            <String HEIGHT="80" WIDTH="62" VPOS="1097" HPOS="869" CONTENT="à" ID="tl_28_7" STYLEREFS="FONT0"/>
            <SP HEIGHT="80" WIDTH="12" VPOS="1097" HPOS="931"/>
            <String HEIGHT="80" WIDTH="149" VPOS="1097" HPOS="894" CONTENT="Bougival" ID="tl_28_8" STYLEREFS="FONT0"/>
            <SP HEIGHT="80" WIDTH="12" VPOS="1097" HPOS="1043"/>
            <String HEIGHT="80" WIDTH="87" VPOS="1097" HPOS="1005" CONTENT="(le" ID="tl_28_9" STYLEREFS="FONT0"/>
            <SP HEIGHT="80" WIDTH="12" VPOS="1097" HPOS="1092"/>
            <String HEIGHT="80" WIDTH="99" VPOS="1097" HPOS="1043" CONTENT="quai)." ID="tl_28_10" STYLEREFS="FONT0"/>
          </TextLine>
          <TextLine ID="tl_29" BASELINE="1211" HEIGHT="56" WIDTH="442" VPOS="1155" HPOS="457">
            <String HEIGHT="56" WIDTH="174" VPOS="1155" HPOS="445" CONTENT="4149" ID="tl_29_1" STYLEREFS="FONT1"/>
            <SP HEIGHT="56" WIDTH="12" VPOS="1155" HPOS="620"/>
            <String HEIGHT="56" WIDTH="81" VPOS="1155" HPOS="585" CONTENT="«La" ID="tl_29_2" STYLEREFS="FONT0"/>
            <SP HEIGHT="56" WIDTH="12" VPOS="1155" HPOS="666"/>
            <String HEIGHT="56" WIDTH="105" VPOS="1155" HPOS="631" CONTENT="fille" ID="tl_29_3" STYLEREFS="FONT0"/>
            <SP HEIGHT="56" WIDTH="12" VPOS="1155" HPOS="736"/>
            <String HEIGHT="56" WIDTH="70" VPOS="1155" HPOS="701" CONTENT="de" ID="tl_29_4" STYLEREFS="FONT0"/>
            <SP HEIGHT="56" WIDTH="12" VPOS="1155" HPOS="771"/>
            <String HEIGHT="56" WIDTH="70" VPOS="1155" HPOS="736" CONTENT="ma" ID="tl_29_5" STYLEREFS="FONT0"/>
            <SP HEIGHT="56" WIDTH="12" VPOS="1155" HPOS="806"/>
            <String HEIGHT="56" WIDTH="128" VPOS="1155" HPOS="771" CONTENT="voisine" ID="tl_29_6" STYLEREFS="FONT0"/>
            <SP HEIGHT="56" WIDTH="12" VPOS="1155" HPOS="899"/>
            <String HEIGHT="56" WIDTH="47" VPOS="1155" HPOS="852" CONTENT="»." ID="tl_29_7" STYLEREFS="FONT0"/>
          </TextLine>
        </TextBlock>
        <TextBlock ID="r_7_2" HEIGHT="38" WIDTH="275" VPOS="1213" HPOS="464">
          <TextLine ID="tl_30" BASELINE="1257" HEIGHT="58" WIDTH="284" VPOS="1199" HPOS="460">
            <String HEIGHT="58" WIDTH="137" VPOS="1199" HPOS="451" CONTENT="4150" ID="tl_30_1" STYLEREFS="FONT1"/>
            <SP HEIGHT="58" WIDTH="9" VPOS="1199" HPOS="588"/>
            <String HEIGHT="58" WIDTH="110" VPOS="1199" HPOS="561" CONTENT="Intimité" ID="tl_30_2" STYLEREFS="FONT0"/>
            <SP HEIGHT="58" WIDTH="9" VPOS="1199" HPOS="671"/>
            <String HEIGHT="58" WIDTH="110" VPOS="1199" HPOS="634" CONTENT="(retrait)." ID="tl_30_3" STYLEREFS="FONT0"/>
          </TextLine>
        </TextBlock>
        <TextBlock ID="r_7_3" HEIGHT="85" WIDTH="681" VPOS="1258" HPOS="459">
          <TextLine ID="tl_31" BASELINE="1301" HEIGHT="48" WIDTH="691" VPOS="1253" HPOS="454">
            <String HEIGHT="48" WIDTH="212" VPOS="1253" HPOS="440" CONTENT="4151" ID="tl_31_1" STYLEREFS="FONT1"/>
            <SP HEIGHT="48" WIDTH="14" VPOS="1253" HPOS="651"/>
            <String HEIGHT="48" WIDTH="169" VPOS="1253" HPOS="609" CONTENT="«Blanche" ID="tl_31_2" STYLEREFS="FONT0"/>
            <SP HEIGHT="48" WIDTH="14" VPOS="1253" HPOS="778"/>
            <String HEIGHT="48" WIDTH="183" VPOS="1253" HPOS="736" CONTENT="tristesse" ID="tl_31_3" STYLEREFS="FONT0"/>
            <SP HEIGHT="48" WIDTH="14" VPOS="1253" HPOS="919"/>
            <String HEIGHT="48" WIDTH="71" VPOS="1253" HPOS="877" CONTENT="»" ID="tl_31_4" STYLEREFS="FONT0"/>
            <SP HEIGHT="48" WIDTH="14" VPOS="1253" HPOS="948"/>
            <String HEIGHT="48" WIDTH="183" VPOS="1253" HPOS="905" CONTENT="(banlieue" ID="tl_31_5" STYLEREFS="FONT0"/>
            <SP HEIGHT="48" WIDTH="14" VPOS="1253" HPOS="1089"/>
            <String HEIGHT="48" WIDTH="113" VPOS="1253" HPOS="1032" CONTENT="subur" SUBS_TYPE="HypPart1" SUBS_CONTENT="suburbaine" ID="tl_31_6" STYLEREFS="FONT0"/>
            <HYP CONTENT="-"/>
          </TextLine>
          <TextLine ID="tl_32" BASELINE="1348" HEIGHT="57" WIDTH="271" VPOS="1291" HPOS="493">
            <String HEIGHT="57" WIDTH="152" VPOS="1291" HPOS="476" CONTENT="baine" SUBS_TYPE="HypPart2" SUBS_CONTENT="suburbaine" ID="tl_32_1" STYLEREFS="FONT0"/>
            <SP HEIGHT="57" WIDTH="17" VPOS="1291" HPOS="629"/>
            <String HEIGHT="57" WIDTH="102" VPOS="1291" HPOS="578" CONTENT="de" ID="tl_32_2" STYLEREFS="FONT0"/>
            <SP HEIGHT="57" WIDTH="17" VPOS="1291" HPOS="679"/>
            <String HEIGHT="57" WIDTH="152" VPOS="1291" HPOS="612" CONTENT="Paris)." ID="tl_32_3" STYLEREFS="FONT0"/>
          </TextLine>
        </TextBlock>
        <TextBlock ID="r_7_4" HEIGHT="39" WIDTH="399" VPOS="1350" HPOS="464">
          <TextLine ID="tl_33" BASELINE="1396" HEIGHT="60" WIDTH="409" VPOS="1336" HPOS="459">
            <String HEIGHT="60" WIDTH="170" VPOS="1336" HPOS="448" CONTENT="4152" ID="tl_33_1" STYLEREFS="FONT1"/>
            <SP HEIGHT="60" WIDTH="11" VPOS="1336" HPOS="618"/>
            <String HEIGHT="60" WIDTH="68" VPOS="1336" HPOS="584" CONTENT="La" ID="tl_33_2" STYLEREFS="FONT0"/>
            <SP HEIGHT="60" WIDTH="11" VPOS="1336" HPOS="652"/>
            <String HEIGHT="60" WIDTH="148" VPOS="1336" HPOS="618" CONTENT="papeterie" ID="tl_33_3" STYLEREFS="FONT0"/>
            <SP HEIGHT="60" WIDTH="11" VPOS="1336" HPOS="766"/>
            <String HEIGHT="60" WIDTH="148" VPOS="1336" HPOS="720" CONTENT="(Nanterre)." ID="tl_33_4" STYLEREFS="FONT0"/>
          </TextLine>
        </TextBlock>
        <TextBlock ID="r_7_5" HEIGHT="39" WIDTH="323" VPOS="1396" HPOS="464">
          <TextLine ID="tl_34" BASELINE="1444" HEIGHT="57" WIDTH="332" VPOS="1387" HPOS="460">
            <String HEIGHT="57" WIDTH="156" VPOS="1387" HPOS="450" CONTENT="4153" ID="tl_34_1" STYLEREFS="FONT1"/>
            <SP HEIGHT="57" WIDTH="10" VPOS="1387" HPOS="605"/>
            <String HEIGHT="57" WIDTH="135" VPOS="1387" HPOS="574" CONTENT="Rusticité" ID="tl_34_2" STYLEREFS="FONT0"/>
            <SP HEIGHT="57" WIDTH="10" VPOS="1387" HPOS="709"/>
            <String HEIGHT="57" WIDTH="125" VPOS="1387" HPOS="668" CONTENT="(paysage)." ID="tl_34_3" STYLEREFS="FONT0"/>
          </TextLine>
        </TextBlock>
        <TextBlock ID="r_7_6" HEIGHT="40" WIDTH="583" VPOS="1441" HPOS="462">
          <TextLine ID="tl_35" BASELINE="1490" HEIGHT="66" WIDTH="593" VPOS="1424" HPOS="457">
            <String HEIGHT="66" WIDTH="207" VPOS="1424" HPOS="443" CONTENT="4154" ID="tl_35_1" STYLEREFS="FONT1"/>
            <SP HEIGHT="66" WIDTH="14" VPOS="1424" HPOS="650"/>
            <String HEIGHT="66" WIDTH="97" VPOS="1424" HPOS="609" CONTENT="«En" ID="tl_35_2" STYLEREFS="FONT0"/>
            <SP HEIGHT="66" WIDTH="14" VPOS="1424" HPOS="705"/>
            <String HEIGHT="66" WIDTH="138" VPOS="1424" HPOS="664" CONTENT="pleine" ID="tl_35_3" STYLEREFS="FONT0"/>
            <SP HEIGHT="66" WIDTH="14" VPOS="1424" HPOS="802"/>
            <String HEIGHT="66" WIDTH="165" VPOS="1424" HPOS="760" CONTENT="campagne" ID="tl_35_4" STYLEREFS="FONT0"/>
            <SP HEIGHT="66" WIDTH="14" VPOS="1424" HPOS="926"/>
            <String HEIGHT="66" WIDTH="69" VPOS="1424" HPOS="885" CONTENT="»" ID="tl_35_5" STYLEREFS="FONT0"/>
            <SP HEIGHT="66" WIDTH="14" VPOS="1424" HPOS="953"/>
            <String HEIGHT="66" WIDTH="152" VPOS="1424" HPOS="898" CONTENT="(Chatou)." ID="tl_35_6" STYLEREFS="FONT0"/>
          </TextLine>
        </TextBlock>
        <TextBlock ID="r_7_7" HEIGHT="30" WIDTH="554" VPOS="1488" HPOS="462">
          <TextLine ID="tl_36" BASELINE="1545" HEIGHT="73" WIDTH="563" VPOS="1472" HPOS="458">
            <String HEIGHT="73" WIDTH="188" VPOS="1472" HPOS="445" CONTENT="4155" ID="tl_36_1" STYLEREFS="FONT1"/>
            <SP HEIGHT="73" WIDTH="13" VPOS="1472" HPOS="633"/>
            <String HEIGHT="73" WIDTH="88" VPOS="1472" HPOS="596" CONTENT="Les" ID="tl_36_2" STYLEREFS="FONT0"/>
            <SP HEIGHT="73" WIDTH="13" VPOS="1472" HPOS="683"/>
            <String HEIGHT="73" WIDTH="113" VPOS="1472" HPOS="646" CONTENT="bords" ID="tl_36_3" STYLEREFS="FONT0"/>
            <SP HEIGHT="73" WIDTH="13" VPOS="1472" HPOS="758"/>
            <String HEIGHT="73" WIDTH="75" VPOS="1472" HPOS="721" CONTENT="de" ID="tl_36_4" STYLEREFS="FONT0"/>
            <SP HEIGHT="73" WIDTH="13" VPOS="1472" HPOS="796"/>
            <String HEIGHT="73" WIDTH="75" VPOS="1472" HPOS="758" CONTENT="la" ID="tl_36_5" STYLEREFS="FONT0"/>
            <SP HEIGHT="73" WIDTH="13" VPOS="1472" HPOS="833"/>
            <String HEIGHT="73" WIDTH="113" VPOS="1472" HPOS="796" CONTENT="Seine" ID="tl_36_6" STYLEREFS="FONT0"/>
            <SP HEIGHT="73" WIDTH="13" VPOS="1472" HPOS="908"/>
            <String HEIGHT="73" WIDTH="63" VPOS="1472" HPOS="871" CONTENT="à" ID="tl_36_7" STYLEREFS="FONT0"/>
            <SP HEIGHT="73" WIDTH="13" VPOS="1472" HPOS="933"/>
            <String HEIGHT="73" WIDTH="138" VPOS="1472" HPOS="883" CONTENT="Nanterre." ID="tl_36_8" STYLEREFS="FONT0"/>
          </TextLine>
        </TextBlock>
        <TextBlock ID="r_8_1" HEIGHT="94" WIDTH="934" VPOS="1639" HPOS="205">
          <TextLine ID="tl_37" BASELINE="1701" HEIGHT="89" WIDTH="943" VPOS="1612" HPOS="201">
            <String HEIGHT="89" WIDTH="236" VPOS="1612" HPOS="181" CONTENT="VUILLARD" ID="tl_37_1" STYLEREFS="FONT0"/>
            <SP HEIGHT="89" WIDTH="20" VPOS="1612" HPOS="417"/>
            <String HEIGHT="89" WIDTH="275" VPOS="1612" HPOS="358" CONTENT="(Édouard)," ID="tl_37_2" STYLEREFS="FONT0"/>
            <SP HEIGHT="89" WIDTH="20" VPOS="1612" HPOS="633"/>
            <String HEIGHT="89" WIDTH="118" VPOS="1612" HPOS="574" CONTENT="né" ID="tl_37_3" STYLEREFS="FONT0"/>
            <SP HEIGHT="89" WIDTH="20" VPOS="1612" HPOS="692"/>
            <String HEIGHT="89" WIDTH="98" VPOS="1612" HPOS="633" CONTENT="à" ID="tl_37_4" STYLEREFS="FONT0"/>
            <SP HEIGHT="89" WIDTH="20" VPOS="1612" HPOS="731"/>
            <String HEIGHT="89" WIDTH="255" VPOS="1612" HPOS="673" CONTENT="Cuiseaux." ID="tl_37_5" STYLEREFS="FONT0"/>
            <SP HEIGHT="89" WIDTH="20" VPOS="1612" HPOS="928"/>
            <String HEIGHT="89" WIDTH="98" VPOS="1612" HPOS="869" CONTENT="—" ID="tl_37_6" STYLEREFS="FONT0"/>
            <SP HEIGHT="89" WIDTH="20" VPOS="1612" HPOS="967"/>
            <String HEIGHT="89" WIDTH="157" VPOS="1612" HPOS="908" CONTENT="123," ID="tl_37_7" STYLEREFS="FONT0"/>
            <SP HEIGHT="89" WIDTH="20" VPOS="1612" HPOS="1065"/>
            <String HEIGHT="89" WIDTH="138" VPOS="1612" HPOS="1006" CONTENT="rue" ID="tl_37_8" STYLEREFS="FONT0"/>
            <SP HEIGHT="89" WIDTH="20" VPOS="1612" HPOS="1144"/>
            <String HEIGHT="89" WIDTH="79" VPOS="1612" HPOS="1065" CONTENT="de" ID="tl_37_9" STYLEREFS="FONT0"/>
          </TextLine>
          <TextLine ID="tl_38" BASELINE="1743" HEIGHT="59" WIDTH="257" VPOS="1684" HPOS="239">
            <String HEIGHT="59" WIDTH="103" VPOS="1684" HPOS="222" CONTENT="la" ID="tl_38_1" STYLEREFS="FONT0"/>
            <SP HEIGHT="59" WIDTH="17" VPOS="1684" HPOS="325"/>
            <String HEIGHT="59" WIDTH="154" VPOS="1684" HPOS="273" CONTENT="Tour," ID="tl_38_2" STYLEREFS="FONT0"/>
            <SP HEIGHT="59" WIDTH="17" VPOS="1684" HPOS="427"/>
            <String HEIGHT="59" WIDTH="137" VPOS="1684" HPOS="359" CONTENT="Paris." ID="tl_38_3" STYLEREFS="FONT0"/>
          </TextLine>
        </TextBlock>
        <TextBlock ID="r_8_2" HEIGHT="40" WIDTH="570" VPOS="1787" HPOS="298">
          <TextLine ID="tl_39" BASELINE="1837" HEIGHT="59" WIDTH="580" VPOS="1778" HPOS="293">
            <String HEIGHT="59" WIDTH="242" VPOS="1778" HPOS="277" CONTENT="4156" ID="tl_39_1" STYLEREFS="FONT1"/>
            <SP HEIGHT="59" WIDTH="16" VPOS="1778" HPOS="519"/>
            <String HEIGHT="59" WIDTH="177" VPOS="1778" HPOS="470" CONTENT="Paysage" ID="tl_39_2" STYLEREFS="FONT0"/>
            <SP HEIGHT="59" WIDTH="16" VPOS="1778" HPOS="647"/>
            <String HEIGHT="59" WIDTH="113" VPOS="1778" HPOS="599" CONTENT="des" ID="tl_39_3" STYLEREFS="FONT0"/>
            <SP HEIGHT="59" WIDTH="16" VPOS="1778" HPOS="712"/>
            <String HEIGHT="59" WIDTH="226" VPOS="1778" HPOS="647" CONTENT="Batignolles." ID="tl_39_4" STYLEREFS="FONT0"/>
          </TextLine>
        </TextBlock>
        <TextBlock ID="r_8_3" HEIGHT="32" WIDTH="539" VPOS="1833" HPOS="298">
          <TextLine ID="tl_40" BASELINE="1888" HEIGHT="68" WIDTH="549" VPOS="1820" HPOS="293">
            <String HEIGHT="68" WIDTH="242" VPOS="1820" HPOS="277" CONTENT="4157" ID="tl_40_1" STYLEREFS="FONT1"/>
            <SP HEIGHT="68" WIDTH="16" VPOS="1820" HPOS="519"/>
            <String HEIGHT="68" WIDTH="129" VPOS="1820" HPOS="471" CONTENT="Dans" ID="tl_40_2" STYLEREFS="FONT0"/>
            <SP HEIGHT="68" WIDTH="16" VPOS="1820" HPOS="600"/>
            <String HEIGHT="68" WIDTH="113" VPOS="1820" HPOS="551" CONTENT="les" ID="tl_40_3" STYLEREFS="FONT0"/>
            <SP HEIGHT="68" WIDTH="16" VPOS="1820" HPOS="664"/>
            <String HEIGHT="68" WIDTH="242" VPOS="1820" HPOS="600" CONTENT="framboisiers." ID="tl_40_4" STYLEREFS="FONT0"/>
          </TextLine>
        </TextBlock>
        <TextBlock ID="r_8_4" HEIGHT="38" WIDTH="307" VPOS="1881" HPOS="298">
          <TextLine ID="tl_41" BASELINE="1941" HEIGHT="74" WIDTH="317" VPOS="1867" HPOS="293">
            <String HEIGHT="74" WIDTH="238" VPOS="1867" HPOS="277" CONTENT="4158" ID="tl_41_1" STYLEREFS="FONT1"/>
            <SP HEIGHT="74" WIDTH="16" VPOS="1867" HPOS="515"/>
            <String HEIGHT="74" WIDTH="159" VPOS="1867" HPOS="452" CONTENT="Paysage." ID="tl_41_2" STYLEREFS="FONT0"/>
          </TextLine>
        </TextBlock>
        <GraphicalElement ID="r_9" HEIGHT="12" WIDTH="737" VPOS="43" HPOS="713"/>
        <GraphicalElement ID="r_10" HEIGHT="625" WIDTH="11" VPOS="37" HPOS="58"/>
        <GraphicalElement ID="r_11" HEIGHT="669" WIDTH="12" VPOS="670" HPOS="64"/>
        <GraphicalElement ID="r_12" HEIGHT="857" WIDTH="19" VPOS="1339" HPOS="72"/>
        <GraphicalElement ID="r_13" HEIGHT="238" WIDTH="5" VPOS="1782" HPOS="1373"/>
      </PrintSpace>
    </Page>
  </Layout>
</alto>
