<alto xmlns:xsi="http://www.w3.org/2001/XMLSchema-instance" xmlns="http://www.loc.gov/standards/alto/ns-v2#" xmlns:page="http://schema.primaresearch.org/PAGE/gts/pagecontent/2013-07-15" xsi:schemaLocation="http://www.loc.gov/standards/alto/ns-v2# http://www.loc.gov/standards/alto/alto.xsd">
  <Description>
    <MeasurementUnit>pixel</MeasurementUnit>
    <sourceImageInformation>
         <fileName>240.jpg</fileName>
      </sourceImageInformation>
    <OCRProcessing ID="IdOcr">
      <ocrProcessingStep>
        <processingDateTime>2020-10-22T11:22:50.347+02:00</processingDateTime>
        <processingSoftware>
               <softwareCreator>CONTRIBUTORS</softwareCreator>
               <softwareName>pdfalto</softwareName>
               <softwareVersion>0.1</softwareVersion>
            </processingSoftware>
      </ocrProcessingStep>
    </OCRProcessing>
  </Description>
  <Styles>
     <TextStyle ID="FONT0" FONTSTYLE=""/>
     <TextStyle ID="FONT1" FONTSTYLE="bold"/>
     <TextStyle ID="FONT2" FONTSTYLE="italics"/>
</Styles>
  <Tags/>
  <Layout>
    <Page ID="Page1" PHYSICAL_IMG_NR="1" HEIGHT="2253" WIDTH="1450">
      <PrintSpace HEIGHT="2142" WIDTH="1371" VPOS="45" HPOS="53">
        <TextBlock ID="r_1_1" HEIGHT="28" WIDTH="144" VPOS="299" HPOS="704">
          <TextLine ID="tl_1" BASELINE="346" HEIGHT="74" WIDTH="153" VPOS="272" HPOS="700">
            <String HEIGHT="74" WIDTH="109" VPOS="272" HPOS="678" CONTENT="—" ID="tl_1_1" STYLEREFS="FONT0"/>
            <SP HEIGHT="74" WIDTH="22" VPOS="272" HPOS="787"/>
            <String HEIGHT="74" WIDTH="153" VPOS="272" HPOS="722" CONTENT="238" ID="tl_1_2" STYLEREFS="FONT0"/>
            <SP HEIGHT="74" WIDTH="22" VPOS="272" HPOS="875"/>
            <String HEIGHT="74" WIDTH="66" VPOS="272" HPOS="787" CONTENT="—" ID="tl_1_3" STYLEREFS="FONT0"/>
          </TextLine>
        </TextBlock>
        <TextBlock ID="r_2_1" HEIGHT="85" WIDTH="934" VPOS="386" HPOS="310">
          <TextLine ID="tl_2" BASELINE="446" HEIGHT="83" WIDTH="945" VPOS="363" HPOS="304">
            <String HEIGHT="83" WIDTH="276" VPOS="363" HPOS="284" CONTENT="ZABOKLICKI" ID="tl_2_1" STYLEREFS="FONT0"/>
            <SP HEIGHT="83" WIDTH="20" VPOS="363" HPOS="560"/>
            <String HEIGHT="83" WIDTH="276" VPOS="363" HPOS="501" CONTENT="(Waclard)," ID="tl_2_2" STYLEREFS="FONT0"/>
            <SP HEIGHT="83" WIDTH="20" VPOS="363" HPOS="777"/>
            <String HEIGHT="83" WIDTH="118" VPOS="363" HPOS="717" CONTENT="né" ID="tl_2_3" STYLEREFS="FONT0"/>
            <SP HEIGHT="83" WIDTH="20" VPOS="363" HPOS="836"/>
            <String HEIGHT="83" WIDTH="98" VPOS="363" HPOS="777" CONTENT="à" ID="tl_2_4" STYLEREFS="FONT0"/>
            <SP HEIGHT="83" WIDTH="20" VPOS="363" HPOS="875"/>
            <String HEIGHT="83" WIDTH="236" VPOS="363" HPOS="816" CONTENT="Varsovie" ID="tl_2_5" STYLEREFS="FONT0"/>
            <SP HEIGHT="83" WIDTH="20" VPOS="363" HPOS="1052"/>
            <String HEIGHT="83" WIDTH="276" VPOS="363" HPOS="993" CONTENT="(Pologne)." ID="tl_2_6" STYLEREFS="FONT0"/>
            <SP HEIGHT="83" WIDTH="20" VPOS="363" HPOS="1269"/>
            <String HEIGHT="83" WIDTH="59" VPOS="363" HPOS="1190" CONTENT="—" ID="tl_2_7" STYLEREFS="FONT0"/>
          </TextLine>
          <TextLine ID="tl_3" BASELINE="494" HEIGHT="69" WIDTH="600" VPOS="425" HPOS="341">
            <String HEIGHT="69" WIDTH="120" VPOS="425" HPOS="324" CONTENT="51," ID="tl_3_1" STYLEREFS="FONT0"/>
            <SP HEIGHT="69" WIDTH="17" VPOS="425" HPOS="444"/>
            <String HEIGHT="69" WIDTH="223" VPOS="425" HPOS="392" CONTENT="boulevard" ID="tl_3_2" STYLEREFS="FONT0"/>
            <SP HEIGHT="69" WIDTH="17" VPOS="425" HPOS="615"/>
            <String HEIGHT="69" WIDTH="309" VPOS="425" HPOS="564" CONTENT="Saint-Jacques," ID="tl_3_3" STYLEREFS="FONT0"/>
            <SP HEIGHT="69" WIDTH="17" VPOS="425" HPOS="872"/>
            <String HEIGHT="69" WIDTH="137" VPOS="425" HPOS="804" CONTENT="Paris." ID="tl_3_4" STYLEREFS="FONT0"/>
          </TextLine>
        </TextBlock>
        <TextBlock ID="r_2_2" HEIGHT="31" WIDTH="372" VPOS="511" HPOS="383">
          <TextLine ID="tl_4" BASELINE="557" HEIGHT="72" WIDTH="383" VPOS="485" HPOS="377">
            <String HEIGHT="72" WIDTH="245" VPOS="485" HPOS="362" CONTENT="*4159" ID="tl_4_1" STYLEREFS="FONT1"/>
            <SP HEIGHT="72" WIDTH="15" VPOS="485" HPOS="607"/>
            <String HEIGHT="72" WIDTH="77" VPOS="485" HPOS="561" CONTENT="«" ID="tl_4_2" STYLEREFS="FONT0"/>
            <SP HEIGHT="72" WIDTH="15" VPOS="485" HPOS="637"/>
            <String HEIGHT="72" WIDTH="92" VPOS="485" HPOS="591" CONTENT="Le" ID="tl_4_3" STYLEREFS="FONT0"/>
            <SP HEIGHT="72" WIDTH="15" VPOS="485" HPOS="683"/>
            <String HEIGHT="72" WIDTH="123" VPOS="485" HPOS="637" CONTENT="soir" ID="tl_4_4" STYLEREFS="FONT0"/>
            <SP HEIGHT="72" WIDTH="15" VPOS="485" HPOS="760"/>
            <String HEIGHT="72" WIDTH="61" VPOS="485" HPOS="699" CONTENT="»." ID="tl_4_5" STYLEREFS="FONT0"/>
          </TextLine>
        </TextBlock>
        <TextBlock ID="r_2_3" HEIGHT="30" WIDTH="369" VPOS="558" HPOS="400">
          <TextLine ID="tl_5" BASELINE="606" HEIGHT="63" WIDTH="379" VPOS="543" HPOS="395">
            <String HEIGHT="63" WIDTH="237" VPOS="543" HPOS="379" CONTENT="4160" ID="tl_5_1" STYLEREFS="FONT1"/>
            <SP HEIGHT="63" WIDTH="16" VPOS="543" HPOS="616"/>
            <String HEIGHT="63" WIDTH="79" VPOS="543" HPOS="569" CONTENT="«" ID="tl_5_2" STYLEREFS="FONT0"/>
            <SP HEIGHT="63" WIDTH="16" VPOS="543" HPOS="648"/>
            <String HEIGHT="63" WIDTH="95" VPOS="543" HPOS="600" CONTENT="La" ID="tl_5_3" STYLEREFS="FONT0"/>
            <SP HEIGHT="63" WIDTH="16" VPOS="543" HPOS="695"/>
            <String HEIGHT="63" WIDTH="126" VPOS="543" HPOS="648" CONTENT="lune" ID="tl_5_4" STYLEREFS="FONT0"/>
            <SP HEIGHT="63" WIDTH="16" VPOS="543" HPOS="774"/>
            <String HEIGHT="63" WIDTH="63" VPOS="543" HPOS="711" CONTENT="»." ID="tl_5_5" STYLEREFS="FONT0"/>
          </TextLine>
        </TextBlock>
        <TextBlock ID="r_2_4" HEIGHT="38" WIDTH="387" VPOS="603" HPOS="384">
          <TextLine ID="tl_6" BASELINE="647" HEIGHT="55" WIDTH="398" VPOS="592" HPOS="379">
            <String HEIGHT="55" WIDTH="255" VPOS="592" HPOS="363" CONTENT="*4161" ID="tl_6_1" STYLEREFS="FONT1"/>
            <SP HEIGHT="55" WIDTH="16" VPOS="592" HPOS="618"/>
            <String HEIGHT="55" WIDTH="80" VPOS="592" HPOS="570" CONTENT="«" ID="tl_6_2" STYLEREFS="FONT0"/>
            <SP HEIGHT="55" WIDTH="16" VPOS="592" HPOS="650"/>
            <String HEIGHT="55" WIDTH="175" VPOS="592" HPOS="602" CONTENT="Paysage" ID="tl_6_3" STYLEREFS="FONT0"/>
            <SP HEIGHT="55" WIDTH="16" VPOS="592" HPOS="777"/>
            <String HEIGHT="55" WIDTH="64" VPOS="592" HPOS="713" CONTENT="»." ID="tl_6_4" STYLEREFS="FONT0"/>
          </TextLine>
        </TextBlock>
        <TextBlock ID="r_2_5" HEIGHT="31" WIDTH="388" VPOS="649" HPOS="402">
          <TextLine ID="tl_7" BASELINE="690" HEIGHT="57" WIDTH="397" VPOS="633" HPOS="397">
            <String HEIGHT="57" WIDTH="238" VPOS="633" HPOS="381" CONTENT="4162" ID="tl_7_1" STYLEREFS="FONT1"/>
            <SP HEIGHT="57" WIDTH="16" VPOS="633" HPOS="619"/>
            <String HEIGHT="57" WIDTH="79" VPOS="633" HPOS="572" CONTENT="«" ID="tl_7_2" STYLEREFS="FONT0"/>
            <SP HEIGHT="57" WIDTH="16" VPOS="633" HPOS="651"/>
            <String HEIGHT="57" WIDTH="95" VPOS="633" HPOS="603" CONTENT="La" ID="tl_7_3" STYLEREFS="FONT0"/>
            <SP HEIGHT="57" WIDTH="16" VPOS="633" HPOS="699"/>
            <String HEIGHT="57" WIDTH="143" VPOS="633" HPOS="651" CONTENT="ferme" ID="tl_7_4" STYLEREFS="FONT0"/>
            <SP HEIGHT="57" WIDTH="16" VPOS="633" HPOS="794"/>
            <String HEIGHT="57" WIDTH="64" VPOS="633" HPOS="730" CONTENT="»." ID="tl_7_5" STYLEREFS="FONT0"/>
          </TextLine>
        </TextBlock>
        <TextBlock ID="r_2_6" HEIGHT="30" WIDTH="374" VPOS="695" HPOS="387">
          <TextLine ID="tl_8" BASELINE="736" HEIGHT="53" WIDTH="384" VPOS="683" HPOS="382">
            <String HEIGHT="53" WIDTH="256" VPOS="683" HPOS="366" CONTENT="*4163" ID="tl_8_1" STYLEREFS="FONT1"/>
            <SP HEIGHT="53" WIDTH="16" VPOS="683" HPOS="622"/>
            <String HEIGHT="53" WIDTH="80" VPOS="683" HPOS="574" CONTENT="«" ID="tl_8_2" STYLEREFS="FONT0"/>
            <SP HEIGHT="53" WIDTH="16" VPOS="683" HPOS="654"/>
            <String HEIGHT="53" WIDTH="96" VPOS="683" HPOS="606" CONTENT="La" ID="tl_8_3" STYLEREFS="FONT0"/>
            <SP HEIGHT="53" WIDTH="16" VPOS="683" HPOS="702"/>
            <String HEIGHT="53" WIDTH="112" VPOS="683" HPOS="654" CONTENT="mer" ID="tl_8_4" STYLEREFS="FONT0"/>
            <SP HEIGHT="53" WIDTH="16" VPOS="683" HPOS="766"/>
            <String HEIGHT="53" WIDTH="64" VPOS="683" HPOS="702" CONTENT="»." ID="tl_8_5" STYLEREFS="FONT0"/>
          </TextLine>
        </TextBlock>
        <TextBlock ID="r_2_7" HEIGHT="31" WIDTH="414" VPOS="740" HPOS="386">
          <TextLine ID="tl_9" BASELINE="782" HEIGHT="54" WIDTH="426" VPOS="728" HPOS="380">
            <String HEIGHT="54" WIDTH="243" VPOS="728" HPOS="365" CONTENT="*4164" ID="tl_9_1" STYLEREFS="FONT1"/>
            <SP HEIGHT="54" WIDTH="15" VPOS="728" HPOS="608"/>
            <String HEIGHT="54" WIDTH="76" VPOS="728" HPOS="563" CONTENT="«" ID="tl_9_2" STYLEREFS="FONT0"/>
            <SP HEIGHT="54" WIDTH="15" VPOS="728" HPOS="639"/>
            <String HEIGHT="54" WIDTH="91" VPOS="728" HPOS="593" CONTENT="La" ID="tl_9_3" STYLEREFS="FONT0"/>
            <SP HEIGHT="54" WIDTH="15" VPOS="728" HPOS="684"/>
            <String HEIGHT="54" WIDTH="167" VPOS="728" HPOS="639" CONTENT="rivière" ID="tl_9_4" STYLEREFS="FONT0"/>
            <SP HEIGHT="54" WIDTH="15" VPOS="728" HPOS="806"/>
            <String HEIGHT="54" WIDTH="61" VPOS="728" HPOS="745" CONTENT="»." ID="tl_9_5" STYLEREFS="FONT0"/>
          </TextLine>
        </TextBlock>
        <TextBlock ID="region_1603357866811_1791" HEIGHT="52" WIDTH="565" VPOS="778" HPOS="403">
          <TextLine ID="line_1603357866913_1794" BASELINE="830" HEIGHT="52" WIDTH="565" VPOS="778" HPOS="403">
            <String HEIGHT="52" WIDTH="249" VPOS="778" HPOS="386" CONTENT="4165" ID="line_1603357866913_1794_1" STYLEREFS="FONT1"/>
            <SP HEIGHT="52" WIDTH="17" VPOS="778" HPOS="636"/>
            <String HEIGHT="52" WIDTH="100" VPOS="778" HPOS="586" CONTENT="Le" ID="line_1603357866913_1794_2" STYLEREFS="FONT0"/>
            <SP HEIGHT="52" WIDTH="17" VPOS="778" HPOS="686"/>
            <String HEIGHT="52" WIDTH="199" VPOS="778" HPOS="636" CONTENT="portrait" ID="line_1603357866913_1794_3" STYLEREFS="FONT0"/>
            <SP HEIGHT="52" WIDTH="17" VPOS="778" HPOS="835"/>
            <String HEIGHT="52" WIDTH="100" VPOS="778" HPOS="785" CONTENT="de" ID="line_1603357866913_1794_4" STYLEREFS="FONT0"/>
            <SP HEIGHT="52" WIDTH="17" VPOS="778" HPOS="885"/>
            <String HEIGHT="52" WIDTH="100" VPOS="778" HPOS="835" CONTENT="M." ID="line_1603357866913_1794_5" STYLEREFS="FONT0"/>
            <SP HEIGHT="52" WIDTH="17" VPOS="778" HPOS="935"/>
            <String HEIGHT="52" WIDTH="100" VPOS="778" HPOS="868" CONTENT="B..." ID="line_1603357866913_1794_6" STYLEREFS="FONT0"/>
          </TextLine>
          <TextLine ID="line_1603357869597_1799" BASELINE="877" HEIGHT="50" WIDTH="555" VPOS="827" HPOS="401">
            <String HEIGHT="50" WIDTH="245" VPOS="827" HPOS="385" CONTENT="4166" ID="line_1603357869597_1799_1" STYLEREFS="FONT1"/>
            <SP HEIGHT="50" WIDTH="16" VPOS="827" HPOS="630"/>
            <String HEIGHT="50" WIDTH="98" VPOS="827" HPOS="581" CONTENT="Le" ID="line_1603357869597_1799_2" STYLEREFS="FONT0"/>
            <SP HEIGHT="50" WIDTH="16" VPOS="827" HPOS="678"/>
            <String HEIGHT="50" WIDTH="196" VPOS="827" HPOS="630" CONTENT="portrait" ID="line_1603357869597_1799_3" STYLEREFS="FONT0"/>
            <SP HEIGHT="50" WIDTH="16" VPOS="827" HPOS="825"/>
            <String HEIGHT="50" WIDTH="98" VPOS="827" HPOS="776" CONTENT="de" ID="line_1603357869597_1799_4" STYLEREFS="FONT0"/>
            <SP HEIGHT="50" WIDTH="16" VPOS="827" HPOS="874"/>
            <String HEIGHT="50" WIDTH="98" VPOS="827" HPOS="825" CONTENT="M." ID="line_1603357869597_1799_5" STYLEREFS="FONT0"/>
            <SP HEIGHT="50" WIDTH="16" VPOS="827" HPOS="923"/>
            <String HEIGHT="50" WIDTH="98" VPOS="827" HPOS="858" CONTENT="L..." ID="line_1603357869597_1799_6" STYLEREFS="FONT0"/>
          </TextLine>
        </TextBlock>
        <TextBlock ID="r_4_1" HEIGHT="80" WIDTH="903" VPOS="1023" HPOS="352">
          <TextLine ID="line_1603357872697_1804" BASELINE="1026" HEIGHT="55" WIDTH="955" VPOS="971" HPOS="310">
            <String HEIGHT="55" WIDTH="195" VPOS="971" HPOS="288" CONTENT="WEERT" ID="line_1603357872697_1804_1" STYLEREFS="FONT0"/>
            <SP HEIGHT="55" WIDTH="22" VPOS="971" HPOS="484"/>
            <String HEIGHT="55" WIDTH="174" VPOS="971" HPOS="419" CONTENT="(Mme" ID="line_1603357872697_1804_2" STYLEREFS="FONT0"/>
            <SP HEIGHT="55" WIDTH="22" VPOS="971" HPOS="592"/>
            <String HEIGHT="55" WIDTH="174" VPOS="971" HPOS="527" CONTENT="Anna" ID="line_1603357872697_1804_3" STYLEREFS="FONT0"/>
            <SP HEIGHT="55" WIDTH="22" VPOS="971" HPOS="701"/>
            <String HEIGHT="55" WIDTH="174" VPOS="971" HPOS="636" CONTENT="de)," ID="line_1603357872697_1804_4" STYLEREFS="FONT0"/>
            <SP HEIGHT="55" WIDTH="22" VPOS="971" HPOS="809"/>
            <String HEIGHT="55" WIDTH="130" VPOS="971" HPOS="744" CONTENT="né" ID="line_1603357872697_1804_5" STYLEREFS="FONT0"/>
            <SP HEIGHT="55" WIDTH="22" VPOS="971" HPOS="874"/>
            <String HEIGHT="55" WIDTH="109" VPOS="971" HPOS="809" CONTENT="à" ID="line_1603357872697_1804_6" STYLEREFS="FONT0"/>
            <SP HEIGHT="55" WIDTH="22" VPOS="971" HPOS="918"/>
            <String HEIGHT="55" WIDTH="174" VPOS="971" HPOS="853" CONTENT="Gand" ID="line_1603357872697_1804_7" STYLEREFS="FONT0"/>
            <SP HEIGHT="55" WIDTH="22" VPOS="971" HPOS="1026"/>
            <String HEIGHT="55" WIDTH="326" VPOS="971" HPOS="961" CONTENT="(Belgique)." ID="line_1603357872697_1804_8" STYLEREFS="FONT0"/>
            <SP HEIGHT="55" WIDTH="22" VPOS="971" HPOS="1287"/>
            <String HEIGHT="55" WIDTH="65" VPOS="971" HPOS="1200" CONTENT="–" ID="line_1603357872697_1804_9" STYLEREFS="FONT0"/>
          </TextLine>
          <TextLine ID="tl_16" BASELINE="1070" HEIGHT="66" WIDTH="909" VPOS="1004" HPOS="351">
            <String HEIGHT="66" WIDTH="103" VPOS="1004" HPOS="334" CONTENT="1," ID="tl_16_1" STYLEREFS="FONT0"/>
            <SP HEIGHT="66" WIDTH="17" VPOS="1004" HPOS="437"/>
            <String HEIGHT="66" WIDTH="120" VPOS="1004" HPOS="385" CONTENT="rue" ID="tl_16_2" STYLEREFS="FONT0"/>
            <SP HEIGHT="66" WIDTH="17" VPOS="1004" HPOS="505"/>
            <String HEIGHT="66" WIDTH="120" VPOS="1004" HPOS="454" CONTENT="des" ID="tl_16_3" STYLEREFS="FONT0"/>
            <SP HEIGHT="66" WIDTH="17" VPOS="1004" HPOS="574"/>
            <String HEIGHT="66" WIDTH="223" VPOS="1004" HPOS="523" CONTENT="Hospices," ID="tl_16_4" STYLEREFS="FONT0"/>
            <SP HEIGHT="66" WIDTH="17" VPOS="1004" HPOS="745"/>
            <String HEIGHT="66" WIDTH="137" VPOS="1004" HPOS="694" CONTENT="Gand" ID="tl_16_5" STYLEREFS="FONT0"/>
            <SP HEIGHT="66" WIDTH="17" VPOS="1004" HPOS="831"/>
            <String HEIGHT="66" WIDTH="257" VPOS="1004" HPOS="780" CONTENT="(Belgique)," ID="tl_16_6" STYLEREFS="FONT0"/>
            <SP HEIGHT="66" WIDTH="17" VPOS="1004" HPOS="1037"/>
            <String HEIGHT="66" WIDTH="103" VPOS="1004" HPOS="986" CONTENT="et" ID="tl_16_7" STYLEREFS="FONT0"/>
            <SP HEIGHT="66" WIDTH="17" VPOS="1004" HPOS="1088"/>
            <String HEIGHT="66" WIDTH="172" VPOS="1004" HPOS="1037" CONTENT="Afsnee" ID="tl_16_8" STYLEREFS="FONT0"/>
            <SP HEIGHT="66" WIDTH="17" VPOS="1004" HPOS="1209"/>
            <String HEIGHT="66" WIDTH="120" VPOS="1004" HPOS="1140" CONTENT="t’hof" ID="tl_16_9" STYLEREFS="FONT0"/>
          </TextLine>
          <TextLine ID="tl_17" BASELINE="1126" HEIGHT="62" WIDTH="181" VPOS="1064" HPOS="347">
            <String HEIGHT="62" WIDTH="127" VPOS="1064" HPOS="329" CONTENT="ter" ID="tl_17_1" STYLEREFS="FONT0"/>
            <SP HEIGHT="62" WIDTH="18" VPOS="1064" HPOS="456"/>
            <String HEIGHT="62" WIDTH="145" VPOS="1064" HPOS="383" CONTENT="Neuve." ID="tl_17_2" STYLEREFS="FONT0"/>
          </TextLine>
        </TextBlock>
        <TextBlock ID="region_1603357875927_1809" HEIGHT="56" WIDTH="543" VPOS="1146" HPOS="389">
          <TextLine ID="line_1603357876028_1812" BASELINE="1202" HEIGHT="56" WIDTH="543" VPOS="1146" HPOS="389">
            <String HEIGHT="56" WIDTH="263" VPOS="1146" HPOS="371" CONTENT="4167" ID="line_1603357876028_1812_1" STYLEREFS="FONT1"/>
            <SP HEIGHT="56" WIDTH="18" VPOS="1146" HPOS="634"/>
            <String HEIGHT="56" WIDTH="175" VPOS="1146" HPOS="582" CONTENT="Marais" ID="line_1603357876028_1812_2" STYLEREFS="FONT0"/>
            <SP HEIGHT="56" WIDTH="18" VPOS="1146" HPOS="757"/>
            <String HEIGHT="56" WIDTH="105" VPOS="1146" HPOS="704" CONTENT="en" ID="line_1603357876028_1812_3" STYLEREFS="FONT0"/>
            <SP HEIGHT="56" WIDTH="18" VPOS="1146" HPOS="809"/>
            <String HEIGHT="56" WIDTH="193" VPOS="1146" HPOS="739" CONTENT="décembre." ID="line_1603357876028_1812_4" STYLEREFS="FONT0"/>
          </TextLine>
          <TextLine ID="line_1603357878601_1817" BASELINE="1251" HEIGHT="54" WIDTH="502" VPOS="1197" HPOS="401">
            <String HEIGHT="54" WIDTH="228" VPOS="1197" HPOS="386" CONTENT="4168" ID="line_1603357878601_1817_1" STYLEREFS="FONT1"/>
            <SP HEIGHT="54" WIDTH="15" VPOS="1197" HPOS="614"/>
            <String HEIGHT="54" WIDTH="106" VPOS="1197" HPOS="568" CONTENT="Les" ID="line_1603357878601_1817_2" STYLEREFS="FONT0"/>
            <SP HEIGHT="54" WIDTH="15" VPOS="1197" HPOS="675"/>
            <String HEIGHT="54" WIDTH="152" VPOS="1197" HPOS="629" CONTENT="saules" ID="line_1603357878601_1817_3" STYLEREFS="FONT0"/>
            <SP HEIGHT="54" WIDTH="15" VPOS="1197" HPOS="781"/>
            <String HEIGHT="54" WIDTH="183" VPOS="1197" HPOS="720" CONTENT="(juillet)." ID="line_1603357878601_1817_4" STYLEREFS="FONT0"/>
          </TextLine>
        </TextBlock>
        <TextBlock ID="region_1603357881602_1822" HEIGHT="54" WIDTH="403" VPOS="1236" HPOS="407">
          <TextLine ID="line_1603357881712_1825" BASELINE="1290" HEIGHT="54" WIDTH="403" VPOS="1236" HPOS="407">
            <String HEIGHT="54" WIDTH="224" VPOS="1236" HPOS="392" CONTENT="4169" ID="line_1603357881712_1825_1" STYLEREFS="FONT1"/>
            <SP HEIGHT="54" WIDTH="15" VPOS="1236" HPOS="616"/>
            <String HEIGHT="54" WIDTH="134" VPOS="1236" HPOS="571" CONTENT="Neige" ID="line_1603357881712_1825_2" STYLEREFS="FONT0"/>
            <SP HEIGHT="54" WIDTH="15" VPOS="1236" HPOS="706"/>
            <String HEIGHT="54" WIDTH="164" VPOS="1236" HPOS="646" CONTENT="(pastel)." ID="line_1603357881712_1825_3" STYLEREFS="FONT0"/>
          </TextLine>
          <TextLine ID="line_1603357884359_1830" BASELINE="1335" HEIGHT="52" WIDTH="464" VPOS="1283" HPOS="405">
            <String HEIGHT="52" WIDTH="240" VPOS="1283" HPOS="389" CONTENT="4170" ID="line_1603357884359_1830_1" STYLEREFS="FONT1"/>
            <SP HEIGHT="52" WIDTH="16" VPOS="1283" HPOS="629"/>
            <String HEIGHT="52" WIDTH="160" VPOS="1283" HPOS="581" CONTENT="Meules" ID="line_1603357884359_1830_2" STYLEREFS="FONT0"/>
            <SP HEIGHT="52" WIDTH="16" VPOS="1283" HPOS="741"/>
            <String HEIGHT="52" WIDTH="96" VPOS="1283" HPOS="693" CONTENT="au" ID="line_1603357884359_1830_3" STYLEREFS="FONT0"/>
            <SP HEIGHT="52" WIDTH="16" VPOS="1283" HPOS="789"/>
            <String HEIGHT="52" WIDTH="144" VPOS="1283" HPOS="725" CONTENT="soleil." ID="line_1603357884359_1830_4" STYLEREFS="FONT0"/>
          </TextLine>
        </TextBlock>
        <TextBlock ID="region_1603357887311_1835" HEIGHT="52" WIDTH="856" VPOS="1329" HPOS="405">
          <TextLine ID="line_1603357887420_1838" BASELINE="1381" HEIGHT="52" WIDTH="856" VPOS="1329" HPOS="405">
            <String HEIGHT="52" WIDTH="252" VPOS="1329" HPOS="388" CONTENT="4171" ID="line_1603357887420_1838_1" STYLEREFS="FONT1"/>
            <SP HEIGHT="52" WIDTH="17" VPOS="1329" HPOS="640"/>
            <String HEIGHT="52" WIDTH="201" VPOS="1329" HPOS="590" CONTENT="Première" ID="line_1603357887420_1838_2" STYLEREFS="FONT0"/>
            <SP HEIGHT="52" WIDTH="17" VPOS="1329" HPOS="791"/>
            <String HEIGHT="52" WIDTH="168" VPOS="1329" HPOS="741" CONTENT="neige," ID="line_1603357887420_1838_3" STYLEREFS="FONT0"/>
            <SP HEIGHT="52" WIDTH="17" VPOS="1329" HPOS="909"/>
            <String HEIGHT="52" WIDTH="134" VPOS="1329" HPOS="858" CONTENT="d'un" ID="line_1603357887420_1838_4" STYLEREFS="FONT0"/>
            <SP HEIGHT="52" WIDTH="17" VPOS="1329" HPOS="992"/>
            <String HEIGHT="52" WIDTH="168" VPOS="1329" HPOS="942" CONTENT="second" ID="line_1603357887420_1838_5" STYLEREFS="FONT0"/>
            <SP HEIGHT="52" WIDTH="17" VPOS="1329" HPOS="1110"/>
            <String HEIGHT="52" WIDTH="151" VPOS="1329" HPOS="1060" CONTENT="étage" ID="line_1603357887420_1838_6" STYLEREFS="FONT0"/>
            <SP HEIGHT="52" WIDTH="17" VPOS="1329" HPOS="1211"/>
            <String HEIGHT="52" WIDTH="117" VPOS="1329" HPOS="1144" CONTENT="(pas" ID="line_1603357887420_1838_7" STYLEREFS="FONT0"/>
          </TextLine>
          <TextLine ID="line_1603357889730_1843" BASELINE="1426" HEIGHT="50" WIDTH="96" VPOS="1376" HPOS="602">
            <String HEIGHT="50" WIDTH="134" VPOS="1376" HPOS="564" CONTENT="tel)." ID="line_1603357889730_1843_1" STYLEREFS="FONT0"/>
          </TextLine>
        </TextBlock>
        <TextBlock ID="region_1603357892868_1848" HEIGHT="52" WIDTH="498" VPOS="1423" HPOS="409">
          <TextLine ID="line_1603357892979_1851" BASELINE="1475" HEIGHT="52" WIDTH="498" VPOS="1423" HPOS="409">
            <String HEIGHT="52" WIDTH="233" VPOS="1423" HPOS="393" CONTENT="4172" ID="line_1603357892979_1851_1" STYLEREFS="FONT1"/>
            <SP HEIGHT="52" WIDTH="16" VPOS="1423" HPOS="627"/>
            <String HEIGHT="52" WIDTH="109" VPOS="1423" HPOS="580" CONTENT="Les" ID="line_1603357892979_1851_2" STYLEREFS="FONT0"/>
            <SP HEIGHT="52" WIDTH="16" VPOS="1423" HPOS="689"/>
            <String HEIGHT="52" WIDTH="156" VPOS="1423" HPOS="642" CONTENT="gerbes" ID="line_1603357892979_1851_3" STYLEREFS="FONT0"/>
            <SP HEIGHT="52" WIDTH="16" VPOS="1423" HPOS="798"/>
            <String HEIGHT="52" WIDTH="171" VPOS="1423" HPOS="736" CONTENT="(pastel)." ID="line_1603357892979_1851_4" STYLEREFS="FONT0"/>
          </TextLine>
          <TextLine ID="line_1603357895447_1856" BASELINE="1520" HEIGHT="52" WIDTH="500" VPOS="1468" HPOS="405">
            <String HEIGHT="52" WIDTH="242" VPOS="1468" HPOS="389" CONTENT="4173" ID="line_1603357895447_1856_1" STYLEREFS="FONT1"/>
            <SP HEIGHT="52" WIDTH="16" VPOS="1468" HPOS="631"/>
            <String HEIGHT="52" WIDTH="145" VPOS="1468" HPOS="582" CONTENT="Jeune" ID="line_1603357895447_1856_2" STYLEREFS="FONT0"/>
            <SP HEIGHT="52" WIDTH="16" VPOS="1468" HPOS="728"/>
            <String HEIGHT="52" WIDTH="145" VPOS="1468" HPOS="679" CONTENT="fille" ID="line_1603357895447_1856_3" STYLEREFS="FONT0"/>
            <SP HEIGHT="52" WIDTH="16" VPOS="1468" HPOS="824"/>
            <String HEIGHT="52" WIDTH="145" VPOS="1468" HPOS="760" CONTENT="blonde." ID="line_1603357895447_1856_4" STYLEREFS="FONT0"/>
          </TextLine>
        </TextBlock>
        <TextBlock ID="r_6_1" HEIGHT="86" WIDTH="922" VPOS="1623" HPOS="323">
          <TextLine ID="tl_33" BASELINE="1671" HEIGHT="81" WIDTH="932" VPOS="1590" HPOS="318">
            <String HEIGHT="81" WIDTH="350" VPOS="1590" HPOS="299" CONTENT="WELTER-BASTIEN" ID="tl_33_1" STYLEREFS="FONT0"/>
            <SP HEIGHT="81" WIDTH="19" VPOS="1590" HPOS="648"/>
            <String HEIGHT="81" WIDTH="291" VPOS="1590" HPOS="590" CONTENT="(François)," ID="tl_33_2" STYLEREFS="FONT0"/>
            <SP HEIGHT="81" WIDTH="19" VPOS="1590" HPOS="881"/>
            <String HEIGHT="81" WIDTH="117" VPOS="1590" HPOS="823" CONTENT="né" ID="tl_33_3" STYLEREFS="FONT0"/>
            <SP HEIGHT="81" WIDTH="19" VPOS="1590" HPOS="939"/>
            <String HEIGHT="81" WIDTH="97" VPOS="1590" HPOS="881" CONTENT="à" ID="tl_33_4" STYLEREFS="FONT0"/>
            <SP HEIGHT="81" WIDTH="19" VPOS="1590" HPOS="978"/>
            <String HEIGHT="81" WIDTH="272" VPOS="1590" HPOS="920" CONTENT="Thionville" ID="tl_33_5" STYLEREFS="FONT0"/>
            <SP HEIGHT="81" WIDTH="19" VPOS="1590" HPOS="1192"/>
            <String HEIGHT="81" WIDTH="136" VPOS="1590" HPOS="1114" CONTENT="(Lor." ID="tl_33_6" STYLEREFS="FONT0"/>
          </TextLine>
          <TextLine ID="tl_34" BASELINE="1741" HEIGHT="85" WIDTH="695" VPOS="1656" HPOS="354">
            <String HEIGHT="85" WIDTH="182" VPOS="1656" HPOS="337" CONTENT="raine)." ID="tl_34_1" STYLEREFS="FONT0"/>
            <SP HEIGHT="85" WIDTH="17" VPOS="1656" HPOS="519"/>
            <String HEIGHT="85" WIDTH="83" VPOS="1656" HPOS="470" CONTENT="—" ID="tl_34_2" STYLEREFS="FONT0"/>
            <SP HEIGHT="85" WIDTH="17" VPOS="1656" HPOS="553"/>
            <String HEIGHT="85" WIDTH="99" VPOS="1656" HPOS="503" CONTENT="5," ID="tl_34_3" STYLEREFS="FONT0"/>
            <SP HEIGHT="85" WIDTH="17" VPOS="1656" HPOS="602"/>
            <String HEIGHT="85" WIDTH="116" VPOS="1656" HPOS="553" CONTENT="rue" ID="tl_34_4" STYLEREFS="FONT0"/>
            <SP HEIGHT="85" WIDTH="17" VPOS="1656" HPOS="668"/>
            <String HEIGHT="85" WIDTH="116" VPOS="1656" HPOS="619" CONTENT="des" ID="tl_34_5" STYLEREFS="FONT0"/>
            <SP HEIGHT="85" WIDTH="17" VPOS="1656" HPOS="735"/>
            <String HEIGHT="85" WIDTH="298" VPOS="1656" HPOS="685" CONTENT="Feuillantines," ID="tl_34_6" STYLEREFS="FONT0"/>
            <SP HEIGHT="85" WIDTH="17" VPOS="1656" HPOS="983"/>
            <String HEIGHT="85" WIDTH="132" VPOS="1656" HPOS="917" CONTENT="Paris." ID="tl_34_7" STYLEREFS="FONT0"/>
          </TextLine>
        </TextBlock>
        <TextBlock ID="r_6_2" HEIGHT="40" WIDTH="483" VPOS="1753" HPOS="415">
          <TextLine ID="tl_35" BASELINE="1798" HEIGHT="68" WIDTH="494" VPOS="1730" HPOS="409">
            <String HEIGHT="68" WIDTH="232" VPOS="1730" HPOS="394" CONTENT="4174" ID="tl_35_1" STYLEREFS="FONT1"/>
            <SP HEIGHT="68" WIDTH="15" VPOS="1730" HPOS="625"/>
            <String HEIGHT="68" WIDTH="170" VPOS="1730" HPOS="579" CONTENT="Paysage" ID="tl_35_2" STYLEREFS="FONT0"/>
            <SP HEIGHT="68" WIDTH="15" VPOS="1730" HPOS="749"/>
            <String HEIGHT="68" WIDTH="124" VPOS="1730" HPOS="702" CONTENT="(fin" ID="tl_35_3" STYLEREFS="FONT0"/>
            <SP HEIGHT="68" WIDTH="15" VPOS="1730" HPOS="826"/>
            <String HEIGHT="68" WIDTH="139" VPOS="1730" HPOS="764" CONTENT="d’été)." ID="tl_35_4" STYLEREFS="FONT0"/>
          </TextLine>
        </TextBlock>
        <TextBlock ID="r_6_3" HEIGHT="80" WIDTH="730" VPOS="1797" HPOS="398">
          <TextLine ID="tl_36" BASELINE="1844" HEIGHT="64" WIDTH="737" VPOS="1780" HPOS="395">
            <String HEIGHT="64" WIDTH="262" VPOS="1780" HPOS="379" CONTENT="*4175" ID="tl_36_1" STYLEREFS="FONT1"/>
            <SP HEIGHT="64" WIDTH="16" VPOS="1780" HPOS="641"/>
            <String HEIGHT="64" WIDTH="180" VPOS="1780" HPOS="592" CONTENT="Paysage" ID="tl_36_2" STYLEREFS="FONT0"/>
            <SP HEIGHT="64" WIDTH="16" VPOS="1780" HPOS="772"/>
            <String HEIGHT="64" WIDTH="147" VPOS="1780" HPOS="723" CONTENT="(bord" ID="tl_36_3" STYLEREFS="FONT0"/>
            <SP HEIGHT="64" WIDTH="16" VPOS="1780" HPOS="870"/>
            <String HEIGHT="64" WIDTH="98" VPOS="1780" HPOS="821" CONTENT="de" ID="tl_36_4" STYLEREFS="FONT0"/>
            <SP HEIGHT="64" WIDTH="16" VPOS="1780" HPOS="919"/>
            <String HEIGHT="64" WIDTH="147" VPOS="1780" HPOS="870" CONTENT="Marne" ID="tl_36_5" STYLEREFS="FONT0"/>
            <SP HEIGHT="64" WIDTH="16" VPOS="1780" HPOS="1017"/>
            <String HEIGHT="64" WIDTH="98" VPOS="1780" HPOS="968" CONTENT="le" ID="tl_36_6" STYLEREFS="FONT0"/>
            <SP HEIGHT="64" WIDTH="16" VPOS="1780" HPOS="1066"/>
            <String HEIGHT="64" WIDTH="131" VPOS="1780" HPOS="1001" CONTENT="soir)." ID="tl_36_7" STYLEREFS="FONT0"/>
          </TextLine>
          <TextLine ID="tl_37" BASELINE="1889" HEIGHT="61" WIDTH="428" VPOS="1828" HPOS="392">
            <String HEIGHT="61" WIDTH="263" VPOS="1828" HPOS="376" CONTENT="*4176" ID="tl_37_1" STYLEREFS="FONT1"/>
            <SP HEIGHT="61" WIDTH="16" VPOS="1828" HPOS="639"/>
            <String HEIGHT="61" WIDTH="115" VPOS="1828" HPOS="590" CONTENT="Les" ID="tl_37_2" STYLEREFS="FONT0"/>
            <SP HEIGHT="61" WIDTH="16" VPOS="1828" HPOS="705"/>
            <String HEIGHT="61" WIDTH="181" VPOS="1828" HPOS="639" CONTENT="moissons." ID="tl_37_3" STYLEREFS="FONT0"/>
          </TextLine>
        </TextBlock>
        <TextBlock ID="r_6_4" HEIGHT="37" WIDTH="637" VPOS="1891" HPOS="400">
          <TextLine ID="tl_38" BASELINE="1944" HEIGHT="79" WIDTH="647" VPOS="1865" HPOS="395">
            <String HEIGHT="79" WIDTH="280" VPOS="1865" HPOS="378" CONTENT="*4177" ID="tl_38_1" STYLEREFS="FONT1"/>
            <SP HEIGHT="79" WIDTH="17" VPOS="1865" HPOS="657"/>
            <String HEIGHT="79" WIDTH="105" VPOS="1865" HPOS="605" CONTENT="Le" ID="tl_38_2" STYLEREFS="FONT0"/>
            <SP HEIGHT="79" WIDTH="17" VPOS="1865" HPOS="710"/>
            <String HEIGHT="79" WIDTH="175" VPOS="1865" HPOS="657" CONTENT="bassin" ID="tl_38_3" STYLEREFS="FONT0"/>
            <SP HEIGHT="79" WIDTH="17" VPOS="1865" HPOS="832"/>
            <String HEIGHT="79" WIDTH="105" VPOS="1865" HPOS="780" CONTENT="du" ID="tl_38_4" STYLEREFS="FONT0"/>
            <SP HEIGHT="79" WIDTH="17" VPOS="1865" HPOS="885"/>
            <String HEIGHT="79" WIDTH="227" VPOS="1865" HPOS="815" CONTENT="Luxembourg." ID="tl_38_5" STYLEREFS="FONT0"/>
          </TextLine>
        </TextBlock>
        <GraphicalElement ID="r_7" HEIGHT="3" WIDTH="122" VPOS="45" HPOS="1159"/>
        <GraphicalElement ID="r_8" HEIGHT="540" WIDTH="12" VPOS="52" HPOS="53"/>
        <GraphicalElement ID="r_9" HEIGHT="175" WIDTH="9" VPOS="2002" HPOS="91"/>
        <GraphicalElement ID="r_10" HEIGHT="611" WIDTH="12" VPOS="45" HPOS="1389"/>
        <GraphicalElement ID="r_11" HEIGHT="1523" WIDTH="29" VPOS="664" HPOS="1395"/>
      </PrintSpace>
    </Page>
  </Layout>
</alto>
