1450 2253
585 287 113 71 —
631 287 136 71 23
676 287 68 71 —

183 350 159 95 ASTIÉ
289 350 230 95 (Hector),
466 350 106 95 né
519 350 88 95 à
554 350 230 95 New-York.
731 350 88 95 —
766 350 88 95 2
801 350 265 95 bis
1013 350 124 95 rue
1066 350 71 95 du

222 434 162 71 Havre,
335 434 146 71 Paris
433 434 259 71 (nationalité
627 434 211 71 française).

281 518 194 65 120
420 518 97 65 Seul.

276 574 220 56 121
449 574 189 56 Mendiart
575 574 142 56 breton.

278 625 228 65 122
457 625 131 65 Bête
539 625 98 65 de
571 625 131 65 somme.

176 758 200 69 AUGLAY
316 758 539 69 (Louis-Marie-Augustin),
795 758 120 69 né
855 758 100 69 à
895 758 259 69 Toulouse.
1074 758 60 69 —

218 822 117 69 12,
285 822 117 69 rue
352 822 218 69 Girardon,
503 822 134 69 Paris.

274 911 207 68 123
422 911 252 68 Folies

272 973 207 61 124
435 973 103 61 Sur
494 973 89 61 la
538 973 133 61 Butte
612 973 148 61 (neige).

250 1019 231 56 *125
434 1019 92 56 La
480 1019 154 56 Boucle
573 1019 138 56 (gala).

250 1063 232 61 *126
436 1063 124 61 Sous
513 1063 93 61 la
544 1063 124 61 lampe.

249 1107 233 69 *127
436 1107 93 69 La
482 1107 140 69 Seine
575 1107 78 69 à
591 1107 155 69 Auteuil.

248 1157 240 55 *128
440 1157 112 55 Les
504 1157 160 55 joutes
615 1157 80 55 à
631 1157 192 55 Charenton.

248 1202 240 70 *129
440 1202 96 70 Le
488 1202 208 70 boulevard
648 1202 96 70 de
680 1202 144 70 Clichy.

248 1247 238 75 *130
439 1247 95 75 Au
471 1247 365 75 Moulin

171 1392 169 77 AURAN
284 1392 244 77 (Bénoni),
471 1392 112 77 né
527 1392 94 77 à
565 1392 206 77 Monteux
715 1392 281 77 (Vaucluse).
940 1392 94 77 —
977 1392 131 77 32,
1033 1392 94 77 rue

208 1445 99 69 de
257 1445 99 69 la
306 1445 165 69 Santé,
405 1445 132 69 Paris.

242 1523 235 88 *131
430 1523 125 88 Port
509 1523 94 88 de
540 1523 157 88 Ribérou.

244 1593 238 75 *132
435 1593 111 75 Vue
498 1593 111 75 sur
562 1593 207 75 l’hôpital
705 1593 127 75 Cochin

242 1641 241 76 *133
435 1641 209 76 Printemps
579 1641 209 76 (Provence).

242 1690 246 55 *134
439 1690 148 55 Homme
537 1690 82 55 à
570 1690 99 55 la
603 1690 115 55 pipe.

244 1735 237 67 *135
433 1735 126 67 Port
512 1735 95 67 de
544 1735 126 67 Royan.

242 1788 238 60 *136
433 1788 286 60 Saujon-Ribérou
655 1788 143 60 (port).

240 1836 236 55 *137
429 1836 142 55 Bords
524 1836 94 55 de
571 1836 94 55 la
602 1836 142 55 Seudre.

240 1869 236 81 *138
429 1869 94 81 Le
476 1869 142 81 vieux
571 1869 126 81 port
650 1869 94 81 de
681 1869 189 81 Marseille.
