1450 2253
655 234 119 80 —
703 234 143 80 36
751 234 72 80 —

262 319 184 70 BIETTE
390 319 202 70 (Jean),
537 319 110 70 né
593 319 110 70 au
648 319 184 70 Hâvre.
777 319 92 70 —
795 319 423 70 Saint

278 375 296 60 (Seine

355 456 214 51 369
523 456 107 51 Les
584 456 184 51 carriers
722 456 169 51 (projet
845 456 92 51 de
876 456 214 51 décoration).

351 501 220 52 370
524 501 157 52 Soleil
618 501 188 52 d’automne.

335 545 230 51 *371
518 545 153 51 Soirée
610 545 184 51 d’Octobre.

356 590 226 52 372
534 590 145 52 Étude
630 590 97 52 de
679 590 162 52 nature
776 590 129 52 morte.

352 636 219 60 373
524 636 141 60 Étude
618 636 125 60 dans
696 636 94 60 le
728 636 109 60 bois.

334 688 243 59 *374
528 688 113 59 Les
593 688 162 59 grands
706 688 146 59 vents
803 688 211 59 d’automne
949 688 227 59 (aquarelle).

334 727 227 57 *375
516 727 136 57 Étude
607 727 76 57 à
622 727 212 57 l’aquarelle.

334 775 241 59 *376
527 775 145 59 Étude
624 775 97 59 de
672 775 161 59 nature
768 775 129 59 morte.

259 864 346 66 BILJER-HEDGREN
547 864 250 66 (Harald),
739 864 115 66 né
797 864 115 66 en
854 864 192 66 Suède.
989 864 96 66 —
1027 864 154 66 203,
1104 864 115 66 bou-

295 925 167 68 levard
412 925 200 68 Raspail,
546 925 133 68 Paris.

334 992 236 70 *377
523 992 220 70 Crépuscule
695 992 126 70 dans
774 992 94 70 la
805 992 126 70 forêt.

334 1049 241 63 *378
526 1049 96 63 Au
575 1049 128 63 fond
655 1049 96 63 du
687 1049 112 63 bois.

334 1100 226 61 *379
514 1100 90 61 La
545 1100 165 61 muraille.

261 1184 145 101 BLIX,
358 1184 97 101 né
406 1184 81 101 à
438 1184 242 101 Christiania
632 1184 194 101 (Suède).
777 1184 81 101 —
810 1184 113 101 66,
874 1184 113 101 rue
939 1184 97 101 de
987 1184 161 101 Seine,
1084 1184 129 101 Paris.

350 1274 242 71 380
540 1274 260 71 Caricatures
748 1274 121 71 des
817 1274 208 71 tableaux
973 1274 104 71 du
1025 1274 173 71 Louvre
1128 1274 87 71 (au

511 1330 208 58 nombre
657 1330 125 58 de
719 1330 145 58 15,
802 1330 145 58 qui
885 1330 208 58 reliés
1009 1330 208 58 ensemble

511 1375 218 64 donnent
670 1375 119 64 le
729 1375 198 64 nombre
868 1375 119 64 de
908 1375 99 64 8).

257 1462 239 74 BLOECKER
437 1462 319 74 (Elisabeth),
696 1462 140 74 née
776 1462 100 74 à
816 1462 200 74 Brême,
956 1462 279 74 Allemagne.
1155 1462 60 74 —

295 1524 117 70 23,
362 1524 117 70 rue
429 1524 201 70 Chevert,
563 1524 134 70 Paris.

333 1599 224 58 *381
512 1599 119 58 Dans
587 1599 90 58 la
617 1599 119 58 forêt.

334 1650 228 62 *382
516 1650 122 62 Tête
592 1650 182 62 d’enfant
714 1650 197 62 (esquisse).

332 1695 252 62 *383
534 1695 168 62 Chemin
652 1695 101 62 de
702 1695 118 62 mon
753 1695 151 62 jardin.

332 1747 244 53 *384
527 1747 130 53 Tête
608 1747 98 53 de
641 1747 130 53 femme.

336 1789 200 53 *385
496 1789 134 53 Petite
576 1789 107 53 fille.

351 1841 228 65 386
530 1841 179 65 Paysage
660 1841 211 65 d’automne
806 1841 211 65 (esquisse).
