1450 2253
701 257 119 74 —
749 257 143 74 40
797 257 72 74 —

378 345 253 70 *447
581 345 101 70 La
631 345 186 70 Mosquée
766 345 118 70 des
834 345 186 70 Sabres,
969 345 84 70 à
985 345 186 70 Kairouan.

378 403 242 62 *448
571 403 97 62 La
620 403 193 62 caravane
749 403 209 62 (Kairouan).

381 452 231 66 *449
565 452 154 66 Boules
673 452 92 66 de
704 452 123 66 neige.

305 574 225 67 BONNEFOY
474 574 394 67 (Adrien-Adolphe),
812 574 113 67 né
868 574 94 67 à
906 574 188 67 Paris.
1037 574 94 67 —
1074 574 113 67 5,
1112 574 150 67 avenue

339 633 244 59 Daumesnil
508 633 300 59 (Saint

379 688 226 85 *450
560 688 211 85 Réparation
726 688 106 85 des
786 688 151 85 filets
877 688 181 85 (Étretat).

381 752 220 54 *451
557 752 103 54 Sur
616 752 88 54 la
660 752 161 54 falaise
762 752 176 54 (Étretat).

396 798 219 62 452
568 798 141 62 Vieux
662 798 172 62 pêcheur
771 798 188 62 (Étretat).

393 850 234 50 453
577 850 117 50 Les
644 850 100 50 12
694 850 133 50 mois
777 850 83 50 à
810 850 200 50 l’avenue
944 850 200 50 Daumesnil.

377 892 260 66 *454
585 892 87 66 A
619 892 277 66 Saint-Mandé,
845 892 139 66 même
932 892 139 66 site
1018 892 104 66 au
1053 892 208 66 printemps,

561 942 156 56 l’été,
670 942 202 56 l’automne
826 942 93 56 et
857 942 156 56 l’hiver.

303 1072 226 55 BONNEFOY
472 1072 226 55 (Henry),
642 1072 113 55 né
698 1072 94 55 à
736 1072 395 55 Boulogne-sur-Mer.
1074 1072 94 55 —
1112 1072 132 55 42,
1168 1072 94 55 rue

340 1119 224 58 Fontaine,
495 1119 138 58 Paris.

401 1199 200 52 455
558 1199 71 52 1
586 1199 86 52 et
629 1199 71 52 2
657 1199 242 52 (aquarelles).

408 1246 213 51 456
575 1246 183 51 Gouaches
712 1246 243 51 (triptyque).

392 1288 200 54 457
549 1288 71 54 A
577 1288 86 54 la
620 1288 186 54 fontaine.

394 1338 223 50 458
569 1338 143 50 Etude
665 1338 127 50 dans
745 1338 96 50 un
792 1338 143 50 parc.

401 1383 198 50 459
556 1383 99 50 Les
613 1383 155 50 genêts.

398 1427 202 54 460
557 1427 101 54 Les
614 1427 174 54 graines.

396 1474 201 50 461
554 1474 144 50 Calme.

299 1602 188 73 BONNET
431 1602 396 73 (Auguste-Michel),
770 1602 113 73 né
827 1602 94 73 à
864 1602 226 73 Morières
1015 1602 245 73 (Vaucluse).

334 1652 95 67 —
372 1652 153 67 114,
467 1652 134 67 Rue
544 1652 114 67 du
601 1652 210 67 Temple,
734 1652 153 67 Paris.

375 1725 249 55 *462
575 1725 100 55 Un
624 1725 133 55 coin
708 1725 100 55 du
741 1725 199 55 Pont

375 1771 244 61 *463
570 1771 114 61 Rue
635 1771 114 61 des
700 1771 211 61 Chantres,
862 1771 81 61 à
878 1771 130 61 Paris.

392 1814 222 66 464
567 1814 111 66 Vue
630 1814 111 66 sur
694 1814 95 66 la
742 1814 143 66 Seine
837 1814 143 66 (Pont
932 1814 111 66 des
980 1814 127 66 Arts).

375 1865 227 61 *465
557 1865 136 61 Bords
647 1865 91 61 de
693 1865 91 61 la
738 1865 136 61 Seine
814 1865 227 61 (l’Institut).
