1450 2253
697 271 118 64 —
744 271 141 64 42
791 271 71 64 —

299 357 491 59 BORISSOFF-MOUSSATOFF
728 357 266 59 (Victor),
933 357 123 59 né
994 357 123 59 en
1055 357 225 59 Russie.
1199 357 61 59 —

336 412 123 56 25,
407 412 229 56 boulevard
583 412 299 56 Montparnasse,
811 412 141 56 Paris.

376 487 235 57 *488
564 487 188 57 Pavillon
705 487 125 57 dans
784 487 94 57 le
831 487 157 57 jardin
941 487 78 57 à
956 487 110 57 midi.

377 533 216 59 *489
549 533 129 59 Petit
621 533 115 59 arbre.

377 581 214 56 *490
534 581 171 56 Jardinier.

377 625 212 58 *491
532 625 85 58 Été.

397 669 223 68 492
572 669 112 68 Mon
636 669 159 68 jardin
748 669 80 68 à
763 669 112 68 midi.

377 722 228 51 *493
560 722 168 51 Vieille
666 722 122 51 femme.

375 763 235 63 *494
563 763 157 63 Soirée
673 763 125 63 avec
736 763 141 63 nuages.

377 813 239 64 *495
568 813 143 64 Motif
648 813 191 64 d’automne.

306 919 181 69 BORREL
432 919 235 69 (Marius),
613 919 108 69 né
667 919 90 69 à
704 919 181 69 Paris.
830 919 90 69 —
866 919 127 69 11,
939 919 235 69 boulevard
1101 919 163 69 Lannes,

325 980 133 50 Paris.

393 1058 207 50 496
556 1058 133 50 Effet
645 1058 89 50 de
689 1058 133 50 pluie
763 1058 178 50 (Etretat).

397 1107 216 52 497
566 1107 93 52 Le
613 1107 185 52 Cabestan
736 1107 185 52 (Etretat).

391 1151 226 51 498
568 1151 97 51 Le
617 1151 210 51 Sémaphore
762 1151 193 51 (Etretat).

392 1198 227 50 499
570 1198 97 50 Le
602 1198 211 50 Sacré

396 1243 222 52 500
570 1243 158 52 Petite
681 1243 158 52 église
792 1243 127 52 près
856 1243 158 52 deMâcon.

396 1287 219 54 501
569 1287 188 54 Portrait
710 1287 94 54 du
757 1287 157 54 prince
867 1287 94 54 de
898 1287 94 54 M...

400 1339 214 50 502
568 1339 92 50 La
599 1339 168 50 Rochelle.

308 1440 137 72 BOTT
394 1440 240 72 (Antoine),
582 1440 103 72 né
634 1440 86 72 à
668 1440 189 72 Morlaix
806 1440 360 72 (Ile-et-Vilaine).
1115 1440 86 72 —
1132 1440 137 72 Morgat

345 1510 116 69 par
411 1510 165 69 Crozen
526 1510 248 69 (Finistère)
724 1510 99 69 et
774 1510 116 69 40,
840 1510 116 69 rue
906 1510 182 69 Trézel,
1021 1510 132 69 Paris.

382 1577 237 71 *503
572 1577 111 71 Cap
635 1577 95 71 de
683 1577 95 71 la
715 1577 142 71 Chèvre.

382 1634 249 64 *504
582 1634 116 64 Les
648 1634 150 64 dunes
748 1634 100 64 de
781 1634 183 64 Losmarch.

385 1683 216 54 *505
558 1683 101 54 Fin
601 1683 115 54 d’été.

400 1727 220 59 506
573 1727 157 59 Pointe
683 1727 94 59 de
730 1727 141 59 Cador
825 1727 157 59 (lever
935 1727 94 59 de
966 1727 126 59 lune).

382 1760 239 66 *507
573 1760 159 66 Pointe
685 1760 96 66 de
733 1760 143 66 Cador
828 1760 191 66 (coucher
972 1760 96 66 de
1004 1760 159 66 soleil).

385 1812 236 58 *508
574 1812 158 58 Entrée
685 1812 95 58 de
732 1812 95 58 la
779 1812 158 58 grotte
890 1812 110 58 des
953 1812 205 58 Korrigans
1095 1812 173 58 (Morgat).

404 1871 226 60 509
582 1871 162 60 Pointe
695 1871 97 60 du
727 1871 210 60 Toulinguet.
