<alto xmlns:xsi="http://www.w3.org/2001/XMLSchema-instance" xmlns="http://www.loc.gov/standards/alto/ns-v2#" xmlns:page="http://schema.primaresearch.org/PAGE/gts/pagecontent/2013-07-15" xsi:schemaLocation="http://www.loc.gov/standards/alto/ns-v2# http://www.loc.gov/standards/alto/alto.xsd">
  <Description>
    <MeasurementUnit>mm10</MeasurementUnit>
    <sourceImageInformation>
         <fileName>47.jpg</fileName>
      </sourceImageInformation>
    <OCRProcessing ID="IdOcr">
      <ocrProcessingStep>
        <processingDateTime>2020-10-22T11:22:09.661+02:00</processingDateTime>
        <processingSoftware>
               <softwareCreator>CONTRIBUTORS</softwareCreator>
               <softwareName>pdfalto</softwareName>
               <softwareVersion>0.1</softwareVersion>
            </processingSoftware>
      </ocrProcessingStep>
    </OCRProcessing>
  </Description>
  <Styles>
   <TextStyle ID="FONT0" FONTFAMILY="unknown" FONTSIZE="unknown" FONTSTYLE=""/>
   <TextStyle ID="FONT1" FONTFAMILY="unknown" FONTSIZE="unknown" FONTSTYLE="bold"/>
   <TextStyle ID="FONT2" FONTFAMILY="unknown" FONTSIZE="unknown" FONTSTYLE="italics"/>
  </Styles>
  <Tags/>
  <Layout>
    <Page ID="Page1" PHYSICAL_IMG_NR="1" HEIGHT="2253" WIDTH="1450">
      <PrintSpace HEIGHT="2158" WIDTH="1329" VPOS="56" HPOS="63">
        <TextBlock ID="r_1_1" HEIGHT="36" WIDTH="134" VPOS="316" HPOS="600">
          <TextLine ID="tl_1" BASELINE="364" HEIGHT="77" WIDTH="143" VPOS="287" HPOS="595">
            <String HEIGHT="77" WIDTH="119" VPOS="287" HPOS="571" CONTENT="—" ID="tl_1_1" STYLEREFS="FONT0"/>
            <SP HEIGHT="77" WIDTH="24" VPOS="287" HPOS="690"/>
            <String HEIGHT="77" WIDTH="143" VPOS="287" HPOS="619" CONTENT="45" ID="tl_1_2" STYLEREFS="FONT0"/>
            <SP HEIGHT="77" WIDTH="24" VPOS="287" HPOS="762"/>
            <String HEIGHT="77" WIDTH="72" VPOS="287" HPOS="667" CONTENT="—" ID="tl_1_3" STYLEREFS="FONT0"/>
          </TextLine>
        </TextBlock>
        <TextBlock ID="r_2_1" HEIGHT="81" WIDTH="928" VPOS="402" HPOS="201">
          <TextLine ID="tl_2" BASELINE="466" HEIGHT="90" WIDTH="938" VPOS="376" HPOS="196">
            <String HEIGHT="90" WIDTH="244" VPOS="376" HPOS="177" CONTENT="BOURGEOIS" ID="tl_2_1" STYLEREFS="FONT0"/>
            <SP HEIGHT="90" WIDTH="19" VPOS="376" HPOS="421"/>
            <String HEIGHT="90" WIDTH="244" VPOS="376" HPOS="365" CONTENT="(Alfred)," ID="tl_2_2" STYLEREFS="FONT0"/>
            <SP HEIGHT="90" WIDTH="19" VPOS="376" HPOS="609"/>
            <String HEIGHT="90" WIDTH="113" VPOS="376" HPOS="552" CONTENT="né" ID="tl_2_3" STYLEREFS="FONT0"/>
            <SP HEIGHT="90" WIDTH="19" VPOS="376" HPOS="665"/>
            <String HEIGHT="90" WIDTH="94" VPOS="376" HPOS="609" CONTENT="à" ID="tl_2_4" STYLEREFS="FONT0"/>
            <SP HEIGHT="90" WIDTH="19" VPOS="376" HPOS="703"/>
            <String HEIGHT="90" WIDTH="188" VPOS="376" HPOS="646" CONTENT="Paris." ID="tl_2_5" STYLEREFS="FONT0"/>
            <SP HEIGHT="90" WIDTH="19" VPOS="376" HPOS="834"/>
            <String HEIGHT="90" WIDTH="94" VPOS="376" HPOS="778" CONTENT="—" ID="tl_2_6" STYLEREFS="FONT0"/>
            <SP HEIGHT="90" WIDTH="19" VPOS="376" HPOS="871"/>
            <String HEIGHT="90" WIDTH="131" VPOS="376" HPOS="815" CONTENT="43," ID="tl_2_7" STYLEREFS="FONT0"/>
            <SP HEIGHT="90" WIDTH="19" VPOS="376" HPOS="946"/>
            <String HEIGHT="90" WIDTH="131" VPOS="376" HPOS="890" CONTENT="rue" ID="tl_2_8" STYLEREFS="FONT0"/>
            <SP HEIGHT="90" WIDTH="19" VPOS="376" HPOS="1021"/>
            <String HEIGHT="90" WIDTH="188" VPOS="376" HPOS="946" CONTENT="Rébeval," ID="tl_2_9" STYLEREFS="FONT0"/>
          </TextLine>
          <TextLine ID="tl_3" BASELINE="497" HEIGHT="51" WIDTH="101" VPOS="446" HPOS="233">
            <String HEIGHT="51" WIDTH="135" VPOS="446" HPOS="199" CONTENT="Paris." ID="tl_3_1" STYLEREFS="FONT0"/>
          </TextLine>
        </TextBlock>
        <TextBlock ID="region_1602840451406_1919" HEIGHT="55" WIDTH="344" VPOS="504" HPOS="282">
          <TextLine ID="line_1602840451435_1922" BASELINE="559" HEIGHT="55" WIDTH="344" VPOS="504" HPOS="282">
            <String HEIGHT="55" WIDTH="219" VPOS="504" HPOS="266" CONTENT="546" ID="line_1602840451435_1922_1" STYLEREFS="FONT1"/>
            <SP HEIGHT="55" WIDTH="16" VPOS="504" HPOS="485"/>
            <String HEIGHT="55" WIDTH="109" VPOS="504" HPOS="438" CONTENT="Les" ID="line_1602840451435_1922_2" STYLEREFS="FONT0"/>
            <SP HEIGHT="55" WIDTH="16" VPOS="504" HPOS="548"/>
            <String HEIGHT="55" WIDTH="141" VPOS="504" HPOS="485" CONTENT="meules." ID="line_1602840451435_1922_3" STYLEREFS="FONT0"/>
          </TextLine>
          <TextLine ID="line_1602840453959_1927" BASELINE="602" HEIGHT="52" WIDTH="354" VPOS="550" HPOS="281">
            <String HEIGHT="52" WIDTH="225" VPOS="550" HPOS="265" CONTENT="547" ID="line_1602840453959_1927_1" STYLEREFS="FONT1"/>
            <SP HEIGHT="52" WIDTH="16" VPOS="550" HPOS="490"/>
            <String HEIGHT="52" WIDTH="97" VPOS="550" HPOS="442" CONTENT="La" ID="line_1602840453959_1927_2" STYLEREFS="FONT0"/>
            <SP HEIGHT="52" WIDTH="16" VPOS="550" HPOS="538"/>
            <String HEIGHT="52" WIDTH="161" VPOS="550" HPOS="474" CONTENT="Farirou." ID="line_1602840453959_1927_3" STYLEREFS="FONT0"/>
          </TextLine>
        </TextBlock>
        <TextBlock ID="region_1602840456539_1932" HEIGHT="55" WIDTH="450" VPOS="600" HPOS="281">
          <TextLine ID="line_1602840456574_1935" BASELINE="655" HEIGHT="55" WIDTH="450" VPOS="600" HPOS="281">
            <String HEIGHT="55" WIDTH="225" VPOS="600" HPOS="265" CONTENT="548" ID="line_1602840456574_1935_1" STYLEREFS="FONT1"/>
            <SP HEIGHT="55" WIDTH="16" VPOS="600" HPOS="490"/>
            <String HEIGHT="55" WIDTH="145" VPOS="600" HPOS="442" CONTENT="Etude" ID="line_1602840456574_1935_2" STYLEREFS="FONT0"/>
            <SP HEIGHT="55" WIDTH="16" VPOS="600" HPOS="586"/>
            <String HEIGHT="55" WIDTH="113" VPOS="600" HPOS="538" CONTENT="sur" ID="line_1602840456574_1935_3" STYLEREFS="FONT0"/>
            <SP HEIGHT="55" WIDTH="16" VPOS="600" HPOS="651"/>
            <String HEIGHT="55" WIDTH="145" VPOS="600" HPOS="586" CONTENT="l'Oise." ID="line_1602840456574_1935_4" STYLEREFS="FONT0"/>
          </TextLine>
          <TextLine ID="line_1602840459304_1940" BASELINE="701" HEIGHT="55" WIDTH="335" VPOS="646" HPOS="280">
            <String HEIGHT="55" WIDTH="213" VPOS="646" HPOS="265" CONTENT="549" ID="line_1602840459304_1940_1" STYLEREFS="FONT1"/>
            <SP HEIGHT="55" WIDTH="15" VPOS="646" HPOS="478"/>
            <String HEIGHT="55" WIDTH="91" VPOS="646" HPOS="432" CONTENT="La" ID="line_1602840459304_1940_2" STYLEREFS="FONT0"/>
            <SP HEIGHT="55" WIDTH="15" VPOS="646" HPOS="524"/>
            <String HEIGHT="55" WIDTH="152" VPOS="646" HPOS="463" CONTENT="Pérelle." ID="line_1602840459304_1940_3" STYLEREFS="FONT0"/>
          </TextLine>
        </TextBlock>
        <TextBlock ID="region_1602840462699_1945" HEIGHT="52" WIDTH="313" VPOS="690" HPOS="289">
          <TextLine ID="line_1602840462744_1948" BASELINE="742" HEIGHT="52" WIDTH="313" VPOS="690" HPOS="289">
            <String HEIGHT="52" WIDTH="199" VPOS="690" HPOS="275" CONTENT="550" ID="line_1602840462744_1948_1" STYLEREFS="FONT1"/>
            <SP HEIGHT="52" WIDTH="14" VPOS="690" HPOS="474"/>
            <String HEIGHT="52" WIDTH="85" VPOS="690" HPOS="431" CONTENT="Le" ID="line_1602840462744_1948_2" STYLEREFS="FONT0"/>
            <SP HEIGHT="52" WIDTH="14" VPOS="690" HPOS="517"/>
            <String HEIGHT="52" WIDTH="142" VPOS="690" HPOS="460" CONTENT="village." ID="line_1602840462744_1948_3" STYLEREFS="FONT0"/>
          </TextLine>
          <TextLine ID="line_1602840465648_1953" BASELINE="790" HEIGHT="56" WIDTH="260" VPOS="734" HPOS="288">
            <String HEIGHT="56" WIDTH="214" VPOS="734" HPOS="273" CONTENT="551" ID="line_1602840465648_1953_1" STYLEREFS="FONT1"/>
            <SP HEIGHT="56" WIDTH="15" VPOS="734" HPOS="487"/>
            <String HEIGHT="56" WIDTH="122" VPOS="734" HPOS="426" CONTENT="Etude." ID="line_1602840465648_1953_2" STYLEREFS="FONT0"/>
          </TextLine>
        </TextBlock>
        <TextBlock ID="region_1602840468790_1958" HEIGHT="52" WIDTH="668" VPOS="782" HPOS="289">
          <TextLine ID="line_1602840468842_1961" BASELINE="834" HEIGHT="52" WIDTH="668" VPOS="782" HPOS="289">
            <String HEIGHT="52" WIDTH="240" VPOS="782" HPOS="272" CONTENT="552" ID="line_1602840468842_1961_1" STYLEREFS="FONT1"/>
            <SP HEIGHT="52" WIDTH="17" VPOS="782" HPOS="512"/>
            <String HEIGHT="52" WIDTH="154" VPOS="782" HPOS="460" CONTENT="Champ" ID="line_1602840468842_1961_2" STYLEREFS="FONT0"/>
            <SP HEIGHT="52" WIDTH="17" VPOS="782" HPOS="614"/>
            <String HEIGHT="52" WIDTH="103" VPOS="782" HPOS="563" CONTENT="de" ID="line_1602840468842_1961_3" STYLEREFS="FONT0"/>
            <SP HEIGHT="52" WIDTH="17" VPOS="782" HPOS="666"/>
            <String HEIGHT="52" WIDTH="223" VPOS="782" HPOS="614" CONTENT="Bourgogne" ID="line_1602840468842_1961_4" STYLEREFS="FONT0"/>
            <SP HEIGHT="52" WIDTH="17" VPOS="782" HPOS="837"/>
            <String HEIGHT="52" WIDTH="103" VPOS="782" HPOS="786" CONTENT="en" ID="line_1602840468842_1961_5" STYLEREFS="FONT0"/>
            <SP HEIGHT="52" WIDTH="17" VPOS="782" HPOS="888"/>
            <String HEIGHT="52" WIDTH="137" VPOS="782" HPOS="820" CONTENT="fleur." ID="line_1602840468842_1961_6" STYLEREFS="FONT0"/>
          </TextLine>
          <TextLine ID="line_1602840471862_1966" BASELINE="878" HEIGHT="52" WIDTH="471" VPOS="826" HPOS="285">
            <String HEIGHT="52" WIDTH="244" VPOS="826" HPOS="268" CONTENT="553" ID="line_1602840471862_1966_1" STYLEREFS="FONT1"/>
            <SP HEIGHT="52" WIDTH="17" VPOS="826" HPOS="512"/>
            <String HEIGHT="52" WIDTH="157" VPOS="826" HPOS="459" CONTENT="Etude" ID="line_1602840471862_1966_2" STYLEREFS="FONT0"/>
            <SP HEIGHT="52" WIDTH="17" VPOS="826" HPOS="616"/>
            <String HEIGHT="52" WIDTH="105" VPOS="826" HPOS="564" CONTENT="de" ID="line_1602840471862_1966_3" STYLEREFS="FONT0"/>
            <SP HEIGHT="52" WIDTH="17" VPOS="826" HPOS="669"/>
            <String HEIGHT="52" WIDTH="157" VPOS="826" HPOS="599" CONTENT="pommes." ID="line_1602840471862_1966_4" STYLEREFS="FONT0"/>
          </TextLine>
        </TextBlock>
        <TextBlock ID="region_1602840474943_1971" HEIGHT="57" WIDTH="952" VPOS="922" HPOS="195">
          <TextLine ID="line_1602840475001_1974" BASELINE="979" HEIGHT="57" WIDTH="952" VPOS="922" HPOS="195">
            <String HEIGHT="57" WIDTH="258" VPOS="922" HPOS="175" CONTENT="BOURGEOIS" ID="line_1602840475001_1974_1" STYLEREFS="FONT0"/>
            <SP HEIGHT="57" WIDTH="20" VPOS="922" HPOS="433"/>
            <String HEIGHT="57" WIDTH="238" VPOS="922" HPOS="374" CONTENT="(André)," ID="line_1602840475001_1974_2" STYLEREFS="FONT0"/>
            <SP HEIGHT="57" WIDTH="20" VPOS="922" HPOS="612"/>
            <String HEIGHT="57" WIDTH="119" VPOS="922" HPOS="552" CONTENT="né" ID="line_1602840475001_1974_3" STYLEREFS="FONT0"/>
            <SP HEIGHT="57" WIDTH="20" VPOS="922" HPOS="671"/>
            <String HEIGHT="57" WIDTH="99" VPOS="922" HPOS="612" CONTENT="à" ID="line_1602840475001_1974_4" STYLEREFS="FONT0"/>
            <SP HEIGHT="57" WIDTH="20" VPOS="922" HPOS="711"/>
            <String HEIGHT="57" WIDTH="198" VPOS="922" HPOS="651" CONTENT="Melun." ID="line_1602840475001_1974_5" STYLEREFS="FONT0"/>
            <SP HEIGHT="57" WIDTH="20" VPOS="922" HPOS="849"/>
            <String HEIGHT="57" WIDTH="99" VPOS="922" HPOS="790" CONTENT="–" ID="line_1602840475001_1974_6" STYLEREFS="FONT0"/>
            <SP HEIGHT="57" WIDTH="20" VPOS="922" HPOS="889"/>
            <String HEIGHT="57" WIDTH="139" VPOS="922" HPOS="830" CONTENT="19," ID="line_1602840475001_1974_7" STYLEREFS="FONT0"/>
            <SP HEIGHT="57" WIDTH="20" VPOS="922" HPOS="969"/>
            <String HEIGHT="57" WIDTH="139" VPOS="922" HPOS="909" CONTENT="rue" ID="line_1602840475001_1974_8" STYLEREFS="FONT0"/>
            <SP HEIGHT="57" WIDTH="20" VPOS="922" HPOS="1048"/>
            <String HEIGHT="57" WIDTH="119" VPOS="922" HPOS="988" CONTENT="du" ID="line_1602840475001_1974_9" STYLEREFS="FONT0"/>
            <SP HEIGHT="57" WIDTH="20" VPOS="922" HPOS="1107"/>
            <String HEIGHT="57" WIDTH="119" VPOS="922" HPOS="1028" CONTENT="Val" SUBS_TYPE="HypPart1" SUBS_CONTENT="Valde-Grâce," ID="line_1602840475001_1974_10" STYLEREFS="FONT0"/>
            <HYP CONTENT="-"/>
          </TextLine>
          <TextLine ID="line_1602840477365_1979" BASELINE="1027" HEIGHT="52" WIDTH="287" VPOS="975" HPOS="237">
            <String HEIGHT="52" WIDTH="233" VPOS="975" HPOS="219" CONTENT="de-Grâce," SUBS_TYPE="HypPart2" SUBS_CONTENT="Valde-Grâce," ID="line_1602840477365_1979_1" STYLEREFS="FONT0"/>
            <SP HEIGHT="52" WIDTH="18" VPOS="975" HPOS="452"/>
            <String HEIGHT="52" WIDTH="144" VPOS="975" HPOS="381" CONTENT="Paris." ID="line_1602840477365_1979_2" STYLEREFS="FONT0"/>
          </TextLine>
        </TextBlock>
        <TextBlock ID="region_1602840480470_1984" HEIGHT="54" WIDTH="650" VPOS="1038" HPOS="287">
          <TextLine ID="line_1602840480530_1987" BASELINE="1092" HEIGHT="54" WIDTH="650" VPOS="1038" HPOS="287">
            <String HEIGHT="54" WIDTH="227" VPOS="1038" HPOS="271" CONTENT="554" ID="line_1602840480530_1987_1" STYLEREFS="FONT1"/>
            <SP HEIGHT="54" WIDTH="16" VPOS="1038" HPOS="498"/>
            <String HEIGHT="54" WIDTH="179" VPOS="1038" HPOS="450" CONTENT="L'album" ID="line_1602840480530_1987_2" STYLEREFS="FONT0"/>
            <SP HEIGHT="54" WIDTH="16" VPOS="1038" HPOS="628"/>
            <String HEIGHT="54" WIDTH="195" VPOS="1038" HPOS="580" CONTENT="d'images" ID="line_1602840480530_1987_3" STYLEREFS="FONT0"/>
            <SP HEIGHT="54" WIDTH="16" VPOS="1038" HPOS="775"/>
            <String HEIGHT="54" WIDTH="228" VPOS="1038" HPOS="710" CONTENT="(intérieur)." ID="line_1602840480530_1987_4" STYLEREFS="FONT0"/>
          </TextLine>
          <TextLine ID="line_1602840483720_1992" BASELINE="1141" HEIGHT="57" WIDTH="658" VPOS="1084" HPOS="292">
            <String HEIGHT="57" WIDTH="225" VPOS="1084" HPOS="276" CONTENT="555" ID="line_1602840483720_1992_1" STYLEREFS="FONT1"/>
            <SP HEIGHT="57" WIDTH="16" VPOS="1084" HPOS="501"/>
            <String HEIGHT="57" WIDTH="144" VPOS="1084" HPOS="452" CONTENT="Femme" ID="line_1602840483720_1992_2" STYLEREFS="FONT0"/>
            <SP HEIGHT="57" WIDTH="16" VPOS="1084" HPOS="597"/>
            <String HEIGHT="57" WIDTH="96" VPOS="1084" HPOS="549" CONTENT="en" ID="line_1602840483720_1992_3" STYLEREFS="FONT0"/>
            <SP HEIGHT="57" WIDTH="16" VPOS="1084" HPOS="645"/>
            <String HEIGHT="57" WIDTH="193" VPOS="1084" HPOS="597" CONTENT="peignoir" ID="line_1602840483720_1992_4" STYLEREFS="FONT0"/>
            <SP HEIGHT="57" WIDTH="16" VPOS="1084" HPOS="790"/>
            <String HEIGHT="57" WIDTH="225" VPOS="1084" HPOS="725" CONTENT="(intérieur)." ID="line_1602840483720_1992_5" STYLEREFS="FONT0"/>
          </TextLine>
        </TextBlock>
        <TextBlock ID="region_1602840487169_1997" HEIGHT="50" WIDTH="451" VPOS="1132" HPOS="285">
          <TextLine ID="line_1602840487238_2000" BASELINE="1182" HEIGHT="50" WIDTH="451" VPOS="1132" HPOS="285">
            <String HEIGHT="50" WIDTH="210" VPOS="1132" HPOS="270" CONTENT="556" ID="line_1602840487238_2000_1" STYLEREFS="FONT1"/>
            <SP HEIGHT="50" WIDTH="15" VPOS="1132" HPOS="480"/>
            <String HEIGHT="50" WIDTH="90" VPOS="1132" HPOS="435" CONTENT="Le" ID="line_1602840487238_2000_2" STYLEREFS="FONT0"/>
            <SP HEIGHT="50" WIDTH="15" VPOS="1132" HPOS="526"/>
            <String HEIGHT="50" WIDTH="105" VPOS="1132" HPOS="480" CONTENT="tub" ID="line_1602840487238_2000_3" STYLEREFS="FONT0"/>
            <SP HEIGHT="50" WIDTH="15" VPOS="1132" HPOS="586"/>
            <String HEIGHT="50" WIDTH="210" VPOS="1132" HPOS="526" CONTENT="(intérieur)." ID="line_1602840487238_2000_4" STYLEREFS="FONT0"/>
          </TextLine>
          <TextLine ID="line_1602840490546_2005" BASELINE="1228" HEIGHT="54" WIDTH="724" VPOS="1174" HPOS="294">
            <String HEIGHT="54" WIDTH="207" VPOS="1174" HPOS="279" CONTENT="557" ID="line_1602840490546_2005_1" STYLEREFS="FONT1"/>
            <SP HEIGHT="54" WIDTH="15" VPOS="1174" HPOS="486"/>
            <String HEIGHT="54" WIDTH="177" VPOS="1174" HPOS="442" CONTENT="L'étoile" ID="line_1602840490546_2005_2" STYLEREFS="FONT0"/>
            <SP HEIGHT="54" WIDTH="15" VPOS="1174" HPOS="619"/>
            <String HEIGHT="54" WIDTH="103" VPOS="1174" HPOS="575" CONTENT="aux" ID="line_1602840490546_2005_3" STYLEREFS="FONT0"/>
            <SP HEIGHT="54" WIDTH="15" VPOS="1174" HPOS="678"/>
            <String HEIGHT="54" WIDTH="236" VPOS="1174" HPOS="634" CONTENT="fox-terriers" ID="line_1602840490546_2005_4" STYLEREFS="FONT0"/>
            <SP HEIGHT="54" WIDTH="15" VPOS="1174" HPOS="870"/>
            <String HEIGHT="54" WIDTH="207" VPOS="1174" HPOS="811" CONTENT="(intérieur)." ID="line_1602840490546_2005_5" STYLEREFS="FONT0"/>
          </TextLine>
        </TextBlock>
        <TextBlock ID="region_1602840493895_2010" HEIGHT="56" WIDTH="586" VPOS="1222" HPOS="292">
          <TextLine ID="line_1602840493963_2013" BASELINE="1278" HEIGHT="56" WIDTH="586" VPOS="1222" HPOS="292">
            <String HEIGHT="56" WIDTH="228" VPOS="1222" HPOS="276" CONTENT="558" ID="line_1602840493963_2013_1" STYLEREFS="FONT1"/>
            <SP HEIGHT="56" WIDTH="16" VPOS="1222" HPOS="504"/>
            <String HEIGHT="56" WIDTH="114" VPOS="1222" HPOS="455" CONTENT="&quot;On" ID="line_1602840493963_2013_2" STYLEREFS="FONT0"/>
            <SP HEIGHT="56" WIDTH="16" VPOS="1222" HPOS="569"/>
            <String HEIGHT="56" WIDTH="195" VPOS="1222" HPOS="520" CONTENT="dansera&quot;" ID="line_1602840493963_2013_3" STYLEREFS="FONT0"/>
            <SP HEIGHT="56" WIDTH="16" VPOS="1222" HPOS="715"/>
            <String HEIGHT="56" WIDTH="228" VPOS="1222" HPOS="650" CONTENT="(intérieur)." ID="line_1602840493963_2013_4" STYLEREFS="FONT0"/>
          </TextLine>
          <TextLine ID="line_1602840497046_2018" BASELINE="1320" HEIGHT="54" WIDTH="422" VPOS="1266" HPOS="296">
            <String HEIGHT="54" WIDTH="204" VPOS="1266" HPOS="281" CONTENT="559" ID="line_1602840497046_2018_1" STYLEREFS="FONT1"/>
            <SP HEIGHT="54" WIDTH="15" VPOS="1266" HPOS="485"/>
            <String HEIGHT="54" WIDTH="131" VPOS="1266" HPOS="442" CONTENT="Nelly" ID="line_1602840497046_2018_2" STYLEREFS="FONT0"/>
            <SP HEIGHT="54" WIDTH="15" VPOS="1266" HPOS="572"/>
            <String HEIGHT="54" WIDTH="204" VPOS="1266" HPOS="514" CONTENT="(intérieur)." ID="line_1602840497046_2018_3" STYLEREFS="FONT0"/>
          </TextLine>
        </TextBlock>
        <TextBlock ID="region_1602840500031_2023" HEIGHT="52" WIDTH="665" VPOS="1316" HPOS="294">
          <TextLine ID="line_1602840500107_2026" BASELINE="1368" HEIGHT="52" WIDTH="665" VPOS="1316" HPOS="294">
            <String HEIGHT="52" WIDTH="233" VPOS="1316" HPOS="277" CONTENT="560" ID="line_1602840500107_2026_1" STYLEREFS="FONT1"/>
            <SP HEIGHT="52" WIDTH="17" VPOS="1316" HPOS="510"/>
            <String HEIGHT="52" WIDTH="83" VPOS="1316" HPOS="460" CONTENT="A" ID="line_1602840500107_2026_2" STYLEREFS="FONT0"/>
            <SP HEIGHT="52" WIDTH="17" VPOS="1316" HPOS="543"/>
            <String HEIGHT="52" WIDTH="299" VPOS="1316" HPOS="494" CONTENT="&quot;Tourne-bride&quot;" ID="line_1602840500107_2026_3" STYLEREFS="FONT0"/>
            <SP HEIGHT="52" WIDTH="17" VPOS="1316" HPOS="793"/>
            <String HEIGHT="52" WIDTH="233" VPOS="1316" HPOS="726" CONTENT="(intérieur)." ID="line_1602840500107_2026_4" STYLEREFS="FONT0"/>
          </TextLine>
          <TextLine ID="line_1602840503245_2031" BASELINE="1414" HEIGHT="52" WIDTH="482" VPOS="1362" HPOS="289">
            <String HEIGHT="52" WIDTH="211" VPOS="1362" HPOS="274" CONTENT="561" ID="line_1602840503245_2031_1" STYLEREFS="FONT1"/>
            <SP HEIGHT="52" WIDTH="15" VPOS="1362" HPOS="485"/>
            <String HEIGHT="52" WIDTH="181" VPOS="1362" HPOS="440" CONTENT="Virtuose" ID="line_1602840503245_2031_2" STYLEREFS="FONT0"/>
            <SP HEIGHT="52" WIDTH="15" VPOS="1362" HPOS="620"/>
            <String HEIGHT="52" WIDTH="211" VPOS="1362" HPOS="560" CONTENT="(intérieur)." ID="line_1602840503245_2031_3" STYLEREFS="FONT0"/>
          </TextLine>
        </TextBlock>
        <TextBlock ID="region_1602840510697_2036" HEIGHT="57" WIDTH="943" VPOS="1459" HPOS="201">
          <TextLine ID="line_1602840510775_2039" BASELINE="1516" HEIGHT="57" WIDTH="943" VPOS="1459" HPOS="201">
            <String HEIGHT="57" WIDTH="439" VPOS="1459" HPOS="179" CONTENT="BOURGEOIS-BORGEX" ID="line_1602840510775_2039_1" STYLEREFS="FONT0"/>
            <SP HEIGHT="57" WIDTH="22" VPOS="1459" HPOS="618"/>
            <String HEIGHT="57" WIDTH="263" VPOS="1459" HPOS="552" CONTENT="(Louis)," ID="line_1602840510775_2039_2" STYLEREFS="FONT0"/>
            <SP HEIGHT="57" WIDTH="22" VPOS="1459" HPOS="815"/>
            <String HEIGHT="57" WIDTH="132" VPOS="1459" HPOS="749" CONTENT="né" ID="line_1602840510775_2039_3" STYLEREFS="FONT0"/>
            <SP HEIGHT="57" WIDTH="22" VPOS="1459" HPOS="881"/>
            <String HEIGHT="57" WIDTH="110" VPOS="1459" HPOS="815" CONTENT="à" ID="line_1602840510775_2039_4" STYLEREFS="FONT0"/>
            <SP HEIGHT="57" WIDTH="22" VPOS="1459" HPOS="925"/>
            <String HEIGHT="57" WIDTH="197" VPOS="1459" HPOS="859" CONTENT="Lyon." ID="line_1602840510775_2039_5" STYLEREFS="FONT0"/>
            <SP HEIGHT="57" WIDTH="22" VPOS="1459" HPOS="1056"/>
            <String HEIGHT="57" WIDTH="110" VPOS="1459" HPOS="990" CONTENT="–" ID="line_1602840510775_2039_6" STYLEREFS="FONT0"/>
            <SP HEIGHT="57" WIDTH="22" VPOS="1459" HPOS="1100"/>
            <String HEIGHT="57" WIDTH="132" VPOS="1459" HPOS="1012" CONTENT="169," ID="line_1602840510775_2039_7" STYLEREFS="FONT0"/>
          </TextLine>
          <TextLine ID="line_1602840513536_2044" BASELINE="1558" HEIGHT="57" WIDTH="441" VPOS="1501" HPOS="237">
            <String HEIGHT="57" WIDTH="229" VPOS="1501" HPOS="219" CONTENT="boulevard" ID="line_1602840513536_2044_1" STYLEREFS="FONT0"/>
            <SP HEIGHT="57" WIDTH="18" VPOS="1501" HPOS="449"/>
            <String HEIGHT="57" WIDTH="212" VPOS="1501" HPOS="396" CONTENT="Pereire," ID="line_1602840513536_2044_2" STYLEREFS="FONT0"/>
            <SP HEIGHT="57" WIDTH="18" VPOS="1501" HPOS="607"/>
            <String HEIGHT="57" WIDTH="141" VPOS="1501" HPOS="537" CONTENT="Paris." ID="line_1602840513536_2044_3" STYLEREFS="FONT0"/>
          </TextLine>
        </TextBlock>
        <TextBlock ID="region_1602840516857_2049" HEIGHT="59" WIDTH="851" VPOS="1569" HPOS="291">
          <TextLine ID="line_1602840516942_2052" BASELINE="1628" HEIGHT="59" WIDTH="851" VPOS="1569" HPOS="291">
            <String HEIGHT="59" WIDTH="234" VPOS="1569" HPOS="274" CONTENT="562" ID="line_1602840516942_2052_1" STYLEREFS="FONT1"/>
            <SP HEIGHT="59" WIDTH="17" VPOS="1569" HPOS="508"/>
            <String HEIGHT="59" WIDTH="150" VPOS="1569" HPOS="458" CONTENT="Effet" ID="line_1602840516942_2052_2" STYLEREFS="FONT0"/>
            <SP HEIGHT="59" WIDTH="17" VPOS="1569" HPOS="608"/>
            <String HEIGHT="59" WIDTH="100" VPOS="1569" HPOS="558" CONTENT="de" ID="line_1602840516942_2052_3" STYLEREFS="FONT0"/>
            <SP HEIGHT="59" WIDTH="17" VPOS="1569" HPOS="658"/>
            <String HEIGHT="59" WIDTH="167" VPOS="1569" HPOS="608" CONTENT="matin," ID="line_1602840516942_2052_4" STYLEREFS="FONT0"/>
            <SP HEIGHT="59" WIDTH="17" VPOS="1569" HPOS="775"/>
            <String HEIGHT="59" WIDTH="217" VPOS="1569" HPOS="725" CONTENT="boulevard" ID="line_1602840516942_2052_5" STYLEREFS="FONT0"/>
            <SP HEIGHT="59" WIDTH="17" VPOS="1569" HPOS="942"/>
            <String HEIGHT="59" WIDTH="267" VPOS="1569" HPOS="875" CONTENT="Saint" ID="line_1602840516942_2052_6" STYLEREFS="FONT0"/>
          </TextLine>
          <TextLine ID="line_1602840520440_2057" BASELINE="1671" HEIGHT="58" WIDTH="742" VPOS="1613" HPOS="295">
            <String HEIGHT="58" WIDTH="221" VPOS="1613" HPOS="279" CONTENT="563" ID="line_1602840520440_2057_1" STYLEREFS="FONT1"/>
            <SP HEIGHT="58" WIDTH="16" VPOS="1613" HPOS="500"/>
            <String HEIGHT="58" WIDTH="111" VPOS="1613" HPOS="453" CONTENT="Des" ID="line_1602840520440_2057_2" STYLEREFS="FONT0"/>
            <SP HEIGHT="58" WIDTH="16" VPOS="1613" HPOS="563"/>
            <String HEIGHT="58" WIDTH="158" VPOS="1613" HPOS="516" CONTENT="arbres" ID="line_1602840520440_2057_3" STYLEREFS="FONT0"/>
            <SP HEIGHT="58" WIDTH="16" VPOS="1613" HPOS="674"/>
            <String HEIGHT="58" WIDTH="95" VPOS="1613" HPOS="627" CONTENT="et" ID="line_1602840520440_2057_4" STYLEREFS="FONT0"/>
            <SP HEIGHT="58" WIDTH="16" VPOS="1613" HPOS="721"/>
            <String HEIGHT="58" WIDTH="95" VPOS="1613" HPOS="674" CONTENT="un" ID="line_1602840520440_2057_5" STYLEREFS="FONT0"/>
            <SP HEIGHT="58" WIDTH="16" VPOS="1613" HPOS="769"/>
            <String HEIGHT="58" WIDTH="189" VPOS="1613" HPOS="721" CONTENT="ruisseau" ID="line_1602840520440_2057_6" STYLEREFS="FONT0"/>
            <SP HEIGHT="58" WIDTH="16" VPOS="1613" HPOS="911"/>
            <String HEIGHT="58" WIDTH="95" VPOS="1613" HPOS="863" CONTENT="au" ID="line_1602840520440_2057_7" STYLEREFS="FONT0"/>
            <SP HEIGHT="58" WIDTH="16" VPOS="1613" HPOS="958"/>
            <String HEIGHT="58" WIDTH="142" VPOS="1613" HPOS="895" CONTENT="soleil." ID="line_1602840520440_2057_8" STYLEREFS="FONT0"/>
          </TextLine>
        </TextBlock>
        <TextBlock ID="region_1602840523715_2062" HEIGHT="54" WIDTH="716" VPOS="1661" HPOS="295">
          <TextLine ID="line_1602840523801_2065" BASELINE="1715" HEIGHT="54" WIDTH="716" VPOS="1661" HPOS="295">
            <String HEIGHT="54" WIDTH="228" VPOS="1661" HPOS="279" CONTENT="564" ID="line_1602840523801_2065_1" STYLEREFS="FONT1"/>
            <SP HEIGHT="54" WIDTH="16" VPOS="1661" HPOS="507"/>
            <String HEIGHT="54" WIDTH="114" VPOS="1661" HPOS="458" CONTENT="Une" ID="line_1602840523801_2065_2" STYLEREFS="FONT0"/>
            <SP HEIGHT="54" WIDTH="16" VPOS="1661" HPOS="572"/>
            <String HEIGHT="54" WIDTH="146" VPOS="1661" HPOS="523" CONTENT="allée" ID="line_1602840523801_2065_3" STYLEREFS="FONT0"/>
            <SP HEIGHT="54" WIDTH="16" VPOS="1661" HPOS="669"/>
            <String HEIGHT="54" WIDTH="98" VPOS="1661" HPOS="620" CONTENT="du" ID="line_1602840523801_2065_4" STYLEREFS="FONT0"/>
            <SP HEIGHT="54" WIDTH="16" VPOS="1661" HPOS="718"/>
            <String HEIGHT="54" WIDTH="130" VPOS="1661" HPOS="669" CONTENT="parc" ID="line_1602840523801_2065_5" STYLEREFS="FONT0"/>
            <SP HEIGHT="54" WIDTH="16" VPOS="1661" HPOS="799"/>
            <String HEIGHT="54" WIDTH="98" VPOS="1661" HPOS="751" CONTENT="de" ID="line_1602840523801_2065_6" STYLEREFS="FONT0"/>
            <SP HEIGHT="54" WIDTH="16" VPOS="1661" HPOS="848"/>
            <String HEIGHT="54" WIDTH="228" VPOS="1661" HPOS="783" CONTENT="Saint" ID="line_1602840523801_2065_7" STYLEREFS="FONT0"/>
          </TextLine>
        </TextBlock>
        <TextBlock ID="region_1602840526826_2070" HEIGHT="50" WIDTH="591" VPOS="1718" HPOS="295">
          <TextLine ID="line_1602840526917_2073" BASELINE="1768" HEIGHT="50" WIDTH="591" VPOS="1718" HPOS="295">
            <String HEIGHT="50" WIDTH="224" VPOS="1718" HPOS="279" CONTENT="565" ID="line_1602840526917_2073_1" STYLEREFS="FONT1"/>
            <SP HEIGHT="50" WIDTH="16" VPOS="1718" HPOS="503"/>
            <String HEIGHT="50" WIDTH="160" VPOS="1718" HPOS="455" CONTENT="Façade" ID="line_1602840526917_2073_2" STYLEREFS="FONT0"/>
            <SP HEIGHT="50" WIDTH="16" VPOS="1718" HPOS="614"/>
            <String HEIGHT="50" WIDTH="96" VPOS="1718" HPOS="567" CONTENT="de" ID="line_1602840526917_2073_3" STYLEREFS="FONT0"/>
            <SP HEIGHT="50" WIDTH="16" VPOS="1718" HPOS="662"/>
            <String HEIGHT="50" WIDTH="144" VPOS="1718" HPOS="614" CONTENT="ferme" ID="line_1602840526917_2073_4" STYLEREFS="FONT0"/>
            <SP HEIGHT="50" WIDTH="16" VPOS="1718" HPOS="758"/>
            <String HEIGHT="50" WIDTH="96" VPOS="1718" HPOS="710" CONTENT="au" ID="line_1602840526917_2073_5" STYLEREFS="FONT0"/>
            <SP HEIGHT="50" WIDTH="16" VPOS="1718" HPOS="806"/>
            <String HEIGHT="50" WIDTH="144" VPOS="1718" HPOS="742" CONTENT="soleil." ID="line_1602840526917_2073_6" STYLEREFS="FONT0"/>
          </TextLine>
          <TextLine ID="line_1602840529936_2078" BASELINE="1807" HEIGHT="57" WIDTH="715" VPOS="1750" HPOS="293">
            <String HEIGHT="57" WIDTH="233" VPOS="1750" HPOS="276" CONTENT="566" ID="line_1602840529936_2078_1" STYLEREFS="FONT1"/>
            <SP HEIGHT="57" WIDTH="17" VPOS="1750" HPOS="509"/>
            <String HEIGHT="57" WIDTH="116" VPOS="1750" HPOS="459" CONTENT="Une" ID="line_1602840529936_2078_2" STYLEREFS="FONT0"/>
            <SP HEIGHT="57" WIDTH="17" VPOS="1750" HPOS="576"/>
            <String HEIGHT="57" WIDTH="150" VPOS="1750" HPOS="526" CONTENT="allée" ID="line_1602840529936_2078_3" STYLEREFS="FONT0"/>
            <SP HEIGHT="57" WIDTH="17" VPOS="1750" HPOS="675"/>
            <String HEIGHT="57" WIDTH="100" VPOS="1750" HPOS="626" CONTENT="du" ID="line_1602840529936_2078_4" STYLEREFS="FONT0"/>
            <SP HEIGHT="57" WIDTH="17" VPOS="1750" HPOS="725"/>
            <String HEIGHT="57" WIDTH="133" VPOS="1750" HPOS="675" CONTENT="parc" ID="line_1602840529936_2078_5" STYLEREFS="FONT0"/>
            <SP HEIGHT="57" WIDTH="17" VPOS="1750" HPOS="808"/>
            <String HEIGHT="57" WIDTH="100" VPOS="1750" HPOS="759" CONTENT="de" ID="line_1602840529936_2078_6" STYLEREFS="FONT0"/>
            <SP HEIGHT="57" WIDTH="17" VPOS="1750" HPOS="858"/>
            <String HEIGHT="57" WIDTH="216" VPOS="1750" HPOS="792" CONTENT="Montsouris." ID="line_1602840529936_2078_7" STYLEREFS="FONT0"/>
          </TextLine>
        </TextBlock>
        <TextBlock ID="region_1602840533493_2083" HEIGHT="50" WIDTH="534" VPOS="1803" HPOS="295">
          <TextLine ID="line_1602840533586_2086" BASELINE="1853" HEIGHT="50" WIDTH="534" VPOS="1803" HPOS="295">
            <String HEIGHT="50" WIDTH="214" VPOS="1803" HPOS="280" CONTENT="567" ID="line_1602840533586_2086_1" STYLEREFS="FONT1"/>
            <SP HEIGHT="50" WIDTH="15" VPOS="1803" HPOS="493"/>
            <String HEIGHT="50" WIDTH="153" VPOS="1803" HPOS="448" CONTENT="Arbres" ID="line_1602840533586_2086_2" STYLEREFS="FONT0"/>
            <SP HEIGHT="50" WIDTH="15" VPOS="1803" HPOS="600"/>
            <String HEIGHT="50" WIDTH="92" VPOS="1803" HPOS="554" CONTENT="et" ID="line_1602840533586_2086_3" STYLEREFS="FONT0"/>
            <SP HEIGHT="50" WIDTH="15" VPOS="1803" HPOS="646"/>
            <String HEIGHT="50" WIDTH="107" VPOS="1803" HPOS="600" CONTENT="pré" ID="line_1602840533586_2086_4" STYLEREFS="FONT0"/>
            <SP HEIGHT="50" WIDTH="15" VPOS="1803" HPOS="707"/>
            <String HEIGHT="50" WIDTH="92" VPOS="1803" HPOS="661" CONTENT="au" ID="line_1602840533586_2086_5" STYLEREFS="FONT0"/>
            <SP HEIGHT="50" WIDTH="15" VPOS="1803" HPOS="753"/>
            <String HEIGHT="50" WIDTH="137" VPOS="1803" HPOS="692" CONTENT="soleil." ID="line_1602840533586_2086_6" STYLEREFS="FONT0"/>
          </TextLine>
          <TextLine ID="line_1602840536544_2091" BASELINE="1899" HEIGHT="50" WIDTH="425" VPOS="1849" HPOS="295">
            <String HEIGHT="50" WIDTH="220" VPOS="1849" HPOS="279" CONTENT="568" ID="line_1602840536544_2091_1" STYLEREFS="FONT1"/>
            <SP HEIGHT="50" WIDTH="16" VPOS="1849" HPOS="500"/>
            <String HEIGHT="50" WIDTH="157" VPOS="1849" HPOS="452" CONTENT="Soleil" ID="line_1602840536544_2091_2" STYLEREFS="FONT0"/>
            <SP HEIGHT="50" WIDTH="16" VPOS="1849" HPOS="610"/>
            <String HEIGHT="50" WIDTH="94" VPOS="1849" HPOS="563" CONTENT="du" ID="line_1602840536544_2091_3" STYLEREFS="FONT0"/>
            <SP HEIGHT="50" WIDTH="16" VPOS="1849" HPOS="657"/>
            <String HEIGHT="50" WIDTH="126" VPOS="1849" HPOS="594" CONTENT="matin." ID="line_1602840536544_2091_4" STYLEREFS="FONT0"/>
          </TextLine>
        </TextBlock>
        <TextBlock ID="region_1602840539843_2096" HEIGHT="54" WIDTH="582" VPOS="1895" HPOS="297">
          <TextLine ID="line_1602840539944_2099" BASELINE="1949" HEIGHT="54" WIDTH="582" VPOS="1895" HPOS="297">
            <String HEIGHT="54" WIDTH="233" VPOS="1895" HPOS="280" CONTENT="569" ID="line_1602840539944_2099_1" STYLEREFS="FONT1"/>
            <SP HEIGHT="54" WIDTH="17" VPOS="1895" HPOS="513"/>
            <String HEIGHT="54" WIDTH="233" VPOS="1895" HPOS="463" CONTENT="Après-midi" ID="line_1602840539944_2099_2" STYLEREFS="FONT0"/>
            <SP HEIGHT="54" WIDTH="17" VPOS="1895" HPOS="696"/>
            <String HEIGHT="54" WIDTH="100" VPOS="1895" HPOS="646" CONTENT="de" ID="line_1602840539944_2099_3" STYLEREFS="FONT0"/>
            <SP HEIGHT="54" WIDTH="17" VPOS="1895" HPOS="746"/>
            <String HEIGHT="54" WIDTH="200" VPOS="1895" HPOS="679" CONTENT="septembre." ID="line_1602840539944_2099_4" STYLEREFS="FONT0"/>
          </TextLine>
        </TextBlock>
        <GraphicalElement ID="r_4" HEIGHT="10" WIDTH="896" VPOS="56" HPOS="448"/>
        <GraphicalElement ID="r_5" HEIGHT="8" WIDTH="264" VPOS="65" HPOS="151"/>
        <GraphicalElement ID="r_6" HEIGHT="474" WIDTH="13" VPOS="1740" HPOS="63"/>
        <GraphicalElement ID="r_7" HEIGHT="1090" WIDTH="29" VPOS="67" HPOS="65"/>
        <GraphicalElement ID="r_8" HEIGHT="342" WIDTH="10" VPOS="1329" HPOS="70"/>
        <GraphicalElement ID="r_9" HEIGHT="179" WIDTH="6" VPOS="2009" HPOS="1386"/>
      </PrintSpace>
    </Page>
  </Layout>
</alto>
