1450 2253
684 296 118 66 —
731 296 141 66 46
778 296 71 66 —

288 367 239 88 BOUSQUET
467 367 279 88 (Charles),
686 367 119 88 né
746 367 100 88 à
786 367 199 88 Paris.
925 367 100 88 —
965 367 139 88 1i,
1045 367 139 88 rue
1125 367 119 88 de
1164 367 80 88 la

338 430 153 58 Tour,
423 430 136 58 Paris.

380 507 218 70 570
552 507 171 70 Rivière
677 507 187 70 anglaise
817 507 140 70 (bois
910 507 94 70 de
957 507 218 70 Boulogne).

374 553 221 72 571
548 553 173 72 Rivière
674 553 189 72 anglaise
815 553 142 72 (bois
910 553 95 72 de
957 553 221 72 Boulogne).

376 600 219 74 572
549 600 172 74 Rivière
674 600 188 74 anglaise
815 600 141 74 (bois
909 600 94 74 de
956 600 219 74 Boulogne).

376 650 227 66 573
554 650 97 66 Un
603 650 130 66 coin
684 650 97 66 de
733 650 146 66 Loire
830 650 81 66 à
862 650 146 66 Cosne
960 650 211 66 (Nièvre).

374 688 218 72 574
546 688 156 72 Sables
655 688 94 72 de
702 688 94 72 la
749 688 140 72 Loire
842 688 78 72 à
873 688 156 72 Cosne.

371 740 217 71 575
541 740 155 71 Sables
649 740 93 71 de
696 740 93 71 la
742 740 139 71 Loire
835 740 77 71 à
866 740 155 71 Cosne.

370 785 217 64 576
541 785 93 64 La
588 785 140 64 Loire
681 785 78 64 à
712 785 155 64 Cosne.

373 827 215 76 577
542 827 92 76 la
588 827 138 76 Seine
680 827 77 76 à
711 827 354 76 Soisy-sous-Etioles.

280 948 240 91 BOUSSENOT
464 948 258 91 (Gustave),
667 948 111 91 né
722 948 92 91 à
759 948 203 91 Créteil
907 948 221 91 (Seine).
1073 948 92 91 —
1110 948 111 91 8,
1147 948 92 91 rue

318 1002 217 73 Barbette,
469 1002 134 73 Paris.

509 1065 168 83 578
641 1065 108 83 Femme
713 1065 72 83 et
737 1065 120 83 Chimère.

514 1129 133 63 579
618 1129 105 63 Discret
685 1129 86 63 séjour.

509 1173 162 67 580
637 1173 70 67 La
672 1173 104 67 Marhe
742 1173 93 67 vers
788 1173 116 67 Créteil.

505 1215 179 68 581
646 1215 128 68 Déclin
735 1215 77 68 du
773 1215 102 68 jour
837 1215 102 68 près
901 1215 115 68 l’Ile
978 1215 77 68 de
1003 1215 115 68 Beauté.

506 1269 168 63 582
638 1269 72 63 La
674 1269 156 63 Plâtrière
795 1269 60 63 à
807 1269 168 63 Romainville.

502 1312 170 56 583
635 1312 182 56 Observateur
781 1312 85 56 sur
830 1312 73 56 un
854 1312 97 56 talus.

503 1364 185 61 584
648 1364 119 61 Décor
728 1364 146 61 moderne
834 1364 146 61 (Fleurs
939 1364 79 61 et
966 1364 172 61 papillons).

500 1406 213 62 585
667 1406 106 62 Une
728 1406 167 62 gravure
850 1406 198 62 originale
1002 1406 76 62 à
1032 1406 137 62 l’eau
1108 1406 122 62 forte:

529 1456 217 61 ex-libris
696 1456 267 61 allégorique,
912 1456 233 61 appartient
1096 1456 83 61 à
1129 1456 100 61 M.
1162 1456 67 61 F.

529 1485 138 68 Roy,
615 1485 173 68 ancien
719 1485 173 68 éditeur.

270 1596 199 84 BOUVEL
409 1596 199 84 (Max),
549 1596 119 84 né
609 1596 100 84 à
648 1596 119 84 La
708 1596 259 84 Rochelle.
907 1596 100 84 —
947 1596 100 84 A
987 1596 139 84 Kef
1047 1596 179 84 Karnac,

307 1644 97 68 Le
355 1644 178 68 Croisic
469 1644 340 68 (Loire

344 1715 245 85 *586
540 1715 98 85 La
589 1715 180 85 chambre
719 1715 114 85 des
785 1715 147 85 vases
883 1715 114 85 (Le
948 1715 212 85 Croisie),
1095 1715 131 85 soleil

523 1769 222 72 couchant,
694 1769 154 72 avant
796 1769 103 72 la
830 1769 120 72 nuit.

342 1806 242 74 *587
535 1806 97 74 La
584 1806 129 74 Côte
664 1806 113 74 des
713 1806 161 74 Basques.

341 1845 237 99 *588
531 1845 95 99 La
578 1845 174 99 chambre
704 1845 110 99 des
767 1845 142 99 vases
862 1845 110 99 (Le
925 1845 205 99 Croisic),
1067 1845 158 99 derniers

509 1899 159 52 rayofis.
