1450 2253
284 383 229 69 *708
467 383 107 69 Les
528 383 122 69 œufs
604 383 107 69 sur
665 383 91 69 le
695 383 107 69 plat.

299 437 241 60 709
488 437 172 60 Pommes
609 437 172 60 cuites
730 437 103 60 et
782 437 190 60 marrons
920 437 241 60 (propriété
1092 437 69 60 de

453 488 194 54 l’auteur).

278 525 265 64 *710
490 525 124 64 Les
561 525 177 64 meules
685 525 88 64 à
720 525 300 64 Saint-Fargeau
950 525 212 64 (Seine

446 579 181 52 Marne).

279 621 260 50 *711
487 621 225 50 Confluent
660 621 104 50 de
712 621 104 50 la
764 621 156 50 Loire
868 621 104 50 et
920 621 104 50 de
971 621 104 50 la
1023 621 156 50 Cisse
1110 621 52 50 à

466 671 201 65 Vouvray
594 671 238 65 (Touraine).

202 798 178 53 CANDAS
327 798 214 53 (Henri),
487 798 107 53 né
540 798 89 53 à
576 798 178 53 Paris.
700 798 89 53 —
736 798 142 53 298,
825 798 125 53 rue
896 798 107 53 de
949 798 178 53 Paris,
1056 798 107 53 Cla-

239 851 140 62 mart
310 851 175 62 (Seine).

279 921 253 75 *712
481 921 101 75 La
532 921 185 75 moisson
667 921 101 75 au
717 921 202 75 Tremblay
852 921 152 75 (Eure).

280 986 243 45 *713
474 986 97 45 La
523 986 162 45 vallée
636 986 97 45 de
685 986 227 45 Beaumontel
863 986 113 45 (le
912 986 146 45 matin).

279 1030 240 56 *714
471 1030 96 56 Le
519 1030 176 56 barrage
648 1030 96 56 de
680 1030 176 56 Suresnes.

280 1075 235 60 *715
468 1075 94 60 La
515 1075 156 60 plaine
624 1075 78 60 à
640 1075 125 60 Cergy.

279 1123 235 56 *716
468 1123 94 56 La
515 1123 157 56 plaine
625 1123 78 56 à
640 1123 173 56 Pontoise.

278 1172 277 65 *717
499 1172 277 65 Charbonnier
720 1172 92 65 à
757 1172 369 65 Caudebec-en-Caux
1052 1172 111 65 (po

439 1217 168 55 chade).

279 1245 241 79 *718
472 1245 96 79 La
520 1245 145 79 Seine
616 1245 80 79 à
649 1245 225 79 Argenteuil
809 1245 193 79 (pochade).

278 1300 247 72 *719
475 1300 198 72 Pâturage
624 1300 82 72 à
657 1300 148 72 Condé
739 1300 198 72 (pochade).

200 1422 188 75 CARIOT
332 1422 244 75 (Gaston),
520 1422 113 75 né
576 1422 94 75 à
614 1422 188 75 Paris.
745 1422 94 75 —
764 1422 395 75 Périgny

239 1488 121 65 par
308 1488 190 65 Mandres
429 1488 311 65 (Seine

278 1558 256 69 *720
483 1558 103 69 La
534 1558 171 69 maison
654 1558 103 69 de
688 1558 188 69 campagne.

278 1616 237 63 *721
468 1616 111 63 Les
531 1616 221 63 hydrangéas
689 1616 158 63 abrités.

278 1665 245 58 *722
474 1665 147 58 Brume
572 1665 131 58 (fin
637 1665 212 58 d’automne).

277 1706 235 62 *723
465 1706 141 62 Neige
559 1706 78 62 à
575 1706 156 62 Périgny.

278 1757 230 55 *724
462 1757 153 55 Soleil
553 1757 169 55 couchant.

275 1805 249 53 *725
475 1805 100 53 La
525 1805 133 53 fête
608 1805 216 53 communale
774 1805 83 53 à
791 1805 166 53 Périgny.

276 1855 244 52 *726
471 1855 147 52 Matin
569 1855 81 52 à
602 1855 179 52 Périgny
716 1855 195 52 (automne).

277 1894 245 75 *727
473 1894 147 75 Matin
571 1894 82 75 à
604 1894 180 75 Périgny
718 1894 196 75 (automne).
