1450 2253
272 377 261 62 CARPENTIER
478 377 336 62 (Marie-Paule),
758 377 131 62 née
832 377 93 62 à
870 377 187 62 Paris.
1000 377 93 62 —
1038 377 131 62 60,
1112 377 131 62 rue
1168 377 75 62 de

316 423 244 65 Maubeuge,
485 423 150 65 Paris.

354 499 238 59 *728
545 499 95 59 Le
592 499 222 59 philosophe
767 499 175 59 (dessin
878 499 206 59 aquarellé).

356 559 241 49 *729
549 559 209 49 Vagabonde
710 559 177 49 (dessin
822 559 209 49 aquarellé).

375 593 221 57 730
549 593 142 57 Bords
644 593 95 57 de
691 593 111 57 lac
755 593 174 57 (dessin
881 593 221 57 aquarellé)
1039 593 206 57 (appartient

545 643 79 53 à
577 643 127 53 Mlle
640 643 127 53 G...).

378 681 221 61 731
552 681 205 61 Peupliers
709 681 126 61 dans
788 681 110 61 les
851 681 126 61 prés
930 681 173 61 (dessin
1040 681 205 61 aquarellé).

358 743 266 44 *732
571 743 231 44 Peupliers
749 743 107 44 au
802 743 142 44 bord
891 743 107 44 de
944 743 107 44 la
997 743 160 44 Seine
1086 743 160 44 (dessin

530 783 216 60 aquarellé).

380 832 223 48 733
556 832 223 48 Impression
731 832 144 48 rouge
827 832 176 48 (dessin
939 832 207 48 aquarellé).

363 874 235 59 *734
552 874 220 59 Impression
724 874 141 59 grise
818 874 173 59 (dessin
928 874 204 59 aquarellé).

365 920 230 61 *735
548 920 122 61 Tête
625 920 214 61 décorative
778 920 199 61 (peinture).

284 1030 185 74 CARRÉ
408 1030 247 74 (Raoul),
593 1030 123 74 né
654 1030 103 74 à
695 1030 349 74 Montmorillon.
983 1030 103 74 —
1024 1030 144 74 12,
1106 1030 144 74 rue
1168 1030 82 74 de

324 1089 211 60 Navarin,
465 1089 141 60 Paris.

364 1139 253 86 *736
566 1139 185 86 Enfants
701 1139 101 86 au
752 1139 135 86 parc
819 1139 169 86 Monceau.

366 1210 246 60 *737
562 1210 164 60 Marché
677 1210 115 60 aux
743 1210 131 60 oies
825 1210 98 60 en
857 1210 148 60 Poitou.

368 1268 231 47 *738
552 1268 108 47 Les
614 1268 154 47 cygnes
722 1268 92 47 au
753 1268 92 47 lac.

383 1290 234 70 739
567 1290 217 70 Portraits
734 1290 117 70 des
801 1290 184 70 enfants
935 1290 134 70 G...
1018 1290 251 70 (appartient
1202 1290 50 70 à

553 1351 136 55 Mme
611 1351 136 55 G...)

387 1394 222 59 740
561 1394 158 59 Marché
656 1394 143 59 breton.

369 1435 236 72 *741
558 1435 94 72 Au
605 1435 126 72 bord
683 1435 94 72 du
715 1435 94 72 lac.

387 1469 212 75 742
553 1469 197 75 Nourrices
705 1469 91 75 au
735 1469 136 75 soleil.

384 1532 230 76 743
564 1532 181 76 Enfants
696 1532 99 76 et
745 1532 181 76 nounous
876 1532 99 76 au
909 1532 115 76 bois.

290 1646 271 96 CARTAYRADE
502 1646 232 96 (Jules),
676 1646 116 96 né
734 1646 97 96 à
773 1646 290 96 Montpellier
1005 1646 271 96 (Hérault).
1198 1646 58 96 —

329 1717 122 73 23,
398 1717 122 73 rue
468 1717 192 73 Vaneau,
590 1717 139 73 Paris.

386 1787 195 63 744
525 1787 153 63 Portrait.

380 1841 218 57 *745
541 1841 116 57 Étude.

391 1879 219 72 746
564 1879 141 72 Étude
657 1879 94 72 de
689 1879 125 72 ferme.
