1450 2253
370 357 247 78 *765
567 357 198 78 Ombrages
716 357 99 78 en
765 357 198 78 Provence
897 357 132 78 (été).

389 421 221 56 766
563 421 158 56 Nature
658 421 126 56 morte.

370 466 227 56 *767
551 466 136 56 Étude
642 466 91 56 de
672 466 106 56 tête.

370 503 248 73 *768
569 503 198 73 St-Cloud
718 503 99 73 en
751 503 165 73 automne.

292 598 226 98 CATTRÈS
457 598 247 98 (J.-L.),
642 598 124 98 né
704 598 103 98 à
745 598 206 98 Paris.
889 598 103 98 —
931 598 144 98 16,
1013 598 144 98 rue
1075 598 185 98 Jeanne-

337 673 223 58 Hachette,
491 673 137 58 Paris.

374 739 218 55 *769
549 739 247 55 Vérité
753 739 160 55 (Projet
869 739 87 55 de
913 739 189 55 triptyque
1058 739 116 55 pour
1131 739 87 55 la
1160 739 102 55 déco-

555 784 157 59 ration
665 784 141 59 d’une
759 784 141 59 salle
853 784 94 59 du
900 784 188 59 peuple):
1025 784 235 59 hier,

559 830 263 72 aujourd’hui,
767 830 180 72 demain

295 943 274 47 CEDERLUND
505 943 274 47 (Gustaf),
716 943 126 47 né
779 943 105 47 à
821 943 274 47 Stockholm
1032 943 253 47 (Suède).
1200 943 63 47 —

340 980 146 60 117,
431 980 128 60 rue
504 980 475 60 Notre-Dame-des-Champs,
906 980 146 60 Paris.

376 1045 226 59 *770
556 1045 150 59 Maigre
647 1045 150 59 recette.

378 1096 231 51 *771
563 1096 123 51 Chez
640 1096 93 51 la
686 1096 170 51 vieille
794 1096 139 51 malade.

379 1136 236 62 *772
568 1136 110 62 Une
616 1136 173 62 question.

381 1184 216 61 *773
554 1184 159 61 Vieille
655 1184 187 61 tricoteuse.

299 1292 231 80 CHAMPON
467 1292 274 80 (Edmond),
678 1292 126 80 né
741 1292 105 80 à
783 1292 210 80 Paris.
930 1292 105 80 —
972 1292 147 80 21,
1057 1292 210 80 avenue
1183 1292 84 80 du

342 1360 177 59 Maine,
448 1360 142 59 Paris.

380 1429 256 58 *774
585 1429 103 58 Le
636 1429 188 58 village
773 1429 103 58 au
824 1429 171 58 soleil
944 1429 222 58 couchant,
1098 1429 171 58 Jouy-

562 1465 186 62 Moutier
681 1465 305 62 (Seine

381 1509 239 58 *775
572 1509 96 58 Le
620 1509 175 58 village
747 1509 96 58 au
795 1509 111 58 bas
859 1509 96 58 du
891 1509 143 58 côteau.

382 1556 245 59 *776
578 1556 98 59 La
627 1556 164 59 maison
741 1556 98 59 où
790 1556 147 59 vécut
889 1556 147 59 Félix
987 1556 180 59 Arvers,
1101 1556 131 59 Paris.

383 1609 235 55 *777
571 1609 313 55 Jouy-la-Fontaine
822 1609 282 55 (Seine

383 1655 239 58 *778
574 1655 143 58 Temps
670 1655 96 58 de
718 1655 143 58 pluie
813 1655 159 58 (bords
925 1655 96 58 de
957 1655 159 58 l’Oise).

383 1706 229 50 *779
566 1706 91 50 La
611 1706 137 50 neige
688 1706 152 50 (étude).

382 1747 273 62 *780
600 1747 255 62 Tombercaux
800 1747 109 62 au
855 1747 273 62 Pont-Marie,
1073 1747 182 62 dessin
1182 1747 91 62 re-

568 1793 171 56 haussé
688 1793 103 56 au
739 1793 171 56 pastel
842 1793 171 56 (étude).

383 1838 267 55 *781
597 1838 249 55 Notre-Dame
792 1838 107 55 et
845 1838 124 55 les
916 1838 213 55 chalands
1076 1838 107 55 de
1112 1838 160 55 pommes,

569 1884 142 70 Paris
648 1884 173 70 (pastel).
