1450 2253
589 233 118 100 —
636 233 141 100 61
683 233 71 100 —

190 328 319 90 CHEVALLIER
441 328 547 90 (Fernand-Hippolyte),
919 328 137 90 né
988 328 137 90 au
1033 328 114 90 Puy

232 395 313 87 (Haute-Loire).
493 395 87 87 —
527 395 122 87 10,
597 395 122 87 rue
667 395 209 87 Lamarck,
806 395 139 87 Paris.

272 456 243 76 *860
466 456 97 76 Le
515 456 146 76 tigre
612 456 146 76 Cœsar
709 456 227 76 (Bostock).
870 456 49 76 .

272 512 227 63 *861
453 512 136 63 Chien
544 512 91 63 et
574 512 136 63 tortue.

272 560 247 57 *862
469 560 132 57 Bord
551 560 181 57 d’étang
683 560 99 57 en
716 560 181 57 novembre.

273 608 224 62 *863
452 608 104 62 Les
497 608 179 62 peupliers.

273 652 236 59 *864
462 652 142 59 Effet
557 652 94 59 de
604 652 157 59 neige,
714 652 110 59 rue
761 652 252 59 Saint

273 700 245 56 *865
468 700 147 56 Ferme
566 700 98 56 de
599 700 212 56 Nonneville.

273 749 247 53 *866
470 749 82 53 e
503 749 181 53 Croult,
635 749 132 53 près
717 749 99 53 la
750 749 198 53 Courneuve.

197 877 262 48 CHRISTOPHE
403 877 244 48 (Pierre).
591 877 94 48 —
628 877 131 48 19,
703 877 131 48 rue
778 877 244 48 Daguerre,
947 877 150 48 Paris.

294 953 209 60 867
458 953 134 60 Étude
548 953 209 60 (statuette
697 953 149 60 plâtre).

274 1004 235 58 *868
462 1004 141 58 Biche
556 1004 94 58 et
603 1004 156 58 daguet
697 1004 172 58 japonais.

276 1055 232 64 *869
461 1055 124 64 Bouc
538 1055 124 64 nain
616 1055 93 64 du
662 1055 186 64 Sénégal.
801 1055 155 64 (terre
894 1055 139 64 cuite).

275 1098 236 55 *870
464 1098 141 55 Chien
558 1098 157 55 couché
652 1098 173 55 (plâtre).

277 1140 225 54 *771
457 1140 135 54 Chien
547 1140 150 54 basset
636 1140 165 54 (plâtre).

277 1189 221 57 *872
454 1189 133 57 Chien
543 1189 148 57 (terre
631 1189 133 57 cuite).

277 1230 244 61 *873
472 1230 244 61 Cynocéphale
650 1230 179 61 Mandrill.

278 1277 230 64 *874
462 1277 184 64 Macaques
600 1277 153 64 (terre
692 1277 138 64 cuite).

201 1398 172 82 CIROU
315 1398 210 82 (Paul),
468 1398 114 82 né
525 1398 95 82 à
563 1398 420 82 Sainte-Mère-Eglise
926 1398 248 82 (Manche).
1098 1398 57 82 —

244 1460 120 67 18,
312 1460 120 67 rue
381 1460 273 67 Boissonnade,
585 1460 137 67 Paris.

295 1535 233 53 875
478 1535 100 53 La
528 1535 133 53 dame
611 1535 100 53 au
661 1535 183 53 corsage
777 1535 133 53 rouge.

298 1581 219 51 876
470 1581 94 51 La
517 1581 125 51 mare
596 1581 110 51 aux
643 1581 110 51 oies.

292 1630 235 52 877
477 1630 117 52 Les
544 1630 201 52 cerceaux
678 1630 252 52 (Luxembourg).

294 1674 221 50 878
468 1674 142 50 Brise
562 1674 173 50 d'hiver
688 1674 142 50 (bois
783 1674 95 50 de
814 1674 189 50 Boulogne).

299 1722 216 51 879
468 1722 123 51 Dans
545 1722 108 51 les
592 1722 123 51 dunes.

299 1768 227 51 880
477 1768 211 51 Peupliers
639 1768 97 51 au
672 1768 194 51 printemps.

298 1815 226 53 881
476 1815 210 53 Peupliers
638 1815 97 53 au
670 1815 194 53 printemps.

298 1861 229 53 882
478 1861 213 53 Peupliers
642 1861 98 53 au
674 1861 197 53 printemps.
