1456 2253
748 228 144 69 62
796 228 72 69 —

304 309 333 87 CLARY-BAROUX,
579 309 118 87 né
638 309 98 87 à
677 309 196 87 Paris.
814 309 98 87 —
853 309 137 87 60,
932 309 137 87 rue
1010 309 118 87 de
1069 309 118 87 la
1108 309 157 87 Roche-

343 371 210 67 foucaud,
482 371 140 67 Paris.

384 431 237 71 *883
574 431 95 71 La
621 431 142 71 Seine
716 431 79 71 à
732 431 221 71 Saint

383 496 248 54 *884
582 496 165 54 Neige,
698 496 132 54 pont
780 496 99 54 de
830 496 248 54 Villeneuve,
1029 496 99 54 La
1062 496 165 54 Garenne.

385 544 246 55 *885
581 544 115 55 Les
647 544 213 55 pêcheurs,
811 544 98 55 la
860 544 148 55 Marne
959 544 82 55 à
975 544 197 55 Charenton.

384 586 235 50 *886
573 586 94 50 Le
620 586 126 50 port
698 586 94 50 de
745 586 235 50 Saint-Denis
918 586 157 50 (hiver).

385 636 244 57 *887
580 636 98 57 La
629 636 147 57 Seine
727 636 81 57 à
760 636 228 57 Argenteuil
922 636 196 57 (automne).

386 675 229 65 *888
569 675 153 65 L’Oise
676 675 76 65 à
707 675 199 65 Pontoise,
860 675 92 65 le
890 675 184 65 déversoir.

386 722 253 49 *889
588 722 169 49 Neige,
706 722 118 49 rue
774 722 101 49 du
824 722 253 49 Mont-Cenis,
1010 722 219 49 Montmartre.

385 769 251 61 *890
586 769 168 61 L’Eure
704 769 84 61 à
737 769 302 61 Mérey-sur-Eure
972 769 201 61 (automne).

310 869 380 72 CLAUDEL(Charles),
636 869 109 72 né
690 869 91 72 à
727 869 109 72 la
781 869 380 72 Fère-en-Tardenois
1089 869 181 72 (Aisne),

342 939 185 51 élève
466 939 123 51 de
528 939 123 51 M.
589 939 370 51 Roux-Champion.
898 939 103 51 —
939 939 144 51 16,
1021 939 144 51 rue
1083 939 185 51 Hermel,

330 987 139 53 Paris.

387 1045 214 76 *891
544 1045 128 76 Fruits.

386 1110 236 62 *892
575 1110 158 62 Nature
670 1110 126 62 morte.

408 1153 196 53 893
548 1153 126 53 Fruits.

386 1200 235 59 *894
574 1200 156 59 Nature
668 1200 125 59 morte.

388 1247 218 70 *895
548 1247 131 70 Fleurs.

309 1350 225 71 CLOUART
472 1350 266 71 (Albert),
677 1350 123 71 né
739 1350 102 71 à
780 1350 225 71 Rennes.
943 1350 102 71 —
964 1350 307 71 Perros

326 1411 332 79 (Côtes

390 1500 241 76 *896
583 1500 96 76 La
631 1500 241 76 bénédiction
823 1500 96 76 de
871 1500 96 76 la
904 1500 144 76 barque.

393 1546 227 73 *897
574 1546 106 73 Les
635 1546 151 73 brûlis
726 1546 166 73 d’herbes.

391 1596 218 63 *898
566 1596 87 63 La
595 1596 146 63 prairie.

390 1643 225 60 *899
570 1643 120 60 Vers
645 1643 90 60 le
690 1643 105 60 bon
735 1643 105 60 gite.

391 1665 243 97 *900
585 1665 113 97 Les
650 1665 194 97 coupeurs
795 1665 97 97 de
844 1665 162 97 mottes
957 1665 194 97 (galerie
1086 1665 146 97 Druet).

389 1733 221 62 *901
566 1733 103 62 Sur
625 1733 88 62 la
654 1733 118 62 grève.

390 1784 248 65 *902
588 1784 99 65 La
637 1784 149 65 reine
736 1784 132 65 Anne
819 1784 99 65 de
852 1784 182 65 Bretagne.

391 1826 231 76 *903
575 1826 154 76 Merlin
683 1826 92 76 et
714 1826 154 76 Viviane.
