1450 2253
558 245 118 76 —
605 245 141 76 65
652 245 71 76 —

166 338 199 64 CORDIER
310 338 343 64 (Albert-Louis),
599 338 108 64 né
654 338 90 64 à
690 338 181 64 Paris.
816 338 90 64 —
852 338 108 64 La
888 338 235 64 Ferté-

201 401 188 66 Jouarre
321 401 325 66 (Seine

245 469 220 61 *939
421 469 147 61 Fruits
524 469 88 61 et
568 469 147 61 fleurs
656 469 147 61 d’hiver.

243 526 240 48 *940
435 526 96 48 La
483 526 144 48 Marne
580 526 80 48 à
596 526 208 48 Fay

247 544 227 81 *941
429 544 136 81 L’Ile
520 544 91 81 et
565 544 91 81 le
611 544 121 81 pont
686 544 91 81 de
732 544 91 81 la
777 544 136 81 ville
868 544 76 81 à
899 544 91 81 la
929 544 197 81 Ferté

406 617 178 53 Jouarre.

246 659 253 64 *942
449 659 287 64 Chrysanthèmes
685 659 101 64 de
736 659 118 64 mon
786 659 152 64 jardin.

250 708 243 40 *943
444 708 113 40 Vue
509 708 146 40 prise
606 708 97 40 du
655 708 130 40 bois
736 708 97 40 de
785 708 97 40 la
833 708 146 40 Barre
931 708 97 40 en
963 708 162 40 automne.

248 750 246 62 *944
444 750 98 62 Le
493 750 131 62 pont
575 750 98 62 de
624 750 180 62 Bon-Pas
755 750 115 62 sur
821 750 98 62 la
853 750 164 62 Durance.

248 790 287 63 *945
478 790 134 63 Les
554 790 172 63 bords
669 790 115 63 de
727 790 115 63 la
784 790 192 63 Marne,
918 790 211 63 matinée
1052 790 77 63 de

409 851 228 54 septembre.

249 884 275 68 *946
469 884 110 68 Le
524 884 147 68 quai
615 884 128 68 des
689 884 183 68 Meules
817 884 92 68 à
854 884 110 68 la
891 884 238 68 Ferté

412 938 178 56 Jouarre.

182 1050 198 87 COEURET
326 1050 234 87 (Alfred),
505 1050 108 87 né
559 1050 90 87 à
595 1050 180 87 Paris.
721 1050 90 87 —
757 1050 126 87 26,
829 1050 126 87 rue
901 1050 108 87 de
954 1050 108 87 la
990 1050 144 87 Tombe-

219 1120 188 59 Issoire,
345 1120 125 59 Paris.

256 1180 238 64 *947
446 1180 95 64 Le
494 1180 174 64 travail
621 1180 269 64 (construction
842 1180 143 64 d’une
922 1180 158 64 maison).

258 1245 242 44 *948
454 1245 91 44 Le
500 1245 166 44 travail
620 1245 181 44 (service
756 1245 106 44 des
817 1245 121 44 eaux
892 1245 91 44 de
938 1245 151 44 Paris,
1028 1245 106 44 char-

455 1287 183 57 gement
583 1287 147 57 d’un
656 1287 165 57 tuyau).

261 1326 232 53 *949
446 1326 93 53 Le
493 1326 170 53 travail
617 1326 201 53 (chantier
772 1326 93 53 du
803 1326 263 53 Métropolitain).

260 1377 238 49 *950
451 1377 127 49 Fête
530 1377 175 49 foraine
657 1377 95 49 le
705 1377 127 49 soir
784 1377 127 49 (les
863 1377 159 49 grands
958 1377 175 49 manèges).

261 1427 250 46 *951
462 1427 100 46 Un
512 1427 134 46 coin
595 1427 100 46 de
645 1427 217 46 Montrouge
796 1427 250 46 (crépuscule).

263 1468 218 58 *952
438 1468 175 58 Portrait
554 1468 146 58 (étude).

262 1517 238 55 *953
453 1517 206 55 Autrefois
611 1517 159 55 (étude
707 1517 222 55 d’harmonie).

265 1553 235 76 *954
453 1553 203 76 Boulevard
610 1553 203 76 extérieur
766 1553 157 76 (étude
876 1553 94 76 de
907 1553 141 76 foule).

188 1670 315 91 CORGIALEGNO.
444 1670 98 91 —
483 1670 138 91 24,
562 1670 138 91 rue
641 1670 275 91 Bonaparte,
838 1670 157 91 Paris.

266 1761 228 61 *955
433 1761 167 61 Provence.

269 1813 231 56 *956
438 1813 169 56 Provence.

269 1861 227 66 *957
435 1861 167 66 Provence.
