1450 2253
174 379 217 90 DELEPOUVE
341 379 200 90 (Henry),
492 379 100 90 né
542 379 83 90 à
575 379 250 90 Versailles.
775 379 83 90 —
809 379 100 90 29
859 379 250 90 bis
1043 379 83 90 rue

211 452 253 74 Fontenelle,
413 452 152 74 Rouen
497 452 354 74 (Seine

246 521 249 75 *1126
449 521 93 75 Le
496 521 125 75 port
573 521 93 75 de
620 521 93 75 la
651 521 156 75 Bouille.

246 586 271 60 *1127
466 586 271 60 Rhododendron
686 586 102 60 en
720 586 152 60 fleurs.

247 633 253 61 *1128
453 633 95 61 Le
501 633 190 61 portrait
643 633 95 61 de
691 633 95 61 la
722 633 143 61 poupée.

245 680 248 66 *1129
447 680 155 66 Entrée
556 680 93 66 de
587 680 155 66 village.

175 817 212 57 DELESTRE
334 817 230 57 (Eugène),
511 817 106 57 né
564 817 88 57 à
599 817 177 57 Paris.
723 817 88 57 —
758 817 194 57 Galerie
899 817 124 57 des
952 817 177 57 Artistes

208 868 255 53 modernes,
404 868 157 53 chez
502 868 137 53 MM.
581 868 196 53 Chaine
718 868 118 53 et
776 868 255 53 Simonson,
972 868 137 53 19,
1031 868 98 53 rue

211 914 252 62 Caumartin,
391 914 144 62 Paris.

435 980 193 75 *1130
592 980 109 75 Meule
664 980 72 75 et
700 980 109 75 ferme
773 980 97 75 près
821 980 169 75 Chartrettes.

437 1033 198 56 *1131
597 1033 74 56 La
635 1033 111 56 Seine
709 1033 62 56 à
733 1033 124 56 Paris,
820 1033 99 56 près
882 1033 74 56 le
907 1033 148 56 Trocadéro.

437 1087 156 52 *1132
564 1087 108 52 L’hiver
642 1087 59 52 en
662 1087 88 52 plaine.

435 1121 222 58 *1133
616 1121 181 58 Bouleaux,
755 1121 111 58 près
824 1121 195 58 Vernonnet.
977 1121 69 58 —
1005 1121 83 58 La
1033 1121 97 58 Seine

463 1169 95 66 à
501 1169 267 66 Vernonnet.
711 1169 95 66 —
749 1169 229 66 Gavelles
921 1169 115 66 le
978 1169 172 66 soir.
1074 1169 57 66 —

468 1220 105 51 La
520 1220 157 51 Seine
625 1220 87 51 à
660 1220 105 51 la
712 1220 192 51 Frette,
852 1220 105 51 en
886 1220 175 51 automne.

438 1270 202 60 *1134
602 1270 76 60 La
640 1270 113 60 Seine
716 1270 63 60 à
741 1270 164 60 Vernonnet
867 1270 126 60 (temps
942 1270 101 60 gris).

440 1318 137 54 *1135
552 1318 51 54 Le
569 1318 85 54 pêcheur.

436 1349 196 60 *1136
595 1349 135 60 Vieille
693 1349 123 60 ferme,
779 1349 61 60 à
791 1349 221 60 Annet

435 1405 202 72 *1137
599 1405 139 72 Meules,
700 1405 101 72 près
751 1405 227 72 Annet

177 1519 199 80 DELIGNY
321 1519 235 80 (Hubert),
502 1519 108 80 né
556 1519 90 80 à
592 1519 181 80 Huelva
719 1519 253 80 (Espagne).
917 1519 90 80 —
953 1519 144 80 168,
1026 1519 108 80 fau-

214 1593 159 63 bourg
320 1593 299 63 Saint-Honoré,
549 1593 141 63 Paris.

252 1660 258 67 *1138
462 1660 129 67 Pont
542 1660 97 67 de
591 1660 97 67 la
639 1660 145 67 Badia
736 1660 97 67 de
785 1660 194 67 Fiesole,
930 1660 97 67 en
962 1660 97 67 été.

252 1723 288 43 *1139
486 1723 162 43 Route
594 1723 126 43 des
666 1723 216 43 environs
829 1723 108 43 de
883 1723 216 43 Florence
1027 1723 108 43 (au

447 1765 176 60 tomne).

255 1791 262 79 *1140
467 1791 147 79 Route
565 1791 115 79 des
631 1791 196 79 environs
778 1791 98 79 de
827 1791 196 79 Florence
958 1791 131 79 (été).

252 1869 289 68 *1141
487 1869 108 68 Le
541 1869 145 68 Pont
631 1869 181 68 Rouge,
758 1869 217 68 environs
920 1869 108 68 de
956 1869 181 68 Florence
