1450 2253
704 276 118 87 —
752 276 142 87 76
799 276 71 87 —

571 358 224 87 *1142
753 358 126 87 Route
837 358 98 87 des
893 358 168 87 environs
1019 358 84 87 de
1061 358 168 87 Florence
1173 358 98 87 (com-

602 424 258 64 mencement
780 424 258 64 d’automne).

574 454 201 70 *1143
738 454 113 70 Route
813 454 88 70 des
863 454 151 70 environs
976 454 75 70 de
1014 454 151 70 Florence
1115 454 100 70 (été).

574 515 200 57 *1144
737 515 113 57 Route
812 515 88 57 des
862 515 150 57 environs
975 515 75 57 de
1013 515 150 57 Florence
1113 515 100 57 (été).

573 556 219 74 *1145
751 556 178 74 Attelages
888 556 96 74 sur
943 556 96 74 les
997 556 137 74 routes
1093 556 178 74 (environs
1216 556 55 74 de

587 612 202 69 Florence.

313 725 226 82 DELANNOY
483 725 282 82 (Aristide),
708 725 113 82 né
765 725 94 82 à
802 725 226 82 Béthune.
972 725 94 82 —
1010 725 132 82 88,
1085 725 188 82 avenue
1198 725 75 82 du

349 795 178 65 Maine,
456 795 143 65 Paris.

579 862 173 72 *1146
720 862 119 72 L’homme
806 862 54 72 à
828 862 65 72 la
849 862 76 72 pipe.

577 924 154 54 *1147
702 924 77 54 Quai
741 924 96 54 flamand.

579 964 170 62 *1148
718 964 85 62 Quai
771 964 85 62 Vert
813 964 117 62 (Bruges).

577 1013 194 68 *1149
734 1013 97 68 Quai
795 1013 85 68 des
843 1013 169 68 Ménétriers
964 1013 133 68 (Bruges).

580 1064 158 49 *1150
709 1064 89 49 Canal
758 1064 99 49 flamand.

579 1095 184 66 *1151
729 1095 104 66 Place
798 1095 69 66 de
833 1095 69 66 la
868 1095 104 66 Vigne
925 1095 127 66 (Bruges).

581 1147 200 55 *1152
743 1147 150 55 Rinquin,
856 1147 88 55 dit
906 1147 175 55 Nez-Tortu,
1031 1147 113 55 mineur.

583 1198 194 74 *1153
741 1198 97 74 Rue,
801 1198 61 74 à
826 1198 158 74 Nuisement
935 1198 109 74 (Aube).

319 1313 220 91 DELPECH
479 1313 281 91 (Edouard),
700 1313 120 91 né
760 1313 100 91 à
800 1313 261 91 Toulouse.
1000 1313 100 91 —
1040 1313 160 91 112,
1121 1313 160 91 boule-

358 1380 135 69 vard
443 1380 102 69 de
493 1380 254 69 Courcelles,
680 1380 135 69 Paris.

586 1452 220 55 *1154
765 1452 82 55 Le
806 1452 151 55 drapeau
916 1452 82 55 en
957 1452 123 55 1806.
1039 1452 69 55 —
1066 1452 82 55 Le
1108 1452 151 55 premier
1204 1452 82 55 gre-

620 1504 170 50 nadier
739 1504 102 50 de
790 1504 102 50 la
841 1504 170 50 garde,
960 1504 136 50 sous
1045 1504 204 50 Napoléon
1181 1504 102 50 Ier.

592 1556 159 54 *1155
722 1556 80 54 Héro
771 1556 60 54 et
791 1556 100 54 Léandre.

594 1602 154 54 *1156
719 1602 58 54 Le
748 1602 96 54 rocher
806 1602 77 54 percé.

590 1631 203 73 *1157
755 1631 76 73 La
793 1631 127 73 chasse
882 1631 76 73 au
920 1631 152 73 sanglier
1034 1631 101 73 sous
1097 1631 101 73 bois
1148 1631 139 73 (costumes

622 1689 107 55 du
676 1689 161 55 temps
783 1689 107 55 de
837 1689 107 55 la
890 1689 250 55 seigneurie
1069 1689 215 55 flamande).

594 1735 210 73 *1158
765 1735 79 73 La
804 1735 118 73 pêche
883 1735 105 73 sous
949 1735 105 73 bois
1014 1735 171 73 (costumes
1146 1735 79 73 de
1185 1735 79 73 la
1211 1735 79 73 sei-

622 1782 199 59 gneurie
748 1782 217 59 flamande).

597 1829 176 56 *1159
740 1829 66 56 La
773 1829 99 56 ferme
838 1829 77 56 aux
871 1829 99 56 poules.

599 1875 166 72 *1160
733 1875 104 72 Groupe
806 1875 62 72 de
827 1875 93 72 chiens.
