1450 2253
189 359 223 57 DESTABLE
357 359 391 57 (J.-B.-Frédéric),
692 359 112 57 né
748 359 93 57 à
785 359 186 57 Rethel
897 359 242 57 (Ardennes).

223 417 91 49 —
259 417 109 49 2,
314 417 127 49 rue
386 417 326 49 Ambroise-Paré,
640 417 145 49 Paris.

284 480 242 68 1239
478 480 113 68 Vue
542 480 145 68 prise
639 480 97 68 de
687 480 97 68 ma
720 480 161 68 fenêtre.

188 597 339 67 DESVALLIÈRES
463 597 276 67 (George),
676 597 127 67 né
739 597 106 67 à
782 597 212 67 Paris.
930 597 106 67 —
972 597 148 67 14,
1036 597 106 67 rue

226 646 262 58 Saint-Marc,
417 646 140 58 Paris.

455 718 158 49 1240
582 718 53 49 A
592 718 137 49 Notre

458 770 155 50 1241
582 770 83 50 Dans
633 770 62 50 la
664 770 83 50 rue,
716 770 62 50 la
737 770 72 50 nuit.

452 811 189 52 1242
604 811 126 52 Groupe
692 811 76 52 au
718 811 189 52 Moulin

454 860 201 50 1243
615 860 81 50 Au
655 860 215 50 Moulin-Rouge
830 860 121 50 (tête
910 860 81 50 de
937 860 121 50 femme).

458 906 155 50 1244
581 906 82 50 Dans
633 906 62 50 le
654 906 82 50 monde.

455 953 155 52 1245
579 953 83 52 Tête
631 953 62 52 de
651 953 114 52 négresse.

456 998 152 60 1246
577 998 81 60 Loge
628 998 51 60 à
648 998 61 60 la
668 998 91 60 Cigale.

188 1102 208 60 DETROY
334 1102 229 60 (Léon),
501 1102 125 60 né
563 1102 104 60 à
605 1102 229 60 Chinon.
771 1102 104 60 —
813 1102 146 60 48,
896 1102 146 60 rue
959 1102 187 60 Cambon,

227 1157 170 59 Paris,
346 1157 136 59 chez
431 1157 102 59 M.
465 1157 136 59 Belin.

265 1223 271 60 *1247
486 1223 102 60 La
536 1223 170 60 grande
655 1223 153 60 allée
757 1223 102 60 de
808 1223 170 60 hêtres
910 1223 237 60 (Normandie).

265 1276 271 54 *1248
486 1276 102 54 Le
536 1276 204 54 quartier
689 1276 119 54 des
757 1276 204 54 pêcheurs
910 1276 119 54 (La
960 1276 187 54 Judecca).

268 1323 246 52 *1249
468 1323 216 52 Versailles
637 1323 108 52 (le
699 1323 139 52 grand
776 1323 154 52 bassin).

266 1372 263 46 *1250
479 1372 181 46 Automne
595 1372 263 46 (Fresselines).

266 1411 262 48 *1251
479 1411 98 48 Le
528 1411 148 48 vieux
626 1411 164 48 manoir
725 1411 180 48 (Gratot).

266 1457 255 56 *1252
473 1457 159 56 Venise
584 1457 111 56 (le
648 1457 143 56 grand
728 1457 143 56 canal).

267 1503 253 55 *1253
473 1503 111 55 Les
536 1503 174 55 glaçons
647 1503 237 55 (Gargilesse).

267 1551 263 59 *1254
481 1551 148 59 Route
563 1551 181 59 d’Amalfi.

193 1638 249 90 DEVARENNE
384 1638 268 90 (Anatole),
594 1638 115 90 né
652 1638 96 90 à
690 1638 249 90 Andeville
881 1638 210 90 (Oise).
1034 1638 96 90 —
1053 1638 96 90 An

216 1703 159 53 deville.

267 1764 257 63 *1255
476 1764 97 63 La
524 1764 193 63 Fressure
653 1764 209 63 (peinture).

268 1822 260 54 *1256
479 1822 163 54 Nature
593 1822 146 54 morte
674 1822 212 54 (peinture).

267 1861 252 70 *1257
472 1861 174 70 Vieille
599 1861 205 70 chaumière
740 1861 174 70 (fusain).
