1450 2253
274 362 160 81 FÉLIX
381 362 356 81 (Victor-Eugène),
684 362 107 81 né
738 362 89 81 à
755 362 143 81 Paris.

344 462 254 59 *1415
551 462 143 59 Étude
630 462 159 59 d’arbre.

364 514 245 49 1416
560 514 163 49 Nature
657 514 131 49 morte.

347 558 260 59 *1417
558 558 97 59 Le
607 558 211 59 Gris-Mont
753 558 146 59 (Jura).

363 607 243 61 1418
557 607 146 61 Vieux
638 607 114 61 banc.

269 749 211 96 FESNEAU
422 749 383 96 (Auguste-Henri),
747 749 115 96 né
805 749 96 96 à
843 749 191 96 Paris.
977 749 96 96 —
1015 749 134 96 17,
1092 749 134 96 rue
1149 749 77 96 du

306 814 217 68 Progrès,
450 814 217 68 Vincennes.

529 902 190 56 1419
681 902 76 56 Un
719 902 101 56 coin
782 902 76 56 de
820 902 114 56 Paris
896 902 76 56 au
922 902 164 56 crépuscule.

532 953 187 59 1420
681 953 75 59 Le
719 953 87 59 lac
769 953 75 59 de
806 953 150 59 Longemer
906 953 137 59 (Vosges).

530 1000 185 58 1421
677 1000 86 58 San
727 1000 135 58 Giorgio
825 1000 123 58 Majore
899 1000 135 58 (Venise).

534 1050 173 50 1422
673 1050 138 50 Morutier
777 1050 69 50 au
811 1050 104 50 clair
880 1050 69 50 de
903 1050 81 50 lune.

534 1094 127 52 1423
635 1094 59 52 Sur
669 1094 59 52 les
694 1094 76 52 récifs.

530 1141 196 47 1424
687 1141 118 47 Lever
766 1141 79 47 de
805 1141 105 47 lune
870 1141 92 47 sur
923 1141 92 47 les
975 1141 118 47 bords
1054 1141 79 47 de
1093 1141 79 47 la
1119 1141 105 47 Loire.

531 1187 185 46 1425
679 1187 160 46 Éclaircie
802 1187 74 46 de
839 1187 99 46 lune
900 1187 62 46 à
925 1187 74 46 La
950 1187 136 46 Rochelle.

531 1230 187 54 1426
680 1230 112 54 Effet
755 1230 75 54 du
793 1230 100 54 soir
855 1230 75 54 au
893 1230 100 54 bord
955 1230 100 54 d’un
1005 1230 100 54 étang.

269 1377 167 78 FIELD
381 1377 222 78 (Charles
547 1377 148 78 H.),
640 1377 111 78 né
695 1377 93 78 à
733 1377 241 78 Milnuakee
899 1377 278 78 (Etats

305 1440 118 66 22,
373 1440 118 66 rue
440 1440 253 66 Boissonade,
625 1440 135 66 Paris.

530 1515 154 71 1427
653 1515 82 71 Soir
694 1515 124 71 d’automne.

529 1574 168 64 1428
663 1574 101 64 Clair
730 1574 67 64 de
764 1574 90 64 lune
820 1574 56 64 à
831 1574 101 64 Poigny.

529 1624 176 56 1429
670 1624 94 56 Soir
729 1624 70 56 au
752 1624 153 56 Luxembourg.

534 1668 119 55 1430
629 1668 48 55 La
645 1668 64 55 ronde.

531 1708 166 66 1431
664 1708 100 66 Clair
730 1708 66 66 de
763 1708 88 66 lune
818 1708 66 66 en
841 1708 100 66 Suisse.

528 1762 188 55 1432
679 1762 163 55 Fantaisie
805 1762 75 55 au
830 1762 163 55 Luxembourg.

532 1807 134 53 1433
639 1807 54 53 La
657 1807 107 53 fondrière.

532 1851 134 62 1434
639 1851 62 62 Fin
675 1851 54 62 du
693 1851 62 62 jour.
