<alto xmlns:xsi="http://www.w3.org/2001/XMLSchema-instance" xmlns="http://www.loc.gov/standards/alto/ns-v2#" xmlns:page="http://schema.primaresearch.org/PAGE/gts/pagecontent/2013-07-15" xsi:schemaLocation="http://www.loc.gov/standards/alto/ns-v2# http://www.loc.gov/standards/alto/alto.xsd">
  <Description>
    <MeasurementUnit>pixel</MeasurementUnit>
    <sourceImageInformation>
         <fileName>93.jpg</fileName>
      </sourceImageInformation>
    <OCRProcessing ID="IdOcr">
      <ocrProcessingStep>
        <processingDateTime>2020-10-22T11:22:20.07+02:00</processingDateTime>
        <processingSoftware>
               <softwareCreator>CONTRIBUTORS</softwareCreator>
               <softwareName>pdfalto</softwareName>
               <softwareVersion>0.1</softwareVersion>
            </processingSoftware>
      </ocrProcessingStep>
    </OCRProcessing>
  </Description>
  <Styles>
     <TextStyle ID="FONT0" FONTSTYLE=""/>
     <TextStyle ID="FONT1" FONTSTYLE="bold"/>
     <TextStyle ID="FONT2" FONTSTYLE="italics"/>
</Styles>
  <Tags/>
  <Layout>
    <Page ID="Page1" PHYSICAL_IMG_NR="1" HEIGHT="2253" WIDTH="1450">
      <PrintSpace HEIGHT="2151" WIDTH="1311" VPOS="47" HPOS="58">
        <TextBlock ID="r_1_1" HEIGHT="146" WIDTH="937" VPOS="351" HPOS="189">
          <TextLine ID="tl_1" BASELINE="416" HEIGHT="68" WIDTH="947" VPOS="348" HPOS="182">
            <String HEIGHT="68" WIDTH="232" VPOS="348" HPOS="163" CONTENT="FLANDRIN" ID="tl_1_1" STYLEREFS="FONT0"/>
            <SP HEIGHT="68" WIDTH="19" VPOS="348" HPOS="395"/>
            <String HEIGHT="68" WIDTH="232" VPOS="348" HPOS="337" CONTENT="(Jules)," ID="tl_1_2" STYLEREFS="FONT0"/>
            <SP HEIGHT="68" WIDTH="19" VPOS="348" HPOS="569"/>
            <String HEIGHT="68" WIDTH="116" VPOS="348" HPOS="511" CONTENT="né" ID="tl_1_3" STYLEREFS="FONT0"/>
            <SP HEIGHT="68" WIDTH="19" VPOS="348" HPOS="627"/>
            <String HEIGHT="68" WIDTH="97" VPOS="348" HPOS="569" CONTENT="à" ID="tl_1_4" STYLEREFS="FONT0"/>
            <SP HEIGHT="68" WIDTH="19" VPOS="348" HPOS="665"/>
            <String HEIGHT="68" WIDTH="213" VPOS="348" HPOS="607" CONTENT="Corenc." ID="tl_1_5" STYLEREFS="FONT0"/>
            <SP HEIGHT="68" WIDTH="19" VPOS="348" HPOS="820"/>
            <String HEIGHT="68" WIDTH="97" VPOS="348" HPOS="762" CONTENT="—" ID="tl_1_6" STYLEREFS="FONT0"/>
            <SP HEIGHT="68" WIDTH="19" VPOS="348" HPOS="858"/>
            <String HEIGHT="68" WIDTH="116" VPOS="348" HPOS="800" CONTENT="9," ID="tl_1_7" STYLEREFS="FONT0"/>
            <SP HEIGHT="68" WIDTH="19" VPOS="348" HPOS="916"/>
            <String HEIGHT="68" WIDTH="135" VPOS="348" HPOS="858" CONTENT="rue" ID="tl_1_8" STYLEREFS="FONT0"/>
            <SP HEIGHT="68" WIDTH="19" VPOS="348" HPOS="994"/>
            <String HEIGHT="68" WIDTH="213" VPOS="348" HPOS="916" CONTENT="Campagne" SUBS_TYPE="HypPart1" SUBS_CONTENT="CampagnePremière," ID="tl_1_9" STYLEREFS="FONT0"/>
            <HYP CONTENT="-"/>
          </TextLine>
          <TextLine ID="tl_2" BASELINE="457" HEIGHT="57" WIDTH="909" VPOS="400" HPOS="221">
            <String HEIGHT="57" WIDTH="246" VPOS="400" HPOS="202" CONTENT="Première," SUBS_TYPE="HypPart2" SUBS_CONTENT="CampagnePremière," ID="tl_2_1" STYLEREFS="FONT0"/>
            <SP HEIGHT="57" WIDTH="19" VPOS="400" HPOS="448"/>
            <String HEIGHT="57" WIDTH="189" VPOS="400" HPOS="391" CONTENT="Paris," ID="tl_2_2" STYLEREFS="FONT0"/>
            <SP HEIGHT="57" WIDTH="19" VPOS="400" HPOS="581"/>
            <String HEIGHT="57" WIDTH="114" VPOS="400" HPOS="524" CONTENT="et" ID="tl_2_3" STYLEREFS="FONT0"/>
            <SP HEIGHT="57" WIDTH="19" VPOS="400" HPOS="638"/>
            <String HEIGHT="57" WIDTH="152" VPOS="400" HPOS="581" CONTENT="chez" ID="tl_2_4" STYLEREFS="FONT0"/>
            <SP HEIGHT="57" WIDTH="19" VPOS="400" HPOS="732"/>
            <String HEIGHT="57" WIDTH="114" VPOS="400" HPOS="676" CONTENT="M." ID="tl_2_5" STYLEREFS="FONT0"/>
            <SP HEIGHT="57" WIDTH="19" VPOS="400" HPOS="789"/>
            <String HEIGHT="57" WIDTH="189" VPOS="400" HPOS="732" CONTENT="Druet," ID="tl_2_6" STYLEREFS="FONT0"/>
            <SP HEIGHT="57" WIDTH="19" VPOS="400" HPOS="922"/>
            <String HEIGHT="57" WIDTH="152" VPOS="400" HPOS="865" CONTENT="114," ID="tl_2_7" STYLEREFS="FONT0"/>
            <SP HEIGHT="57" WIDTH="19" VPOS="400" HPOS="1016"/>
            <String HEIGHT="57" WIDTH="189" VPOS="400" HPOS="941" CONTENT="faubourg" ID="tl_2_8" STYLEREFS="FONT0"/>
          </TextLine>
          <TextLine ID="tl_3" BASELINE="520" HEIGHT="69" WIDTH="249" VPOS="451" HPOS="221">
            <String HEIGHT="69" WIDTH="287" VPOS="451" HPOS="183" CONTENT="Saint" ID="tl_3_1" STYLEREFS="FONT0"/>
          </TextLine>
        </TextBlock>
        <TextBlock ID="r_3_1" HEIGHT="33" WIDTH="121" VPOS="537" HPOS="447">
          <TextLine ID="tl_12" BASELINE="586" HEIGHT="78" WIDTH="133" VPOS="508" HPOS="441">
            <String HEIGHT="78" WIDTH="106" VPOS="508" HPOS="434" CONTENT="*1435" ID="tl_12_1" STYLEREFS="FONT1"/>
            <SP HEIGHT="78" WIDTH="7" VPOS="508" HPOS="541"/>
            <String HEIGHT="78" WIDTH="60" VPOS="508" HPOS="514" CONTENT="Venise." ID="tl_12_2" STYLEREFS="FONT0"/>
          </TextLine>
        </TextBlock>
        <TextBlock ID="r_3_2" HEIGHT="92" WIDTH="562" VPOS="570" HPOS="448">
          <TextLine ID="tl_13" BASELINE="629" HEIGHT="70" WIDTH="574" VPOS="559" HPOS="442">
            <String HEIGHT="70" WIDTH="209" VPOS="559" HPOS="429" CONTENT="*1436" ID="tl_13_1" STYLEREFS="FONT1"/>
            <SP HEIGHT="70" WIDTH="13" VPOS="559" HPOS="638"/>
            <String HEIGHT="70" WIDTH="78" VPOS="559" HPOS="599" CONTENT="La" ID="tl_13_2" STYLEREFS="FONT0"/>
            <SP HEIGHT="70" WIDTH="13" VPOS="559" HPOS="677"/>
            <String HEIGHT="70" WIDTH="117" VPOS="559" HPOS="638" CONTENT="route" ID="tl_13_3" STYLEREFS="FONT0"/>
            <SP HEIGHT="70" WIDTH="13" VPOS="559" HPOS="755"/>
            <String HEIGHT="70" WIDTH="78" VPOS="559" HPOS="716" CONTENT="de" ID="tl_13_4" STYLEREFS="FONT0"/>
            <SP HEIGHT="70" WIDTH="13" VPOS="559" HPOS="794"/>
            <String HEIGHT="70" WIDTH="274" VPOS="559" HPOS="742" CONTENT="Fontenay" ID="tl_13_5" STYLEREFS="FONT0"/>
          </TextLine>
          <TextLine ID="tl_14" BASELINE="672" HEIGHT="56" WIDTH="373" VPOS="616" HPOS="444">
            <String HEIGHT="56" WIDTH="166" VPOS="616" HPOS="434" CONTENT="*1437" ID="tl_14_1" STYLEREFS="FONT1"/>
            <SP HEIGHT="56" WIDTH="10" VPOS="616" HPOS="599"/>
            <String HEIGHT="56" WIDTH="73" VPOS="616" HPOS="568" CONTENT="Une" ID="tl_14_2" STYLEREFS="FONT0"/>
            <SP HEIGHT="56" WIDTH="10" VPOS="616" HPOS="641"/>
            <String HEIGHT="56" WIDTH="93" VPOS="616" HPOS="610" CONTENT="allée" ID="tl_14_3" STYLEREFS="FONT0"/>
            <SP HEIGHT="56" WIDTH="10" VPOS="616" HPOS="703"/>
            <String HEIGHT="56" WIDTH="52" VPOS="616" HPOS="672" CONTENT="à" ID="tl_14_4" STYLEREFS="FONT0"/>
            <SP HEIGHT="56" WIDTH="10" VPOS="616" HPOS="724"/>
            <String HEIGHT="56" WIDTH="135" VPOS="616" HPOS="682" CONTENT="Versailles." ID="tl_14_5" STYLEREFS="FONT0"/>
          </TextLine>
        </TextBlock>
        <TextBlock ID="r_3_3" HEIGHT="50" WIDTH="423" VPOS="666" HPOS="451">
          <TextLine ID="tl_15" BASELINE="721" HEIGHT="63" WIDTH="434" VPOS="658" HPOS="445">
            <String HEIGHT="63" WIDTH="188" VPOS="658" HPOS="433" CONTENT="*1438" ID="tl_15_1" STYLEREFS="FONT1"/>
            <SP HEIGHT="63" WIDTH="12" VPOS="658" HPOS="621"/>
            <String HEIGHT="63" WIDTH="94" VPOS="658" HPOS="586" CONTENT="Coin" ID="tl_15_2" STYLEREFS="FONT0"/>
            <SP HEIGHT="63" WIDTH="12" VPOS="658" HPOS="680"/>
            <String HEIGHT="63" WIDTH="70" VPOS="658" HPOS="644" CONTENT="de" ID="tl_15_3" STYLEREFS="FONT0"/>
            <SP HEIGHT="63" WIDTH="12" VPOS="658" HPOS="715"/>
            <String HEIGHT="63" WIDTH="94" VPOS="658" HPOS="680" CONTENT="parc" ID="tl_15_4" STYLEREFS="FONT0"/>
            <SP HEIGHT="63" WIDTH="12" VPOS="658" HPOS="773"/>
            <String HEIGHT="63" WIDTH="152" VPOS="658" HPOS="727" CONTENT="(Dauphiné)." ID="tl_15_5" STYLEREFS="FONT0"/>
          </TextLine>
        </TextBlock>
        <TextBlock ID="r_3_4" HEIGHT="53" WIDTH="489" VPOS="709" HPOS="454">
          <TextLine ID="tl_16" BASELINE="760" HEIGHT="59" WIDTH="499" VPOS="701" HPOS="448">
            <String HEIGHT="59" WIDTH="190" VPOS="701" HPOS="436" CONTENT="*1439" ID="tl_16_1" STYLEREFS="FONT1"/>
            <SP HEIGHT="59" WIDTH="12" VPOS="701" HPOS="626"/>
            <String HEIGHT="59" WIDTH="71" VPOS="701" HPOS="591" CONTENT="Le" ID="tl_16_2" STYLEREFS="FONT0"/>
            <SP HEIGHT="59" WIDTH="12" VPOS="701" HPOS="662"/>
            <String HEIGHT="59" WIDTH="107" VPOS="701" HPOS="626" CONTENT="petit" ID="tl_16_3" STYLEREFS="FONT0"/>
            <SP HEIGHT="59" WIDTH="12" VPOS="701" HPOS="733"/>
            <String HEIGHT="59" WIDTH="143" VPOS="701" HPOS="698" CONTENT="pavillon" ID="tl_16_4" STYLEREFS="FONT0"/>
            <SP HEIGHT="59" WIDTH="12" VPOS="701" HPOS="840"/>
            <String HEIGHT="59" WIDTH="154" VPOS="701" HPOS="793" CONTENT="(Dauphiné)." ID="tl_16_5" STYLEREFS="FONT0"/>
          </TextLine>
        </TextBlock>
        <TextBlock ID="r_3_5" HEIGHT="146" WIDTH="508" VPOS="755" HPOS="453">
          <TextLine ID="tl_17" BASELINE="808" HEIGHT="59" WIDTH="518" VPOS="749" HPOS="447">
            <String HEIGHT="59" WIDTH="180" VPOS="749" HPOS="436" CONTENT="*1440" ID="tl_17_1" STYLEREFS="FONT1"/>
            <SP HEIGHT="59" WIDTH="11" VPOS="749" HPOS="616"/>
            <String HEIGHT="59" WIDTH="90" VPOS="749" HPOS="582" CONTENT="Soir" ID="tl_17_2" STYLEREFS="FONT0"/>
            <SP HEIGHT="59" WIDTH="11" VPOS="749" HPOS="672"/>
            <String HEIGHT="59" WIDTH="124" VPOS="749" HPOS="638" CONTENT="d’orage" ID="tl_17_3" STYLEREFS="FONT0"/>
            <SP HEIGHT="59" WIDTH="11" VPOS="749" HPOS="762"/>
            <String HEIGHT="59" WIDTH="124" VPOS="749" HPOS="729" CONTENT="(vallée" ID="tl_17_4" STYLEREFS="FONT0"/>
            <SP HEIGHT="59" WIDTH="11" VPOS="749" HPOS="852"/>
            <String HEIGHT="59" WIDTH="68" VPOS="749" HPOS="819" CONTENT="de" ID="tl_17_5" STYLEREFS="FONT0"/>
            <SP HEIGHT="59" WIDTH="11" VPOS="749" HPOS="886"/>
            <String HEIGHT="59" WIDTH="124" VPOS="749" HPOS="841" CONTENT="l’Isère)." ID="tl_17_6" STYLEREFS="FONT0"/>
          </TextLine>
          <TextLine ID="tl_18" BASELINE="855" HEIGHT="48" WIDTH="518" VPOS="807" HPOS="449">
            <String HEIGHT="48" WIDTH="202" VPOS="807" HPOS="436" CONTENT="*1441" ID="tl_18_1" STYLEREFS="FONT1"/>
            <SP HEIGHT="48" WIDTH="13" VPOS="807" HPOS="639"/>
            <String HEIGHT="48" WIDTH="114" VPOS="807" HPOS="601" CONTENT="Matin" ID="tl_18_2" STYLEREFS="FONT0"/>
            <SP HEIGHT="48" WIDTH="13" VPOS="807" HPOS="714"/>
            <String HEIGHT="48" WIDTH="76" VPOS="807" HPOS="676" CONTENT="de" ID="tl_18_3" STYLEREFS="FONT0"/>
            <SP HEIGHT="48" WIDTH="13" VPOS="807" HPOS="752"/>
            <String HEIGHT="48" WIDTH="164" VPOS="807" HPOS="714" CONTENT="printemps" ID="tl_18_4" STYLEREFS="FONT0"/>
            <SP HEIGHT="48" WIDTH="13" VPOS="807" HPOS="879"/>
            <String HEIGHT="48" WIDTH="63" VPOS="807" HPOS="841" CONTENT="à" ID="tl_18_5" STYLEREFS="FONT0"/>
            <SP HEIGHT="48" WIDTH="13" VPOS="807" HPOS="904"/>
            <String HEIGHT="48" WIDTH="114" VPOS="807" HPOS="853" CONTENT="Corenc." ID="tl_18_6" STYLEREFS="FONT0"/>
          </TextLine>
          <TextLine ID="tl_19" BASELINE="913" HEIGHT="64" WIDTH="459" VPOS="849" HPOS="450">
            <String HEIGHT="64" WIDTH="188" VPOS="849" HPOS="438" CONTENT="*1442" ID="tl_19_1" STYLEREFS="FONT1"/>
            <SP HEIGHT="64" WIDTH="12" VPOS="849" HPOS="627"/>
            <String HEIGHT="64" WIDTH="165" VPOS="849" HPOS="591" CONTENT="Après-midi" ID="tl_19_2" STYLEREFS="FONT0"/>
            <SP HEIGHT="64" WIDTH="12" VPOS="849" HPOS="756"/>
            <String HEIGHT="64" WIDTH="106" VPOS="849" HPOS="721" CONTENT="d’été" ID="tl_19_3" STYLEREFS="FONT0"/>
            <SP HEIGHT="64" WIDTH="12" VPOS="849" HPOS="827"/>
            <String HEIGHT="64" WIDTH="59" VPOS="849" HPOS="791" CONTENT="à" ID="tl_19_4" STYLEREFS="FONT0"/>
            <SP HEIGHT="64" WIDTH="12" VPOS="849" HPOS="850"/>
            <String HEIGHT="64" WIDTH="106" VPOS="849" HPOS="803" CONTENT="Corenc." ID="tl_19_5" STYLEREFS="FONT0"/>
          </TextLine>
        </TextBlock>
        <TextBlock ID="r_4_1" HEIGHT="109" WIDTH="934" VPOS="973" HPOS="206">
          <TextLine ID="tl_20" BASELINE="1042" HEIGHT="75" WIDTH="946" VPOS="967" HPOS="200">
            <String HEIGHT="75" WIDTH="189" VPOS="967" HPOS="181" CONTENT="FLEURY" ID="tl_20_1" STYLEREFS="FONT0"/>
            <SP HEIGHT="75" WIDTH="19" VPOS="967" HPOS="370"/>
            <String HEIGHT="75" WIDTH="397" VPOS="967" HPOS="314" CONTENT="(Georges-Pierre)," ID="tl_20_2" STYLEREFS="FONT0"/>
            <SP HEIGHT="75" WIDTH="19" VPOS="967" HPOS="711"/>
            <String HEIGHT="75" WIDTH="114" VPOS="967" HPOS="654" CONTENT="né" ID="tl_20_3" STYLEREFS="FONT0"/>
            <SP HEIGHT="75" WIDTH="19" VPOS="967" HPOS="768"/>
            <String HEIGHT="75" WIDTH="95" VPOS="967" HPOS="711" CONTENT="à" ID="tl_20_4" STYLEREFS="FONT0"/>
            <SP HEIGHT="75" WIDTH="19" VPOS="967" HPOS="805"/>
            <String HEIGHT="75" WIDTH="189" VPOS="967" HPOS="749" CONTENT="Paris." ID="tl_20_5" STYLEREFS="FONT0"/>
            <SP HEIGHT="75" WIDTH="19" VPOS="967" HPOS="938"/>
            <String HEIGHT="75" WIDTH="95" VPOS="967" HPOS="881" CONTENT="—" ID="tl_20_6" STYLEREFS="FONT0"/>
            <SP HEIGHT="75" WIDTH="19" VPOS="967" HPOS="976"/>
            <String HEIGHT="75" WIDTH="132" VPOS="967" HPOS="919" CONTENT="44," ID="tl_20_7" STYLEREFS="FONT0"/>
            <SP HEIGHT="75" WIDTH="19" VPOS="967" HPOS="1051"/>
            <String HEIGHT="75" WIDTH="132" VPOS="967" HPOS="995" CONTENT="rue" ID="tl_20_8" STYLEREFS="FONT0"/>
            <SP HEIGHT="75" WIDTH="19" VPOS="967" HPOS="1127"/>
            <String HEIGHT="75" WIDTH="95" VPOS="967" HPOS="1051" CONTENT="des" ID="tl_20_9" STYLEREFS="FONT0"/>
          </TextLine>
          <TextLine ID="tl_21" BASELINE="1090" HEIGHT="59" WIDTH="200" VPOS="1031" HPOS="237">
            <String HEIGHT="59" WIDTH="150" VPOS="1031" HPOS="220" CONTENT="Bois," ID="tl_21_1" STYLEREFS="FONT0"/>
            <SP HEIGHT="59" WIDTH="17" VPOS="1031" HPOS="370"/>
            <String HEIGHT="59" WIDTH="133" VPOS="1031" HPOS="304" CONTENT="Paris." ID="tl_21_2" STYLEREFS="FONT0"/>
          </TextLine>
        </TextBlock>
        <TextBlock ID="r_6_1" HEIGHT="47" WIDTH="306" VPOS="1107" HPOS="469">
          <TextLine ID="tl_30" BASELINE="1164" HEIGHT="68" WIDTH="316" VPOS="1096" HPOS="463">
            <String HEIGHT="68" WIDTH="158" VPOS="1096" HPOS="453" CONTENT="*1443" ID="tl_30_1" STYLEREFS="FONT1"/>
            <SP HEIGHT="68" WIDTH="10" VPOS="1096" HPOS="611"/>
            <String HEIGHT="68" WIDTH="59" VPOS="1096" HPOS="582" CONTENT="Le" ID="tl_30_2" STYLEREFS="FONT0"/>
            <SP HEIGHT="68" WIDTH="10" VPOS="1096" HPOS="641"/>
            <String HEIGHT="68" WIDTH="89" VPOS="1096" HPOS="611" CONTENT="puits" ID="tl_30_3" STYLEREFS="FONT0"/>
            <SP HEIGHT="68" WIDTH="10" VPOS="1096" HPOS="700"/>
            <String HEIGHT="68" WIDTH="119" VPOS="1096" HPOS="661" CONTENT="(Rosiers)." ID="tl_30_4" STYLEREFS="FONT0"/>
          </TextLine>
        </TextBlock>
        <TextBlock ID="r_6_2" HEIGHT="40" WIDTH="287" VPOS="1154" HPOS="465">
          <TextLine ID="tl_31" BASELINE="1205" HEIGHT="58" WIDTH="298" VPOS="1147" HPOS="459">
            <String HEIGHT="58" WIDTH="170" VPOS="1147" HPOS="448" CONTENT="*1444" ID="tl_31_1" STYLEREFS="FONT1"/>
            <SP HEIGHT="58" WIDTH="11" VPOS="1147" HPOS="619"/>
            <String HEIGHT="58" WIDTH="96" VPOS="1147" HPOS="587" CONTENT="Femme" ID="tl_31_2" STYLEREFS="FONT0"/>
            <SP HEIGHT="58" WIDTH="11" VPOS="1147" HPOS="683"/>
            <String HEIGHT="58" WIDTH="64" VPOS="1147" HPOS="651" CONTENT="au" ID="tl_31_3" STYLEREFS="FONT0"/>
            <SP HEIGHT="58" WIDTH="11" VPOS="1147" HPOS="714"/>
            <String HEIGHT="58" WIDTH="85" VPOS="1147" HPOS="672" CONTENT="fichu." ID="tl_31_4" STYLEREFS="FONT0"/>
          </TextLine>
        </TextBlock>
        <TextBlock ID="r_6_3" HEIGHT="44" WIDTH="240" VPOS="1202" HPOS="466">
          <TextLine ID="tl_32" BASELINE="1247" HEIGHT="53" WIDTH="252" VPOS="1194" HPOS="459">
            <String HEIGHT="53" WIDTH="144" VPOS="1194" HPOS="450" CONTENT="*1445" ID="tl_32_1" STYLEREFS="FONT1"/>
            <SP HEIGHT="53" WIDTH="9" VPOS="1194" HPOS="594"/>
            <String HEIGHT="53" WIDTH="81" VPOS="1194" HPOS="567" CONTENT="Effet" ID="tl_32_2" STYLEREFS="FONT0"/>
            <SP HEIGHT="53" WIDTH="9" VPOS="1194" HPOS="648"/>
            <String HEIGHT="53" WIDTH="54" VPOS="1194" HPOS="621" CONTENT="de" ID="tl_32_3" STYLEREFS="FONT0"/>
            <SP HEIGHT="53" WIDTH="9" VPOS="1194" HPOS="675"/>
            <String HEIGHT="53" WIDTH="72" VPOS="1194" HPOS="639" CONTENT="neige." ID="tl_32_4" STYLEREFS="FONT0"/>
          </TextLine>
        </TextBlock>
        <TextBlock ID="r_6_4" HEIGHT="93" WIDTH="501" VPOS="1239" HPOS="469">
          <TextLine ID="tl_33" BASELINE="1299" HEIGHT="72" WIDTH="513" VPOS="1227" HPOS="463">
            <String HEIGHT="72" WIDTH="187" VPOS="1227" HPOS="451" CONTENT="*1446" ID="tl_33_1" STYLEREFS="FONT1"/>
            <SP HEIGHT="72" WIDTH="12" VPOS="1227" HPOS="638"/>
            <String HEIGHT="72" WIDTH="140" VPOS="1227" HPOS="603" CONTENT="Ancienne" ID="tl_33_2" STYLEREFS="FONT0"/>
            <SP HEIGHT="72" WIDTH="12" VPOS="1227" HPOS="743"/>
            <String HEIGHT="72" WIDTH="82" VPOS="1227" HPOS="708" CONTENT="rue" ID="tl_33_3" STYLEREFS="FONT0"/>
            <SP HEIGHT="72" WIDTH="12" VPOS="1227" HPOS="789"/>
            <String HEIGHT="72" WIDTH="93" VPOS="1227" HPOS="754" CONTENT="Piat" ID="tl_33_4" STYLEREFS="FONT0"/>
            <SP HEIGHT="72" WIDTH="12" VPOS="1227" HPOS="848"/>
            <String HEIGHT="72" WIDTH="175" VPOS="1227" HPOS="801" CONTENT="(Belleville)." ID="tl_33_5" STYLEREFS="FONT0"/>
          </TextLine>
          <TextLine ID="tl_34" BASELINE="1345" HEIGHT="56" WIDTH="130" VPOS="1289" HPOS="465">
            <String HEIGHT="56" WIDTH="104" VPOS="1289" HPOS="459" CONTENT="*1447" ID="tl_34_1" STYLEREFS="FONT1"/>
            <SP HEIGHT="56" WIDTH="7" VPOS="1289" HPOS="563"/>
            <String HEIGHT="56" WIDTH="59" VPOS="1289" HPOS="537" CONTENT="Barbet." ID="tl_34_2" STYLEREFS="FONT0"/>
          </TextLine>
        </TextBlock>
        <TextBlock ID="r_6_5" HEIGHT="97" WIDTH="598" VPOS="1327" HPOS="470">
          <TextLine ID="tl_35" BASELINE="1385" HEIGHT="76" WIDTH="608" VPOS="1309" HPOS="465">
            <String HEIGHT="76" WIDTH="203" VPOS="1309" HPOS="452" CONTENT="*1448" ID="tl_35_1" STYLEREFS="FONT1"/>
            <SP HEIGHT="76" WIDTH="13" VPOS="1309" HPOS="655"/>
            <String HEIGHT="76" WIDTH="89" VPOS="1309" HPOS="617" CONTENT="Rue" ID="tl_35_2" STYLEREFS="FONT0"/>
            <SP HEIGHT="76" WIDTH="13" VPOS="1309" HPOS="706"/>
            <String HEIGHT="76" WIDTH="89" VPOS="1309" HPOS="668" CONTENT="des" ID="tl_35_3" STYLEREFS="FONT0"/>
            <SP HEIGHT="76" WIDTH="13" VPOS="1309" HPOS="756"/>
            <String HEIGHT="76" WIDTH="165" VPOS="1309" HPOS="718" CONTENT="Mastraits" ID="tl_35_4" STYLEREFS="FONT0"/>
            <SP HEIGHT="76" WIDTH="13" VPOS="1309" HPOS="883"/>
            <String HEIGHT="76" WIDTH="241" VPOS="1309" HPOS="832" CONTENT="(Noisy" ID="tl_35_5" STYLEREFS="FONT0"/>
          </TextLine>
          <TextLine ID="tl_36" BASELINE="1432" HEIGHT="53" WIDTH="186" VPOS="1379" HPOS="467">
            <String HEIGHT="53" WIDTH="135" VPOS="1379" HPOS="459" CONTENT="*1449" ID="tl_36_1" STYLEREFS="FONT1"/>
            <SP HEIGHT="53" WIDTH="8" VPOS="1379" HPOS="594"/>
            <String HEIGHT="53" WIDTH="93" VPOS="1379" HPOS="560" CONTENT="Académie." ID="tl_36_2" STYLEREFS="FONT0"/>
          </TextLine>
        </TextBlock>
        <TextBlock ID="r_6_6" HEIGHT="34" WIDTH="164" VPOS="1436" HPOS="475">
          <TextLine ID="tl_37" BASELINE="1485" HEIGHT="55" WIDTH="175" VPOS="1430" HPOS="469">
            <String HEIGHT="55" WIDTH="122" VPOS="1430" HPOS="461" CONTENT="*1450" ID="tl_37_1" STYLEREFS="FONT1"/>
            <SP HEIGHT="55" WIDTH="8" VPOS="1430" HPOS="583"/>
            <String HEIGHT="55" WIDTH="53" VPOS="1430" HPOS="560" CONTENT="Les" ID="tl_37_2" STYLEREFS="FONT0"/>
            <SP HEIGHT="55" WIDTH="8" VPOS="1430" HPOS="614"/>
            <String HEIGHT="55" WIDTH="61" VPOS="1430" HPOS="583" CONTENT="roses." ID="tl_37_3" STYLEREFS="FONT0"/>
          </TextLine>
        </TextBlock>
        <TextBlock ID="r_7_1" HEIGHT="112" WIDTH="936" VPOS="1542" HPOS="219">
          <TextLine ID="tl_38" BASELINE="1607" HEIGHT="80" WIDTH="945" VPOS="1527" HPOS="213">
            <String HEIGHT="80" WIDTH="139" VPOS="1527" HPOS="198" CONTENT="FOCHT" ID="tl_38_1" STYLEREFS="FONT0"/>
            <SP HEIGHT="80" WIDTH="15" VPOS="1527" HPOS="337"/>
            <String HEIGHT="80" WIDTH="310" VPOS="1527" HPOS="290" CONTENT="(Frédéric-René)," ID="tl_38_2" STYLEREFS="FONT0"/>
            <SP HEIGHT="80" WIDTH="15" VPOS="1527" HPOS="600"/>
            <String HEIGHT="80" WIDTH="93" VPOS="1527" HPOS="554" CONTENT="né" ID="tl_38_3" STYLEREFS="FONT0"/>
            <SP HEIGHT="80" WIDTH="15" VPOS="1527" HPOS="647"/>
            <String HEIGHT="80" WIDTH="77" VPOS="1527" HPOS="600" CONTENT="à" ID="tl_38_4" STYLEREFS="FONT0"/>
            <SP HEIGHT="80" WIDTH="15" VPOS="1527" HPOS="678"/>
            <String HEIGHT="80" WIDTH="155" VPOS="1527" HPOS="631" CONTENT="Paris." ID="tl_38_5" STYLEREFS="FONT0"/>
            <SP HEIGHT="80" WIDTH="15" VPOS="1527" HPOS="786"/>
            <String HEIGHT="80" WIDTH="77" VPOS="1527" HPOS="740" CONTENT="—" ID="tl_38_6" STYLEREFS="FONT0"/>
            <SP HEIGHT="80" WIDTH="15" VPOS="1527" HPOS="817"/>
            <String HEIGHT="80" WIDTH="93" VPOS="1527" HPOS="771" CONTENT="37" ID="tl_38_7" STYLEREFS="FONT0"/>
            <SP HEIGHT="80" WIDTH="15" VPOS="1527" HPOS="864"/>
            <String HEIGHT="80" WIDTH="93" VPOS="1527" HPOS="817" CONTENT="et" ID="tl_38_8" STYLEREFS="FONT0"/>
            <SP HEIGHT="80" WIDTH="15" VPOS="1527" HPOS="910"/>
            <String HEIGHT="80" WIDTH="93" VPOS="1527" HPOS="864" CONTENT="37" ID="tl_38_9" STYLEREFS="FONT0"/>
            <SP HEIGHT="80" WIDTH="15" VPOS="1527" HPOS="957"/>
            <String HEIGHT="80" WIDTH="232" VPOS="1527" HPOS="910" CONTENT="bis" ID="tl_38_10" STYLEREFS="FONT2"/>
            <SP HEIGHT="80" WIDTH="15" VPOS="1527" HPOS="1143"/>
            <String HEIGHT="80" WIDTH="77" VPOS="1527" HPOS="1081" CONTENT="rue" ID="tl_38_11" STYLEREFS="FONT0"/>
          </TextLine>
          <TextLine ID="tl_39" BASELINE="1669" HEIGHT="67" WIDTH="285" VPOS="1602" HPOS="251">
            <String HEIGHT="67" WIDTH="235" VPOS="1602" HPOS="234" CONTENT="Crozatier," ID="tl_39_1" STYLEREFS="FONT0"/>
            <SP HEIGHT="67" WIDTH="17" VPOS="1602" HPOS="469"/>
            <String HEIGHT="67" WIDTH="134" VPOS="1602" HPOS="402" CONTENT="Paris." ID="tl_39_2" STYLEREFS="FONT0"/>
          </TextLine>
        </TextBlock>
        <TextBlock ID="r_7_2" HEIGHT="57" WIDTH="654" VPOS="1674" HPOS="294">
          <TextLine ID="tl_40" BASELINE="1729" HEIGHT="67" WIDTH="663" VPOS="1662" HPOS="288">
            <String HEIGHT="67" WIDTH="247" VPOS="1662" HPOS="273" CONTENT="*1451" ID="tl_40_1" STYLEREFS="FONT1"/>
            <SP HEIGHT="67" WIDTH="15" VPOS="1662" HPOS="519"/>
            <String HEIGHT="67" WIDTH="93" VPOS="1662" HPOS="473" CONTENT="La" ID="tl_40_2" STYLEREFS="FONT0"/>
            <SP HEIGHT="67" WIDTH="15" VPOS="1662" HPOS="566"/>
            <String HEIGHT="67" WIDTH="139" VPOS="1662" HPOS="519" CONTENT="lutte" ID="tl_40_3" STYLEREFS="FONT0"/>
            <SP HEIGHT="67" WIDTH="15" VPOS="1662" HPOS="658"/>
            <String HEIGHT="67" WIDTH="123" VPOS="1662" HPOS="612" CONTENT="pour" ID="tl_40_4" STYLEREFS="FONT0"/>
            <SP HEIGHT="67" WIDTH="15" VPOS="1662" HPOS="735"/>
            <String HEIGHT="67" WIDTH="93" VPOS="1662" HPOS="689" CONTENT="la" ID="tl_40_5" STYLEREFS="FONT0"/>
            <SP HEIGHT="67" WIDTH="15" VPOS="1662" HPOS="781"/>
            <String HEIGHT="67" WIDTH="108" VPOS="1662" HPOS="735" CONTENT="vie" ID="tl_40_6" STYLEREFS="FONT0"/>
            <SP HEIGHT="67" WIDTH="15" VPOS="1662" HPOS="843"/>
            <String HEIGHT="67" WIDTH="170" VPOS="1662" HPOS="781" CONTENT="(plâtre)." ID="tl_40_7" STYLEREFS="FONT0"/>
          </TextLine>
        </TextBlock>
        <TextBlock ID="r_7_3" HEIGHT="106" WIDTH="865" VPOS="1712" HPOS="295">
          <TextLine ID="tl_41" BASELINE="1796" HEIGHT="109" WIDTH="876" VPOS="1687" HPOS="289">
            <String HEIGHT="109" WIDTH="270" VPOS="1687" HPOS="272" CONTENT="*1452" ID="tl_41_1" STYLEREFS="FONT1"/>
            <SP HEIGHT="109" WIDTH="17" VPOS="1687" HPOS="542"/>
            <String HEIGHT="109" WIDTH="168" VPOS="1687" HPOS="491" CONTENT="Projet" ID="tl_41_2" STYLEREFS="FONT0"/>
            <SP HEIGHT="109" WIDTH="17" VPOS="1687" HPOS="660"/>
            <String HEIGHT="109" WIDTH="101" VPOS="1687" HPOS="609" CONTENT="de" ID="tl_41_3" STYLEREFS="FONT0"/>
            <SP HEIGHT="109" WIDTH="17" VPOS="1687" HPOS="710"/>
            <String HEIGHT="109" WIDTH="152" VPOS="1687" HPOS="660" CONTENT="coupe" ID="tl_41_4" STYLEREFS="FONT0"/>
            <SP HEIGHT="109" WIDTH="17" VPOS="1687" HPOS="811"/>
            <String HEIGHT="109" WIDTH="135" VPOS="1687" HPOS="761" CONTENT="pour" ID="tl_41_5" STYLEREFS="FONT0"/>
            <SP HEIGHT="109" WIDTH="17" VPOS="1687" HPOS="895"/>
            <String HEIGHT="109" WIDTH="168" VPOS="1687" HPOS="845" CONTENT="canots" ID="tl_41_6" STYLEREFS="FONT0"/>
            <SP HEIGHT="109" WIDTH="17" VPOS="1687" HPOS="1013"/>
            <String HEIGHT="109" WIDTH="219" VPOS="1687" HPOS="946" CONTENT="automobiles" ID="tl_41_7" STYLEREFS="FONT0"/>
          </TextLine>
          <TextLine ID="tl_42" BASELINE="1825" HEIGHT="59" WIDTH="145" VPOS="1766" HPOS="509">
            <String HEIGHT="59" WIDTH="177" VPOS="1766" HPOS="477" CONTENT="(plâtre)." ID="tl_42_1" STYLEREFS="FONT0"/>
          </TextLine>
        </TextBlock>
        <TextBlock ID="r_7_4" HEIGHT="56" WIDTH="652" VPOS="1811" HPOS="298">
          <TextLine ID="tl_43" BASELINE="1872" HEIGHT="72" WIDTH="663" VPOS="1800" HPOS="292">
            <String HEIGHT="72" WIDTH="247" VPOS="1800" HPOS="277" CONTENT="*1453" ID="tl_43_1" STYLEREFS="FONT1"/>
            <SP HEIGHT="72" WIDTH="15" VPOS="1800" HPOS="523"/>
            <String HEIGHT="72" WIDTH="185" VPOS="1800" HPOS="477" CONTENT="Encrier," ID="tl_43_2" STYLEREFS="FONT0"/>
            <SP HEIGHT="72" WIDTH="15" VPOS="1800" HPOS="662"/>
            <String HEIGHT="72" WIDTH="108" VPOS="1800" HPOS="616" CONTENT="les" ID="tl_43_3" STYLEREFS="FONT0"/>
            <SP HEIGHT="72" WIDTH="15" VPOS="1800" HPOS="724"/>
            <String HEIGHT="72" WIDTH="170" VPOS="1800" HPOS="677" CONTENT="Sirènes" ID="tl_43_4" STYLEREFS="FONT0"/>
            <SP HEIGHT="72" WIDTH="15" VPOS="1800" HPOS="847"/>
            <String HEIGHT="72" WIDTH="170" VPOS="1800" HPOS="785" CONTENT="(plâtre)." ID="tl_43_5" STYLEREFS="FONT0"/>
          </TextLine>
        </TextBlock>
        <TextBlock ID="r_7_5" HEIGHT="57" WIDTH="667" VPOS="1856" HPOS="300">
          <TextLine ID="tl_44" BASELINE="1933" HEIGHT="90" WIDTH="677" VPOS="1843" HPOS="295">
            <String HEIGHT="90" WIDTH="258" VPOS="1843" HPOS="279" CONTENT="*1454" ID="tl_44_1" STYLEREFS="FONT1"/>
            <SP HEIGHT="90" WIDTH="16" VPOS="1843" HPOS="537"/>
            <String HEIGHT="90" WIDTH="97" VPOS="1843" HPOS="488" CONTENT="Le" ID="tl_44_2" STYLEREFS="FONT0"/>
            <SP HEIGHT="90" WIDTH="16" VPOS="1843" HPOS="585"/>
            <String HEIGHT="90" WIDTH="177" VPOS="1843" HPOS="537" CONTENT="baiser," ID="tl_44_3" STYLEREFS="FONT0"/>
            <SP HEIGHT="90" WIDTH="16" VPOS="1843" HPOS="714"/>
            <String HEIGHT="90" WIDTH="145" VPOS="1843" HPOS="666" CONTENT="Amour" ID="tl_44_4" STYLEREFS="FONT0"/>
            <SP HEIGHT="90" WIDTH="16" VPOS="1843" HPOS="811"/>
            <String HEIGHT="90" WIDTH="226" VPOS="1843" HPOS="746" CONTENT="(pastiline)." ID="tl_44_5" STYLEREFS="FONT0"/>
          </TextLine>
        </TextBlock>
        <GraphicalElement ID="r_8" HEIGHT="17" WIDTH="541" VPOS="48" HPOS="58"/>
        <GraphicalElement ID="r_9" HEIGHT="6" WIDTH="103" VPOS="48" HPOS="612"/>
        <GraphicalElement ID="r_10" HEIGHT="7" WIDTH="468" VPOS="47" HPOS="901"/>
        <GraphicalElement ID="r_11" HEIGHT="1515" WIDTH="62" VPOS="683" HPOS="60"/>
        <GraphicalElement ID="r_12" HEIGHT="410" WIDTH="16" VPOS="50" HPOS="73"/>
        <GraphicalElement ID="r_13" HEIGHT="253" WIDTH="12" VPOS="50" HPOS="1352"/>
      </PrintSpace>
    </Page>
  </Layout>
</alto>
