1297 2061
-12 50 684 113 LETTRES
423 50 808 113 AUTOGRAPHES

169 166 220 91 ET
279 166 477 91 DOCUMENTS
609 166 477 91 HISTORIQUES

96 278 250 72 MAISON
271 278 250 72 FONDÉE
446 278 150 72 EN
521 278 200 72 1830
646 278 175 72 PAR
745 278 150 72 J.
820 278 300 72 CHARAVAY
1020 278 150 72 AINÉ

508 353 104 84 et
560 353 191 84 dirigée
681 353 87 84 par

245 414 305 77 ÉTIENNE
467 414 332 77 CHARAVAY
716 414 222 77 FILS
855 414 166 77 ET
910 414 111 77 Sr

201 512 513 44 ARCHIVISTE-PALÉOGRAPHE,
657 512 190 44 EXPERT
790 512 114 44 EN
828 512 247 44 AUTOGRAPHES

344 577 121 82 A
392 577 217 82 Paris
537 577 169 82 rue
633 577 145 82 de
706 577 217 82 Seine
826 577 97 82 51

304 647 231 71 ci-devant
482 647 124 71 rue
553 647 124 71 des
624 647 355 71 Grands-Augustins
908 647 71 71 26

103 738 414 64 CORRESPONDANT
444 738 268 64 SPÉCIAL
639 738 122 64 A
688 738 268 64 LONDRES
883 738 122 64 :
931 738 146 64 F.
980 738 195 64 NAYLOR

411 820 89 58 4,
456 820 163 58 Millman
574 820 163 58 street,
693 820 163 58 Bedford
797 820 74 58 Row

117 872 133 77 ACHAT
206 872 88 77 DE
250 872 221 77 COLLECTIONS
426 872 250 77 D’AUTOGRAPHES
633 872 88 77 AU
677 872 191 77 COMPTANT;
824 872 191 77 ÉCHANGES;
957 872 191 77 COMMISSIONS

158 939 148 62 VENTES
262 939 193 62 PUBLIQUES
410 939 89 62 ET
454 939 74 62 A
484 939 207 62 L’AMIABLE;
647 939 193 62 RÉDACTION
795 939 89 62 DE
840 939 222 62 CATALOGUES;
1003 939 119 62 COPIES

213 972 210 43 CERTIFIÉES
378 972 90 43 DE
423 972 180 43 CHARTES,
558 972 195 43 DOCUMENTS
709 972 90 43 ET
754 972 240 43 AUTOGRAPHES;
934 972 135 43 VÉRIFI-

289 1006 147 52 CATION
392 1006 88 52 DE
436 1006 147 52 PIÈCES
539 1006 88 52 ET
583 1006 220 52 CERTIFICATS
744 1006 250 52 D’AUTHENTICITÉ;

350 1046 225 45 PUBLICATION
530 1046 90 45 DE
575 1046 195 45 L’AMATEUR
709 1046 225 45 D’AUTOGRAPHES

454 1077 86 51 ET
497 1077 86 51 DU
540 1077 200 51 SUPPLÉMENT
697 1077 72 51 A
711 1077 115 51 L’ISO-

495 1114 174 47 GRAPHIE
621 1114 110 47 DES
669 1114 126 47 HOMMES

63 1126 302 78 Numéro
244 1126 151 78 185

558 1148 155 65 CÉLÈBRES

952 1130 238 85 Août
1071 1130 179 85 1875

198 1275 133 91 27086.
291 1275 106 91 ADAM
357 1275 133 91 (Ad.),
450 1275 146 91 célèbre
556 1275 199 91 compositeur
715 1275 80 91 de
755 1275 159 91 musique.
874 1275 66 91 —
900 1275 80 91 L.
940 1275 80 91 a.
967 1275 66 91 s.,

191 1347 63 55 2
217 1347 76 55 p.
255 1347 127 55 in-12.
343 1347 63 55 2
356 1347 38 55 »

191 1379 170 76 27087.
310 1379 187 76 ALENÇON
446 1379 238 76 (François,
633 1379 119 76 duc
701 1379 136 76 d’),
785 1379 136 76 puis
870 1379 119 76 duc
938 1379 204 76 d’Anjou,
1091 1379 85 76 à
1108 1379 136 76 l’avé-

190 1444 170 53 nement
309 1444 102 53 de
360 1444 119 53 son
428 1444 153 53 frère
530 1444 153 53 Henri
632 1444 136 53 III,
717 1444 102 53 un
768 1444 119 53 des
836 1444 255 53 prétendants
1040 1444 102 53 de
1091 1444 102 53 la
1125 1444 119 53 reine

183 1482 222 52 Elisabeth
354 1482 290 52 d’Angleterre.
593 1482 85 52 —
627 1482 102 52 L.
678 1482 119 52 s.,
746 1482 137 52 avec
831 1482 102 52 la
883 1482 239 52 souscript.
1070 1482 154 52 aut.,
1156 1482 85 52 (au

182 1526 251 56 grand-duc
375 1526 116 56 de
433 1526 251 56 Toscane);
626 1526 116 56 du
683 1526 154 56 camp
780 1526 116 56 de
838 1526 193 56 Nyeul,
973 1526 116 56 31
1031 1526 154 56 mars
1108 1526 135 56 1573,

196 1565 58 57 1
220 1565 70 57 p.
254 1565 127 57 in-fol.
347 1565 70 57 12
370 1565 35 57 »

221 1604 83 49 Il
263 1604 97 49 lui
318 1604 152 49 annonce
429 1604 97 49 que
484 1604 83 49 le
526 1604 97 49 Roi
581 1604 97 49 lui
636 1604 69 49 a
664 1604 180 49 délaissé,
802 1604 111 49 pour
871 1604 194 49 complément
1024 1604 83 49 de
1065 1604 97 49 son
1107 1604 138 49 apanage,

191 1642 94 60 les
244 1642 202 60 seigneuries
406 1642 81 60 de
447 1642 121 60 Caen,
528 1642 148 60 Falaise
636 1642 81 60 et
676 1642 148 60 Bayeux,
784 1642 81 60 et
825 1642 108 60 pour
892 1642 121 60 qu’il
973 1642 81 60 en
1014 1642 135 60 puisse
1108 1642 135 60 jouir,
1189 1642 54 60 le

197 1673 93 45 Roi
250 1673 93 45 les
303 1673 106 45 veut
356 1673 146 45 racheter.

189 1699 157 61 27088
293 1699 157 61 ALLAN
398 1699 227 61 (Louise),
572 1699 192 61 célèbre
712 1699 262 61 comédienne.
921 1699 87 61 —
956 1699 105 61 L.
1009 1699 105 61 a.
1061 1699 122 61 s.,
1131 1699 87 61 1
1148 1699 105 61 page

199 1756 85 52 in-8.
255 1756 47 52 2
265 1756 28 52 »

200 1782 161 82 27089.
312 1782 161 82 AUGIER
425 1782 193 82 (Émile),
570 1782 177 82 célèbre
698 1782 161 82 auteur
811 1782 241 82 dramatique,
1004 1782 96 82 de
1052 1782 177 82 l’Acad.
1165 1782 80 82 fr.

242 1845 92 70 —
278 1845 111 70 L.
334 1845 111 70 a.
389 1845 111 70 s.
445 1845 92 70 à
482 1845 166 70 Jules
593 1845 111 70 de
648 1845 240 70 Prémaray,
833 1845 92 70 1
870 1845 148 70 page
962 1845 129 70 1/2
1036 1845 166 70 in-8.
1129 1845 129 70 Jolie

201 1884 110 59 lettre.
281 1884 50 59 3
291 1884 30 59 »

196 1929 169 65 27090.
314 1929 202 65 BALECHOU
466 1929 287 65 (J.-J.-Nic.),
702 1929 101 65 un
752 1929 118 65 des
820 1929 135 65 plus
904 1929 202 65 célèbres
1056 1929 202 65 graveurs
1191 1929 67 65 de
