1301 2092
582 26 85 51 —
616 26 85 51 8
633 26 51 51 —

163 92 138 46 l’abbé
260 92 166 46 Crampon.
385 92 83 46 M.
426 92 83 46 de
468 92 111 46 Sacy
537 92 111 46 juge
606 92 97 46 que
661 92 83 46 ce
703 92 125 46 livre
786 92 97 46 est
841 92 83 46 la
883 92 180 46 meilleure
1021 92 152 46 réponse
1132 92 69 46 à
1146 92 55 46 la

167 118 128 49 Vie
257 118 77 49 de
296 118 167 49 Jésus
424 118 77 49 de
462 118 77 49 M.
501 118 128 49 Renan.
591 118 77 49 Il
629 118 141 49 termine
732 118 90 49 par
783 118 90 49 ces
835 118 103 49 mots
899 118 64 49 :
924 118 90 49 «La
976 118 154 49 critique
1078 118 116 49 passera

159 153 90 52 le
204 153 164 52 Nouveau
323 153 194 52 Testament
473 153 90 52 ne
518 153 164 52 passera
622 153 105 52 pas.»

164 197 90 51 27181.
227 197 143 51 SAINTE-BEUVE
343 197 72 51 (Ch.
388 197 90 51 Aug.),
451 197 99 51 célèbre
523 197 117 51 critique,
612 197 54 51 de
630 197 81 51 l’Acad.

198 240 104 61 fr.
258 240 75 61 —
288 240 89 61 L.
332 240 89 61 a.
377 240 89 61 s.
422 240 75 61 à
452 240 149 61 Thalès
556 240 179 61 Bernard,
690 240 75 61 1
720 240 89 61 p.
765 240 134 61 in-8.
854 240 75 61 3
869 240 45 61 »

160 276 160 72 27182.
272 276 192 72 SERGARDI
416 276 240 72 (Lodovico),
608 276 144 72 poëte
705 276 208 72 satirique
865 276 192 72 italien,
1009 276 176 72 célèbre
1121 276 80 72 par

158 334 96 55 sa
206 334 144 55 lutte
302 334 128 55 avec
382 334 192 55 Gravina.
526 334 80 55 —
558 334 96 55 L.
606 334 96 55 a.
655 334 112 55 s.;
719 334 144 55 Rome,
815 334 96 55 15
863 334 128 55 oct.
943 334 144 55 1689,
1039 334 80 55 1
1055 334 64 55 p.

161 386 116 53 in-fol.
246 386 53 53 5
256 386 32 53 »

163 412 165 82 27183.
278 412 165 82 SLODTZ
393 412 280 82 (René-Michel,
623 412 115 82 dit
689 412 280 82 Michel-Ange),
919 412 165 82 habile
1018 412 181 82 sculpteur

220 473 85 53 —
254 473 102 53 L.
305 473 102 53 a.
356 473 102 53 s.
407 473 85 53 à
441 473 256 53 Monseigneur
646 473 136 53 ...;
731 473 204 53 Carrare,
884 473 102 53 22
935 473 136 53 mars
1021 473 153 53 1741,
1123 473 85 53 4
1140 473 68 53 p.

166 514 101 59 in-fol.
239 514 147 59 Rare
359 514 55 59 25
377 514 28 59 »

201 545 165 59 Relative
325 545 69 59 à
352 545 82 59 un
393 545 123 59 achat
476 545 82 59 de
517 545 123 59 blocs
599 545 82 59 de
627 545 123 59 marbre.

170 598 153 58 27184.
277 598 169 58 STRAUSS
400 598 138 58 (C.),
492 598 215 58 théologien
661 598 199 58 allemand,
814 598 153 58 auteur
921 598 92 58 de
968 598 92 58 la
1014 598 153 58 Vie
1106 598 107 58 de

164 650 224 61 Jésus
348 650 66 61 —
375 650 79 61 L.
414 650 79 61 a.
454 650 92 61 s.;
506 650 119 61 1838,
585 650 66 61 1
612 650 79 61 p.
651 650 119 61 in-8.
730 650 66 61 5
743 650 40 61 »

173 685 156 76 27185.
283 685 172 76 TALLIEN
408 685 188 76 (Thérèse
549 685 219 76 CABARRUS),
721 685 203 76 l’héroïne
877 685 94 76 de
924 685 94 76 la
971 685 188 76 réaction
1096 685 110 76 ther-

170 743 208 61 midorienne,
337 743 111 61 puis
406 743 181 61 princesse
545 743 83 61 de
587 743 153 61 Chimay.
698 743 69 61 —
726 743 83 61 L.
767 743 83 61 a.
809 743 83 61 s.
851 743 69 61 à
865 743 69 61 Ma-

158 778 163 60 dame
259 778 122 60 de
320 778 264 60 Bonaparte
524 778 325 60 (Joséphine);
788 778 122 60 25
849 778 305 60 vendémiaire
1093 778 122 60 an
1134 778 81 60 IX

166 826 100 64 (17
223 826 114 64 oct.
294 826 143 64 1800),
394 826 71 64 1
423 826 86 64 p.
466 826 129 64 in-4,
551 826 157 64 cachet.
666 826 86 64 30
694 826 43 64 »

200 865 145 48 Curieuse
309 865 121 48 lettre
394 865 61 48 à
418 865 157 48 Joséphine
539 865 133 48 qu’elle
636 865 133 48 appelle
733 865 85 48 son
781 865 182 48 ancienne
926 865 157 48 amie
1048 865 97 48 Elle
1108 865 85 48 lui
1144 865 61 48 re-

170 903 166 50 commande
294 903 83 50 le
336 903 152 50 citoyen
446 903 221 50 Bronouville.
626 903 235 50 Protestations
805 903 221 50 d’attachement.

169 951 184 59 27186.
297 951 184 59 THOMAS
426 951 276 59 (Ambroise),
646 951 276 59 compositeur
867 951 110 59 de
922 951 221 59 musique,
1069 951 147 59 auteur

160 989 258 66 d'Hamlet
380 989 65 66 —
405 989 77 66 L.
444 989 77 66 a.
483 989 90 66 s.,
534 989 65 66 1
560 989 77 66 p.
599 989 116 66 in-8.
676 989 65 66 2
689 989 39 66 »

161 1039 234 59 THOMASSIN
341 1039 216 59 (Simon),
503 1039 180 59 habile
629 1039 216 59 graveur,
792 1039 108 59 né
846 1039 90 59 à
882 1039 198 59 Troyes.
1026 1039 90 59 —
1044 1039 72 59 P.

162 1094 108 42 s.,
223 1094 108 42 sur
285 1094 154 42 vélin;
392 1094 138 42 1681,
484 1094 77 42 1
515 1094 92 42 p.
561 1094 138 42 in-12
653 1094 169 42 oblong.
776 1094 138 42 Jolie
868 1094 154 42 pièce.
976 1094 77 42 5
991 1094 46 42 »

180 1125 153 65 27188.
287 1125 123 65 TUBY
363 1125 184 65 (J.-B.),
501 1125 153 65 habile
609 1125 214 65 sculpteur,
777 1125 107 65 qui
838 1125 153 65 décora
946 1125 230 65 Versailles.
1114 1125 46 65 —

174 1176 90 55 P.
219 1176 104 55 s.,
279 1176 104 55 sur
338 1176 149 55 vélin;
443 1176 90 55 27
488 1176 134 55 avril
577 1176 134 55 1679,
667 1176 75 55 1
697 1176 90 55 p.
741 1176 119 55 in-4
816 1176 164 55 oblong.
935 1176 90 55 12
965 1176 45 55 »

207 1228 110 40 Reçu
276 1228 82 40 de
317 1228 96 40 134
372 1228 137 40 livres
468 1228 69 40 4
496 1228 110 40 sous
564 1228 69 40 6
592 1228 151 40 deniers
701 1228 110 40 pour
770 1228 82 40 le
811 1228 124 40 reste
894 1228 96 40 des
948 1228 124 40 2,834
1031 1228 137 40 livres
1127 1228 69 40 4
1141 1228 82 40 sous

171 1254 70 42 6
199 1254 153 42 deniers
310 1254 84 42 «à
352 1254 111 42 quoy
422 1254 153 42 montent
533 1254 98 42 les
589 1254 167 42 ouvrages
714 1254 84 42 de
756 1254 181 42 sculpture
896 1254 125 42 qu’il
979 1254 70 42 a
1007 1254 125 42 faits
1091 1254 111 42 tant
1160 1254 70 42 à
1174 1254 56 42 la

171 1288 158 46 fontaine
289 1288 79 46 de
329 1288 118 46 Flore
407 1288 79 46 du
447 1288 118 46 petit
526 1288 105 46 parc
591 1288 79 46 de
631 1288 184 46 Versailles
775 1288 92 46 que
828 1288 105 46 pour
894 1288 79 46 le
933 1288 184 46 bas-relief
1077 1288 79 46 de
1117 1288 79 46 la
1143 1288 79 46 che-

174 1322 127 42 minée
258 1322 85 42 de
301 1322 85 42 la
343 1322 127 42 pièce
428 1322 169 42 octogone
554 1322 85 42 de
597 1322 240 42 l’appartement
794 1322 99 42 bas
850 1322 85 42 du
893 1322 155 42 château
1005 1322 85 42 et
1048 1322 85 42 la
1090 1322 141 42 figure
1175 1322 56 42 de

177 1357 149 56 plastre
286 1357 81 56 du
326 1357 162 56 parterre
448 1357 122 56 d’eau
529 1357 81 56 de
556 1357 189 56 Versailles.»

188 1392 130 73 27189.
279 1392 195 73 VAUCORBEIL.
435 1392 195 73 compositeur
591 1392 78 73 de
630 1392 156 73 musique.
747 1392 65 73 —
773 1392 78 73 L.
812 1392 78 73 a.
851 1392 91 73 s.1
890 1392 52 73 p.

185 1442 81 51 in-8.
239 1442 45 51 1
248 1442 36 51 50

194 1477 125 66 27190.
282 1477 113 66 VERDI
357 1477 113 66 (G.),
432 1477 75 66 le
470 1477 138 66 célèbre
570 1477 188 66 compositeur
720 1477 75 66 de
757 1477 150 66 musique.
870 1477 63 66 —
895 1477 75 66 L.
932 1477 75 66 a.
957 1477 63 66 s.,

177 1536 95 63 1/2
232 1536 81 63 p.
272 1536 122 63 in-8.
354 1536 68 63 4
367 1536 41 63 »

192 1579 83 58 27191.
250 1579 108 58 VOLTAIRE,
333 1579 50 58 le
358 1579 75 58 grand
407 1579 108 58 écrivain.
490 1579 41 58 —
507 1579 50 58 L.
532 1579 75 58 aut.,
582 1579 66 58 sig.
623 1579 58 58 V.,
656 1579 50 58 (à
681 1579 50 58 M.
698 1579 33 58 de

183 1624 101 55 La
234 1624 184 55 Marche,
368 1624 84 55 à
401 1624 184 55 Dijon);
535 1624 101 55 au
585 1624 84 55 :
619 1624 201 55 Délices,
770 1624 117 55 (12
837 1624 134 55 nov.
920 1624 168 55 1755),
1038 1624 84 55 3
1071 1624 101 55 p.
1105 1624 117 55 in

1098 1665 161 53 55
1152 1665 80 53 »

224 1712 274 49 Très-intéressante
459 1712 78 49 et
498 1712 196 49 spirituelle
655 1712 144 49 épître.
760 1712 78 49 Ce
799 1712 118 49 n’est
877 1712 91 49 pas
929 1712 131 49 auprès
1021 1712 78 49 de
1060 1712 144 49 Calvin,
1152 1712 78 49 mias

182 1743 133 52 auprès
275 1743 80 52 du
315 1743 147 52 docteur
422 1743 160 52 Tronchin
542 1743 120 52 qu’il
622 1743 120 52 s’est
702 1743 107 52 venu
768 1743 133 52 loger.
862 1743 80 52 Il
902 1743 67 52 a
928 1743 93 52 des
982 1743 147 52 remords
1088 1743 80 52 de
1115 1743 120 52 n’avoir

188 1778 93 49 pas
241 1778 107 49 fixé
308 1778 80 49 sa
348 1778 160 49 retraite
467 1778 80 49 en
507 1778 187 49 Bourgogne,
654 1778 120 49 «mais
734 1778 107 49 j’ay
801 1778 133 49 trouvé
894 1778 93 49 une
947 1778 133 49 cabane
1040 1778 133 49 toutte
1120 1778 107 49 batie,

186 1807 135 47 toutte
280 1807 161 47 meublée,
401 1807 108 47 dans
468 1807 81 47 la
508 1807 108 47 plus
576 1807 121 47 belle
656 1807 175 47 situation
791 1807 81 47 de
831 1807 175 47 l’Europe.
966 1807 108 47 J’en
1033 1807 81 47 ay
1074 1807 108 47 meme
1127 1807 108 47 trouvé

184 1835 110 46 deux
253 1835 110 46 tout
322 1835 110 46 d’un
391 1835 110 46 coup
459 1835 83 46 et
501 1835 83 46 je
542 1835 96 46 m’y
597 1835 110 46 suis
666 1835 124 46 campé
748 1835 83 46 au
790 1835 110 46 plus
858 1835 124 46 vite,
941 1835 124 46 étant
1024 1835 206 46 très-pressé
1175 1835 55 46 de

173 1885 156 41 jouir...»

320 1917 265 73 L'authenticité
548 1917 88 73 des
598 1917 189 73 autographes
750 1917 88 73 est
788 1917 189 73 garantie

358 2007 214 71 Typographie
529 2007 185 71 Motteroz,
671 2007 86 71 31
714 2007 100 71 rue
771 2007 86 71 du
800 2007 128 71 Dragon,
