1607 2872
689 68 152 86 180

106 163 191 66 l’une
233 163 148 66 des
318 163 212 66 femmes
466 163 148 66 les
551 163 170 66 plus
657 163 403 66 extraordinaires
996 163 127 66 du
1060 163 170 66 XIXe
1166 163 233 66 siècle.
1335 163 127 66 L.
1378 163 127 66 aut.

100 216 226 58 sig.
241 216 198 58 (en
354 216 368 58 anglais),
638 216 226 58 sans
779 216 255 58 date.
949 216 142 58 3
1005 216 170 58 p.
1090 216 198 58 pl.
1204 216 255 58 in-8.
1373 216 142 58 3
1402 216 113 58 50

58 264 190 87 2360.
185 264 401 87 Faraday,
522 264 232 87 célèbre
691 264 253 87 chimiste
881 264 253 87 anglais.
1071 264 127 87 L.
1134 264 169 87 aut.
1240 264 169 87 sig.
1345 264 148 87 (en
1408 264 106 87 an-

102 314 299 68 glais),
319 314 136 68 à
373 314 163 68 M.
455 314 299 68 Subtil.
672 314 163 68 26
754 314 217 68 mars
889 314 244 68 1846.
1052 314 136 68 1
1107 314 163 68 p.
1188 314 272 68 in-12.
1378 314 136 68 2
1405 314 109 68 50

60 355 172 77 2361.
175 355 345 77 Faucher
462 355 211 77 (Léon),
615 355 192 77 député
750 355 115 77 de
807 355 115 77 la
865 355 307 77 Marne
1114 355 96 77 à
1152 355 287 77 l’Assemblée
1363 355 153 77 natio-

106 419 187 60 nale
223 419 140 60 de
293 419 211 60 1848.
433 419 140 60 L.
503 419 187 60 aut.
620 419 211 60 sig.,
761 419 140 60 au
831 419 257 60 général
1018 419 234 60 Paris,
1182 419 140 60 18
1252 419 187 60 août
1345 419 164 60 1848.

29 468 495 76 1
227 468 594 76 p.
524 468 890 76 in-4.
1117 468 495 76 3
1216 468 297 76 »

155 521 130 55 Au
220 521 195 55 sujet
350 521 173 55 d’un
458 521 195 55 jeune
588 521 195 55 homme
717 521 216 55 détenu
869 521 130 55 au
933 521 173 55 fort
1042 521 238 55 d’Ivry,
1214 521 130 55 et
1279 521 151 55 qui
1344 521 173 55 paraît

107 562 246 68 n’avoir
286 562 157 68 été
375 562 224 68 arrêté
532 562 179 68 dans
644 562 157 68 les
733 562 268 68 journées
934 562 134 68 de
1001 562 179 68 juin
1113 562 157 68 que
1203 562 157 68 par
1292 562 134 68 un
1337 562 179 68 malen

82 611 193 61 tendu.

62 648 170 71 2362.
176 648 359 71 Fénelon,
478 648 265 71 archevêque
686 648 113 71 de
743 648 227 71 Cambrai.
913 648 113 71 L.
970 648 151 71 aut.
1064 648 151 71 sig.
1159 648 95 71 :
1197 648 246 71 l'abbé
1367 648 151 71 de

110 703 371 57 Fénelon
423 703 98 57 à
462 703 195 57 l’abbé
599 703 215 57 Dubois.
755 703 293 57 Versailles,
989 703 117 57 31
1047 703 156 57 mars
1145 703 215 57 (1691).
1301 703 98 57 2
1340 703 117 57 p.
1379 703 137 57 in

117 755 136 52 Les
194 755 214 52 lettres
350 755 156 52 aut.
448 755 156 52 sig.
545 755 175 52 ainsi
662 755 156 52 sont
759 755 156 52 fort
857 755 195 52 rares;
993 755 117 52 il
1052 755 136 52 ven
1129 755 97 52 a
1168 755 156 52 fort
1266 755 136 52 peu
1324 755 195 52 d’adres-

110 811 179 49 sées
221 811 134 49 au
288 811 246 49 célèbre
467 811 201 49 abbé,
601 811 179 49 plus
713 811 179 49 tard
825 811 268 49 cardinal
1026 811 223 49 Dubois
1182 811 201 49 (avec
1316 811 134 49 un
1361 811 156 49 char-

112 849 163 70 mant
213 849 183 70 petit
336 849 244 70 portrait
519 849 183 70 gravé
641 849 143 70 par
723 849 244 70 Delvaud,
906 849 224 70 in-12).
1069 849 387 70 Inédite
1395 849 143 70 100
1456 849 61 70 »

159 902 134 53 Il
226 902 111 53 a
270 902 134 53 vu
337 902 111 53 à
382 902 312 53 Versailles
627 902 267 53 beaucoup
827 902 134 53 de
894 902 290 53 nouvelles
1117 902 134 53 du
1184 902 223 53 siège,
1340 902 178 53 mais
1429 902 89 53 il

113 945 163 60 n’en
214 945 102 60 a
255 945 183 60 point
377 945 204 60 trouvé
520 945 122 60 de
581 945 122 60 si
642 945 244 60 exactes,
826 945 122 60 ni
887 945 122 60 de
948 945 122 60 si
1009 945 224 60 propres
1172 945 102 60 à
1212 945 183 60 faire
1314 945 204 60 entendre

113 993 216 62 l’état
265 993 151 62 des
351 993 216 62 choses
502 993 151 62 que
589 993 216 62 celles
740 993 194 62 qu'il
870 993 151 62 lui
956 993 108 62 a
999 993 259 62 données.
1194 993 130 62 Il
1259 993 130 62 ne
1302 993 216 62 s’étonne

115 1052 165 51 plus
219 1052 124 51 de
281 1052 124 51 ce
343 1052 186 51 qu’on
467 1052 145 51 l’a
549 1052 165 51 mené
653 1052 103 51 à
694 1052 124 51 la
756 1052 227 51 guerre.
922 1052 124 51 Il
984 1052 124 51 en
1046 1052 103 51 a
1087 1052 124 51 le
1149 1052 227 51 talent,
1314 1052 124 51 et
1376 1052 124 51 il
1418 1052 103 51 ap-

113 1082 249 73 prendra
294 1082 181 73 plus
408 1082 113 73 à
453 1082 136 73 M.
521 1082 136 73 le
589 1082 158 73 duc
679 1082 136 73 de
747 1082 272 73 Chartres
951 1082 158 73 que
1042 1082 272 73 beaucoup
1245 1082 136 73 de
1313 1082 181 73 gens
1404 1082 113 73 qui

118 1138 164 55 sont
220 1138 143 55 par
302 1138 184 55 leurs
424 1138 225 55 métiers
588 1138 225 55 chargés
751 1138 123 55 de
812 1138 327 55 l’instruire,
1078 1138 184 55 etc.,
1180 1138 123 55 etc.

65 1183 188 77 2363.
190 1183 417 77 Feuchères
545 1183 167 77 (Mme
649 1183 125 77 la
712 1183 229 77 baronne
878 1183 167 77 de).
983 1183 209 77 Billet
1129 1183 167 77 aut.
1233 1183 167 77 sig.
1337 1183 125 77 (à
1400 1183 125 77 la
1442 1183 83 77 3e

104 1234 474 69 personne),
477 1234 169 69 à
544 1234 203 69 M.
646 1234 440 69 Colombat.
984 1234 169 69 1
1052 1234 203 69 p.
1154 1234 339 69 in-18.
1391 1234 169 69 3
1424 1234 102 69 »

69 1279 205 72 2364.
206 1279 341 72 Finances
478 1279 136 72 de
547 1279 136 72 la
615 1279 341 72 France.
888 1279 136 72 L.
956 1279 182 72 sig.
1069 1279 159 72 par
1160 1279 318 72 vingt-sept
1388 1279 136 72 ban

115 1349 224 54 quiers
271 1349 134 54 et
338 1349 313 54 négociants
584 1349 134 54 de
651 1349 224 54 Paris,
808 1349 268 54 adressée
1009 1349 156 54 aux
1098 1349 268 54 citoyens
1277 1349 246 54 composant

117 1388 123 63 le
178 1388 266 63 Directoir
382 1388 266 63 exécutif,
586 1388 163 63 pour
689 1388 163 63 leur
791 1388 184 63 faire
913 1388 163 63 part
1015 1388 204 63 qu’ils
1158 1388 163 63 sont
1260 1388 286 63 déterminés
1465 1388 61 63 à

117 1431 235 68 proposer
293 1431 117 68 au
352 1431 215 68 public,
508 1431 156 68 sous
606 1431 137 68 les
684 1431 235 68 auspices
860 1431 117 68 du
919 1431 332 68 gouvernement,
1193 1431 137 68 une
1251 1431 274 68 asso

119 1488 351 63 ciation
411 1488 97 63 à
450 1488 234 63 laquelle
625 1488 195 63 chaque
761 1488 214 63 citoyen
917 1488 156 63 sera
1015 1488 175 63 libre
1131 1488 117 63 de
1190 1488 214 63 prendre
1346 1488 175 63 part,
1443 1488 78 63 et

118 1529 140 56 qui
198 1529 160 56 aura
298 1529 160 56 pour
398 1529 180 56 objet
518 1529 120 56 la
578 1529 260 56 formation
778 1529 180 56 d’une
898 1529 260 56 Banque
1098 1529 380 56 d’eseompte
1418 1529 100 56 3
1438 1529 80 56 p.

12 1579 1391 64 in-fol.
1023 1579 632 64 5
1150 1579 379 64 »

67 1633 196 66 2365.
198 1633 610 66 François-Janvier,
742 1633 152 66 duc
829 1633 131 66 de
895 1633 261 66 Calabre,
1091 1633 174 66 fils
1199 1633 174 66 aîné
1308 1633 131 66 de
1352 1633 174 66 Ferdi

117 1676 176 68 nand
227 1676 132 68 IV
293 1676 132 68 et
359 1676 132 68 de
425 1676 308 68 Charlotte,
666 1676 373 68 archiduchesse
974 1676 330 68 d’Autriche.
1237 1676 132 68 L.
1303 1676 176 68 aut.
1391 1676 132 68 sig.

111 1726 198 64 (en
224 1726 367 64 italien).
506 1726 282 64 Bocca,
704 1726 169 64 11
789 1726 226 64 oct.
930 1726 254 64 1812.
1099 1726 141 64 1
1156 1726 169 64 p.
1241 1726 254 64 in-8.
1410 1726 141 64 3
1438 1726 85 64 »

67 1766 204 65 2366.
203 1766 566 65 Frédéric-Guillaume
702 1766 272 65 III,
905 1766 159 65 roi
996 1766 136 65 de
1064 1766 249 65 Prusse,
1245 1766 136 65 Né
1313 1766 136 65 en
1358 1766 159 65 1770.

116 1825 173 61 Mort
225 1825 130 61 en
290 1825 195 61 1840.
420 1825 130 61 L.
485 1825 195 61 sig.,
614 1825 130 61 au
679 1825 238 61 général
853 1825 260 61 Bazaine.
1048 1825 238 61 Berlin,
1221 1825 130 61 28
1286 1825 173 61 mars
1372 1825 152 61 1835.

44 1874 463 62 1
230 1874 556 62 p.
507 1874 833 62 in-4.
1063 1874 463 62 3
1156 1874 370 62 50

68 1913 196 67 2367.
199 1913 217 67 Gay
351 1913 130 67 de
416 1913 326 67 Noblac,
677 1913 239 67 avocat,
851 1913 109 67 à
894 1913 283 67 Bordeaux.
1112 1913 152 67 «La
1199 1913 261 67 religion
1373 1913 152 67 chré

117 1981 272 54 «tienne,
321 1981 227 54 depuis
480 1981 159 54 son
571 1981 249 54 berceau
752 1981 249 54 jusques
934 1981 113 54 à
979 1981 136 54 ce
1047 1981 204 54 jour,
1183 1981 249 54 devenue
1342 1981 181 54 triom-

118 2030 260 48 «phante.
313 2030 173 48 Avec
422 2030 130 48 la
487 2030 238 48 méthode
660 2030 195 48 qu’il
790 2030 173 48 faut
899 2030 217 48 suivre
1050 2030 173 48 pour
1159 2030 173 48 bien
1267 2030 130 48 se
1310 2030 217 48 conduire

121 2065 259 59 «pendant
316 2065 129 59 la
380 2065 173 59 vie,
488 2065 173 59 afin
596 2065 129 59 de
661 2065 302 59 participer
898 2065 151 59 aux
985 2065 324 59 récompenses
1222 2065 302 59 éternelles.»

105 2115 420 61 Manuscrit
428 2115 258 61 aut.
589 2115 258 61 sig.
751 2115 291 61 1772.
945 2115 194 61 49
1041 2115 194 61 p.
1138 2115 355 61 in-fol.
1397 2115 162 61 6
1429 2115 97 61 »

70 2161 198 66 2368.
202 2161 330 66 Gcoffroy
465 2161 483 66 Saint-Hilaire,
883 2161 242 66 célèbre
1059 2161 352 66 naturaliste.
1344 2161 132 66 L.
1388 2161 132 66 aut.

110 2211 283 71 sig.,
298 2211 157 71 à
361 2211 283 71 M....
550 2211 189 71 18
645 2211 252 71 nov.
802 2211 283 71 1819.
991 2211 189 71 1.
1085 2211 189 71 p.
1180 2211 283 71 in-8.
1369 2211 157 71 1
1400 2211 126 71 50

72 2258 190 78 2369.
198 2258 400 78 Grégoire
536 2258 253 78 (Henri),
725 2258 211 78 évêque
873 2258 400 78 constitutionnel
1210 2258 126 78 de
1273 2258 211 78 Blois,
1400 2258 126 78 con

117 2326 325 65 ventionnel.
377 2326 130 65 L.
442 2326 173 65 aut.
551 2326 195 65 sig.,
681 2326 108 65 à
724 2326 130 65 M.
789 2326 130 65 de
854 2326 260 65 Loustal.
1049 2326 130 65 27
1114 2326 173 65 mars
1223 2326 195 65 1820.
1353 2326 108 65 1
1396 2326 130 65 p.
1439 2326 87 65 et

50 2368 831 63 demie
604 2368 831 63 in-8.
1158 2368 462 63 3
1250 2368 277 63 »

170 2398 112 84 Au
226 2398 167 84 sujet
338 2398 149 84 d’un
431 2398 205 84 article
580 2398 186 84 inséré
710 2398 149 84 dans
803 2398 112 84 la
859 2398 353 84 Minerve
1156 2398 93 84 à
1193 2398 260 84 l’occasion
1398 2398 112 84 de
1435 2398 93 84 son

118 2457 290 55 expulsion
341 2457 134 55 de
407 2457 134 55 la
474 2457 245 55 Chambre
652 2457 156 55 des
719 2457 223 55 députés.

73 2503 187 68 2370.
198 2503 415 68 Henderson
550 2503 249 68 (Alex.),
737 2503 207 68 savant
882 2503 228 68 médecin
1048 2503 249 68 anglais.
1235 2503 124 68 L.
1297 2503 166 68 aut.
1380 2503 145 68 sig.,

116 2554 124 57 à
166 2554 148 57 M.
240 2554 321 57 Renouard.
487 2554 297 57 Londres,
709 2554 148 57 17
784 2554 198 57 mars
907 2554 222 57 1815.
1055 2554 124 57 2
1105 2554 173 57 gr.
1204 2554 148 57 p.
1278 2554 222 57 in-4.
1426 2554 124 57 3
1451 2554 74 57 »

73 2605 193 66 2371.
201 2605 257 66 Henri
394 2605 214 66 IV
544 2605 150 66 roi
629 2605 129 66 de
694 2605 236 66 France.
865 2605 236 66 Lettres
1036 2605 278 66 patentes,
1251 2605 257 66 signées,
1422 2605 107 66 par

124 2658 280 51 lesquelles
344 2658 120 51 il
404 2658 240 51 confirme
584 2658 140 51 les
664 2658 300 51 privilèges,
904 2658 280 51 franchises
1124 2658 120 51 et
1184 2658 240 51 libertés
1344 2658 180 51 acccor-

122 2703 176 60 dées
232 2703 154 60 par
320 2703 154 60 les
407 2703 176 60 rois
517 2703 132 60 de
583 2703 241 60 France,
759 2703 154 60 ses
846 2703 395 60 prédécesseurs,
1176 2703 154 60 aux
1264 2703 220 60 grands
1395 2703 132 60 mai-

123 2753 191 77 tres,
250 2753 255 77 prieurs,
441 2753 340 77 commandeurs,
717 2753 297 77 chevaliers
951 2753 127 77 et
1014 2753 276 77 religieux
1227 2753 127 77 de
1290 2753 234 77 l’ordre
1439 2753 85 77 de
