<?xml version="1.0" encoding="UTF-8"?>
<alto xmlns:xsi="http://www.w3.org/2001/XMLSchema-instance"
      xmlns="http://www.loc.gov/standards/alto/ns-v2#"
      xmlns:page="http://schema.primaresearch.org/PAGE/gts/pagecontent/2013-07-15"
      xsi:schemaLocation="http://www.loc.gov/standards/alto/ns-v2# http://www.loc.gov/standards/alto/alto.xsd">
   <Description>
      <MeasurementUnit>pixel</MeasurementUnit>
      <OCRProcessing ID="IdOcr">
         <ocrProcessingStep>
            <processingDateTime>2020-10-13T13:55:15.799+02:00</processingDateTime>
            <processingSoftware>
               <softwareCreator>READ COOP</softwareCreator>
               <softwareName>Transkribus</softwareName>
            </processingSoftware>
         </ocrProcessingStep>
      </OCRProcessing>
   </Description>
   <Tags/>
   <Layout>
      <Page ID="Page1" PHYSICAL_IMG_NR="1" HEIGHT="2849" WIDTH="1579">
         <TopMargin HEIGHT="48" WIDTH="1579" VPOS="0" HPOS="0"/>
         <LeftMargin HEIGHT="2747" WIDTH="104" VPOS="48" HPOS="0"/>
         <RightMargin HEIGHT="2747" WIDTH="29" VPOS="48" HPOS="1550"/>
         <BottomMargin HEIGHT="54" WIDTH="1579" VPOS="2795" HPOS="0"/>
         <PrintSpace HEIGHT="2747" WIDTH="1446" VPOS="48" HPOS="104">
            <TextBlock ID="r_1_1" HEIGHT="43" WIDTH="157" VPOS="55" HPOS="694">
               <Shape>
                  <Polygon POINTS="694,55 851,55 851,98 694,98"/>
               </Shape>
               <TextLine ID="tl_1"
                         BASELINE="116"
                         HEIGHT="82"
                         WIDTH="179"
                         VPOS="34"
                         HPOS="685">
                  <String HEIGHT="82" WIDTH="179" VPOS="34" HPOS="649" CONTENT="—"/>
                  <SP HEIGHT="82" WIDTH="36" VPOS="34" HPOS="828"/>
                  <String HEIGHT="82" WIDTH="179" VPOS="34" HPOS="685" CONTENT="190"/>
               </TextLine>
            </TextBlock>
            <TextBlock ID="r_2_1" HEIGHT="525" WIDTH="1407" VPOS="142" HPOS="112">
               <Shape>
                  <Polygon POINTS="112,142 1519,142 1519,667 112,667"/>
               </Shape>
               <TextLine ID="tl_2"
                         BASELINE="203"
                         HEIGHT="79"
                         WIDTH="1416"
                         VPOS="124"
                         HPOS="104">
                  <String HEIGHT="79"
                          WIDTH="177"
                          VPOS="124"
                          HPOS="84"
                          CONTENT="2458."/>
                  <SP HEIGHT="79" WIDTH="20" VPOS="124" HPOS="261"/>
                  <String HEIGHT="79"
                          WIDTH="334"
                          VPOS="124"
                          HPOS="202"
                          CONTENT="&lt;b&gt;Vendée&lt;/b&gt;"/>
                  <SP HEIGHT="79" WIDTH="20" VPOS="124" HPOS="537"/>
                  <String HEIGHT="79"
                          WIDTH="236"
                          VPOS="124"
                          HPOS="478"
                          CONTENT="(Guerres"/>
                  <SP HEIGHT="79" WIDTH="20" VPOS="124" HPOS="714"/>
                  <String HEIGHT="79" WIDTH="118" VPOS="124" HPOS="655" CONTENT="de"/>
                  <SP HEIGHT="79" WIDTH="20" VPOS="124" HPOS="773"/>
                  <String HEIGHT="79"
                          WIDTH="157"
                          VPOS="124"
                          HPOS="714"
                          CONTENT="la)."/>
                  <SP HEIGHT="79" WIDTH="20" VPOS="124" HPOS="871"/>
                  <String HEIGHT="79" WIDTH="118" VPOS="124" HPOS="812" CONTENT="L."/>
                  <SP HEIGHT="79" WIDTH="20" VPOS="124" HPOS="930"/>
                  <String HEIGHT="79"
                          WIDTH="157"
                          VPOS="124"
                          HPOS="871"
                          CONTENT="aut."/>
                  <SP HEIGHT="79" WIDTH="20" VPOS="124" HPOS="1028"/>
                  <String HEIGHT="79"
                          WIDTH="157"
                          VPOS="124"
                          HPOS="969"
                          CONTENT="sig."/>
                  <SP HEIGHT="79" WIDTH="20" VPOS="124" HPOS="1127"/>
                  <String HEIGHT="79" WIDTH="118" VPOS="124" HPOS="1068" CONTENT="de"/>
                  <SP HEIGHT="79" WIDTH="20" VPOS="124" HPOS="1186"/>
                  <String HEIGHT="79"
                          WIDTH="197"
                          VPOS="124"
                          HPOS="1127"
                          CONTENT="Félix,"/>
                  <SP HEIGHT="79" WIDTH="20" VPOS="124" HPOS="1323"/>
                  <String HEIGHT="79"
                          WIDTH="256"
                          VPOS="124"
                          HPOS="1264"
                          CONTENT="président"/>
                  <SP HEIGHT="79" WIDTH="20" VPOS="124" HPOS="1520"/>
                  <String HEIGHT="79" WIDTH="79" VPOS="124" HPOS="1441" CONTENT="de"/>
               </TextLine>
               <TextLine ID="tl_3"
                         BASELINE="242"
                         HEIGHT="58"
                         WIDTH="1372"
                         VPOS="184"
                         HPOS="151">
                  <String HEIGHT="58" WIDTH="125" VPOS="184" HPOS="130" CONTENT="la"/>
                  <SP HEIGHT="58" WIDTH="21" VPOS="184" HPOS="255"/>
                  <String HEIGHT="58"
                          WIDTH="291"
                          VPOS="184"
                          HPOS="193"
                          CONTENT="commission"/>
                  <SP HEIGHT="58" WIDTH="21" VPOS="184" HPOS="484"/>
                  <String HEIGHT="58"
                          WIDTH="291"
                          VPOS="184"
                          HPOS="421"
                          CONTENT="militaire,"/>
                  <SP HEIGHT="58" WIDTH="21" VPOS="184" HPOS="712"/>
                  <String HEIGHT="58" WIDTH="146" VPOS="184" HPOS="650" CONTENT="aux"/>
                  <SP HEIGHT="58" WIDTH="21" VPOS="184" HPOS="795"/>
                  <String HEIGHT="58"
                          WIDTH="353"
                          VPOS="184"
                          HPOS="733"
                          CONTENT="républicains,"/>
                  <SP HEIGHT="58" WIDTH="21" VPOS="184" HPOS="1086"/>
                  <String HEIGHT="58"
                          WIDTH="146"
                          VPOS="184"
                          HPOS="1024"
                          CONTENT="ses"/>
                  <SP HEIGHT="58" WIDTH="21" VPOS="184" HPOS="1170"/>
                  <String HEIGHT="58"
                          WIDTH="291"
                          VPOS="184"
                          HPOS="1107"
                          CONTENT="collègues."/>
                  <SP HEIGHT="58" WIDTH="21" VPOS="184" HPOS="1398"/>
                  <String HEIGHT="58"
                          WIDTH="208"
                          VPOS="184"
                          HPOS="1315"
                          CONTENT="Quartier"/>
               </TextLine>
               <TextLine ID="tl_4"
                         BASELINE="301"
                         HEIGHT="57"
                         WIDTH="1368"
                         VPOS="244"
                         HPOS="154">
                  <String HEIGHT="57"
                          WIDTH="239"
                          VPOS="244"
                          HPOS="132"
                          CONTENT="général"/>
                  <SP HEIGHT="57" WIDTH="22" VPOS="244" HPOS="371"/>
                  <String HEIGHT="57" WIDTH="130" VPOS="244" HPOS="306" CONTENT="de"/>
                  <SP HEIGHT="57" WIDTH="22" VPOS="244" HPOS="436"/>
                  <String HEIGHT="57"
                          WIDTH="239"
                          VPOS="244"
                          HPOS="371"
                          CONTENT="Saumur,"/>
                  <SP HEIGHT="57" WIDTH="22" VPOS="244" HPOS="610"/>
                  <String HEIGHT="57" WIDTH="130" VPOS="244" HPOS="545" CONTENT="le"/>
                  <SP HEIGHT="57" WIDTH="22" VPOS="244" HPOS="675"/>
                  <String HEIGHT="57" WIDTH="152" VPOS="244" HPOS="610" CONTENT="1er"/>
                  <SP HEIGHT="57" WIDTH="22" VPOS="244" HPOS="762"/>
                  <String HEIGHT="57"
                          WIDTH="239"
                          VPOS="244"
                          HPOS="697"
                          CONTENT="octobre"/>
                  <SP HEIGHT="57" WIDTH="22" VPOS="244" HPOS="936"/>
                  <String HEIGHT="57"
                          WIDTH="195"
                          VPOS="244"
                          HPOS="871"
                          CONTENT="1793."/>
                  <SP HEIGHT="57" WIDTH="22" VPOS="244" HPOS="1066"/>
                  <String HEIGHT="57" WIDTH="109" VPOS="244" HPOS="1001" CONTENT="4"/>
                  <SP HEIGHT="57" WIDTH="22" VPOS="244" HPOS="1109"/>
                  <String HEIGHT="57"
                          WIDTH="152"
                          VPOS="244"
                          HPOS="1044"
                          CONTENT="gr."/>
                  <SP HEIGHT="57" WIDTH="22" VPOS="244" HPOS="1196"/>
                  <String HEIGHT="57" WIDTH="130" VPOS="244" HPOS="1131" CONTENT="p."/>
                  <SP HEIGHT="57" WIDTH="22" VPOS="244" HPOS="1261"/>
                  <String HEIGHT="57"
                          WIDTH="152"
                          VPOS="244"
                          HPOS="1196"
                          CONTENT="pl."/>
                  <SP HEIGHT="57" WIDTH="22" VPOS="244" HPOS="1348"/>
                  <String HEIGHT="57"
                          WIDTH="195"
                          VPOS="244"
                          HPOS="1283"
                          CONTENT="in-4."/>
                  <SP HEIGHT="57" WIDTH="22" VPOS="244" HPOS="1479"/>
                  <String HEIGHT="57" WIDTH="130" VPOS="244" HPOS="1413" CONTENT="10"/>
                  <SP HEIGHT="57" WIDTH="22" VPOS="244" HPOS="1544"/>
                  <String HEIGHT="57" WIDTH="65" VPOS="244" HPOS="1457" CONTENT="»"/>
               </TextLine>
               <TextLine ID="tl_5"
                         BASELINE="343"
                         HEIGHT="54"
                         WIDTH="1323"
                         VPOS="289"
                         HPOS="199">
                  <String HEIGHT="54"
                          WIDTH="273"
                          VPOS="289"
                          HPOS="178"
                          CONTENT="Nouvelles"/>
                  <SP HEIGHT="54" WIDTH="21" VPOS="289" HPOS="451"/>
                  <String HEIGHT="54" WIDTH="147" VPOS="289" HPOS="388" CONTENT="des"/>
                  <SP HEIGHT="54" WIDTH="21" VPOS="289" HPOS="535"/>
                  <String HEIGHT="54"
                          WIDTH="189"
                          VPOS="289"
                          HPOS="472"
                          CONTENT="trois"/>
                  <SP HEIGHT="54" WIDTH="21" VPOS="289" HPOS="661"/>
                  <String HEIGHT="54"
                          WIDTH="420"
                          VPOS="289"
                          HPOS="598"
                          CONTENT="déroutes-fatales"/>
                  <SP HEIGHT="54" WIDTH="21" VPOS="289" HPOS="1018"/>
                  <String HEIGHT="54" WIDTH="147" VPOS="289" HPOS="955" CONTENT="que"/>
                  <SP HEIGHT="54" WIDTH="21" VPOS="289" HPOS="1102"/>
                  <String HEIGHT="54"
                          WIDTH="147"
                          VPOS="289"
                          HPOS="1039"
                          CONTENT="les"/>
                  <SP HEIGHT="54" WIDTH="21" VPOS="289" HPOS="1186"/>
                  <String HEIGHT="54"
                          WIDTH="210"
                          VPOS="289"
                          HPOS="1123"
                          CONTENT="armées"/>
                  <SP HEIGHT="54" WIDTH="21" VPOS="289" HPOS="1333"/>
                  <String HEIGHT="54"
                          WIDTH="273"
                          VPOS="289"
                          HPOS="1249"
                          CONTENT="républicai"
                          SUBS_TYPE="HypPart1"
                          SUBS_CONTENT="républicaines"/>
                  <HYP CONTENT="-"/>
               </TextLine>
               <TextLine ID="tl_6"
                         BASELINE="388"
                         HEIGHT="47"
                         WIDTH="1369"
                         VPOS="341"
                         HPOS="154">
                  <String HEIGHT="47"
                          WIDTH="152"
                          VPOS="341"
                          HPOS="132"
                          CONTENT="nes"
                          SUBS_TYPE="HypPart2"
                          SUBS_CONTENT="républicaines"/>
                  <SP HEIGHT="47" WIDTH="22" VPOS="341" HPOS="284"/>
                  <String HEIGHT="47"
                          WIDTH="239"
                          VPOS="341"
                          HPOS="219"
                          CONTENT="viennes"/>
                  <SP HEIGHT="47" WIDTH="22" VPOS="341" HPOS="458"/>
                  <String HEIGHT="47"
                          WIDTH="326"
                          VPOS="341"
                          HPOS="393"
                          CONTENT="d’éprouver,"/>
                  <SP HEIGHT="47" WIDTH="22" VPOS="341" HPOS="719"/>
                  <String HEIGHT="47" WIDTH="130" VPOS="341" HPOS="654" CONTENT="la"/>
                  <SP HEIGHT="47" WIDTH="22" VPOS="341" HPOS="784"/>
                  <String HEIGHT="47"
                          WIDTH="261"
                          VPOS="341"
                          HPOS="719"
                          CONTENT="première"/>
                  <SP HEIGHT="47" WIDTH="22" VPOS="341" HPOS="980"/>
                  <String HEIGHT="47" WIDTH="109" VPOS="341" HPOS="915" CONTENT="à"/>
                  <SP HEIGHT="47" WIDTH="22" VPOS="341" HPOS="1023"/>
                  <String HEIGHT="47"
                          WIDTH="196"
                          VPOS="341"
                          HPOS="958"
                          CONTENT="Coron"/>
                  <SP HEIGHT="47" WIDTH="22" VPOS="341" HPOS="1154"/>
                  <String HEIGHT="47"
                          WIDTH="152"
                          VPOS="341"
                          HPOS="1088"
                          CONTENT="(le"/>
                  <SP HEIGHT="47" WIDTH="22" VPOS="341" HPOS="1241"/>
                  <String HEIGHT="47" WIDTH="130" VPOS="341" HPOS="1175" CONTENT="19"/>
                  <SP HEIGHT="47" WIDTH="22" VPOS="341" HPOS="1306"/>
                  <String HEIGHT="47"
                          WIDTH="239"
                          VPOS="341"
                          HPOS="1241"
                          CONTENT="sept.),"/>
                  <SP HEIGHT="47" WIDTH="22" VPOS="341" HPOS="1480"/>
                  <String HEIGHT="47"
                          WIDTH="130"
                          VPOS="341"
                          HPOS="1393"
                          CONTENT="com"
                          SUBS_TYPE="HypPart1"
                          SUBS_CONTENT="commandée"/>
                  <HYP CONTENT="-"/>
               </TextLine>
               <TextLine ID="tl_7"
                         BASELINE="440"
                         HEIGHT="61"
                         WIDTH="1368"
                         VPOS="379"
                         HPOS="156">
                  <String HEIGHT="61"
                          WIDTH="217"
                          VPOS="379"
                          HPOS="134"
                          CONTENT="mandée"
                          SUBS_TYPE="HypPart2"
                          SUBS_CONTENT="commandée"/>
                  <SP HEIGHT="61" WIDTH="22" VPOS="379" HPOS="351"/>
                  <String HEIGHT="61" WIDTH="152" VPOS="379" HPOS="286" CONTENT="par"/>
                  <SP HEIGHT="61" WIDTH="22" VPOS="379" HPOS="438"/>
                  <String HEIGHT="61"
                          WIDTH="174"
                          VPOS="379"
                          HPOS="373"
                          CONTENT="Joly"/>
                  <SP HEIGHT="61" WIDTH="22" VPOS="379" HPOS="547"/>
                  <String HEIGHT="61"
                          WIDTH="174"
                          VPOS="379"
                          HPOS="482"
                          CONTENT="sous"/>
                  <SP HEIGHT="61" WIDTH="22" VPOS="379" HPOS="655"/>
                  <String HEIGHT="61" WIDTH="152" VPOS="379" HPOS="590" CONTENT="les"/>
                  <SP HEIGHT="61" WIDTH="22" VPOS="379" HPOS="742"/>
                  <String HEIGHT="61"
                          WIDTH="217"
                          VPOS="379"
                          HPOS="677"
                          CONTENT="ordres"/>
                  <SP HEIGHT="61" WIDTH="22" VPOS="379" HPOS="894"/>
                  <String HEIGHT="61" WIDTH="130" VPOS="379" HPOS="829" CONTENT="de"/>
                  <SP HEIGHT="61" WIDTH="22" VPOS="379" HPOS="959"/>
                  <String HEIGHT="61"
                          WIDTH="282"
                          VPOS="379"
                          HPOS="894"
                          CONTENT="Santerre;"/>
                  <SP HEIGHT="61" WIDTH="22" VPOS="379" HPOS="1177"/>
                  <String HEIGHT="61" WIDTH="130" VPOS="379" HPOS="1111" CONTENT="la"/>
                  <SP HEIGHT="61" WIDTH="22" VPOS="379" HPOS="1242"/>
                  <String HEIGHT="61"
                          WIDTH="239"
                          VPOS="379"
                          HPOS="1177"
                          CONTENT="seconde"/>
                  <SP HEIGHT="61" WIDTH="22" VPOS="379" HPOS="1415"/>
                  <String HEIGHT="61" WIDTH="130" VPOS="379" HPOS="1350" CONTENT="au"/>
                  <SP HEIGHT="61" WIDTH="22" VPOS="379" HPOS="1481"/>
                  <String HEIGHT="61"
                          WIDTH="130"
                          VPOS="379"
                          HPOS="1394"
                          CONTENT="pont"/>
               </TextLine>
               <TextLine ID="tl_8"
                         BASELINE="485"
                         HEIGHT="59"
                         WIDTH="1366"
                         VPOS="426"
                         HPOS="157">
                  <String HEIGHT="59" WIDTH="134" VPOS="426" HPOS="135" CONTENT="de"/>
                  <SP HEIGHT="59" WIDTH="22" VPOS="426" HPOS="269"/>
                  <String HEIGHT="59" WIDTH="157" VPOS="426" HPOS="202" CONTENT="Cé,"/>
                  <SP HEIGHT="59" WIDTH="22" VPOS="426" HPOS="359"/>
                  <String HEIGHT="59"
                          WIDTH="291"
                          VPOS="426"
                          HPOS="291"
                          CONTENT="commandée"/>
                  <SP HEIGHT="59" WIDTH="22" VPOS="426" HPOS="582"/>
                  <String HEIGHT="59" WIDTH="157" VPOS="426" HPOS="515" CONTENT="par"/>
                  <SP HEIGHT="59" WIDTH="22" VPOS="426" HPOS="672"/>
                  <String HEIGHT="59"
                          WIDTH="246"
                          VPOS="426"
                          HPOS="605"
                          CONTENT="Dutruy,"/>
                  <SP HEIGHT="59" WIDTH="22" VPOS="426" HPOS="851"/>
                  <String HEIGHT="59"
                          WIDTH="179"
                          VPOS="426"
                          HPOS="784"
                          CONTENT="sous"/>
                  <SP HEIGHT="59" WIDTH="22" VPOS="426" HPOS="963"/>
                  <String HEIGHT="59" WIDTH="157" VPOS="426" HPOS="896" CONTENT="les"/>
                  <SP HEIGHT="59" WIDTH="22" VPOS="426" HPOS="1053"/>
                  <String HEIGHT="59"
                          WIDTH="224"
                          VPOS="426"
                          HPOS="986"
                          CONTENT="ordres"/>
                  <SP HEIGHT="59" WIDTH="22" VPOS="426" HPOS="1209"/>
                  <String HEIGHT="59" WIDTH="134" VPOS="426" HPOS="1142" CONTENT="de"/>
                  <SP HEIGHT="59" WIDTH="22" VPOS="426" HPOS="1277"/>
                  <String HEIGHT="59"
                          WIDTH="246"
                          VPOS="426"
                          HPOS="1209"
                          CONTENT="Duhoux,"/>
                  <SP HEIGHT="59" WIDTH="22" VPOS="426" HPOS="1456"/>
                  <String HEIGHT="59" WIDTH="134" VPOS="426" HPOS="1389" CONTENT="et"/>
                  <SP HEIGHT="59" WIDTH="22" VPOS="426" HPOS="1523"/>
                  <String HEIGHT="59" WIDTH="90" VPOS="426" HPOS="1433" CONTENT="la"/>
               </TextLine>
               <TextLine ID="tl_9"
                         BASELINE="532"
                         HEIGHT="49"
                         WIDTH="1366"
                         VPOS="483"
                         HPOS="157">
                  <String HEIGHT="49"
                          WIDTH="308"
                          VPOS="483"
                          HPOS="135"
                          CONTENT="troisième,"/>
                  <SP HEIGHT="49" WIDTH="22" VPOS="483" HPOS="443"/>
                  <String HEIGHT="49"
                          WIDTH="176"
                          VPOS="483"
                          HPOS="377"
                          CONTENT="près"/>
                  <SP HEIGHT="49" WIDTH="22" VPOS="483" HPOS="554"/>
                  <String HEIGHT="49"
                          WIDTH="242"
                          VPOS="483"
                          HPOS="487"
                          CONTENT="Nantes,"/>
                  <SP HEIGHT="49" WIDTH="22" VPOS="483" HPOS="730"/>
                  <String HEIGHT="49"
                          WIDTH="286"
                          VPOS="483"
                          HPOS="664"
                          CONTENT="commandée"/>
                  <SP HEIGHT="49" WIDTH="22" VPOS="483" HPOS="950"/>
                  <String HEIGHT="49" WIDTH="154" VPOS="483" HPOS="884" CONTENT="par"/>
                  <SP HEIGHT="49" WIDTH="22" VPOS="483" HPOS="1038"/>
                  <String HEIGHT="49"
                          WIDTH="264"
                          VPOS="483"
                          HPOS="972"
                          CONTENT="Beisser,"/>
                  <SP HEIGHT="49" WIDTH="22" VPOS="483" HPOS="1237"/>
                  <String HEIGHT="49"
                          WIDTH="176"
                          VPOS="483"
                          HPOS="1170"
                          CONTENT="sous"/>
                  <SP HEIGHT="49" WIDTH="22" VPOS="483" HPOS="1347"/>
                  <String HEIGHT="49"
                          WIDTH="154"
                          VPOS="483"
                          HPOS="1281"
                          CONTENT="les"/>
                  <SP HEIGHT="49" WIDTH="22" VPOS="483" HPOS="1435"/>
                  <String HEIGHT="49"
                          WIDTH="176"
                          VPOS="483"
                          HPOS="1347"
                          CONTENT="ordres"/>
               </TextLine>
               <TextLine ID="tl_10"
                         BASELINE="577"
                         HEIGHT="56"
                         WIDTH="1368"
                         VPOS="521"
                         HPOS="159">
                  <String HEIGHT="56" WIDTH="132" VPOS="521" HPOS="137" CONTENT="de"/>
                  <SP HEIGHT="56" WIDTH="22" VPOS="521" HPOS="269"/>
                  <String HEIGHT="56" WIDTH="132" VPOS="521" HPOS="203" CONTENT="Du"/>
                  <SP HEIGHT="56" WIDTH="22" VPOS="521" HPOS="336"/>
                  <String HEIGHT="56"
                          WIDTH="243"
                          VPOS="521"
                          HPOS="269"
                          CONTENT="Bayet.."/>
                  <SP HEIGHT="56" WIDTH="22" VPOS="521" HPOS="512"/>
                  <String HEIGHT="56"
                          WIDTH="199"
                          VPOS="521"
                          HPOS="446"
                          CONTENT="Longs"/>
                  <SP HEIGHT="56" WIDTH="22" VPOS="521" HPOS="644"/>
                  <String HEIGHT="56"
                          WIDTH="243"
                          VPOS="521"
                          HPOS="578"
                          CONTENT="détails"/>
                  <SP HEIGHT="56" WIDTH="22" VPOS="521" HPOS="821"/>
                  <String HEIGHT="56" WIDTH="154" VPOS="521" HPOS="755" CONTENT="sur"/>
                  <SP HEIGHT="56" WIDTH="22" VPOS="521" HPOS="909"/>
                  <String HEIGHT="56" WIDTH="154" VPOS="521" HPOS="843" CONTENT="ces"/>
                  <SP HEIGHT="56" WIDTH="22" VPOS="521" HPOS="997"/>
                  <String HEIGHT="56"
                          WIDTH="243"
                          VPOS="521"
                          HPOS="931"
                          CONTENT="revers."/>
                  <SP HEIGHT="56" WIDTH="22" VPOS="521" HPOS="1174"/>
                  <String HEIGHT="56"
                          WIDTH="265"
                          VPOS="521"
                          HPOS="1108"
                          CONTENT="Apologie"/>
                  <SP HEIGHT="56" WIDTH="22" VPOS="521" HPOS="1373"/>
                  <String HEIGHT="56" WIDTH="132" VPOS="521" HPOS="1306" CONTENT="de"/>
                  <SP HEIGHT="56" WIDTH="22" VPOS="521" HPOS="1439"/>
                  <String HEIGHT="56"
                          WIDTH="177"
                          VPOS="521"
                          HPOS="1350"
                          CONTENT="Rossi"
                          SUBS_TYPE="HypPart1"
                          SUBS_CONTENT="Rossignol,"/>
                  <HYP CONTENT="-"/>
               </TextLine>
               <TextLine ID="tl_11"
                         BASELINE="632"
                         HEIGHT="66"
                         WIDTH="1367"
                         VPOS="566"
                         HPOS="158">
                  <String HEIGHT="66"
                          WIDTH="186"
                          VPOS="566"
                          HPOS="137"
                          CONTENT="gnol,"
                          SUBS_TYPE="HypPart2"
                          SUBS_CONTENT="Rossignol,"/>
                  <SP HEIGHT="66" WIDTH="21" VPOS="566" HPOS="324"/>
                  <String HEIGHT="66" WIDTH="145" VPOS="566" HPOS="262" CONTENT="qui"/>
                  <SP HEIGHT="66" WIDTH="21" VPOS="566" HPOS="407"/>
                  <String HEIGHT="66" WIDTH="145" VPOS="566" HPOS="344" CONTENT="est"/>
                  <SP HEIGHT="66" WIDTH="21" VPOS="566" HPOS="489"/>
                  <String HEIGHT="66" WIDTH="124" VPOS="566" HPOS="427" CONTENT="un"/>
                  <SP HEIGHT="66" WIDTH="21" VPOS="566" HPOS="552"/>
                  <String HEIGHT="66"
                          WIDTH="373"
                          VPOS="566"
                          HPOS="489"
                          CONTENT="sans-culottes,"/>
                  <SP HEIGHT="66" WIDTH="21" VPOS="566" HPOS="862"/>
                  <String HEIGHT="66"
                          WIDTH="311"
                          VPOS="566"
                          HPOS="800"
                          CONTENT="républicain"/>
                  <SP HEIGHT="66" WIDTH="21" VPOS="566" HPOS="1111"/>
                  <String HEIGHT="66"
                          WIDTH="166"
                          VPOS="566"
                          HPOS="1049"
                          CONTENT="dans"/>
                  <SP HEIGHT="66" WIDTH="21" VPOS="566" HPOS="1214"/>
                  <String HEIGHT="66"
                          WIDTH="186"
                          VPOS="566"
                          HPOS="1152"
                          CONTENT="toute"/>
                  <SP HEIGHT="66" WIDTH="21" VPOS="566" HPOS="1339"/>
                  <String HEIGHT="66" WIDTH="124" VPOS="566" HPOS="1276" CONTENT="la"/>
                  <SP HEIGHT="66" WIDTH="21" VPOS="566" HPOS="1401"/>
                  <String HEIGHT="66"
                          WIDTH="186"
                          VPOS="566"
                          HPOS="1339"
                          CONTENT="force"/>
                  <SP HEIGHT="66" WIDTH="21" VPOS="566" HPOS="1525"/>
                  <String HEIGHT="66" WIDTH="83" VPOS="566" HPOS="1442" CONTENT="du"/>
               </TextLine>
               <TextLine ID="tl_12"
                         BASELINE="680"
                         HEIGHT="58"
                         WIDTH="221"
                         VPOS="622"
                         HPOS="157">
                  <String HEIGHT="58"
                          WIDTH="270"
                          VPOS="622"
                          HPOS="108"
                          CONTENT="terme...."/>
               </TextLine>
            </TextBlock>
            <TextBlock ID="r_2_2" HEIGHT="151" WIDTH="1400" VPOS="672" HPOS="120">
               <Shape>
                  <Polygon POINTS="120,672 1520,672 1520,823 120,823"/>
               </Shape>
               <TextLine ID="tl_13"
                         BASELINE="726"
                         HEIGHT="80"
                         WIDTH="1415"
                         VPOS="646"
                         HPOS="112">
                  <String HEIGHT="80"
                          WIDTH="177"
                          VPOS="646"
                          HPOS="92"
                          CONTENT="2459."/>
                  <SP HEIGHT="80" WIDTH="20" VPOS="646" HPOS="269"/>
                  <String HEIGHT="80"
                          WIDTH="334"
                          VPOS="646"
                          HPOS="210"
                          CONTENT="&lt;b&gt;Vendée&lt;/b&gt;"/>
                  <SP HEIGHT="80" WIDTH="20" VPOS="646" HPOS="544"/>
                  <String HEIGHT="80"
                          WIDTH="236"
                          VPOS="646"
                          HPOS="485"
                          CONTENT="(Guerres"/>
                  <SP HEIGHT="80" WIDTH="20" VPOS="646" HPOS="721"/>
                  <String HEIGHT="80" WIDTH="118" VPOS="646" HPOS="662" CONTENT="de"/>
                  <SP HEIGHT="80" WIDTH="20" VPOS="646" HPOS="780"/>
                  <String HEIGHT="80"
                          WIDTH="157"
                          VPOS="646"
                          HPOS="721"
                          CONTENT="la)."/>
                  <SP HEIGHT="80" WIDTH="20" VPOS="646" HPOS="878"/>
                  <String HEIGHT="80" WIDTH="118" VPOS="646" HPOS="820" CONTENT="L."/>
                  <SP HEIGHT="80" WIDTH="20" VPOS="646" HPOS="937"/>
                  <String HEIGHT="80"
                          WIDTH="157"
                          VPOS="646"
                          HPOS="878"
                          CONTENT="aut."/>
                  <SP HEIGHT="80" WIDTH="20" VPOS="646" HPOS="1036"/>
                  <String HEIGHT="80"
                          WIDTH="157"
                          VPOS="646"
                          HPOS="977"
                          CONTENT="sig."/>
                  <SP HEIGHT="80" WIDTH="20" VPOS="646" HPOS="1134"/>
                  <String HEIGHT="80" WIDTH="118" VPOS="646" HPOS="1075" CONTENT="de"/>
                  <SP HEIGHT="80" WIDTH="20" VPOS="646" HPOS="1193"/>
                  <String HEIGHT="80"
                          WIDTH="197"
                          VPOS="646"
                          HPOS="1134"
                          CONTENT="Félix,"/>
                  <SP HEIGHT="80" WIDTH="20" VPOS="646" HPOS="1330"/>
                  <String HEIGHT="80"
                          WIDTH="255"
                          VPOS="646"
                          HPOS="1272"
                          CONTENT="président"/>
                  <SP HEIGHT="80" WIDTH="20" VPOS="646" HPOS="1527"/>
                  <String HEIGHT="80" WIDTH="79" VPOS="646" HPOS="1448" CONTENT="de"/>
               </TextLine>
               <TextLine ID="tl_14"
                         BASELINE="773"
                         HEIGHT="61"
                         WIDTH="1366"
                         VPOS="712"
                         HPOS="162">
                  <String HEIGHT="61" WIDTH="124" VPOS="712" HPOS="141" CONTENT="la"/>
                  <SP HEIGHT="61" WIDTH="21" VPOS="712" HPOS="265"/>
                  <String HEIGHT="61"
                          WIDTH="290"
                          VPOS="712"
                          HPOS="203"
                          CONTENT="commission"/>
                  <SP HEIGHT="61" WIDTH="21" VPOS="712" HPOS="493"/>
                  <String HEIGHT="61"
                          WIDTH="290"
                          VPOS="712"
                          HPOS="431"
                          CONTENT="militaire,"/>
                  <SP HEIGHT="61" WIDTH="21" VPOS="712" HPOS="721"/>
                  <String HEIGHT="61" WIDTH="145" VPOS="712" HPOS="659" CONTENT="aux"/>
                  <SP HEIGHT="61" WIDTH="21" VPOS="712" HPOS="804"/>
                  <String HEIGHT="61"
                          WIDTH="352"
                          VPOS="712"
                          HPOS="742"
                          CONTENT="républicains,"/>
                  <SP HEIGHT="61" WIDTH="21" VPOS="712" HPOS="1093"/>
                  <String HEIGHT="61"
                          WIDTH="145"
                          VPOS="712"
                          HPOS="1031"
                          CONTENT="ses"/>
                  <SP HEIGHT="61" WIDTH="21" VPOS="712" HPOS="1176"/>
                  <String HEIGHT="61"
                          WIDTH="290"
                          VPOS="712"
                          HPOS="1114"
                          CONTENT="collègues."/>
                  <SP HEIGHT="61" WIDTH="21" VPOS="712" HPOS="1404"/>
                  <String HEIGHT="61"
                          WIDTH="207"
                          VPOS="712"
                          HPOS="1321"
                          CONTENT="Quartier"/>
               </TextLine>
               <TextLine ID="tl_15"
                         BASELINE="845"
                         HEIGHT="75"
                         WIDTH="1366"
                         VPOS="770"
                         HPOS="162">
                  <String HEIGHT="75"
                          WIDTH="231"
                          VPOS="770"
                          HPOS="141"
                          CONTENT="général"/>
                  <SP HEIGHT="75" WIDTH="21" VPOS="770" HPOS="372"/>
                  <String HEIGHT="75" WIDTH="126" VPOS="770" HPOS="309" CONTENT="de"/>
                  <SP HEIGHT="75" WIDTH="21" VPOS="770" HPOS="435"/>
                  <String HEIGHT="75"
                          WIDTH="231"
                          VPOS="770"
                          HPOS="372"
                          CONTENT="Saumur,"/>
                  <SP HEIGHT="75" WIDTH="21" VPOS="770" HPOS="603"/>
                  <String HEIGHT="75" WIDTH="126" VPOS="770" HPOS="540" CONTENT="le"/>
                  <SP HEIGHT="75" WIDTH="21" VPOS="770" HPOS="666"/>
                  <String HEIGHT="75" WIDTH="126" VPOS="770" HPOS="603" CONTENT="22"/>
                  <SP HEIGHT="75" WIDTH="21" VPOS="770" HPOS="729"/>
                  <String HEIGHT="75"
                          WIDTH="315"
                          VPOS="770"
                          HPOS="666"
                          CONTENT="vendémiaire"/>
                  <SP HEIGHT="75" WIDTH="21" VPOS="770" HPOS="982"/>
                  <String HEIGHT="75" WIDTH="126" VPOS="770" HPOS="919" CONTENT="an"/>
                  <SP HEIGHT="75" WIDTH="21" VPOS="770" HPOS="1045"/>
                  <String HEIGHT="75" WIDTH="147" VPOS="770" HPOS="982" CONTENT="II."/>
                  <SP HEIGHT="75" WIDTH="21" VPOS="770" HPOS="1129"/>
                  <String HEIGHT="75" WIDTH="105" VPOS="770" HPOS="1066" CONTENT="2"/>
                  <SP HEIGHT="75" WIDTH="21" VPOS="770" HPOS="1171"/>
                  <String HEIGHT="75"
                          WIDTH="147"
                          VPOS="770"
                          HPOS="1108"
                          CONTENT="gr."/>
                  <SP HEIGHT="75" WIDTH="21" VPOS="770" HPOS="1255"/>
                  <String HEIGHT="75" WIDTH="126" VPOS="770" HPOS="1192" CONTENT="p."/>
                  <SP HEIGHT="75" WIDTH="21" VPOS="770" HPOS="1318"/>
                  <String HEIGHT="75"
                          WIDTH="231"
                          VPOS="770"
                          HPOS="1255"
                          CONTENT="in-fol."/>
                  <SP HEIGHT="75" WIDTH="21" VPOS="770" HPOS="1486"/>
                  <String HEIGHT="75" WIDTH="126" VPOS="770" HPOS="1423" CONTENT="10"/>
                  <SP HEIGHT="75" WIDTH="21" VPOS="770" HPOS="1549"/>
                  <String HEIGHT="75" WIDTH="63" VPOS="770" HPOS="1465" CONTENT="»"/>
               </TextLine>
            </TextBlock>
            <TextBlock ID="r_2_3" HEIGHT="522" WIDTH="1354" VPOS="817" HPOS="171">
               <Shape>
                  <Polygon POINTS="171,817 1525,817 1525,1339 171,1339"/>
               </Shape>
               <TextLine ID="tl_16"
                         BASELINE="865"
                         HEIGHT="56"
                         WIDTH="1316"
                         VPOS="809"
                         HPOS="211">
                  <String HEIGHT="56"
                          WIDTH="173"
                          VPOS="809"
                          HPOS="189"
                          CONTENT="Hier"/>
                  <SP HEIGHT="56" WIDTH="22" VPOS="809" HPOS="362"/>
                  <String HEIGHT="56"
                          WIDTH="194"
                          VPOS="809"
                          HPOS="297"
                          CONTENT="matin"/>
                  <SP HEIGHT="56" WIDTH="22" VPOS="809" HPOS="491"/>
                  <String HEIGHT="56"
                          WIDTH="194"
                          VPOS="809"
                          HPOS="427"
                          CONTENT="touts"/>
                  <SP HEIGHT="56" WIDTH="22" VPOS="809" HPOS="621"/>
                  <String HEIGHT="56" WIDTH="151" VPOS="809" HPOS="556" CONTENT="les"/>
                  <SP HEIGHT="56" WIDTH="22" VPOS="809" HPOS="707"/>
                  <String HEIGHT="56"
                          WIDTH="237"
                          VPOS="809"
                          HPOS="642"
                          CONTENT="esprits"/>
                  <SP HEIGHT="56" WIDTH="22" VPOS="809" HPOS="880"/>
                  <String HEIGHT="56"
                          WIDTH="237"
                          VPOS="809"
                          HPOS="815"
                          CONTENT="étaient"/>
                  <SP HEIGHT="56" WIDTH="22" VPOS="809" HPOS="1052"/>
                  <String HEIGHT="56"
                          WIDTH="302"
                          VPOS="809"
                          HPOS="988"
                          CONTENT="consternés"/>
                  <SP HEIGHT="56" WIDTH="22" VPOS="809" HPOS="1290"/>
                  <String HEIGHT="56" WIDTH="129" VPOS="809" HPOS="1225" CONTENT="de"/>
                  <SP HEIGHT="56" WIDTH="22" VPOS="809" HPOS="1354"/>
                  <String HEIGHT="56" WIDTH="129" VPOS="809" HPOS="1290" CONTENT="la"/>
                  <SP HEIGHT="56" WIDTH="22" VPOS="809" HPOS="1419"/>
                  <String HEIGHT="56"
                          WIDTH="194"
                          VPOS="809"
                          HPOS="1333"
                          CONTENT="déroute"/>
               </TextLine>
               <TextLine ID="tl_17"
                         BASELINE="911"
                         HEIGHT="57"
                         WIDTH="1365"
                         VPOS="854"
                         HPOS="163">
                  <String HEIGHT="57" WIDTH="120" VPOS="854" HPOS="143" CONTENT="de"/>
                  <SP HEIGHT="57" WIDTH="20" VPOS="854" HPOS="263"/>
                  <String HEIGHT="57"
                          WIDTH="181"
                          VPOS="854"
                          HPOS="203"
                          CONTENT="l’une"/>
                  <SP HEIGHT="57" WIDTH="20" VPOS="854" HPOS="384"/>
                  <String HEIGHT="57" WIDTH="141" VPOS="854" HPOS="324" CONTENT="des"/>
                  <SP HEIGHT="57" WIDTH="20" VPOS="854" HPOS="464"/>
                  <String HEIGHT="57"
                          WIDTH="241"
                          VPOS="854"
                          HPOS="404"
                          CONTENT="colonnes"/>
                  <SP HEIGHT="57" WIDTH="20" VPOS="854" HPOS="645"/>
                  <String HEIGHT="57" WIDTH="120" VPOS="854" HPOS="585" CONTENT="de"/>
                  <SP HEIGHT="57" WIDTH="20" VPOS="854" HPOS="705"/>
                  <String HEIGHT="57"
                          WIDTH="221"
                          VPOS="854"
                          HPOS="645"
                          CONTENT="l’armée"/>
                  <SP HEIGHT="57" WIDTH="20" VPOS="854" HPOS="866"/>
                  <String HEIGHT="57" WIDTH="100" VPOS="854" HPOS="805" CONTENT="à"/>
                  <SP HEIGHT="57" WIDTH="20" VPOS="854" HPOS="906"/>
                  <String HEIGHT="57"
                          WIDTH="281"
                          VPOS="854"
                          HPOS="846"
                          CONTENT="Châtillon,"/>
                  <SP HEIGHT="57" WIDTH="20" VPOS="854" HPOS="1127"/>
                  <String HEIGHT="57" WIDTH="120" VPOS="854" HPOS="1066" CONTENT="et"/>
                  <SP HEIGHT="57" WIDTH="20" VPOS="854" HPOS="1187"/>
                  <String HEIGHT="57" WIDTH="120" VPOS="854" HPOS="1127" CONTENT="de"/>
                  <SP HEIGHT="57" WIDTH="20" VPOS="854" HPOS="1247"/>
                  <String HEIGHT="57" WIDTH="120" VPOS="854" HPOS="1187" CONTENT="la"/>
                  <SP HEIGHT="57" WIDTH="20" VPOS="854" HPOS="1307"/>
                  <String HEIGHT="57"
                          WIDTH="181"
                          VPOS="854"
                          HPOS="1247"
                          CONTENT="prise"/>
                  <SP HEIGHT="57" WIDTH="20" VPOS="854" HPOS="1428"/>
                  <String HEIGHT="57"
                          WIDTH="141"
                          VPOS="854"
                          HPOS="1367"
                          CONTENT="par"/>
                  <SP HEIGHT="57" WIDTH="20" VPOS="854" HPOS="1508"/>
                  <String HEIGHT="57"
                          WIDTH="100"
                          VPOS="854"
                          HPOS="1428"
                          CONTENT="les"/>
               </TextLine>
               <TextLine ID="tl_18"
                         BASELINE="961"
                         HEIGHT="59"
                         WIDTH="1366"
                         VPOS="902"
                         HPOS="163">
                  <String HEIGHT="59"
                          WIDTH="252"
                          VPOS="902"
                          HPOS="142"
                          CONTENT="brigands"/>
                  <SP HEIGHT="59" WIDTH="21" VPOS="902" HPOS="394"/>
                  <String HEIGHT="59" WIDTH="126" VPOS="902" HPOS="331" CONTENT="de"/>
                  <SP HEIGHT="59" WIDTH="21" VPOS="902" HPOS="457"/>
                  <String HEIGHT="59"
                          WIDTH="273"
                          VPOS="902"
                          HPOS="394"
                          CONTENT="plusieurs"/>
                  <SP HEIGHT="59" WIDTH="21" VPOS="902" HPOS="667"/>
                  <String HEIGHT="59"
                          WIDTH="210"
                          VPOS="902"
                          HPOS="604"
                          CONTENT="pièces"/>
                  <SP HEIGHT="59" WIDTH="21" VPOS="902" HPOS="814"/>
                  <String HEIGHT="59" WIDTH="126" VPOS="902" HPOS="751" CONTENT="de"/>
                  <SP HEIGHT="59" WIDTH="21" VPOS="902" HPOS="878"/>
                  <String HEIGHT="59"
                          WIDTH="210"
                          VPOS="902"
                          HPOS="814"
                          CONTENT="canon,"/>
                  <SP HEIGHT="59" WIDTH="21" VPOS="902" HPOS="1025"/>
                  <String HEIGHT="59" WIDTH="126" VPOS="902" HPOS="962" CONTENT="et"/>
                  <SP HEIGHT="59" WIDTH="21" VPOS="902" HPOS="1088"/>
                  <String HEIGHT="59"
                          WIDTH="189"
                          VPOS="902"
                          HPOS="1025"
                          CONTENT="d'une"/>
                  <SP HEIGHT="59" WIDTH="21" VPOS="902" HPOS="1214"/>
                  <String HEIGHT="59"
                          WIDTH="315"
                          VPOS="902"
                          HPOS="1151"
                          CONTENT="très-grande"/>
                  <SP HEIGHT="59" WIDTH="21" VPOS="902" HPOS="1466"/>
                  <String HEIGHT="59"
                          WIDTH="147"
                          VPOS="902"
                          HPOS="1382"
                          CONTENT="quan"
                          SUBS_TYPE="HypPart1"
                          SUBS_CONTENT="quantité"/>
                  <HYP CONTENT="-"/>
               </TextLine>
               <TextLine ID="tl_19"
                         BASELINE="1015"
                         HEIGHT="59"
                         WIDTH="1364"
                         VPOS="956"
                         HPOS="167">
                  <String HEIGHT="59"
                          WIDTH="173"
                          VPOS="956"
                          HPOS="145"
                          CONTENT="tité"
                          SUBS_TYPE="HypPart2"
                          SUBS_CONTENT="quantité"/>
                  <SP HEIGHT="59" WIDTH="22" VPOS="956" HPOS="319"/>
                  <String HEIGHT="59" WIDTH="130" VPOS="956" HPOS="254" CONTENT="de"/>
                  <SP HEIGHT="59" WIDTH="22" VPOS="956" HPOS="384"/>
                  <String HEIGHT="59"
                          WIDTH="260"
                          VPOS="956"
                          HPOS="319"
                          CONTENT="chariots"/>
                  <SP HEIGHT="59" WIDTH="22" VPOS="956" HPOS="578"/>
                  <String HEIGHT="59"
                          WIDTH="238"
                          VPOS="956"
                          HPOS="513"
                          CONTENT="chargés"/>
                  <SP HEIGHT="59" WIDTH="22" VPOS="956" HPOS="752"/>
                  <String HEIGHT="59" WIDTH="130" VPOS="956" HPOS="687" CONTENT="de"/>
                  <SP HEIGHT="59" WIDTH="22" VPOS="956" HPOS="817"/>
                  <String HEIGHT="59"
                          WIDTH="217"
                          VPOS="956"
                          HPOS="752"
                          CONTENT="vivres"/>
                  <SP HEIGHT="59" WIDTH="22" VPOS="956" HPOS="968"/>
                  <String HEIGHT="59" WIDTH="130" VPOS="956" HPOS="903" CONTENT="et"/>
                  <SP HEIGHT="59" WIDTH="22" VPOS="956" HPOS="1033"/>
                  <String HEIGHT="59" WIDTH="130" VPOS="956" HPOS="968" CONTENT="de"/>
                  <SP HEIGHT="59" WIDTH="22" VPOS="956" HPOS="1098"/>
                  <String HEIGHT="59"
                          WIDTH="368"
                          VPOS="956"
                          HPOS="1033"
                          CONTENT="munitions...."/>
                  <SP HEIGHT="59" WIDTH="22" VPOS="956" HPOS="1401"/>
                  <String HEIGHT="59" WIDTH="130" VPOS="956" HPOS="1336" CONTENT="Il"/>
                  <SP HEIGHT="59" WIDTH="22" VPOS="956" HPOS="1466"/>
                  <String HEIGHT="59"
                          WIDTH="152"
                          VPOS="956"
                          HPOS="1379"
                          CONTENT="vient"/>
               </TextLine>
               <TextLine ID="tl_20"
                         BASELINE="1063"
                         HEIGHT="61"
                         WIDTH="1365"
                         VPOS="1002"
                         HPOS="164">
                  <String HEIGHT="61" WIDTH="126" VPOS="1002" HPOS="143" CONTENT="de"/>
                  <SP HEIGHT="61" WIDTH="21" VPOS="1002" HPOS="269"/>
                  <String HEIGHT="61"
                          WIDTH="252"
                          VPOS="1002"
                          HPOS="206"
                          CONTENT="recevoir"/>
                  <SP HEIGHT="61" WIDTH="21" VPOS="1002" HPOS="458"/>
                  <String HEIGHT="61" WIDTH="126" VPOS="1002" HPOS="395" CONTENT="la"/>
                  <SP HEIGHT="61" WIDTH="21" VPOS="1002" HPOS="521"/>
                  <String HEIGHT="61"
                          WIDTH="252"
                          VPOS="1002"
                          HPOS="458"
                          CONTENT="nouvelle"/>
                  <SP HEIGHT="61" WIDTH="21" VPOS="1002" HPOS="710"/>
                  <String HEIGHT="61"
                          WIDTH="147"
                          VPOS="1002"
                          HPOS="647"
                          CONTENT="que"/>
                  <SP HEIGHT="61" WIDTH="21" VPOS="1002" HPOS="794"/>
                  <String HEIGHT="61" WIDTH="126" VPOS="1002" HPOS="731" CONTENT="la"/>
                  <SP HEIGHT="61" WIDTH="21" VPOS="1002" HPOS="857"/>
                  <String HEIGHT="61"
                          WIDTH="252"
                          VPOS="1002"
                          HPOS="794"
                          CONTENT="bravoure"/>
                  <SP HEIGHT="61" WIDTH="21" VPOS="1002" HPOS="1046"/>
                  <String HEIGHT="61" WIDTH="126" VPOS="1002" HPOS="983" CONTENT="et"/>
                  <SP HEIGHT="61" WIDTH="21" VPOS="1002" HPOS="1109"/>
                  <String HEIGHT="61"
                          WIDTH="357"
                          VPOS="1002"
                          HPOS="1046"
                          CONTENT="l’intrépidité"/>
                  <SP HEIGHT="61" WIDTH="21" VPOS="1002" HPOS="1403"/>
                  <String HEIGHT="61"
                          WIDTH="147"
                          VPOS="1002"
                          HPOS="1340"
                          CONTENT="des"/>
                  <SP HEIGHT="61" WIDTH="21" VPOS="1002" HPOS="1487"/>
                  <String HEIGHT="61"
                          WIDTH="126"
                          VPOS="1002"
                          HPOS="1403"
                          CONTENT="deux"/>
               </TextLine>
               <TextLine ID="tl_21"
                         BASELINE="1108"
                         HEIGHT="57"
                         WIDTH="1366"
                         VPOS="1051"
                         HPOS="167">
                  <String HEIGHT="57"
                          WIDTH="248"
                          VPOS="1051"
                          HPOS="146"
                          CONTENT="colonnes"/>
                  <SP HEIGHT="57" WIDTH="21" VPOS="1051" HPOS="395"/>
                  <String HEIGHT="57"
                          WIDTH="352"
                          VPOS="1051"
                          HPOS="333"
                          CONTENT="républicaines"/>
                  <SP HEIGHT="57" WIDTH="21" VPOS="1051" HPOS="684"/>
                  <String HEIGHT="57" WIDTH="103" VPOS="1051" HPOS="622" CONTENT="à"/>
                  <SP HEIGHT="57" WIDTH="21" VPOS="1051" HPOS="726"/>
                  <String HEIGHT="57"
                          WIDTH="269"
                          VPOS="1051"
                          HPOS="664"
                          CONTENT="Châtillon"/>
                  <SP HEIGHT="57" WIDTH="21" VPOS="1051" HPOS="933"/>
                  <String HEIGHT="57"
                          WIDTH="145"
                          VPOS="1051"
                          HPOS="871"
                          CONTENT="ont"/>
                  <SP HEIGHT="57" WIDTH="21" VPOS="1051" HPOS="1016"/>
                  <String HEIGHT="57"
                          WIDTH="207"
                          VPOS="1051"
                          HPOS="953"
                          CONTENT="repris"/>
                  <SP HEIGHT="57" WIDTH="21" VPOS="1051" HPOS="1160"/>
                  <String HEIGHT="57"
                          WIDTH="166"
                          VPOS="1051"
                          HPOS="1098"
                          CONTENT="tout"/>
                  <SP HEIGHT="57" WIDTH="21" VPOS="1051" HPOS="1264"/>
                  <String HEIGHT="57"
                          WIDTH="124"
                          VPOS="1051"
                          HPOS="1202"
                          CONTENT="ce"/>
                  <SP HEIGHT="57" WIDTH="21" VPOS="1051" HPOS="1326"/>
                  <String HEIGHT="57"
                          WIDTH="145"
                          VPOS="1051"
                          HPOS="1264"
                          CONTENT="que"/>
                  <SP HEIGHT="57" WIDTH="21" VPOS="1051" HPOS="1409"/>
                  <String HEIGHT="57"
                          WIDTH="145"
                          VPOS="1051"
                          HPOS="1347"
                          CONTENT="les"/>
                  <SP HEIGHT="57" WIDTH="21" VPOS="1051" HPOS="1492"/>
                  <String HEIGHT="57"
                          WIDTH="124"
                          VPOS="1051"
                          HPOS="1409"
                          CONTENT="bri"
                          SUBS_TYPE="HypPart1"
                          SUBS_CONTENT="brigands"/>
                  <HYP CONTENT="-"/>
               </TextLine>
               <TextLine ID="tl_22"
                         BASELINE="1166"
                         HEIGHT="68"
                         WIDTH="1366"
                         VPOS="1098"
                         HPOS="167">
                  <String HEIGHT="68"
                          WIDTH="186"
                          VPOS="1098"
                          HPOS="146"
                          CONTENT="gands"
                          SUBS_TYPE="HypPart2"
                          SUBS_CONTENT="brigands"/>
                  <SP HEIGHT="68" WIDTH="21" VPOS="1098" HPOS="333"/>
                  <String HEIGHT="68"
                          WIDTH="228"
                          VPOS="1098"
                          HPOS="270"
                          CONTENT="avaient"/>
                  <SP HEIGHT="68" WIDTH="21" VPOS="1098" HPOS="498"/>
                  <String HEIGHT="68"
                          WIDTH="207"
                          VPOS="1098"
                          HPOS="436"
                          CONTENT="enlevé"/>
                  <SP HEIGHT="68" WIDTH="21" VPOS="1098" HPOS="643"/>
                  <String HEIGHT="68" WIDTH="103" VPOS="1098" HPOS="581" CONTENT="à"/>
                  <SP HEIGHT="68" WIDTH="21" VPOS="1098" HPOS="684"/>
                  <String HEIGHT="68" WIDTH="124" VPOS="1098" HPOS="622" CONTENT="la"/>
                  <SP HEIGHT="68" WIDTH="21" VPOS="1098" HPOS="747"/>
                  <String HEIGHT="68"
                          WIDTH="269"
                          VPOS="1098"
                          HPOS="684"
                          CONTENT="première,"/>
                  <SP HEIGHT="68" WIDTH="21" VPOS="1098" HPOS="953"/>
                  <String HEIGHT="68" WIDTH="124" VPOS="1098" HPOS="891" CONTENT="il"/>
                  <SP HEIGHT="68" WIDTH="21" VPOS="1098" HPOS="1016"/>
                  <String HEIGHT="68"
                          WIDTH="186"
                          VPOS="1098"
                          HPOS="953"
                          CONTENT="s’est"/>
                  <SP HEIGHT="68" WIDTH="21" VPOS="1098" HPOS="1140"/>
                  <String HEIGHT="68"
                          WIDTH="166"
                          VPOS="1098"
                          HPOS="1078"
                          CONTENT="fait"/>
                  <SP HEIGHT="68" WIDTH="21" VPOS="1098" HPOS="1243"/>
                  <String HEIGHT="68"
                          WIDTH="124"
                          VPOS="1098"
                          HPOS="1181"
                          CONTENT="un"/>
                  <SP HEIGHT="68" WIDTH="21" VPOS="1098" HPOS="1305"/>
                  <String HEIGHT="68"
                          WIDTH="228"
                          VPOS="1098"
                          HPOS="1243"
                          CONTENT="carnage"/>
                  <SP HEIGHT="68" WIDTH="21" VPOS="1098" HPOS="1471"/>
                  <String HEIGHT="68"
                          WIDTH="145"
                          VPOS="1098"
                          HPOS="1388"
                          CONTENT="épou"
                          SUBS_TYPE="HypPart1"
                          SUBS_CONTENT="épouvantable,"/>
                  <HYP CONTENT="-"/>
               </TextLine>
               <TextLine ID="tl_23"
                         BASELINE="1203"
                         HEIGHT="43"
                         WIDTH="1366"
                         VPOS="1160"
                         HPOS="166">
                  <String HEIGHT="43"
                          WIDTH="286"
                          VPOS="1160"
                          HPOS="144"
                          CONTENT="vantable,"
                          SUBS_TYPE="HypPart2"
                          SUBS_CONTENT="épouvantable,"/>
                  <SP HEIGHT="43" WIDTH="22" VPOS="1160" HPOS="430"/>
                  <String HEIGHT="43" WIDTH="132" VPOS="1160" HPOS="364" CONTENT="et"/>
                  <SP HEIGHT="43" WIDTH="22" VPOS="1160" HPOS="496"/>
                  <String HEIGHT="43"
                          WIDTH="176"
                          VPOS="1160"
                          HPOS="430"
                          CONTENT="leur"/>
                  <SP HEIGHT="43" WIDTH="22" VPOS="1160" HPOS="607"/>
                  <String HEIGHT="43"
                          WIDTH="198"
                          VPOS="1160"
                          HPOS="541"
                          CONTENT="armée"/>
                  <SP HEIGHT="43" WIDTH="22" VPOS="1160" HPOS="739"/>
                  <String HEIGHT="43"
                          WIDTH="154"
                          VPOS="1160"
                          HPOS="673"
                          CONTENT="est"/>
                  <SP HEIGHT="43" WIDTH="22" VPOS="1160" HPOS="827"/>
                  <String HEIGHT="43"
                          WIDTH="308"
                          VPOS="1160"
                          HPOS="761"
                          CONTENT="totalement"/>
                  <SP HEIGHT="43" WIDTH="22" VPOS="1160" HPOS="1069"/>
                  <String HEIGHT="43"
                          WIDTH="132"
                          VPOS="1160"
                          HPOS="1003"
                          CONTENT="en"/>
                  <SP HEIGHT="43" WIDTH="22" VPOS="1160" HPOS="1135"/>
                  <String HEIGHT="43"
                          WIDTH="308"
                          VPOS="1160"
                          HPOS="1069"
                          CONTENT="déroute..."/>
                  <SP HEIGHT="43" WIDTH="22" VPOS="1160" HPOS="1378"/>
                  <String HEIGHT="43"
                          WIDTH="154"
                          VPOS="1160"
                          HPOS="1312"
                          CONTENT="«Le"/>
                  <SP HEIGHT="43" WIDTH="22" VPOS="1160" HPOS="1466"/>
                  <String HEIGHT="43"
                          WIDTH="154"
                          VPOS="1160"
                          HPOS="1378"
                          CONTENT="cour"
                          SUBS_TYPE="HypPart1"
                          SUBS_CONTENT="cour«rier"/>
                  <HYP CONTENT="-"/>
               </TextLine>
               <TextLine ID="tl_24"
                         BASELINE="1257"
                         HEIGHT="51"
                         WIDTH="1365"
                         VPOS="1206"
                         HPOS="167">
                  <String HEIGHT="51"
                          WIDTH="192"
                          VPOS="1206"
                          HPOS="146"
                          CONTENT="«rier"
                          SUBS_TYPE="HypPart2"
                          SUBS_CONTENT="cour«rier"/>
                  <SP HEIGHT="51" WIDTH="21" VPOS="1206" HPOS="338"/>
                  <String HEIGHT="51" WIDTH="107" VPOS="1206" HPOS="274" CONTENT="a"/>
                  <SP HEIGHT="51" WIDTH="21" VPOS="1206" HPOS="380"/>
                  <String HEIGHT="51"
                          WIDTH="213"
                          VPOS="1206"
                          HPOS="316"
                          CONTENT="ajouté"/>
                  <SP HEIGHT="51" WIDTH="21" VPOS="1206" HPOS="530"/>
                  <String HEIGHT="51"
                          WIDTH="192"
                          VPOS="1206"
                          HPOS="466"
                          CONTENT="qu’il"/>
                  <SP HEIGHT="51" WIDTH="21" VPOS="1206" HPOS="658"/>
                  <String HEIGHT="51" WIDTH="107" VPOS="1206" HPOS="594" CONTENT="y"/>
                  <SP HEIGHT="51" WIDTH="21" VPOS="1206" HPOS="700"/>
                  <String HEIGHT="51"
                          WIDTH="192"
                          VPOS="1206"
                          HPOS="636"
                          CONTENT="avait"/>
                  <SP HEIGHT="51" WIDTH="21" VPOS="1206" HPOS="828"/>
                  <String HEIGHT="51" WIDTH="128" VPOS="1206" HPOS="764" CONTENT="eu"/>
                  <SP HEIGHT="51" WIDTH="21" VPOS="1206" HPOS="892"/>
                  <String HEIGHT="51"
                          WIDTH="171"
                          VPOS="1206"
                          HPOS="828"
                          CONTENT="dans"/>
                  <SP HEIGHT="51" WIDTH="21" VPOS="1206" HPOS="999"/>
                  <String HEIGHT="51"
                          WIDTH="192"
                          VPOS="1206"
                          HPOS="935"
                          CONTENT="cette"/>
                  <SP HEIGHT="51" WIDTH="21" VPOS="1206" HPOS="1127"/>
                  <String HEIGHT="51"
                          WIDTH="235"
                          VPOS="1206"
                          HPOS="1063"
                          CONTENT="affaire"/>
                  <SP HEIGHT="51" WIDTH="21" VPOS="1206" HPOS="1297"/>
                  <String HEIGHT="51"
                          WIDTH="128"
                          VPOS="1206"
                          HPOS="1233"
                          CONTENT="10"/>
                  <SP HEIGHT="51" WIDTH="21" VPOS="1206" HPOS="1361"/>
                  <String HEIGHT="51" WIDTH="107" VPOS="1206" HPOS="1297" CONTENT="à"/>
                  <SP HEIGHT="51" WIDTH="21" VPOS="1206" HPOS="1404"/>
                  <String HEIGHT="51"
                          WIDTH="128"
                          VPOS="1206"
                          HPOS="1340"
                          CONTENT="12"/>
                  <SP HEIGHT="51" WIDTH="21" VPOS="1206" HPOS="1468"/>
                  <String HEIGHT="51"
                          WIDTH="149"
                          VPOS="1206"
                          HPOS="1383"
                          CONTENT="mille"/>
               </TextLine>
               <TextLine ID="tl_25"
                         BASELINE="1331"
                         HEIGHT="89"
                         WIDTH="1363"
                         VPOS="1242"
                         HPOS="168">
                  <String HEIGHT="89"
                          WIDTH="286"
                          VPOS="1242"
                          HPOS="146"
                          CONTENT="«brigands"/>
                  <SP HEIGHT="89" WIDTH="22" VPOS="1242" HPOS="432"/>
                  <String HEIGHT="89"
                          WIDTH="154"
                          VPOS="1242"
                          HPOS="366"
                          CONTENT="sur"/>
                  <SP HEIGHT="89" WIDTH="22" VPOS="1242" HPOS="520"/>
                  <String HEIGHT="89" WIDTH="132" VPOS="1242" HPOS="454" CONTENT="le"/>
                  <SP HEIGHT="89" WIDTH="22" VPOS="1242" HPOS="586"/>
                  <String HEIGHT="89"
                          WIDTH="264"
                          VPOS="1242"
                          HPOS="520"
                          CONTENT="carreau,"/>
                  <SP HEIGHT="89" WIDTH="22" VPOS="1242" HPOS="784"/>
                  <String HEIGHT="89" WIDTH="132" VPOS="1242" HPOS="718" CONTENT="et"/>
                  <SP HEIGHT="89" WIDTH="22" VPOS="1242" HPOS="850"/>
                  <String HEIGHT="89"
                          WIDTH="154"
                          VPOS="1242"
                          HPOS="784"
                          CONTENT="que"/>
                  <SP HEIGHT="89" WIDTH="22" VPOS="1242" HPOS="937"/>
                  <String HEIGHT="89"
                          WIDTH="176"
                          VPOS="1242"
                          HPOS="871"
                          CONTENT="nous"/>
                  <SP HEIGHT="89" WIDTH="22" VPOS="1242" HPOS="1047"/>
                  <String HEIGHT="89"
                          WIDTH="264"
                          VPOS="1242"
                          HPOS="981"
                          CONTENT="pouvions"/>
                  <SP HEIGHT="89" WIDTH="22" VPOS="1242" HPOS="1245"/>
                  <String HEIGHT="89"
                          WIDTH="198"
                          VPOS="1242"
                          HPOS="1179"
                          CONTENT="avoir"/>
                  <SP HEIGHT="89" WIDTH="22" VPOS="1242" HPOS="1377"/>
                  <String HEIGHT="89"
                          WIDTH="198"
                          VPOS="1242"
                          HPOS="1311"
                          CONTENT="perdu"/>
                  <SP HEIGHT="89" WIDTH="22" VPOS="1242" HPOS="1509"/>
                  <String HEIGHT="89" WIDTH="110" VPOS="1242" HPOS="1443" CONTENT="2"/>
                  <SP HEIGHT="89" WIDTH="22" VPOS="1242" HPOS="1553"/>
                  <String HEIGHT="89" WIDTH="66" VPOS="1242" HPOS="1465" CONTENT="à"/>
               </TextLine>
               <TextLine ID="tl_26"
                         BASELINE="1346"
                         HEIGHT="50"
                         WIDTH="526"
                         VPOS="1296"
                         HPOS="170">
                  <String HEIGHT="50" WIDTH="150" VPOS="1296" HPOS="145" CONTENT="«3"/>
                  <SP HEIGHT="50" WIDTH="25" VPOS="1296" HPOS="295"/>
                  <String HEIGHT="50"
                          WIDTH="225"
                          VPOS="1296"
                          HPOS="220"
                          CONTENT="mille"/>
                  <SP HEIGHT="50" WIDTH="25" VPOS="1296" HPOS="446"/>
                  <String HEIGHT="50"
                          WIDTH="351"
                          VPOS="1296"
                          HPOS="370"
                          CONTENT="hommes...."/>
                  <SP HEIGHT="50" WIDTH="25" VPOS="1296" HPOS="721"/>
                  <String HEIGHT="50" WIDTH="75" VPOS="1296" HPOS="621" CONTENT="»"/>
               </TextLine>
            </TextBlock>
            <TextBlock ID="r_2_4" HEIGHT="49" WIDTH="1064" VPOS="1347" HPOS="129">
               <Shape>
                  <Polygon POINTS="129,1347 1193,1347 1193,1396 129,1396"/>
               </Shape>
               <TextLine ID="tl_27"
                         BASELINE="1406"
                         HEIGHT="75"
                         WIDTH="1079"
                         VPOS="1331"
                         HPOS="122">
                  <String HEIGHT="75"
                          WIDTH="163"
                          VPOS="1331"
                          HPOS="102"
                          CONTENT="2460"/>
                  <SP HEIGHT="75" WIDTH="20" VPOS="1331" HPOS="265"/>
                  <String HEIGHT="75"
                          WIDTH="346"
                          VPOS="1331"
                          HPOS="203"
                          CONTENT="&lt;b&gt;Vendée&lt;/b&gt;"/>
                  <SP HEIGHT="75" WIDTH="20" VPOS="1331" HPOS="550"/>
                  <String HEIGHT="75"
                          WIDTH="346"
                          VPOS="1331"
                          HPOS="488"
                          CONTENT="(Insurrection"/>
                  <SP HEIGHT="75" WIDTH="20" VPOS="1331" HPOS="835"/>
                  <String HEIGHT="75" WIDTH="122" VPOS="1331" HPOS="773" CONTENT="de"/>
                  <SP HEIGHT="75" WIDTH="20" VPOS="1331" HPOS="896"/>
                  <String HEIGHT="75"
                          WIDTH="143"
                          VPOS="1331"
                          HPOS="835"
                          CONTENT="la)"/>
                  <SP HEIGHT="75" WIDTH="20" VPOS="1331" HPOS="977"/>
                  <String HEIGHT="75" WIDTH="122" VPOS="1331" HPOS="916" CONTENT="en"/>
                  <SP HEIGHT="75" WIDTH="20" VPOS="1331" HPOS="1038"/>
                  <String HEIGHT="75"
                          WIDTH="244"
                          VPOS="1331"
                          HPOS="957"
                          CONTENT="1830"/>
               </TextLine>
            </TextBlock>
            <TextBlock ID="r_2_5" HEIGHT="241" WIDTH="1351" VPOS="1395" HPOS="178">
               <Shape>
                  <Polygon POINTS="178,1395 1529,1395 1529,1636 178,1636"/>
               </Shape>
               <TextLine ID="tl_28"
                         BASELINE="1452"
                         HEIGHT="70"
                         WIDTH="1317"
                         VPOS="1382"
                         HPOS="217">
                  <String HEIGHT="70"
                          WIDTH="423"
                          VPOS="1382"
                          HPOS="193"
                          CONTENT="Correspondance"/>
                  <SP HEIGHT="70" WIDTH="24" VPOS="1382" HPOS="617"/>
                  <String HEIGHT="70"
                          WIDTH="165"
                          VPOS="1382"
                          HPOS="546"
                          CONTENT="des"/>
                  <SP HEIGHT="70" WIDTH="24" VPOS="1382" HPOS="711"/>
                  <String HEIGHT="70"
                          WIDTH="282"
                          VPOS="1382"
                          HPOS="640"
                          CONTENT="généraux"/>
                  <SP HEIGHT="70" WIDTH="24" VPOS="1382" HPOS="923"/>
                  <String HEIGHT="70"
                          WIDTH="329"
                          VPOS="1382"
                          HPOS="852"
                          CONTENT="commandant"/>
                  <SP HEIGHT="70" WIDTH="24" VPOS="1382" HPOS="1181"/>
                  <String HEIGHT="70"
                          WIDTH="188"
                          VPOS="1382"
                          HPOS="1111"
                          CONTENT="dans"/>
                  <SP HEIGHT="70" WIDTH="24" VPOS="1382" HPOS="1299"/>
                  <String HEIGHT="70"
                          WIDTH="165"
                          VPOS="1382"
                          HPOS="1228"
                          CONTENT="les"/>
                  <SP HEIGHT="70" WIDTH="24" VPOS="1382" HPOS="1393"/>
                  <String HEIGHT="70"
                          WIDTH="235"
                          VPOS="1382"
                          HPOS="1299"
                          CONTENT="départe"
                          SUBS_TYPE="HypPart1"
                          SUBS_CONTENT="départements"/>
                  <HYP CONTENT="-"/>
               </TextLine>
               <TextLine ID="tl_29"
                         BASELINE="1495"
                         HEIGHT="58"
                         WIDTH="1368"
                         VPOS="1437"
                         HPOS="169">
                  <String HEIGHT="58"
                          WIDTH="195"
                          VPOS="1437"
                          HPOS="147"
                          CONTENT="ments"
                          SUBS_TYPE="HypPart2"
                          SUBS_CONTENT="départements"/>
                  <SP HEIGHT="58" WIDTH="22" VPOS="1437" HPOS="343"/>
                  <String HEIGHT="58" WIDTH="130" VPOS="1437" HPOS="278" CONTENT="de"/>
                  <SP HEIGHT="58" WIDTH="22" VPOS="1437" HPOS="408"/>
                  <String HEIGHT="58"
                          WIDTH="261"
                          VPOS="1437"
                          HPOS="343"
                          CONTENT="l’Ouest,"/>
                  <SP HEIGHT="58" WIDTH="22" VPOS="1437" HPOS="603"/>
                  <String HEIGHT="58" WIDTH="130" VPOS="1437" HPOS="538" CONTENT="en"/>
                  <SP HEIGHT="58" WIDTH="22" VPOS="1437" HPOS="668"/>
                  <String HEIGHT="58"
                          WIDTH="174"
                          VPOS="1437"
                          HPOS="603"
                          CONTENT="1830"/>
                  <SP HEIGHT="58" WIDTH="22" VPOS="1437" HPOS="777"/>
                  <String HEIGHT="58" WIDTH="130" VPOS="1437" HPOS="712" CONTENT="et"/>
                  <SP HEIGHT="58" WIDTH="22" VPOS="1437" HPOS="842"/>
                  <String HEIGHT="58"
                          WIDTH="195"
                          VPOS="1437"
                          HPOS="777"
                          CONTENT="1831,"/>
                  <SP HEIGHT="58" WIDTH="22" VPOS="1437" HPOS="972"/>
                  <String HEIGHT="58"
                          WIDTH="174"
                          VPOS="1437"
                          HPOS="907"
                          CONTENT="avec"/>
                  <SP HEIGHT="58" WIDTH="22" VPOS="1437" HPOS="1081"/>
                  <String HEIGHT="58"
                          WIDTH="130"
                          VPOS="1437"
                          HPOS="1016"
                          CONTENT="le"/>
                  <SP HEIGHT="58" WIDTH="22" VPOS="1437" HPOS="1146"/>
                  <String HEIGHT="58"
                          WIDTH="239"
                          VPOS="1437"
                          HPOS="1081"
                          CONTENT="général"/>
                  <SP HEIGHT="58" WIDTH="22" VPOS="1437" HPOS="1320"/>
                  <String HEIGHT="58"
                          WIDTH="261"
                          VPOS="1437"
                          HPOS="1255"
                          CONTENT="Mamilien"/>
                  <SP HEIGHT="58" WIDTH="22" VPOS="1437" HPOS="1515"/>
                  <String HEIGHT="58"
                          WIDTH="109"
                          VPOS="1437"
                          HPOS="1428"
                          CONTENT="La"
                          SUBS_TYPE="HypPart1"
                          SUBS_CONTENT="Lamarque,"/>
                  <HYP CONTENT="-"/>
               </TextLine>
               <TextLine ID="tl_30"
                         BASELINE="1538"
                         HEIGHT="56"
                         WIDTH="1366"
                         VPOS="1482"
                         HPOS="171">
                  <String HEIGHT="56"
                          WIDTH="239"
                          VPOS="1482"
                          HPOS="149"
                          CONTENT="marque,"
                          SUBS_TYPE="HypPart2"
                          SUBS_CONTENT="Lamarque,"/>
                  <SP HEIGHT="56" WIDTH="22" VPOS="1482" HPOS="388"/>
                  <String HEIGHT="56" WIDTH="130" VPOS="1482" HPOS="323" CONTENT="74"/>
                  <SP HEIGHT="56" WIDTH="22" VPOS="1482" HPOS="453"/>
                  <String HEIGHT="56"
                          WIDTH="239"
                          VPOS="1482"
                          HPOS="388"
                          CONTENT="lettres"/>
                  <SP HEIGHT="56" WIDTH="22" VPOS="1482" HPOS="626"/>
                  <String HEIGHT="56"
                          WIDTH="304"
                          VPOS="1482"
                          HPOS="561"
                          CONTENT="comprenant"/>
                  <SP HEIGHT="56" WIDTH="22" VPOS="1482" HPOS="865"/>
                  <String HEIGHT="56" WIDTH="130" VPOS="1482" HPOS="800" CONTENT="et"/>
                  <SP HEIGHT="56" WIDTH="22" VPOS="1482" HPOS="930"/>
                  <String HEIGHT="56"
                          WIDTH="239"
                          VPOS="1482"
                          HPOS="865"
                          CONTENT="donnant"/>
                  <SP HEIGHT="56" WIDTH="22" VPOS="1482" HPOS="1103"/>
                  <String HEIGHT="56"
                          WIDTH="152"
                          VPOS="1482"
                          HPOS="1038"
                          CONTENT="des"/>
                  <SP HEIGHT="56" WIDTH="22" VPOS="1482" HPOS="1190"/>
                  <String HEIGHT="56"
                          WIDTH="239"
                          VPOS="1482"
                          HPOS="1125"
                          CONTENT="détails"/>
                  <SP HEIGHT="56" WIDTH="22" VPOS="1482" HPOS="1364"/>
                  <String HEIGHT="56"
                          WIDTH="173"
                          VPOS="1482"
                          HPOS="1298"
                          CONTENT="d’un"/>
                  <SP HEIGHT="56" WIDTH="22" VPOS="1482" HPOS="1472"/>
                  <String HEIGHT="56"
                          WIDTH="152"
                          VPOS="1482"
                          HPOS="1385"
                          CONTENT="très"
                          SUBS_TYPE="HypPart1"
                          SUBS_CONTENT="trèsgrand"/>
                  <HYP CONTENT="-"/>
               </TextLine>
               <TextLine ID="tl_31"
                         BASELINE="1591"
                         HEIGHT="66"
                         WIDTH="1363"
                         VPOS="1525"
                         HPOS="172">
                  <String HEIGHT="66"
                          WIDTH="201"
                          VPOS="1525"
                          HPOS="150"
                          CONTENT="grand"
                          SUBS_TYPE="HypPart2"
                          SUBS_CONTENT="trèsgrand"/>
                  <SP HEIGHT="66" WIDTH="22" VPOS="1525" HPOS="351"/>
                  <String HEIGHT="66"
                          WIDTH="246"
                          VPOS="1525"
                          HPOS="284"
                          CONTENT="intérêt"/>
                  <SP HEIGHT="66" WIDTH="22" VPOS="1525" HPOS="530"/>
                  <String HEIGHT="66"
                          WIDTH="156"
                          VPOS="1525"
                          HPOS="462"
                          CONTENT="sur"/>
                  <SP HEIGHT="66" WIDTH="22" VPOS="1525" HPOS="619"/>
                  <String HEIGHT="66"
                          WIDTH="156"
                          VPOS="1525"
                          HPOS="552"
                          CONTENT="les"/>
                  <SP HEIGHT="66" WIDTH="22" VPOS="1525" HPOS="708"/>
                  <String HEIGHT="66"
                          WIDTH="246"
                          VPOS="1525"
                          HPOS="641"
                          CONTENT="hommes,"/>
                  <SP HEIGHT="66" WIDTH="22" VPOS="1525" HPOS="887"/>
                  <String HEIGHT="66"
                          WIDTH="156"
                          VPOS="1525"
                          HPOS="820"
                          CONTENT="les"/>
                  <SP HEIGHT="66" WIDTH="22" VPOS="1525" HPOS="976"/>
                  <String HEIGHT="66"
                          WIDTH="223"
                          VPOS="1525"
                          HPOS="909"
                          CONTENT="choses"/>
                  <SP HEIGHT="66" WIDTH="22" VPOS="1525" HPOS="1133"/>
                  <String HEIGHT="66"
                          WIDTH="134"
                          VPOS="1525"
                          HPOS="1066"
                          CONTENT="et"/>
                  <SP HEIGHT="66" WIDTH="22" VPOS="1525" HPOS="1200"/>
                  <String HEIGHT="66"
                          WIDTH="156"
                          VPOS="1525"
                          HPOS="1133"
                          CONTENT="les"/>
                  <SP HEIGHT="66" WIDTH="22" VPOS="1525" HPOS="1289"/>
                  <String HEIGHT="66"
                          WIDTH="313"
                          VPOS="1525"
                          HPOS="1222"
                          CONTENT="événements"/>
                  <SP HEIGHT="66" WIDTH="22" VPOS="1525" HPOS="1535"/>
                  <String HEIGHT="66" WIDTH="89" VPOS="1525" HPOS="1446" CONTENT="du"/>
               </TextLine>
               <TextLine ID="tl_32"
                         BASELINE="1638"
                         HEIGHT="56"
                         WIDTH="1364"
                         VPOS="1582"
                         HPOS="172">
                  <String HEIGHT="56"
                          WIDTH="350"
                          VPOS="1582"
                          HPOS="137"
                          CONTENT="temps."/>
                  <SP HEIGHT="56" WIDTH="35" VPOS="1582" HPOS="487"/>
                  <String HEIGHT="56"
                          WIDTH="280"
                          VPOS="1582"
                          HPOS="382"
                          CONTENT="Prix"/>
                  <SP HEIGHT="56" WIDTH="35" VPOS="1582" HPOS="662"/>
                  <String HEIGHT="56"
                          WIDTH="245"
                          VPOS="1582"
                          HPOS="557"
                          CONTENT="des"/>
                  <SP HEIGHT="56" WIDTH="35" VPOS="1582" HPOS="802"/>
                  <String HEIGHT="56" WIDTH="210" VPOS="1582" HPOS="697" CONTENT="74"/>
                  <SP HEIGHT="56" WIDTH="35" VPOS="1582" HPOS="906"/>
                  <String HEIGHT="56"
                          WIDTH="385"
                          VPOS="1582"
                          HPOS="802"
                          CONTENT="lettres"/>
                  <SP HEIGHT="56" WIDTH="35" VPOS="1582" HPOS="1186"/>
                  <String HEIGHT="56"
                          WIDTH="385"
                          VPOS="1582"
                          HPOS="1081"
                          CONTENT="réunis."/>
                  <SP HEIGHT="56" WIDTH="35" VPOS="1582" HPOS="1466"/>
                  <String HEIGHT="56"
                          WIDTH="210"
                          VPOS="1582"
                          HPOS="1361"
                          CONTENT="60"/>
                  <SP HEIGHT="56" WIDTH="35" VPOS="1582" HPOS="1571"/>
                  <String HEIGHT="56" WIDTH="105" VPOS="1582" HPOS="1431" CONTENT="»"/>
               </TextLine>
            </TextBlock>
            <TextBlock ID="r_2_6" HEIGHT="97" WIDTH="1349" VPOS="1635" HPOS="181">
               <Shape>
                  <Polygon POINTS="181,1635 1530,1635 1530,1732 181,1732"/>
               </Shape>
               <TextLine ID="tl_33"
                         BASELINE="1705"
                         HEIGHT="82"
                         WIDTH="1317"
                         VPOS="1623"
                         HPOS="220">
                  <String HEIGHT="82" WIDTH="123" VPOS="1623" HPOS="199" CONTENT="1°"/>
                  <SP HEIGHT="82" WIDTH="21" VPOS="1623" HPOS="323"/>
                  <String HEIGHT="82"
                          WIDTH="247"
                          VPOS="1623"
                          HPOS="261"
                          CONTENT="BAGNERIS"/>
                  <SP HEIGHT="82" WIDTH="21" VPOS="1623" HPOS="508"/>
                  <String HEIGHT="82"
                          WIDTH="144"
                          VPOS="1623"
                          HPOS="446"
                          CONTENT="(le"/>
                  <SP HEIGHT="82" WIDTH="21" VPOS="1623" HPOS="590"/>
                  <String HEIGHT="82"
                          WIDTH="226"
                          VPOS="1623"
                          HPOS="529"
                          CONTENT="général"/>
                  <SP HEIGHT="82" WIDTH="21" VPOS="1623" HPOS="755"/>
                  <String HEIGHT="82"
                          WIDTH="226"
                          VPOS="1623"
                          HPOS="693"
                          CONTENT="Baron)."/>
                  <SP HEIGHT="82" WIDTH="21" VPOS="1623" HPOS="920"/>
                  <String HEIGHT="82"
                          WIDTH="185"
                          VPOS="1623"
                          HPOS="858"
                          CONTENT="Seize"/>
                  <SP HEIGHT="82" WIDTH="21" VPOS="1623" HPOS="1043"/>
                  <String HEIGHT="82"
                          WIDTH="226"
                          VPOS="1623"
                          HPOS="981"
                          CONTENT="lettres"/>
                  <SP HEIGHT="82" WIDTH="21" VPOS="1623" HPOS="1208"/>
                  <String HEIGHT="82"
                          WIDTH="165"
                          VPOS="1623"
                          HPOS="1146"
                          CONTENT="aut."/>
                  <SP HEIGHT="82" WIDTH="21" VPOS="1623" HPOS="1311"/>
                  <String HEIGHT="82"
                          WIDTH="185"
                          VPOS="1623"
                          HPOS="1249"
                          CONTENT="sig.,"/>
                  <SP HEIGHT="82" WIDTH="21" VPOS="1623" HPOS="1434"/>
                  <String HEIGHT="82"
                          WIDTH="123"
                          VPOS="1623"
                          HPOS="1372"
                          CONTENT="la"/>
                  <SP HEIGHT="82" WIDTH="21" VPOS="1623" HPOS="1496"/>
                  <String HEIGHT="82"
                          WIDTH="123"
                          VPOS="1623"
                          HPOS="1414"
                          CONTENT="plu"
                          SUBS_TYPE="HypPart1"
                          SUBS_CONTENT="plupart"/>
                  <HYP CONTENT="-"/>
               </TextLine>
               <TextLine ID="tl_34"
                         BASELINE="1740"
                         HEIGHT="66"
                         WIDTH="1282"
                         VPOS="1674"
                         HPOS="174">
                  <String HEIGHT="66"
                          WIDTH="171"
                          VPOS="1674"
                          HPOS="153"
                          CONTENT="part"
                          SUBS_TYPE="HypPart2"
                          SUBS_CONTENT="plupart"/>
                  <SP HEIGHT="66" WIDTH="21" VPOS="1674" HPOS="324"/>
                  <String HEIGHT="66"
                          WIDTH="427"
                          VPOS="1674"
                          HPOS="259"
                          CONTENT="confidentielles."/>
                  <SP HEIGHT="66" WIDTH="21" VPOS="1674" HPOS="687"/>
                  <String HEIGHT="66"
                          WIDTH="192"
                          VPOS="1674"
                          HPOS="623"
                          CONTENT="Auch,"/>
                  <SP HEIGHT="66" WIDTH="21" VPOS="1674" HPOS="815"/>
                  <String HEIGHT="66"
                          WIDTH="299"
                          VPOS="1674"
                          HPOS="751"
                          CONTENT="1830-1831."/>
                  <SP HEIGHT="66" WIDTH="21" VPOS="1674" HPOS="1050"/>
                  <String HEIGHT="66"
                          WIDTH="278"
                          VPOS="1674"
                          HPOS="986"
                          CONTENT="Ensemble,"/>
                  <SP HEIGHT="66" WIDTH="21" VPOS="1674" HPOS="1264"/>
                  <String HEIGHT="66"
                          WIDTH="128"
                          VPOS="1674"
                          HPOS="1200"
                          CONTENT="26"/>
                  <SP HEIGHT="66" WIDTH="21" VPOS="1674" HPOS="1328"/>
                  <String HEIGHT="66"
                          WIDTH="128"
                          VPOS="1674"
                          HPOS="1264"
                          CONTENT="p."/>
                  <SP HEIGHT="66" WIDTH="21" VPOS="1674" HPOS="1392"/>
                  <String HEIGHT="66"
                          WIDTH="150"
                          VPOS="1674"
                          HPOS="1306"
                          CONTENT="in"/>
               </TextLine>
            </TextBlock>
            <TextBlock ID="r_2_7" HEIGHT="95" WIDTH="1352" VPOS="1732" HPOS="179">
               <Shape>
                  <Polygon POINTS="179,1732 1531,1732 1531,1827 179,1827"/>
               </Shape>
               <TextLine ID="tl_35"
                         BASELINE="1812"
                         HEIGHT="88"
                         WIDTH="1320"
                         VPOS="1724"
                         HPOS="219">
                  <String HEIGHT="88" WIDTH="132" VPOS="1724" HPOS="197" CONTENT="2°"/>
                  <SP HEIGHT="88" WIDTH="22" VPOS="1724" HPOS="329"/>
                  <String HEIGHT="88"
                          WIDTH="286"
                          VPOS="1724"
                          HPOS="263"
                          CONTENT="CARDENEAU"/>
                  <SP HEIGHT="88" WIDTH="22" VPOS="1724" HPOS="549"/>
                  <String HEIGHT="88"
                          WIDTH="154"
                          VPOS="1724"
                          HPOS="483"
                          CONTENT="(le"/>
                  <SP HEIGHT="88" WIDTH="22" VPOS="1724" HPOS="637"/>
                  <String HEIGHT="88"
                          WIDTH="286"
                          VPOS="1724"
                          HPOS="571"
                          CONTENT="général),"/>
                  <SP HEIGHT="88" WIDTH="22" VPOS="1724" HPOS="857"/>
                  <String HEIGHT="88"
                          WIDTH="242"
                          VPOS="1724"
                          HPOS="791"
                          CONTENT="député."/>
                  <SP HEIGHT="88" WIDTH="22" VPOS="1724" HPOS="1033"/>
                  <String HEIGHT="88" WIDTH="132" VPOS="1724" HPOS="967" CONTENT="L."/>
                  <SP HEIGHT="88" WIDTH="22" VPOS="1724" HPOS="1099"/>
                  <String HEIGHT="88"
                          WIDTH="176"
                          VPOS="1724"
                          HPOS="1033"
                          CONTENT="aut."/>
                  <SP HEIGHT="88" WIDTH="22" VPOS="1724" HPOS="1209"/>
                  <String HEIGHT="88"
                          WIDTH="176"
                          VPOS="1724"
                          HPOS="1143"
                          CONTENT="sig."/>
                  <SP HEIGHT="88" WIDTH="22" VPOS="1724" HPOS="1319"/>
                  <String HEIGHT="88"
                          WIDTH="198"
                          VPOS="1724"
                          HPOS="1253"
                          CONTENT="Tilh,"/>
                  <SP HEIGHT="88" WIDTH="22" VPOS="1724" HPOS="1451"/>
                  <String HEIGHT="88" WIDTH="110" VPOS="1724" HPOS="1385" CONTENT="5"/>
                  <SP HEIGHT="88" WIDTH="22" VPOS="1724" HPOS="1495"/>
                  <String HEIGHT="88"
                          WIDTH="132"
                          VPOS="1724"
                          HPOS="1407"
                          CONTENT="mars"/>
               </TextLine>
               <TextLine ID="tl_36"
                         BASELINE="1835"
                         HEIGHT="79"
                         WIDTH="364"
                         VPOS="1756"
                         HPOS="171">
                  <String HEIGHT="79"
                          WIDTH="205"
                          VPOS="1756"
                          HPOS="148"
                          CONTENT="1831."/>
                  <SP HEIGHT="79" WIDTH="23" VPOS="1756" HPOS="353"/>
                  <String HEIGHT="79" WIDTH="114" VPOS="1756" HPOS="285" CONTENT="2"/>
                  <SP HEIGHT="79" WIDTH="23" VPOS="1756" HPOS="399"/>
                  <String HEIGHT="79" WIDTH="137" VPOS="1756" HPOS="330" CONTENT="p."/>
                  <SP HEIGHT="79" WIDTH="23" VPOS="1756" HPOS="467"/>
                  <String HEIGHT="79" WIDTH="159" VPOS="1756" HPOS="376" CONTENT="in"/>
               </TextLine>
            </TextBlock>
            <TextBlock ID="r_2_8" HEIGHT="97" WIDTH="1349" VPOS="1827" HPOS="183">
               <Shape>
                  <Polygon POINTS="183,1827 1532,1827 1532,1924 183,1924"/>
               </Shape>
               <TextLine ID="tl_37"
                         BASELINE="1891"
                         HEIGHT="87"
                         WIDTH="1320"
                         VPOS="1804"
                         HPOS="220">
                  <String HEIGHT="87" WIDTH="124" VPOS="1804" HPOS="199" CONTENT="3°"/>
                  <SP HEIGHT="87" WIDTH="21" VPOS="1804" HPOS="323"/>
                  <String HEIGHT="87"
                          WIDTH="248"
                          VPOS="1804"
                          HPOS="261"
                          CONTENT="DARRICAU"/>
                  <SP HEIGHT="87" WIDTH="21" VPOS="1804" HPOS="509"/>
                  <String HEIGHT="87"
                          WIDTH="144"
                          VPOS="1804"
                          HPOS="447"
                          CONTENT="(le"/>
                  <SP HEIGHT="87" WIDTH="21" VPOS="1804" HPOS="591"/>
                  <String HEIGHT="87"
                          WIDTH="227"
                          VPOS="1804"
                          HPOS="529"
                          CONTENT="général"/>
                  <SP HEIGHT="87" WIDTH="21" VPOS="1804" HPOS="756"/>
                  <String HEIGHT="87"
                          WIDTH="186"
                          VPOS="1804"
                          HPOS="694"
                          CONTENT="Ch.)."/>
                  <SP HEIGHT="87" WIDTH="21" VPOS="1804" HPOS="880"/>
                  <String HEIGHT="87"
                          WIDTH="165"
                          VPOS="1804"
                          HPOS="818"
                          CONTENT="Deux"/>
                  <SP HEIGHT="87" WIDTH="21" VPOS="1804" HPOS="983"/>
                  <String HEIGHT="87"
                          WIDTH="186"
                          VPOS="1804"
                          HPOS="921"
                          CONTENT="lett."/>
                  <SP HEIGHT="87" WIDTH="21" VPOS="1804" HPOS="1107"/>
                  <String HEIGHT="87"
                          WIDTH="165"
                          VPOS="1804"
                          HPOS="1045"
                          CONTENT="aut."/>
                  <SP HEIGHT="87" WIDTH="21" VPOS="1804" HPOS="1210"/>
                  <String HEIGHT="87"
                          WIDTH="165"
                          VPOS="1804"
                          HPOS="1148"
                          CONTENT="sig."/>
                  <SP HEIGHT="87" WIDTH="21" VPOS="1804" HPOS="1313"/>
                  <String HEIGHT="87"
                          WIDTH="186"
                          VPOS="1804"
                          HPOS="1251"
                          CONTENT="Blaye"/>
                  <SP HEIGHT="87" WIDTH="21" VPOS="1804" HPOS="1437"/>
                  <String HEIGHT="87"
                          WIDTH="124"
                          VPOS="1804"
                          HPOS="1375"
                          CONTENT="et"/>
                  <SP HEIGHT="87" WIDTH="21" VPOS="1804" HPOS="1499"/>
                  <String HEIGHT="87"
                          WIDTH="124"
                          VPOS="1804"
                          HPOS="1416"
                          CONTENT="Bor"
                          SUBS_TYPE="HypPart1"
                          SUBS_CONTENT="Bordeaux,"/>
                  <HYP CONTENT="-"/>
               </TextLine>
               <TextLine ID="tl_38"
                         BASELINE="1921"
                         HEIGHT="53"
                         WIDTH="988"
                         VPOS="1868"
                         HPOS="175">
                  <String HEIGHT="53"
                          WIDTH="220"
                          VPOS="1868"
                          HPOS="153"
                          CONTENT="deaux,"
                          SUBS_TYPE="HypPart2"
                          SUBS_CONTENT="Bordeaux,"/>
                  <SP HEIGHT="53" WIDTH="22" VPOS="1868" HPOS="373"/>
                  <String HEIGHT="53" WIDTH="110" VPOS="1868" HPOS="307" CONTENT="2"/>
                  <SP HEIGHT="53" WIDTH="22" VPOS="1868" HPOS="417"/>
                  <String HEIGHT="53"
                          WIDTH="176"
                          VPOS="1868"
                          HPOS="351"
                          CONTENT="août"/>
                  <SP HEIGHT="53" WIDTH="22" VPOS="1868" HPOS="526"/>
                  <String HEIGHT="53" WIDTH="132" VPOS="1868" HPOS="460" CONTENT="et"/>
                  <SP HEIGHT="53" WIDTH="22" VPOS="1868" HPOS="592"/>
                  <String HEIGHT="53" WIDTH="132" VPOS="1868" HPOS="526" CONTENT="11"/>
                  <SP HEIGHT="53" WIDTH="22" VPOS="1868" HPOS="658"/>
                  <String HEIGHT="53"
                          WIDTH="263"
                          VPOS="1868"
                          HPOS="592"
                          CONTENT="novembre"/>
                  <SP HEIGHT="53" WIDTH="22" VPOS="1868" HPOS="856"/>
                  <String HEIGHT="53"
                          WIDTH="198"
                          VPOS="1868"
                          HPOS="790"
                          CONTENT="1831."/>
                  <SP HEIGHT="53" WIDTH="22" VPOS="1868" HPOS="987"/>
                  <String HEIGHT="53" WIDTH="110" VPOS="1868" HPOS="921" CONTENT="4"/>
                  <SP HEIGHT="53" WIDTH="22" VPOS="1868" HPOS="1031"/>
                  <String HEIGHT="53" WIDTH="132" VPOS="1868" HPOS="965" CONTENT="p."/>
                  <SP HEIGHT="53" WIDTH="22" VPOS="1868" HPOS="1097"/>
                  <String HEIGHT="53"
                          WIDTH="154"
                          VPOS="1868"
                          HPOS="1009"
                          CONTENT="in"/>
               </TextLine>
            </TextBlock>
            <TextBlock ID="r_2_9" HEIGHT="98" WIDTH="1351" VPOS="1923" HPOS="185">
               <Shape>
                  <Polygon POINTS="185,1923 1536,1923 1536,2021 185,2021"/>
               </Shape>
               <TextLine ID="tl_39"
                         BASELINE="1976"
                         HEIGHT="76"
                         WIDTH="1322"
                         VPOS="1900"
                         HPOS="222">
                  <String HEIGHT="76" WIDTH="126" VPOS="1900" HPOS="201" CONTENT="4°"/>
                  <SP HEIGHT="76" WIDTH="21" VPOS="1900" HPOS="327"/>
                  <String HEIGHT="76"
                          WIDTH="231"
                          VPOS="1900"
                          HPOS="264"
                          CONTENT="DELAAGE"/>
                  <SP HEIGHT="76" WIDTH="21" VPOS="1900" HPOS="495"/>
                  <String HEIGHT="76"
                          WIDTH="147"
                          VPOS="1900"
                          HPOS="432"
                          CONTENT="(le"/>
                  <SP HEIGHT="76" WIDTH="21" VPOS="1900" HPOS="579"/>
                  <String HEIGHT="76"
                          WIDTH="252"
                          VPOS="1900"
                          HPOS="516"
                          CONTENT="général,"/>
                  <SP HEIGHT="76" WIDTH="21" VPOS="1900" HPOS="768"/>
                  <String HEIGHT="76"
                          WIDTH="231"
                          VPOS="1900"
                          HPOS="705"
                          CONTENT="baron)."/>
                  <SP HEIGHT="76" WIDTH="21" VPOS="1900" HPOS="935"/>
                  <String HEIGHT="76"
                          WIDTH="336"
                          VPOS="1900"
                          HPOS="873"
                          CONTENT="Vingt-quatre"/>
                  <SP HEIGHT="76" WIDTH="21" VPOS="1900" HPOS="1208"/>
                  <String HEIGHT="76"
                          WIDTH="231"
                          VPOS="1900"
                          HPOS="1145"
                          CONTENT="lettres"/>
                  <SP HEIGHT="76" WIDTH="21" VPOS="1900" HPOS="1376"/>
                  <String HEIGHT="76"
                          WIDTH="168"
                          VPOS="1900"
                          HPOS="1313"
                          CONTENT="aut."/>
                  <SP HEIGHT="76" WIDTH="21" VPOS="1900" HPOS="1481"/>
                  <String HEIGHT="76"
                          WIDTH="147"
                          VPOS="1900"
                          HPOS="1397"
                          CONTENT="sig.,"/>
               </TextLine>
               <TextLine ID="tl_40"
                         BASELINE="2025"
                         HEIGHT="67"
                         WIDTH="1247"
                         VPOS="1958"
                         HPOS="177">
                  <String HEIGHT="67"
                          WIDTH="211"
                          VPOS="1958"
                          HPOS="156"
                          CONTENT="datées"/>
                  <SP HEIGHT="67" WIDTH="21" VPOS="1958" HPOS="367"/>
                  <String HEIGHT="67"
                          WIDTH="275"
                          VPOS="1958"
                          HPOS="304"
                          CONTENT="d’Angers,"/>
                  <SP HEIGHT="67" WIDTH="21" VPOS="1958" HPOS="579"/>
                  <String HEIGHT="67"
                          WIDTH="296"
                          VPOS="1958"
                          HPOS="515"
                          CONTENT="1830-1831."/>
                  <SP HEIGHT="67" WIDTH="21" VPOS="1958" HPOS="811"/>
                  <String HEIGHT="67"
                          WIDTH="275"
                          VPOS="1958"
                          HPOS="748"
                          CONTENT="Eusemble,"/>
                  <SP HEIGHT="67" WIDTH="21" VPOS="1958" HPOS="1022"/>
                  <String HEIGHT="67" WIDTH="127" VPOS="1958" HPOS="959" CONTENT="46"/>
                  <SP HEIGHT="67" WIDTH="21" VPOS="1958" HPOS="1086"/>
                  <String HEIGHT="67"
                          WIDTH="127"
                          VPOS="1958"
                          HPOS="1022"
                          CONTENT="p."/>
                  <SP HEIGHT="67" WIDTH="21" VPOS="1958" HPOS="1149"/>
                  <String HEIGHT="67"
                          WIDTH="169"
                          VPOS="1958"
                          HPOS="1086"
                          CONTENT="in-4"/>
                  <SP HEIGHT="67" WIDTH="21" VPOS="1958" HPOS="1255"/>
                  <String HEIGHT="67"
                          WIDTH="127"
                          VPOS="1958"
                          HPOS="1192"
                          CONTENT="et"/>
                  <SP HEIGHT="67" WIDTH="21" VPOS="1958" HPOS="1318"/>
                  <String HEIGHT="67"
                          WIDTH="190"
                          VPOS="1958"
                          HPOS="1234"
                          CONTENT="in"/>
               </TextLine>
            </TextBlock>
            <TextBlock ID="r_2_10" HEIGHT="98" WIDTH="1349" VPOS="2019" HPOS="186">
               <Shape>
                  <Polygon POINTS="186,2019 1535,2019 1535,2117 186,2117"/>
               </Shape>
               <TextLine ID="tl_41"
                         BASELINE="2096"
                         HEIGHT="84"
                         WIDTH="1319"
                         VPOS="2012"
                         HPOS="224">
                  <String HEIGHT="84" WIDTH="126" VPOS="2012" HPOS="203" CONTENT="5°"/>
                  <SP HEIGHT="84" WIDTH="21" VPOS="2012" HPOS="329"/>
                  <String HEIGHT="84"
                          WIDTH="293"
                          VPOS="2012"
                          HPOS="266"
                          CONTENT="DUMOUSTIER"/>
                  <SP HEIGHT="84" WIDTH="21" VPOS="2012" HPOS="559"/>
                  <String HEIGHT="84"
                          WIDTH="147"
                          VPOS="2012"
                          HPOS="496"
                          CONTENT="(le"/>
                  <SP HEIGHT="84" WIDTH="21" VPOS="2012" HPOS="643"/>
                  <String HEIGHT="84"
                          WIDTH="251"
                          VPOS="2012"
                          HPOS="580"
                          CONTENT="général,"/>
                  <SP HEIGHT="84" WIDTH="21" VPOS="2012" HPOS="831"/>
                  <String HEIGHT="84"
                          WIDTH="230"
                          VPOS="2012"
                          HPOS="768"
                          CONTENT="comte)."/>
                  <SP HEIGHT="84" WIDTH="21" VPOS="2012" HPOS="999"/>
                  <String HEIGHT="84"
                          WIDTH="188"
                          VPOS="2012"
                          HPOS="936"
                          CONTENT="Vingt"/>
                  <SP HEIGHT="84" WIDTH="21" VPOS="2012" HPOS="1124"/>
                  <String HEIGHT="84"
                          WIDTH="230"
                          VPOS="2012"
                          HPOS="1061"
                          CONTENT="lettres"/>
                  <SP HEIGHT="84" WIDTH="21" VPOS="2012" HPOS="1292"/>
                  <String HEIGHT="84"
                          WIDTH="167"
                          VPOS="2012"
                          HPOS="1229"
                          CONTENT="aut."/>
                  <SP HEIGHT="84" WIDTH="21" VPOS="2012" HPOS="1396"/>
                  <String HEIGHT="84"
                          WIDTH="188"
                          VPOS="2012"
                          HPOS="1334"
                          CONTENT="sig.,"/>
                  <SP HEIGHT="84" WIDTH="21" VPOS="2012" HPOS="1522"/>
                  <String HEIGHT="84"
                          WIDTH="105"
                          VPOS="2012"
                          HPOS="1438"
                          CONTENT="da"
                          SUBS_TYPE="HypPart1"
                          SUBS_CONTENT="datées"/>
                  <HYP CONTENT="-"/>
               </TextLine>
               <TextLine ID="tl_42"
                         BASELINE="2116"
                         HEIGHT="60"
                         WIDTH="1221"
                         VPOS="2056"
                         HPOS="178">
                  <String HEIGHT="60"
                          WIDTH="174"
                          VPOS="2056"
                          HPOS="156"
                          CONTENT="tées"
                          SUBS_TYPE="HypPart2"
                          SUBS_CONTENT="datées"/>
                  <SP HEIGHT="60" WIDTH="22" VPOS="2056" HPOS="331"/>
                  <String HEIGHT="60" WIDTH="131" VPOS="2056" HPOS="265" CONTENT="de"/>
                  <SP HEIGHT="60" WIDTH="22" VPOS="2056" HPOS="396"/>
                  <String HEIGHT="60"
                          WIDTH="240"
                          VPOS="2056"
                          HPOS="331"
                          CONTENT="Nantes,"/>
                  <SP HEIGHT="60" WIDTH="22" VPOS="2056" HPOS="570"/>
                  <String HEIGHT="60"
                          WIDTH="240"
                          VPOS="2056"
                          HPOS="505"
                          CONTENT="Angers,"/>
                  <SP HEIGHT="60" WIDTH="22" VPOS="2056" HPOS="745"/>
                  <String HEIGHT="60"
                          WIDTH="305"
                          VPOS="2056"
                          HPOS="679"
                          CONTENT="1830-1831."/>
                  <SP HEIGHT="60" WIDTH="22" VPOS="2056" HPOS="985"/>
                  <String HEIGHT="60"
                          WIDTH="283"
                          VPOS="2056"
                          HPOS="919"
                          CONTENT="Ensemble,"/>
                  <SP HEIGHT="60" WIDTH="22" VPOS="2056" HPOS="1203"/>
                  <String HEIGHT="60"
                          WIDTH="131"
                          VPOS="2056"
                          HPOS="1137"
                          CONTENT="47"/>
                  <SP HEIGHT="60" WIDTH="22" VPOS="2056" HPOS="1268"/>
                  <String HEIGHT="60"
                          WIDTH="131"
                          VPOS="2056"
                          HPOS="1203"
                          CONTENT="p."/>
                  <SP HEIGHT="60" WIDTH="22" VPOS="2056" HPOS="1334"/>
                  <String HEIGHT="60"
                          WIDTH="153"
                          VPOS="2056"
                          HPOS="1246"
                          CONTENT="in"/>
               </TextLine>
            </TextBlock>
            <TextBlock ID="r_2_11" HEIGHT="95" WIDTH="1347" VPOS="2115" HPOS="187">
               <Shape>
                  <Polygon POINTS="187,2115 1534,2115 1534,2210 187,2210"/>
               </Shape>
               <TextLine ID="tl_43"
                         BASELINE="2191"
                         HEIGHT="82"
                         WIDTH="1317"
                         VPOS="2109"
                         HPOS="225">
                  <String HEIGHT="82" WIDTH="125" VPOS="2109" HPOS="204" CONTENT="6°"/>
                  <SP HEIGHT="82" WIDTH="21" VPOS="2109" HPOS="330"/>
                  <String HEIGHT="82"
                          WIDTH="209"
                          VPOS="2109"
                          HPOS="267"
                          CONTENT="NOGUÈS"/>
                  <SP HEIGHT="82" WIDTH="21" VPOS="2109" HPOS="476"/>
                  <String HEIGHT="82"
                          WIDTH="146"
                          VPOS="2109"
                          HPOS="413"
                          CONTENT="(le"/>
                  <SP HEIGHT="82" WIDTH="21" VPOS="2109" HPOS="559"/>
                  <String HEIGHT="82"
                          WIDTH="272"
                          VPOS="2109"
                          HPOS="497"
                          CONTENT="général)."/>
                  <SP HEIGHT="82" WIDTH="21" VPOS="2109" HPOS="769"/>
                  <String HEIGHT="82"
                          WIDTH="167"
                          VPOS="2109"
                          HPOS="706"
                          CONTENT="Deux"/>
                  <SP HEIGHT="82" WIDTH="21" VPOS="2109" HPOS="873"/>
                  <String HEIGHT="82"
                          WIDTH="188"
                          VPOS="2109"
                          HPOS="810"
                          CONTENT="lett."/>
                  <SP HEIGHT="82" WIDTH="21" VPOS="2109" HPOS="998"/>
                  <String HEIGHT="82"
                          WIDTH="167"
                          VPOS="2109"
                          HPOS="936"
                          CONTENT="aut."/>
                  <SP HEIGHT="82" WIDTH="21" VPOS="2109" HPOS="1103"/>
                  <String HEIGHT="82"
                          WIDTH="167"
                          VPOS="2109"
                          HPOS="1040"
                          CONTENT="sig."/>
                  <SP HEIGHT="82" WIDTH="21" VPOS="2109" HPOS="1208"/>
                  <String HEIGHT="82"
                          WIDTH="230"
                          VPOS="2109"
                          HPOS="1145"
                          CONTENT="Tarbes,"/>
                  <SP HEIGHT="82" WIDTH="21" VPOS="2109" HPOS="1375"/>
                  <String HEIGHT="82"
                          WIDTH="188"
                          VPOS="2109"
                          HPOS="1312"
                          CONTENT="1830,"/>
                  <SP HEIGHT="82" WIDTH="21" VPOS="2109" HPOS="1500"/>
                  <String HEIGHT="82" WIDTH="105" VPOS="2109" HPOS="1437" CONTENT="2"/>
                  <SP HEIGHT="82" WIDTH="21" VPOS="2109" HPOS="1542"/>
                  <String HEIGHT="82" WIDTH="84" VPOS="2109" HPOS="1458" CONTENT="p."/>
               </TextLine>
               <TextLine ID="tl_44"
                         BASELINE="2211"
                         HEIGHT="63"
                         WIDTH="582"
                         VPOS="2148"
                         HPOS="180">
                  <String HEIGHT="63"
                          WIDTH="161"
                          VPOS="2148"
                          HPOS="160"
                          CONTENT="in-4"/>
                  <SP HEIGHT="63" WIDTH="20" VPOS="2148" HPOS="320"/>
                  <String HEIGHT="63" WIDTH="120" VPOS="2148" HPOS="260" CONTENT="et"/>
                  <SP HEIGHT="63" WIDTH="20" VPOS="2148" HPOS="381"/>
                  <String HEIGHT="63" WIDTH="100" VPOS="2148" HPOS="320" CONTENT="2"/>
                  <SP HEIGHT="63" WIDTH="20" VPOS="2148" HPOS="421"/>
                  <String HEIGHT="63" WIDTH="120" VPOS="2148" HPOS="361" CONTENT="p."/>
                  <SP HEIGHT="63" WIDTH="20" VPOS="2148" HPOS="481"/>
                  <String HEIGHT="63" WIDTH="120" VPOS="2148" HPOS="421" CONTENT="et"/>
                  <SP HEIGHT="63" WIDTH="20" VPOS="2148" HPOS="541"/>
                  <String HEIGHT="63"
                          WIDTH="181"
                          VPOS="2148"
                          HPOS="481"
                          CONTENT="demie"/>
                  <SP HEIGHT="63" WIDTH="20" VPOS="2148" HPOS="662"/>
                  <String HEIGHT="63" WIDTH="181" VPOS="2148" HPOS="581" CONTENT="in"/>
               </TextLine>
            </TextBlock>
            <TextBlock ID="r_2_12" HEIGHT="98" WIDTH="1351" VPOS="2209" HPOS="186">
               <Shape>
                  <Polygon POINTS="186,2209 1537,2209 1537,2307 186,2307"/>
               </Shape>
               <TextLine ID="tl_45"
                         BASELINE="2266"
                         HEIGHT="75"
                         WIDTH="1318"
                         VPOS="2191"
                         HPOS="226">
                  <String HEIGHT="75" WIDTH="134" VPOS="2191" HPOS="204" CONTENT="7°"/>
                  <SP HEIGHT="75" WIDTH="22" VPOS="2191" HPOS="338"/>
                  <String HEIGHT="75"
                          WIDTH="268"
                          VPOS="2191"
                          HPOS="271"
                          CONTENT="PINOTEAU"/>
                  <SP HEIGHT="75" WIDTH="22" VPOS="2191" HPOS="539"/>
                  <String HEIGHT="75"
                          WIDTH="156"
                          VPOS="2191"
                          HPOS="472"
                          CONTENT="(le"/>
                  <SP HEIGHT="75" WIDTH="22" VPOS="2191" HPOS="628"/>
                  <String HEIGHT="75"
                          WIDTH="290"
                          VPOS="2191"
                          HPOS="561"
                          CONTENT="général)."/>
                  <SP HEIGHT="75" WIDTH="22" VPOS="2191" HPOS="851"/>
                  <String HEIGHT="75"
                          WIDTH="179"
                          VPOS="2191"
                          HPOS="784"
                          CONTENT="Deux"/>
                  <SP HEIGHT="75" WIDTH="22" VPOS="2191" HPOS="963"/>
                  <String HEIGHT="75"
                          WIDTH="201"
                          VPOS="2191"
                          HPOS="896"
                          CONTENT="lett."/>
                  <SP HEIGHT="75" WIDTH="22" VPOS="2191" HPOS="1097"/>
                  <String HEIGHT="75"
                          WIDTH="179"
                          VPOS="2191"
                          HPOS="1030"
                          CONTENT="aut."/>
                  <SP HEIGHT="75" WIDTH="22" VPOS="2191" HPOS="1209"/>
                  <String HEIGHT="75"
                          WIDTH="179"
                          VPOS="2191"
                          HPOS="1142"
                          CONTENT="sig."/>
                  <SP HEIGHT="75" WIDTH="22" VPOS="2191" HPOS="1321"/>
                  <String HEIGHT="75"
                          WIDTH="134"
                          VPOS="2191"
                          HPOS="1254"
                          CONTENT="La"/>
                  <SP HEIGHT="75" WIDTH="22" VPOS="2191" HPOS="1388"/>
                  <String HEIGHT="75"
                          WIDTH="246"
                          VPOS="2191"
                          HPOS="1298"
                          CONTENT="Rochelle,"/>
               </TextLine>
               <TextLine ID="tl_46"
                         BASELINE="2309"
                         HEIGHT="70"
                         WIDTH="631"
                         VPOS="2239"
                         HPOS="179">
                  <String HEIGHT="70"
                          WIDTH="183"
                          VPOS="2239"
                          HPOS="159"
                          CONTENT="1830."/>
                  <SP HEIGHT="70" WIDTH="20" VPOS="2239" HPOS="342"/>
                  <String HEIGHT="70" WIDTH="102" VPOS="2239" HPOS="281" CONTENT="2"/>
                  <SP HEIGHT="70" WIDTH="20" VPOS="2239" HPOS="383"/>
                  <String HEIGHT="70" WIDTH="122" VPOS="2239" HPOS="321" CONTENT="p."/>
                  <SP HEIGHT="70" WIDTH="20" VPOS="2239" HPOS="444"/>
                  <String HEIGHT="70"
                          WIDTH="163"
                          VPOS="2239"
                          HPOS="383"
                          CONTENT="in-4"/>
                  <SP HEIGHT="70" WIDTH="20" VPOS="2239" HPOS="545"/>
                  <String HEIGHT="70" WIDTH="122" VPOS="2239" HPOS="484" CONTENT="et"/>
                  <SP HEIGHT="70" WIDTH="20" VPOS="2239" HPOS="606"/>
                  <String HEIGHT="70" WIDTH="102" VPOS="2239" HPOS="545" CONTENT="2"/>
                  <SP HEIGHT="70" WIDTH="20" VPOS="2239" HPOS="647"/>
                  <String HEIGHT="70" WIDTH="122" VPOS="2239" HPOS="586" CONTENT="p."/>
                  <SP HEIGHT="70" WIDTH="20" VPOS="2239" HPOS="708"/>
                  <String HEIGHT="70" WIDTH="183" VPOS="2239" HPOS="627" CONTENT="in"/>
               </TextLine>
            </TextBlock>
            <TextBlock ID="r_2_13" HEIGHT="99" WIDTH="1299" VPOS="2305" HPOS="234">
               <Shape>
                  <Polygon POINTS="234,2305 1533,2305 1533,2404 234,2404"/>
               </Shape>
               <TextLine ID="tl_47"
                         BASELINE="2368"
                         HEIGHT="91"
                         WIDTH="1316"
                         VPOS="2277"
                         HPOS="225">
                  <String HEIGHT="91" WIDTH="123" VPOS="2277" HPOS="204" CONTENT="8°"/>
                  <SP HEIGHT="91" WIDTH="21" VPOS="2277" HPOS="328"/>
                  <String HEIGHT="91"
                          WIDTH="226"
                          VPOS="2277"
                          HPOS="266"
                          CONTENT="PICQUET"/>
                  <SP HEIGHT="91" WIDTH="21" VPOS="2277" HPOS="492"/>
                  <String HEIGHT="91"
                          WIDTH="144"
                          VPOS="2277"
                          HPOS="431"
                          CONTENT="(le"/>
                  <SP HEIGHT="91" WIDTH="21" VPOS="2277" HPOS="575"/>
                  <String HEIGHT="91"
                          WIDTH="247"
                          VPOS="2277"
                          HPOS="513"
                          CONTENT="général,"/>
                  <SP HEIGHT="91" WIDTH="21" VPOS="2277" HPOS="760"/>
                  <String HEIGHT="91"
                          WIDTH="226"
                          VPOS="2277"
                          HPOS="698"
                          CONTENT="baron)."/>
                  <SP HEIGHT="91" WIDTH="21" VPOS="2277" HPOS="924"/>
                  <String HEIGHT="91" WIDTH="123" VPOS="2277" HPOS="862" CONTENT="L."/>
                  <SP HEIGHT="91" WIDTH="21" VPOS="2277" HPOS="986"/>
                  <String HEIGHT="91" WIDTH="123" VPOS="2277" HPOS="924" CONTENT="a."/>
                  <SP HEIGHT="91" WIDTH="21" VPOS="2277" HPOS="1048"/>
                  <String HEIGHT="91" WIDTH="123" VPOS="2277" HPOS="986" CONTENT="s."/>
                  <SP HEIGHT="91" WIDTH="21" VPOS="2277" HPOS="1109"/>
                  <String HEIGHT="91"
                          WIDTH="206"
                          VPOS="2277"
                          HPOS="1048"
                          CONTENT="Niort,"/>
                  <SP HEIGHT="91" WIDTH="21" VPOS="2277" HPOS="1253"/>
                  <String HEIGHT="91"
                          WIDTH="185"
                          VPOS="2277"
                          HPOS="1191"
                          CONTENT="1830."/>
                  <SP HEIGHT="91" WIDTH="21" VPOS="2277" HPOS="1377"/>
                  <String HEIGHT="91" WIDTH="103" VPOS="2277" HPOS="1315" CONTENT="2"/>
                  <SP HEIGHT="91" WIDTH="21" VPOS="2277" HPOS="1418"/>
                  <String HEIGHT="91"
                          WIDTH="123"
                          VPOS="2277"
                          HPOS="1356"
                          CONTENT="p."/>
                  <SP HEIGHT="91" WIDTH="21" VPOS="2277" HPOS="1479"/>
                  <String HEIGHT="91"
                          WIDTH="144"
                          VPOS="2277"
                          HPOS="1397"
                          CONTENT="in"/>
               </TextLine>
               <TextLine ID="tl_48"
                         BASELINE="2401"
                         HEIGHT="56"
                         WIDTH="1142"
                         VPOS="2345"
                         HPOS="227">
                  <String HEIGHT="56" WIDTH="122" VPOS="2345" HPOS="207" CONTENT="9°"/>
                  <SP HEIGHT="56" WIDTH="20" VPOS="2345" HPOS="329"/>
                  <String HEIGHT="56"
                          WIDTH="163"
                          VPOS="2345"
                          HPOS="268"
                          CONTENT="PIRÉ"/>
                  <SP HEIGHT="56" WIDTH="20" VPOS="2345" HPOS="431"/>
                  <String HEIGHT="56"
                          WIDTH="143"
                          VPOS="2345"
                          HPOS="370"
                          CONTENT="(le"/>
                  <SP HEIGHT="56" WIDTH="20" VPOS="2345" HPOS="513"/>
                  <String HEIGHT="56"
                          WIDTH="245"
                          VPOS="2345"
                          HPOS="451"
                          CONTENT="général,"/>
                  <SP HEIGHT="56" WIDTH="20" VPOS="2345" HPOS="696"/>
                  <String HEIGHT="56"
                          WIDTH="184"
                          VPOS="2345"
                          HPOS="635"
                          CONTENT="comte"/>
                  <SP HEIGHT="56" WIDTH="20" VPOS="2345" HPOS="818"/>
                  <String HEIGHT="56"
                          WIDTH="163"
                          VPOS="2345"
                          HPOS="757"
                          CONTENT="de)."/>
                  <SP HEIGHT="56" WIDTH="20" VPOS="2345" HPOS="920"/>
                  <String HEIGHT="56" WIDTH="122" VPOS="2345" HPOS="859" CONTENT="L."/>
                  <SP HEIGHT="56" WIDTH="20" VPOS="2345" HPOS="982"/>
                  <String HEIGHT="56"
                          WIDTH="163"
                          VPOS="2345"
                          HPOS="920"
                          CONTENT="sig."/>
                  <SP HEIGHT="56" WIDTH="20" VPOS="2345" HPOS="1084"/>
                  <String HEIGHT="56"
                          WIDTH="184"
                          VPOS="2345"
                          HPOS="1022"
                          CONTENT="1831."/>
                  <SP HEIGHT="56" WIDTH="20" VPOS="2345" HPOS="1206"/>
                  <String HEIGHT="56" WIDTH="102" VPOS="2345" HPOS="1145" CONTENT="2"/>
                  <SP HEIGHT="56" WIDTH="20" VPOS="2345" HPOS="1247"/>
                  <String HEIGHT="56"
                          WIDTH="122"
                          VPOS="2345"
                          HPOS="1185"
                          CONTENT="p."/>
                  <SP HEIGHT="56" WIDTH="20" VPOS="2345" HPOS="1308"/>
                  <String HEIGHT="56"
                          WIDTH="143"
                          VPOS="2345"
                          HPOS="1226"
                          CONTENT="in"/>
               </TextLine>
            </TextBlock>
            <TextBlock ID="r_2_14" HEIGHT="99" WIDTH="1351" VPOS="2401" HPOS="189">
               <Shape>
                  <Polygon POINTS="189,2401 1540,2401 1540,2500 189,2500"/>
               </Shape>
               <TextLine ID="tl_49"
                         BASELINE="2460"
                         HEIGHT="68"
                         WIDTH="1319"
                         VPOS="2392"
                         HPOS="229">
                  <String HEIGHT="68"
                          WIDTH="149"
                          VPOS="2392"
                          HPOS="208"
                          CONTENT="10°"/>
                  <SP HEIGHT="68" WIDTH="21" VPOS="2392" HPOS="357"/>
                  <String HEIGHT="68"
                          WIDTH="319"
                          VPOS="2392"
                          HPOS="293"
                          CONTENT="VAUDONCOURT"/>
                  <SP HEIGHT="68" WIDTH="21" VPOS="2392" HPOS="612"/>
                  <String HEIGHT="68"
                          WIDTH="149"
                          VPOS="2392"
                          HPOS="548"
                          CONTENT="(le"/>
                  <SP HEIGHT="68" WIDTH="21" VPOS="2392" HPOS="697"/>
                  <String HEIGHT="68"
                          WIDTH="234"
                          VPOS="2392"
                          HPOS="633"
                          CONTENT="gènéral"/>
                  <SP HEIGHT="68" WIDTH="21" VPOS="2392" HPOS="867"/>
                  <String HEIGHT="68"
                          WIDTH="170"
                          VPOS="2392"
                          HPOS="803"
                          CONTENT="de)."/>
                  <SP HEIGHT="68" WIDTH="21" VPOS="2392" HPOS="974"/>
                  <String HEIGHT="68"
                          WIDTH="170"
                          VPOS="2392"
                          HPOS="910"
                          CONTENT="Cinq"/>
                  <SP HEIGHT="68" WIDTH="21" VPOS="2392" HPOS="1080"/>
                  <String HEIGHT="68"
                          WIDTH="191"
                          VPOS="2392"
                          HPOS="1016"
                          CONTENT="lett."/>
                  <SP HEIGHT="68" WIDTH="21" VPOS="2392" HPOS="1208"/>
                  <String HEIGHT="68"
                          WIDTH="170"
                          VPOS="2392"
                          HPOS="1144"
                          CONTENT="aut."/>
                  <SP HEIGHT="68" WIDTH="21" VPOS="2392" HPOS="1314"/>
                  <String HEIGHT="68"
                          WIDTH="170"
                          VPOS="2392"
                          HPOS="1250"
                          CONTENT="slg."/>
                  <SP HEIGHT="68" WIDTH="21" VPOS="2392" HPOS="1420"/>
                  <String HEIGHT="68"
                          WIDTH="191"
                          VPOS="2392"
                          HPOS="1357"
                          CONTENT="Brest"/>
                  <SP HEIGHT="68" WIDTH="21" VPOS="2392" HPOS="1548"/>
                  <String HEIGHT="68" WIDTH="85" VPOS="2392" HPOS="1463" CONTENT="et"/>
               </TextLine>
               <TextLine ID="tl_50"
                         BASELINE="2499"
                         HEIGHT="60"
                         WIDTH="1014"
                         VPOS="2439"
                         HPOS="181">
                  <String HEIGHT="60"
                          WIDTH="315"
                          VPOS="2439"
                          HPOS="158"
                          CONTENT="Angoulême,"/>
                  <SP HEIGHT="60" WIDTH="23" VPOS="2439" HPOS="474"/>
                  <String HEIGHT="60"
                          WIDTH="180"
                          VPOS="2439"
                          HPOS="406"
                          CONTENT="1830"/>
                  <SP HEIGHT="60" WIDTH="23" VPOS="2439" HPOS="587"/>
                  <String HEIGHT="60" WIDTH="135" VPOS="2439" HPOS="519" CONTENT="et"/>
                  <SP HEIGHT="60" WIDTH="23" VPOS="2439" HPOS="654"/>
                  <String HEIGHT="60"
                          WIDTH="203"
                          VPOS="2439"
                          HPOS="587"
                          CONTENT="1831."/>
                  <SP HEIGHT="60" WIDTH="23" VPOS="2439" HPOS="789"/>
                  <String HEIGHT="60"
                          WIDTH="293"
                          VPOS="2439"
                          HPOS="722"
                          CONTENT="Ensemble,"/>
                  <SP HEIGHT="60" WIDTH="23" VPOS="2439" HPOS="1015"/>
                  <String HEIGHT="60" WIDTH="113" VPOS="2439" HPOS="947" CONTENT="6"/>
                  <SP HEIGHT="60" WIDTH="23" VPOS="2439" HPOS="1060"/>
                  <String HEIGHT="60" WIDTH="135" VPOS="2439" HPOS="992" CONTENT="p."/>
                  <SP HEIGHT="60" WIDTH="23" VPOS="2439" HPOS="1127"/>
                  <String HEIGHT="60"
                          WIDTH="158"
                          VPOS="2439"
                          HPOS="1037"
                          CONTENT="in"/>
               </TextLine>
            </TextBlock>
            <TextBlock ID="r_2_15" HEIGHT="48" WIDTH="1253" VPOS="2498" HPOS="141">
               <Shape>
                  <Polygon POINTS="141,2498 1394,2498 1394,2546 141,2546"/>
               </Shape>
               <TextLine ID="tl_51"
                         BASELINE="2557"
                         HEIGHT="88"
                         WIDTH="1270"
                         VPOS="2469"
                         HPOS="133">
                  <String HEIGHT="88"
                          WIDTH="187"
                          VPOS="2469"
                          HPOS="112"
                          CONTENT="2461."/>
                  <SP HEIGHT="88" WIDTH="21" VPOS="2469" HPOS="300"/>
                  <String HEIGHT="88"
                          WIDTH="375"
                          VPOS="2469"
                          HPOS="237"
                          CONTENT="&lt;b&gt;Villard&lt;/b&gt;"/>
                  <SP HEIGHT="88" WIDTH="21" VPOS="2469" HPOS="612"/>
                  <String HEIGHT="88"
                          WIDTH="291"
                          VPOS="2469"
                          HPOS="549"
                          CONTENT="Inspecteur"/>
                  <SP HEIGHT="88" WIDTH="21" VPOS="2469" HPOS="841"/>
                  <String HEIGHT="88"
                          WIDTH="146"
                          VPOS="2469"
                          HPOS="778"
                          CONTENT="des"/>
                  <SP HEIGHT="88" WIDTH="21" VPOS="2469" HPOS="924"/>
                  <String HEIGHT="88"
                          WIDTH="333"
                          VPOS="2469"
                          HPOS="862"
                          CONTENT="manufactures"/>
                  <SP HEIGHT="88" WIDTH="21" VPOS="2469" HPOS="1195"/>
                  <String HEIGHT="88"
                          WIDTH="125"
                          VPOS="2469"
                          HPOS="1132"
                          CONTENT="de"/>
                  <SP HEIGHT="88" WIDTH="21" VPOS="2469" HPOS="1257"/>
                  <String HEIGHT="88"
                          WIDTH="229"
                          VPOS="2469"
                          HPOS="1174"
                          CONTENT="Picardie."/>
               </TextLine>
            </TextBlock>
            <TextBlock ID="r_2_16" HEIGHT="98" WIDTH="1348" VPOS="2545" HPOS="192">
               <Shape>
                  <Polygon POINTS="192,2545 1540,2545 1540,2643 192,2643"/>
               </Shape>
               <TextLine ID="tl_52"
                         BASELINE="2606"
                         HEIGHT="78"
                         WIDTH="1318"
                         VPOS="2528"
                         HPOS="229">
                  <String HEIGHT="78" WIDTH="124" VPOS="2528" HPOS="208" CONTENT="1°"/>
                  <SP HEIGHT="78" WIDTH="21" VPOS="2528" HPOS="332"/>
                  <String HEIGHT="78"
                          WIDTH="206"
                          VPOS="2528"
                          HPOS="270"
                          CONTENT="Exposé"/>
                  <SP HEIGHT="78" WIDTH="21" VPOS="2528" HPOS="476"/>
                  <String HEIGHT="78"
                          WIDTH="165"
                          VPOS="2528"
                          HPOS="414"
                          CONTENT="d’un"/>
                  <SP HEIGHT="78" WIDTH="21" VPOS="2528" HPOS="579"/>
                  <String HEIGHT="78"
                          WIDTH="185"
                          VPOS="2528"
                          HPOS="517"
                          CONTENT="moyen"/>
                  <SP HEIGHT="78" WIDTH="21" VPOS="2528" HPOS="703"/>
                  <String HEIGHT="78" WIDTH="124" VPOS="2528" HPOS="641" CONTENT="de"/>
                  <SP HEIGHT="78" WIDTH="21" VPOS="2528" HPOS="764"/>
                  <String HEIGHT="78"
                          WIDTH="227"
                          VPOS="2528"
                          HPOS="703"
                          CONTENT="ranimer"/>
                  <SP HEIGHT="78" WIDTH="21" VPOS="2528" HPOS="929"/>
                  <String HEIGHT="78"
                          WIDTH="309"
                          VPOS="2528"
                          HPOS="867"
                          CONTENT="l’industrie"/>
                  <SP HEIGHT="78" WIDTH="21" VPOS="2528" HPOS="1176"/>
                  <String HEIGHT="78"
                          WIDTH="288"
                          VPOS="2528"
                          HPOS="1115"
                          CONTENT="nationale."/>
                  <SP HEIGHT="78" WIDTH="21" VPOS="2528" HPOS="1403"/>
                  <String HEIGHT="78"
                          WIDTH="165"
                          VPOS="2528"
                          HPOS="1341"
                          CONTENT="Aut."/>
                  <SP HEIGHT="78" WIDTH="21" VPOS="2528" HPOS="1506"/>
                  <String HEIGHT="78"
                          WIDTH="124"
                          VPOS="2528"
                          HPOS="1423"
                          CONTENT="sig."/>
               </TextLine>
               <TextLine ID="tl_53"
                         BASELINE="2666"
                         HEIGHT="85"
                         WIDTH="477"
                         VPOS="2581"
                         HPOS="184">
                  <String HEIGHT="85" WIDTH="104" VPOS="2581" HPOS="163" CONTENT="7"/>
                  <SP HEIGHT="85" WIDTH="21" VPOS="2581" HPOS="267"/>
                  <String HEIGHT="85" WIDTH="124" VPOS="2581" HPOS="205" CONTENT="p."/>
                  <SP HEIGHT="85" WIDTH="21" VPOS="2581" HPOS="329"/>
                  <String HEIGHT="85"
                          WIDTH="145"
                          VPOS="2581"
                          HPOS="267"
                          CONTENT="pl."/>
                  <SP HEIGHT="85" WIDTH="21" VPOS="2581" HPOS="412"/>
                  <String HEIGHT="85" WIDTH="124" VPOS="2581" HPOS="350" CONTENT="et"/>
                  <SP HEIGHT="85" WIDTH="21" VPOS="2581" HPOS="474"/>
                  <String HEIGHT="85"
                          WIDTH="187"
                          VPOS="2581"
                          HPOS="412"
                          CONTENT="demie"/>
                  <SP HEIGHT="85" WIDTH="21" VPOS="2581" HPOS="599"/>
                  <String HEIGHT="85" WIDTH="145" VPOS="2581" HPOS="516" CONTENT="in"/>
               </TextLine>
            </TextBlock>
            <TextBlock ID="r_2_17"
                       HEIGHT="147"
                       WIDTH="1348"
                       VPOS="2641"
                       HPOS="195">
               <Shape>
                  <Polygon POINTS="195,2641 1543,2641 1543,2788 195,2788"/>
               </Shape>
               <TextLine ID="tl_54"
                         BASELINE="2700"
                         HEIGHT="72"
                         WIDTH="1320"
                         VPOS="2628"
                         HPOS="229">
                  <String HEIGHT="72" WIDTH="124" VPOS="2628" HPOS="208" CONTENT="2°"/>
                  <SP HEIGHT="72" WIDTH="21" VPOS="2628" HPOS="332"/>
                  <String HEIGHT="72" WIDTH="124" VPOS="2628" HPOS="270" CONTENT="L."/>
                  <SP HEIGHT="72" WIDTH="21" VPOS="2628" HPOS="394"/>
                  <String HEIGHT="72"
                          WIDTH="165"
                          VPOS="2628"
                          HPOS="332"
                          CONTENT="aut."/>
                  <SP HEIGHT="72" WIDTH="21" VPOS="2628" HPOS="497"/>
                  <String HEIGHT="72"
                          WIDTH="186"
                          VPOS="2628"
                          HPOS="435"
                          CONTENT="sig.,"/>
                  <SP HEIGHT="72" WIDTH="21" VPOS="2628" HPOS="621"/>
                  <String HEIGHT="72" WIDTH="103" VPOS="2628" HPOS="559" CONTENT="à"/>
                  <SP HEIGHT="72" WIDTH="21" VPOS="2628" HPOS="662"/>
                  <String HEIGHT="72"
                          WIDTH="165"
                          VPOS="2628"
                          HPOS="600"
                          CONTENT="M..."/>
                  <SP HEIGHT="72" WIDTH="21" VPOS="2628" HPOS="765"/>
                  <String HEIGHT="72"
                          WIDTH="227"
                          VPOS="2628"
                          HPOS="703"
                          CONTENT="Amiens,"/>
                  <SP HEIGHT="72" WIDTH="21" VPOS="2628" HPOS="930"/>
                  <String HEIGHT="72" WIDTH="124" VPOS="2628" HPOS="868" CONTENT="24"/>
                  <SP HEIGHT="72" WIDTH="21" VPOS="2628" HPOS="992"/>
                  <String HEIGHT="72"
                          WIDTH="144"
                          VPOS="2628"
                          HPOS="930"
                          CONTENT="mai"/>
                  <SP HEIGHT="72" WIDTH="21" VPOS="2628" HPOS="1075"/>
                  <String HEIGHT="72"
                          WIDTH="186"
                          VPOS="2628"
                          HPOS="1013"
                          CONTENT="1790."/>
                  <SP HEIGHT="72" WIDTH="21" VPOS="2628" HPOS="1198"/>
                  <String HEIGHT="72" WIDTH="103" VPOS="2628" HPOS="1137" CONTENT="2"/>
                  <SP HEIGHT="72" WIDTH="21" VPOS="2628" HPOS="1240"/>
                  <String HEIGHT="72"
                          WIDTH="124"
                          VPOS="2628"
                          HPOS="1178"
                          CONTENT="p."/>
                  <SP HEIGHT="72" WIDTH="21" VPOS="2628" HPOS="1302"/>
                  <String HEIGHT="72"
                          WIDTH="144"
                          VPOS="2628"
                          HPOS="1240"
                          CONTENT="pl."/>
                  <SP HEIGHT="72" WIDTH="21" VPOS="2628" HPOS="1384"/>
                  <String HEIGHT="72"
                          WIDTH="186"
                          VPOS="2628"
                          HPOS="1322"
                          CONTENT="in-4."/>
                  <SP HEIGHT="72" WIDTH="21" VPOS="2628" HPOS="1508"/>
                  <String HEIGHT="72"
                          WIDTH="124"
                          VPOS="2628"
                          HPOS="1446"
                          CONTENT="10"/>
                  <SP HEIGHT="72" WIDTH="21" VPOS="2628" HPOS="1570"/>
                  <String HEIGHT="72" WIDTH="62" VPOS="2628" HPOS="1487" CONTENT="»"/>
               </TextLine>
               <TextLine ID="tl_55"
                         BASELINE="2737"
                         HEIGHT="56"
                         WIDTH="1320"
                         VPOS="2681"
                         HPOS="231">
                  <String HEIGHT="56"
                          WIDTH="192"
                          VPOS="2681"
                          HPOS="210"
                          CONTENT="Envoi"/>
                  <SP HEIGHT="56" WIDTH="21" VPOS="2681" HPOS="401"/>
                  <String HEIGHT="56" WIDTH="128" VPOS="2681" HPOS="337" CONTENT="du"/>
                  <SP HEIGHT="56" WIDTH="21" VPOS="2681" HPOS="465"/>
                  <String HEIGHT="56"
                          WIDTH="234"
                          VPOS="2681"
                          HPOS="401"
                          CONTENT="mémoire"/>
                  <SP HEIGHT="56" WIDTH="21" VPOS="2681" HPOS="636"/>
                  <String HEIGHT="56"
                          WIDTH="149"
                          VPOS="2681"
                          HPOS="572"
                          CONTENT="qui"/>
                  <SP HEIGHT="56" WIDTH="21" VPOS="2681" HPOS="721"/>
                  <String HEIGHT="56"
                          WIDTH="255"
                          VPOS="2681"
                          HPOS="657"
                          CONTENT="précède."/>
                  <SP HEIGHT="56" WIDTH="21" VPOS="2681" HPOS="912"/>
                  <String HEIGHT="56"
                          WIDTH="234"
                          VPOS="2681"
                          HPOS="848"
                          CONTENT="«L’état"/>
                  <SP HEIGHT="56" WIDTH="21" VPOS="2681" HPOS="1083"/>
                  <String HEIGHT="56"
                          WIDTH="298"
                          VPOS="2681"
                          HPOS="1019"
                          CONTENT="désastreux"/>
                  <SP HEIGHT="56" WIDTH="21" VPOS="2681" HPOS="1317"/>
                  <String HEIGHT="56"
                          WIDTH="149"
                          VPOS="2681"
                          HPOS="1253"
                          CONTENT="des"/>
                  <SP HEIGHT="56" WIDTH="21" VPOS="2681" HPOS="1402"/>
                  <String HEIGHT="56"
                          WIDTH="234"
                          VPOS="2681"
                          HPOS="1317"
                          CONTENT="fabriques"/>
               </TextLine>
               <TextLine ID="tl_56"
                         BASELINE="2801"
                         HEIGHT="72"
                         WIDTH="1362"
                         VPOS="2729"
                         HPOS="188">
                  <String HEIGHT="72"
                          WIDTH="192"
                          VPOS="2729"
                          HPOS="167"
                          CONTENT="«dans"/>
                  <SP HEIGHT="72" WIDTH="21" VPOS="2729" HPOS="358"/>
                  <String HEIGHT="72" WIDTH="128" VPOS="2729" HPOS="294" CONTENT="la"/>
                  <SP HEIGHT="72" WIDTH="21" VPOS="2729" HPOS="422"/>
                  <String HEIGHT="72"
                          WIDTH="277"
                          VPOS="2729"
                          HPOS="358"
                          CONTENT="province,"/>
                  <SP HEIGHT="72" WIDTH="21" VPOS="2729" HPOS="635"/>
                  <String HEIGHT="72"
                          WIDTH="170"
                          VPOS="2729"
                          HPOS="571"
                          CONTENT="dont"/>
                  <SP HEIGHT="72" WIDTH="21" VPOS="2729" HPOS="741"/>
                  <String HEIGHT="72"
                          WIDTH="341"
                          VPOS="2729"
                          HPOS="677"
                          CONTENT="l’inspection"/>
                  <SP HEIGHT="72" WIDTH="21" VPOS="2729" HPOS="1018"/>
                  <String HEIGHT="72"
                          WIDTH="149"
                          VPOS="2729"
                          HPOS="954"
                          CONTENT="lui"/>
                  <SP HEIGHT="72" WIDTH="21" VPOS="2729" HPOS="1103"/>
                  <String HEIGHT="72"
                          WIDTH="149"
                          VPOS="2729"
                          HPOS="1039"
                          CONTENT="est"/>
                  <SP HEIGHT="72" WIDTH="21" VPOS="2729" HPOS="1188"/>
                  <String HEIGHT="72"
                          WIDTH="255"
                          VPOS="2729"
                          HPOS="1124"
                          CONTENT="confiée:"/>
                  <SP HEIGHT="72" WIDTH="21" VPOS="2729" HPOS="1380"/>
                  <String HEIGHT="72"
                          WIDTH="234"
                          VPOS="2729"
                          HPOS="1316"
                          CONTENT="l’excès"/>
                  <SP HEIGHT="72" WIDTH="21" VPOS="2729" HPOS="1550"/>
                  <String HEIGHT="72" WIDTH="85" VPOS="2729" HPOS="1465" CONTENT="de"/>
               </TextLine>
            </TextBlock>
         </PrintSpace>
      </Page>
   </Layout>
</alto>
