1582 2930
592 39 226 85 EN
668 39 263 85 VENTE

260 117 159 69 A
324 117 191 69 LA
419 117 414 69 LIBRAIRIE
738 117 191 69 DE
833 117 191 69 J.
897 117 350 69 TECHENER,

515 177 147 66 RUE
599 177 126 66 DE
662 177 337 66 L’ARBRE-SEC,
915 177 105 66 52.

696 271 406 110 ONDANCE

379 270 359 110 CORRES

701 279 84 90 P.

661 362 196 66 ENTRE

1075 446 116 72 I,

-63 463 1519 98 <b>DOAUEETRAUA</b>

711 557 84 55 ET

424 585 592 120 BROSSETTE,

467 702 212 62 Avocat
615 702 127 62 au
679 702 275 62 Parlement
890 702 127 62 de
933 702 148 62 Lyon.

349 747 252 69 PUBLIÉE
533 747 161 69 SUR
624 747 161 69 LES
716 747 321 69 MANUSCRITS
946 747 252 69 ORIGINAUX

476 797 183 89 PAR
580 797 288 89 AUGUSTE
763 797 288 89 LAVERDET,

250 844 522 95 bINTRODUCTION
680 844 215 95 PAR
803 844 184 95 M.
895 844 276 95 JULES
1048 844 246 95 JANIN.

349 942 237 67 <i>Première
538 942 173 67 édition
665 942 205 67 complète,
822 942 95 67 en
870 942 158 67 partie
964 942 221 67 inédite</i>.

60 992 106 71 Un
113 992 177 71 volume
237 992 142 71 in-8
326 992 106 71 de
379 992 177 71 XXXII—
503 992 124 71 608
574 992 177 71 pages,
698 992 142 71 avec
787 992 124 71 six
858 992 266 71 fac-simile,
1070 992 106 71 et
1124 992 106 71 la
1177 992 248 71 généalogie
1372 992 106 71 de
1407 992 71 71 la

508 1038 194 62 famille
649 1038 106 62 de
702 1038 194 62 Boileau
826 1038 211 62 Despréaux.

694 1089 84 55 iRn
742 1089 72 55 ()
778 1089 72 55 C)
813 1089 72 55 ()
837 1089 48 55 Cm

322 1137 317 61 SOMMAIRE
559 1137 158 61 DU
638 1137 290 61 CONTENU
849 1137 158 61 DE
929 1137 158 61 CE
981 1137 238 61 VOLUME:

43 1181 248 73 PREMIÈRE
230 1181 207 73 PARTIE
374 1181 248 73 (Premier
561 1181 207 73 volume
706 1181 124 73 du
768 1181 310 73 manuscrit).
1016 1181 103 73 —
1057 1181 373 73 Correspondance
1347 1181 145 73 entre

93 1246 211 52 Boileau
246 1246 250 52 Despréaux
439 1246 115 52 et
496 1246 250 52 Brossette
688 1246 269 52 (contenant
900 1246 384 52 soixante-quinze.
1226 1246 211 52 lettres
1361 1246 134 52 auto-

95 1294 220 48 graphes
255 1294 220 48 signées
415 1294 120 48 de
475 1294 220 48 Boileau
635 1294 300 48 Despréaux).
855 1294 60 48 —

909 1291 165 53 Arrêt
1018 1291 110 53 de
1073 1291 219 53 noblesse
1238 1291 110 53 de
1293 1291 110 53 la
1329 1291 165 53 famille

92 1327 129 51 de
156 1327 236 51 Boileau
306 1327 258 51 Despréaux.

538 1334 99 43 —
578 1334 238 43 Sentence
756 1334 139 43 des
836 1334 238 43 requêtes
1014 1334 119 43 du
1074 1334 198 43 Palais
1212 1334 139 43 sur
1292 1334 119 43 le
1331 1334 159 43 procès

95 1372 110 54 du
150 1372 201 54 Lutrin.
296 1372 91 54 —
333 1372 201 54 Lettres
479 1372 110 54 et
534 1372 183 54 pièces
662 1372 110 54 de
717 1372 201 54 divers.
863 1372 91 54 —
900 1372 238 54 Testament
1083 1372 110 54 de
1137 1372 201 54 Boileau
1265 1372 220 54 Despréaux.

52 1420 222 44 DEUXIÊME
219 1420 204 44 PARTIE,
368 1420 111 44 ou
423 1420 389 44 <i>Supplément</i>
757 1420 241 44 (deuxième
942 1420 185 44 volume
1072 1420 111 44 du
1127 1420 278 44 manuscrit,)
1331 1420 167 44 compre-

94 1463 149 55 nant
187 1463 130 55 les
262 1463 205 55 papiers
411 1463 112 55 de
466 1463 205 55 Boileau
615 1463 242 55 Despréaux
801 1463 205 55 laissés
950 1463 93 55 à
987 1463 112 55 sa
1043 1463 167 55 mort,
1154 1463 112 55 et
1210 1463 186 55 donnés
1340 1463 93 55 à
1359 1463 130 55 Bros

634 1514 237 34 —

846 1499 150 63 Les
931 1499 193 63 Héros
1060 1499 129 63 du
1124 1499 214 63 Roman,
1253 1499 236 63 dialogue.

95 1501 171 57 sette
209 1501 133 57 par
285 1501 190 57 l’abbé
418 1501 228 57 Boileau,
589 1501 133 57 son
646 1501 152 57 frère.

17 1560 150 38 —

150 1546 167 50 Deux
255 1546 272 50 Épitaphes
464 1546 125 50 de
526 1546 230 50 Racine.
694 1546 105 50 —
735 1546 230 50 Réponse
903 1546 105 50 à
944 1546 125 50 un
1007 1546 230 50 mémoire
1174 1546 125 50 de
1237 1546 209 50 Claude
1363 1546 125 50 Per-

95 1587 186 55 rault.
226 1587 93 55 —
263 1587 223 55 Lettres:
430 1587 112 55 au
486 1587 167 55 comte
597 1587 112 55 de
653 1587 223 55 Vivonne;
821 1587 93 55 à
858 1587 242 55 Maucroix;
1044 1587 93 55 à
1081 1587 186 55 Racine
1211 1587 149 55 (dix
1285 1587 205 55 lettres);

99 1629 101 52 à
139 1629 202 52 Madame
281 1629 243 52 Manchon,
463 1629 121 52 sa
523 1629 182 52 sœur;
645 1629 101 52 à
685 1629 202 52 Madame
827 1629 121 52 la
887 1629 243 52 marquise
1069 1629 121 52 de
1130 1629 263 52 Villette;
1332 1629 101 52 à
1373 1629 121 52 M.
1413 1629 81 52 de

96 1672 125 53 La
159 1672 271 53 Chapelle,
367 1672 146 53 son
450 1672 187 53 neveu
575 1672 167 53 (dix
679 1672 271 53 lettres);
888 1672 104 53 à
929 1672 125 53 M.
992 1672 125 53 le
1054 1672 187 53 comte
1179 1672 125 53 de
1221 1672 229 53 Maurepas;

1371 1673 129 52 à

89 1710 119 53 M.
149 1710 119 53 de
208 1710 356 53 Pontchartrain;
504 1710 99 53 à
544 1710 119 53 M.
603 1710 198 53 l’abbé
741 1710 217 53 Bignon;
899 1710 99 53 à
939 1710 119 53 M.
998 1710 119 53 le
1057 1710 178 53 comte
1176 1710 119 53 de
1235 1710 178 53 Revel
1354 1710 138 53 sur
1413 1710 79 53 le

90 1757 206 52 combat
235 1757 124 52 de
297 1757 248 52 Crémone;
483 1757 103 52 à
524 1757 124 52 M.
586 1757 124 52 Le
648 1757 248 52 Verrier;
833 1757 103 52 à
875 1757 310 52 Destouches;
1122 1757 124 52 au
1184 1757 165 52 père
1267 1757 227 52 Thoulier,

98 1797 184 51 (trois
227 1797 240 51 lettres),
411 1797 166 51 etc.,
522 1797 203 51 etc...;
669 1797 221 51 Maucroix
835 1797 92 51 à
872 1797 258 51 Despréaux,
1075 1797 166 51 (cinq
1186 1797 240 51 lettres);
1351 1797 148 51 Racine

92 1835 98 48 à
132 1835 273 48 Despréaux;
346 1835 117 48 le
405 1835 156 48 père
503 1835 234 48 Bouhours
679 1835 98 48 à
718 1835 273 48 Despréaux,
932 1835 176 48 etc.,
1050 1835 156 48 etc.
1147 1835 98 48 —
1186 1835 195 48 Pièces
1323 1835 117 48 de
1362 1835 137 48 vers:

97 1882 306 46 Épigrammes;
341 1882 224 46 Chanson
504 1882 102 46 à
545 1882 204 46 boire;
687 1882 224 46 Enigme;
850 1882 224 46 Parodie
1013 1882 285 46 burlesque;
1237 1882 244 46 Réponses
1400 1882 102 46 aux

101 1923 236 53 jésuites
279 1923 118 53 de
338 1923 236 53 Trévoux;
515 1923 276 53 Quatrains;
732 1923 177 53 etc.,
850 1923 158 53 etc.
948 1923 236 53 Fragment
1126 1923 158 53 d’un
1224 1923 236 53 prologue
1382 1923 118 53 d’o-

95 1971 268 53 péra....;
302 1971 227 53 Préface
466 1971 165 53 pour
569 1971 124 53 la
631 1971 206 53 Satire
776 1971 165 53 XII.
879 1971 186 53 Notes
1002 1971 165 53 pour
1105 1971 371 53 l’intelligence
1394 1971 103 53 des

103 2011 190 48 œuvres
236 2011 229 48 diverses
408 2011 114 48 de
465 2011 267 48 Despréaux,
674 2011 133 48 sur
750 2011 114 48 la
808 2011 209 48 préface
960 2011 114 48 de
1017 2011 248 48 l’édition
1207 2011 171 48 in-4°
1322 2011 114 48 de
1360 2011 133 48 1701.

51 2049 249 55 TROISIÈME
242 2049 210 55 PARTIE,
395 2049 115 55 ou
452 2049 402 55 <i>Appendice</i>.
797 2049 96 55 —
835 2049 229 55 Mémoires
1007 2049 115 55 de
1064 2049 268 55 Brossette,
1275 2049 134 55 sur
1332 2049 172 55 Boileau

102 2099 277 54 Despréaux,
320 2099 217 54 d’après
478 2099 138 54 les
557 2099 257 54 fragments
754 2099 257 54 originaux
952 2099 257 54 conservés
1149 2099 99 54 à
1189 2099 119 54 la
1228 2099 277 54 Bibliothèque

199 2141 171 58 —

78 2138 235 55 Impériale.

350 2143 226 42 Lettres
515 2143 123 42 de
577 2143 123 42 M.
639 2143 123 42 A.
700 2143 268 42 Péricaud,
906 2143 123 42 et
968 2143 350 42 dissertation,
1256 2143 123 42 au
1318 2143 185 42 sujet
1421 2143 82 42 de

181 2187 192 37 —

70 2177 238 57 Brossette.

344 2171 180 62 Table
464 2171 280 62 analytique
684 2171 140 62 des
764 2171 180 62 noms,
884 2171 140 62 des
963 2171 200 62 lieux,
1103 2171 180 62 etc.,
1223 2171 180 62 cités
1343 2171 160 62 dans
1423 2171 80 62 la

100 2225 354 62 correspondance
395 2225 177 62 entre
513 2225 216 62 Boileau
671 2225 256 62 Despréaux
868 2225 118 62 et
907 2225 236 62 Brossette.

216 2264 170 68 Prix,
329 2264 188 68 papier
461 2264 170 68 carré
555 2264 151 68 vélin.

733 2280 132 44 6
786 2280 132 44 6
865 2280 132 44 6
891 2280 105 44 <0

1333 2252 114 77 10
1371 2252 95 77 fr.

164 2321 156 43 —

328 2294 199 75 papier
467 2294 179 75 grand
586 2294 199 75 raisin
725 2294 199 75 vélin.
864 2294 99 75 .
904 2294 99 75 .
944 2294 99 75 .
983 2294 99 75 .
1023 2294 99 75 .
1063 2294 99 75 .
1102 2294 99 75 .
1142 2294 99 75 .
1182 2294 99 75 .
1222 2294 99 75 .
1241 2294 60 75 .

1328 2319 118 52 15
1368 2319 98 52 fr.

174 2361 135 46 —

315 2365 246 51 papier
488 2365 221 51 grand
635 2365 246 51 raisin
807 2365 270 51 vergé..
1004 2365 123 51 .
1053 2365 123 51 .
1102 2365 123 51 .
1201 2365 123 51 .
1225 2365 74 51 .

1331 2362 113 66 15
1369 2362 94 66 fr.

166 2398 136 57 Il

274 2408 102 68 a
314 2408 142 68 été
396 2408 162 68 tiré
497 2408 284 68 vingt-cinq
720 2408 305 68 exemplaires
964 2408 142 68 sur
1045 2408 203 68 papier
1167 2408 142 68 grand

96 2429 188 95 raisin
228 2429 282 95 fort,vergé,
454 2429 264 95 numérotés,
661 2429 151 95 avec
755 2429 169 95 titre
868 2429 207 95 imprimé
1019 2429 151 95 noir
1113 2429 113 95 et
1150 2429 151 95 rouge,

96 2488 111 59 et
152 2488 185 59 collés
282 2488 167 59 après
374 2488 278 59 l’impression.

1324 2471 124 85 30
1366 2471 103 85 fr.

646 2508 173 53 6
715 2508 173 53 6
853 2508 173 53 6
923 2508 173 53 4
992 2508 173 53 6
1061 2508 173 53 6
1130 2508 173 53 6
1199 2508 104 53 0

49 2542 248 59 L’épitaphe
244 2542 106 59 de
298 2542 177 59 Racine
422 2542 124 59 par
493 2542 195 59 Boileau
635 2542 248 59 Despréaux,
830 2542 231 59 conservée
1007 2542 142 59 dans
1096 2542 213 59 l’Église
1238 2542 266 59 Saint

93 2589 104 48 du
145 2589 156 48 Mont,
248 2589 104 48 et
300 2589 242 48 reproduite
491 2589 138 48 dans
577 2589 104 48 ce
629 2589 190 48 volume,
767 2589 86 48 a
802 2589 121 48 été
871 2589 156 48 tirée
975 2589 86 48 à
1009 2589 156 48 part,
1113 2589 138 48 pour
1200 2589 121 48 les
1269 2589 156 48 trois
1355 2589 156 48 papiers

92 2618 160 55 grand
199 2618 195 55 raisin,
323 2618 213 55 seulement.

196 2694 197 88 Paris.
334 2694 99 88 —
374 2694 296 88 Typographie
610 2694 118 88 de
669 2694 217 88 Gaittet
827 2694 118 88 et
886 2694 158 88 Cie,
985 2694 138 88 rue
1064 2694 315 88 Git-ie-Ceur,
1300 2694 79 88 7.
