1651 2970
649 71 186 113 —
723 71 261 113 422
835 71 112 113 —

79 177 178 78 5071
190 177 423 78 Arenberg
546 177 156 78 (le
635 177 223 78 prince
791 177 134 78 de
858 177 223 78 Ligne,
1014 177 156 78 duc
1103 177 178 78 d’),
1214 177 312 78 gouverneur
1437 177 89 78 de

129 249 170 53 Mons
235 249 127 53 et
298 249 191 53 grand
426 249 212 53 bailly
574 249 127 53 de
638 249 254 53 Hainaut;
828 249 127 53 il
892 249 191 53 donna
1019 249 191 53 asile
1146 249 127 53 et
1210 249 148 53 une
1295 249 233 53 pension
1443 249 85 53 au

127 286 191 69 poëte
254 286 361 69 Jean-Baptiste
552 286 276 69 Rousseau.
764 286 212 69 Quitt.
913 286 170 69 sig.
1019 286 127 69 La
1083 286 191 69 Haye,
1210 286 127 69 27
1274 286 191 69 sept.
1380 286 149 69 1742.

-3 343 1379 58 In-4.
916 343 766 58 3
1069 343 460 58 »

80 391 195 59 5072.
210 391 412 59 Argenson
557 391 303 59 (Marc-René
795 391 130 59 de
860 391 217 59 Voyer,
1012 391 238 59 marquis
1185 391 173 59 d’),
1272 391 260 59 gouyerneur

128 434 130 66 de
193 434 303 66 Vincennes,
431 434 497 66 lieutenant-général.
863 434 130 66 L.
928 434 173 66 aut.
1036 434 173 66 sig.
1144 434 281 66 Clermont,
1360 434 130 66 16
1403 434 130 66 août

94 480 516 72 1775.
438 480 287 72 1
553 480 344 72 p.
725 480 402 72 pl.
954 480 516 72 in-4.
1299 480 287 72 5
1356 480 172 72 »

83 530 167 74 5073.
195 530 315 74 Asioli
455 530 241 74 (Joseph),
640 530 278 74 archéologue
863 530 223 74 italien.
1030 530 111 74 L.
1086 530 148 74 aut.
1178 530 148 74 sig.
1271 530 130 74 (en
1327 530 204 74 italien),

128 598 121 55 à
176 598 289 55 François
393 598 338 55 Rosaspina.
659 598 265 55 Modène,
852 598 121 55 6
900 598 193 55 déc.
1020 598 217 55 1821.
1165 598 121 55 1
1213 598 145 55 p.
1286 598 217 55 in-4.
1431 598 121 55 2
1455 598 72 55 »

80 646 197 66 5074.
212 646 351 66 Balbi
497 646 175 66 (Mme
606 646 132 66 la
672 646 263 66 comtesse
869 646 175 66 de),
979 646 153 66 née
1067 646 241 66 Caumont
1242 646 132 66 de
1308 646 132 66 la
1352 646 175 66 Force,

132 698 160 56 dame
232 698 219 56 d’atour
391 698 120 56 de
451 698 359 56 Madame
750 698 239 56 comtesse
930 698 120 56 de
990 698 259 56 Provence.
1189 698 120 56 L.
1249 698 160 56 aut.
1349 698 179 56 sig.,
1448 698 80 56 au

125 742 292 61 vicomte
337 742 159 61 de
416 742 424 61 Montmorency.
761 742 159 61 30
840 742 239 61 août.
999 742 133 61 1
1052 742 159 61 p.
1132 742 186 61 pl.
1238 742 239 61 in-8.
1397 742 133 61 2
1423 742 106 61 50

81 783 204 74 5075.
217 783 475 74 Barthélemy
624 783 158 74 (le
715 783 249 74 marquis
896 783 181 74 de),
1009 783 362 74 ambassadeur,
1303 783 226 74 membre
1439 783 90 74 du

132 838 313 68 Directoire,
383 838 271 68 sénateur,
591 838 167 68 etc.
696 838 125 68 L.
758 838 167 68 aut.
863 838 167 68 sig.
967 838 188 68 Bale,
1093 838 104 68 2
1134 838 251 68 germinal
1322 838 125 68 an
1385 838 167 68 III.
1468 838 63 68 2

47 878 636 78 p.
365 878 953 78 in-4.
1000 878 530 78 2
1106 878 424 78 50

84 941 186 67 5076.
208 941 351 67 Battle
497 941 268 67 (Pierre),
704 941 207 67 poëte.
848 941 124 67 L.
910 941 165 67 aut.
1014 941 186 67 sig.,
1138 941 103 67 à
1179 941 186 67 M....
1282 941 248 67 Perpignan,

119 977 211 73 25
224 977 388 73 février
506 977 317 73 1809.
718 977 176 73 8
788 977 247 73 gr.
929 977 211 73 p.
1035 977 247 73 pl.
1176 977 317 73 in-4.
1387 977 176 73 6
1422 977 106 73 »

182 1017 285 82 Très-belle
406 1017 204 82 lettre
548 1017 305 82 littéraire,
792 1017 122 82 la
853 1017 163 82 plus
955 1017 204 82 grande
1097 1017 204 82 partie
1240 1017 122 82 en
1281 1017 142 82 vers.

86 1079 183 83 5077.
208 1079 326 83 Bayle
472 1079 265 83 (Pierre),
676 1079 366 83 métaphysicien.
981 1079 122 83 L.
1042 1079 183 83 aut.,
1165 1079 102 83 à
1205 1079 122 83 M.
1266 1079 122 83 le
1327 1079 204 83 maître
1450 1079 81 83 de

133 1138 129 62 la
198 1138 194 62 poste
327 1138 129 62 de
392 1138 280 62 Toulouse,
607 1138 172 62 pour
714 1138 194 62 faire
844 1138 194 62 tenir
973 1138 108 62 à
1016 1138 129 62 M.
1080 1138 237 62 Arabet,
1252 1138 280 62 marchand,
1446 1138 86 62 au

133 1200 225 43 Carla,
291 1200 180 43 dans
404 1200 135 43 le
472 1200 203 43 comté
607 1200 135 43 de
674 1200 203 43 Foix.
810 1200 293 43 Hollande,
1035 1200 135 43 15
1103 1200 248 43 janvier
1283 1200 203 43 1699.
1418 1200 113 43 3
1441 1200 90 43 p.

16 1238 1239 62 in-4.
843 1238 826 62 30
1118 1238 413 62 »

187 1263 160 81 ...
278 1263 137 81 Il
347 1263 137 81 ne
415 1263 160 81 lui
507 1263 205 81 parle
643 1263 160 81 que
735 1263 182 81 d’un
849 1263 205 81 livre
986 1263 137 81 de
1054 1263 137 81 M.
1122 1263 137 81 de
1191 1263 251 81 Cambrai
1351 1263 182 81 contre

134 1321 131 73 M.
200 1321 131 73 de
265 1321 218 73 Meaux,
418 1321 175 73 mais
527 1321 131 73 il
593 1321 109 73 y
637 1321 131 73 en
702 1321 109 73 a
746 1321 284 73 plusieurs
964 1321 131 73 de
1030 1321 175 73 part
1139 1321 131 73 et
1204 1321 306 73 d’autre...
1423 1321 109 73 «Il

138 1373 172 73 «est
245 1373 150 73 sûr
331 1373 150 73 que
417 1373 129 73 le
481 1373 236 73 premier
653 1373 129 73 de
718 1373 150 73 ces
804 1373 172 73 deux
911 1373 236 73 prélais
1083 1373 150 73 est
1169 1373 150 73 mal
1255 1373 107 73 à
1298 1373 129 73 la
1362 1373 172 73 Cour
1448 1373 86 73 de

138 1417 258 69 «France,
331 1417 172 69 mais
439 1417 151 69 ses
525 1417 258 69 affaires
718 1417 129 69 ne
783 1417 172 69 vont
890 1417 151 69 pas
976 1417 151 69 mal
1062 1417 108 69 à
1105 1417 129 69 la
1170 1417 172 69 Cour
1277 1417 129 69 de
1342 1417 194 69 Rome,
1449 1417 86 69 et

136 1462 155 81 «il
225 1462 111 81 a
269 1462 133 81 en
336 1462 222 81 France
491 1462 267 81 beaucoup
691 1462 133 81 de
758 1462 311 81 partisans.
1002 1462 133 81 On
1069 1462 222 81 trouve
1224 1462 200 81 qu’il
1357 1462 111 81 a
1380 1462 155 81 beau-

140 1515 188 70 «coup
265 1515 271 70 d’esprit,
474 1515 167 70 mais
578 1515 125 70 il
640 1515 167 70 s'en
744 1515 146 70 est
828 1515 146 70 mal
911 1515 208 70 servi,
1057 1515 167 70 tant
1161 1515 125 70 de
1224 1515 229 70 visions
1369 1515 167 70 misty-

138 1555 225 66 «ques,
296 1555 135 66 de
364 1555 293 66 dévotions
589 1555 361 66 pardonnables
882 1555 113 66 à
927 1555 203 66 peine
1063 1555 113 66 a
1108 1555 158 66 des
1198 1555 293 66 hermites;
1423 1555 135 66 ou
1468 1555 68 66 à

139 1613 169 66 «des
245 1613 275 66 religieux
457 1613 297 66 fanatiques
690 1613 360 66 sieient-elles
986 1613 169 66 bien
1092 1613 106 66 à
1134 1613 127 66 un
1177 1613 360 66 archevêque?...»

92 1658 180 86 5078.
212 1658 341 86 Bayle
493 1658 361 86 Métaphysicien.
793 1658 120 86 L.
854 1658 180 86 aut.,
974 1658 100 86 à
1014 1658 120 86 M.
1074 1658 140 86 ...
1154 1658 120 86 10
1214 1658 220 86 janvier
1375 1658 180 86 1697,
1475 1658 60 86 1

131 1723 175 66 p.
218 1723 263 66 in-4.
394 1723 380 66 (Fatiguée
686 1723 146 66 à
744 1723 175 66 la
832 1723 263 66 marge
1007 1723 467 66 extérieure).
1387 1723 175 66 15
1445 1723 88 66 »

186 1765 275 69 Relative
392 1765 115 69 à
438 1765 137 69 un
507 1765 298 69 manuscrit
736 1765 206 69 qu’il
874 1765 160 69 lui
965 1765 344 69 propose....
1240 1765 206 69 «l’ai
1378 1765 115 69 à
1401 1765 137 69 vous

141 1808 194 58 «dire
271 1808 151 58 que
357 1808 259 58 personne
551 1808 129 58 en
615 1808 129 58 ce
680 1808 172 58 pays
788 1808 129 58 cy
853 1808 194 58 quand
982 1808 129 58 ce
1046 1808 215 58 seroit
1197 1808 129 58 le
1240 1808 302 58 chef

139 1856 173 61 «des
247 1856 280 61 Scaligers
463 1856 129 61 et
528 1856 151 61 des
614 1856 280 61 Saumaises
829 1856 173 61 n’en
937 1856 259 61 voudroit
1131 1856 216 61 donner
1282 1856 129 61 ce
1347 1856 151 61 que
1412 1856 129 61 vous

143 1907 151 76 «en
230 1907 280 76 demandez.
445 1907 151 76 Sur
531 1907 129 76 le
596 1907 172 76 pied
703 1907 129 76 où
768 1907 129 76 en
832 1907 151 76 est
919 1907 151 76 ici
1005 1907 129 76 la
1069 1907 301 76 librairie,
1306 1907 215 76 toutes
1435 1907 108 76 les

142 1956 259 60 «presses
337 1956 173 60 sont
444 1956 259 60 occupées
638 1956 280 60 utilement
854 1956 173 60 pour
962 1956 151 60 les
1048 1956 280 60 libraires
1264 1956 108 60 à
1285 1956 259 60 réimprimer

145 1996 167 80 «des
249 1996 209 80 livres
395 1996 146 80 des
479 1996 209 80 autres
625 1996 250 80 nations,
813 1996 125 80 ou
875 1996 104 80 à
917 1996 146 80 des
1001 1996 250 80 versions
1188 1996 167 80 soit
1272 1996 271 80 françoises,

142 2055 200 54 «soit
275 2055 289 54 flamandes
498 2055 156 54 des
587 2055 223 54 livres
720 2055 312 54 anglois....»

94 2078 195 102 5079.
224 2078 476 102 Beauharnais
635 2078 151 102 (le
722 2078 216 102 prince
873 2078 260 102 Eugène),
1068 2078 260 102 vice-roi
1263 2078 281 102 d’Italie.
1457 2078 87 102 L.

142 2149 207 89 sig.,
280 2149 115 89 à
326 2149 230 89 Moreau
487 2149 138 89 de
557 2149 346 89 Saint-Méry.
833 2149 322 89 Saint-Leu,
1086 2149 138 89 11
1155 2149 184 89 juin
1271 2149 207 89 1814.
1386 2149 161 89 Demi-

122 2192 346 94 page
338 2192 389 94 in-4.
598 2192 433 94 Papier
900 2192 260 94 de
1030 2192 433 94 deuil.
1333 2192 216 94 4
1376 2192 173 94 50

191 2245 123 78 Il
253 2245 123 78 le
315 2245 247 78 remercie
500 2245 123 78 de
561 2245 123 78 la
623 2245 164 78 part
726 2245 185 78 qu’il
849 2245 185 78 prend
972 2245 103 78 à
1014 2245 123 78 la
1075 2245 185 78 perte
1199 2245 123 78 si
1260 2245 226 78 cruelle
1404 2245 144 78 qu’il

145 2297 188 65 vient
271 2297 126 65 de
334 2297 188 65 faire
459 2297 147 65 (de
543 2297 126 65 sa
606 2297 188 65 mère,
731 2297 356 65 l’impératrice
1004 2297 272 65 Joséphine).

97 2346 187 75 5080.
222 2346 394 75 Bellart,
554 2346 270 75 procureur
761 2346 249 75 général,
948 2346 228 75 célèbre
1114 2346 145 75 par
1197 2346 125 75 le
1259 2346 208 75 procès
1405 2346 125 75 du
1446 2346 104 75 ma

147 2382 216 91 réchal
299 2382 173 91 Ney.
407 2382 130 91 L.
472 2382 173 91 aut.
580 2382 195 91 sig.,
710 2382 108 91 à
753 2382 151 91 son
839 2382 324 91 collègue...
1099 2382 108 91 2
1142 2382 173 91 nov.
1250 2382 195 91 1815.
1380 2382 108 91 2
1402 2382 151 91 pages

11 2432 1387 75 in-4.
936 2432 771 75 2
1090 2432 462 75 »

97 2464 187 97 5081.
222 2464 375 97 Belmont
534 2464 208 97 (Mme),
680 2464 229 97 actrice
846 2464 125 97 de
909 2464 416 97 l’Opéra-Comique.
1263 2464 125 97 L.
1325 2464 166 97 aut.
1408 2464 146 97 sig.,

145 2532 110 64 à
189 2532 132 64 M.
255 2532 132 64 le
321 2532 154 64 duc
409 2532 286 64 d’Aumont.
630 2532 132 64 12
696 2532 242 64 juillet
872 2532 198 64 1817.
1004 2532 110 64 2
1048 2532 132 64 p.
1114 2532 198 64 in-4.
1225 2532 330 64 Intéressante.

121 2576 695 68 Portr
685 2576 478 68 colorié
1033 2576 478 68 in-fol.
1380 2576 217 68 4
1424 2576 130 68 »

105 2606 182 96 5082.
226 2606 383 96 Béranger
549 2606 202 96 (J.-P.
690 2606 161 96 de),
791 2606 182 96 notre
912 2606 182 96 poëte
1033 2606 262 96 national.
1234 2606 121 96 L.
1295 2606 161 96 aut.
1396 2606 182 96 sig.,
1496 2606 61 96 à

141 2676 189 67 M.
235 2676 189 67 Du
329 2676 377 67 Château.
612 2676 157 67 8
675 2676 377 67 janvier.
958 2676 157 67 1
1021 2676 189 67 p.
1116 2676 220 67 pl.
1241 2676 283 67 in-8.
1430 2676 157 67 5
1462 2676 94 67 »

102 2716 182 94 5083.
223 2716 384 94 Béranger
546 2716 202 94 (J.-P.
688 2716 162 94 de),
789 2716 182 94 notre
910 2716 182 94 poëte
1032 2716 263 94 national.
1234 2716 121 94 L.
1294 2716 162 94 aut.
1395 2716 182 94 sig.,
1496 2716 61 94 à

143 2765 157 94 M.
221 2765 157 94 Du
300 2765 314 94 Château.
535 2765 131 94 2
587 2765 235 94 sept.
744 2765 235 94 1839.
901 2765 131 94 1
954 2765 157 94 p.
1032 2765 235 94 in-4.
1189 2765 340 94 Curieuse.
1450 2765 131 94 6
1477 2765 78 94 »
