1674 3086
134 144 243 69 combat
304 144 146 69 de
377 144 292 69 Crémone;
596 144 122 69 à
644 144 146 69 M.
717 144 146 69 Le
790 144 292 69 Verrier;
1009 144 122 69 à
1058 144 365 69 Destouches;
1349 144 146 69 au
1398 144 146 69 père

142 209 276 64 Thoulier
349 209 230 64 (trois
510 209 299 64 lettres),
740 209 207 64 etc.,
877 209 253 64 etc...;
1061 209 276 64 Maucroix
1268 209 115 64 à
1291 209 253 64 Despréaux

152 254 209 79 (cinq
291 254 302 79 lettres);
524 254 232 79 Racine
686 254 116 79 à
733 254 325 79 Despréaux;
988 254 139 79 le
1058 254 186 79 père
1174 254 279 79 Bouhours
1383 254 116 79 à
1407 254 139 79 Des

536 315 126 57 —
587 315 253 57 Pièces
763 315 152 57 de
839 315 227 57 vers:
991 315 379 57 Epigrammes;
1294 315 278 57 Chanson
1471 315 76 57 à

138 319 235 75 préaux,
309 319 193 75 etc.,
416 319 128 75 etc.

144 362 238 64 boire;
311 362 262 64 Enigme;
502 362 262 64 Parodie
692 362 334 64 burlesque;
954 362 286 64 Réponses
1169 362 167 64 aux
1264 362 286 64 jésuites
1455 362 95 64 de

138 428 258 58 Trévoux;
331 428 301 58 Quatrains,
567 428 193 58 etc.,
696 428 172 58 etc.
803 428 258 58 Fragment
997 428 172 58 d'un
1104 428 258 58 prologue
1276 428 279 58 d’opéra...;

143 482 237 53 Préface
316 482 173 53 pour
424 482 129 53 la
488 482 216 53 Satire
639 482 173 53 XII;
747 482 194 53 Notes
877 482 173 53 pour
984 482 388 53 l’intelligence
1308 482 151 53 des
1373 482 173 53 œuvres

137 534 253 79 diverses
327 534 127 79 de
390 534 232 79 Boileau
559 534 295 79 Despréaux,
791 534 148 79 sur
875 534 127 79 la
938 534 232 79 préface
1107 534 127 79 de
1170 534 274 79 l’édition
1381 534 169 79 in-4
1466 534 84 79 de

89 586 210 80 1701.

97 665 259 76 TROISIÈME
296 665 219 76 PARTIE,
456 665 120 76 ou
516 665 419 76 <i>Appendice</i>.
874 665 100 76 —
914 665 239 76 Mémoires
1094 665 120 76 de
1153 665 279 76 Brossette,
1373 665 140 76 sur
1432 665 120 76 Boi-

146 727 178 57 leau
257 727 312 57 Despréaux,
502 727 245 57 d’après
681 727 156 57 les
770 727 290 57 fragments
993 727 290 57 originaux
1216 727 290 57 conservés
1439 727 111 57 à
1461 727 89 57 la

141 767 349 81 Bibliothèque
425 767 306 81 Impériale.
665 767 109 81 —
709 767 240 81 Lettres
883 767 131 81 de
949 767 131 81 M.
1014 767 131 81 A.
1080 767 284 81 Péricaud,
1298 767 131 81 et
1342 767 196 81 disser-

148 829 241 62 tation,
323 829 132 62 au
389 829 197 62 sujet
521 829 132 62 de
586 829 307 62 Brossette.
828 829 110 62 —
871 829 197 62 Table
1003 829 307 62 analytique
1244 829 153 62 des
1332 829 197 62 noms,
1441 829 110 62 des

143 878 214 66 lieux,
293 878 193 66 etc.,
421 878 193 66 cités
550 878 171 66 dans
657 878 129 66 la
721 878 386 66 correspondance
1043 878 193 66 entre
1171 878 236 66 Boileau
1321 878 236 66 Despréaux

151 940 125 76 et
193 940 249 76 Brossette.

1234 1014 163 66 10
1288 1014 136 66 fr.

283 1014 197 86 Prix,
414 1014 218 86 papier
567 1014 197 86 carré
676 1014 546 86 vélin..................

1242 1070 141 78 15
1289 1070 118 78 fr.

247 1077 165 55 —

406 1072 220 77 papier
560 1072 198 77 grand
692 1072 220 77 raisin
825 1072 397 77 vélin...........

1245 1125 140 87 15
1291 1125 117 87 fr.

311 1125 118 91 —
359 1125 236 91 papier
524 1125 212 91 grand
665 1125 236 91 raisin
807 1125 424 91 vergé...........

283 1198 127 90 Il
346 1198 106 90 a
389 1198 148 90 été
473 1198 169 90 tiré
579 1198 297 90 vingt-cinq
812 1198 318 90 exemplaires
1067 1198 148 90 sur
1130 1198 106 90 pa-

254 1272 169 66 pier
360 1272 190 66 grand
486 1272 211 66 raisin
634 1272 190 66 fort,
761 1272 211 66 vergé,
909 1272 296 66 numérotés,
1120 1272 127 66 avec

247 1330 201 55 titre
380 1330 245 55 imprimé
559 1330 178 55 noir
670 1330 134 55 et
737 1330 223 55 rouge,
893 1330 134 55 et
960 1330 223 55 collés
1094 1330 156 55 après

222 1369 1017 90 l’impression........
1111 1369 254 90 30
1196 1369 212 90 fr.

105 1448 269 99 L’épitaphe
316 1448 115 99 de
374 1448 192 99 Racine
509 1448 135 99 par
586 1448 212 99 Boileau
740 1448 269 99 Despréaux,
951 1448 250 99 conservée
1144 1448 154 99 dans
1240 1448 231 99 l’Eglise
1394 1448 154 99 Saint-

144 1535 393 58 Etienne-du-Mont,
479 1535 118 58 et
538 1535 275 58 reproduite
754 1535 157 58 dans
852 1535 118 58 ce
911 1535 216 58 volume,
1068 1535 98 58 a
1108 1535 138 58 été
1186 1535 177 58 tirée
1304 1535 98 58 à
1344 1535 177 58 part,
1442 1535 118 58 pour

136 1581 134 70 les
212 1581 172 70 trois
327 1581 211 70 papiers
480 1581 172 70 grand
595 1581 211 70 raisin,
729 1581 230 70 seulement.

160 1887 116 110 A
206 1887 231 110 partir
368 1887 139 110 de
437 1887 139 110 ce
507 1887 208 110 jour,
645 1887 162 110 les
738 1887 254 110 lettres
923 1887 139 110 et
992 1887 162 110 les
1085 1887 324 110 manuscrits
1316 1887 254 110 originaux

109 1978 191 65 dont
228 1978 143 65 se
300 1978 262 65 compose
491 1978 215 65 cette
634 1978 310 65 précieuse
872 1978 429 65 correspondance
1230 1978 239 65 seront
1373 1978 191 65 vendus

105 2045 349 82 séparément,
384 2045 140 82 et
454 2045 116 82 à
500 2045 163 82 des
593 2045 186 82 prix
709 2045 163 82 qui
802 2045 163 82 ont
896 2045 163 82 été
989 2045 419 82 invariablement
1337 2045 233 82 fixés.
1477 2045 93 82 Il

103 2097 247 76 suffira
282 2097 135 76 de
349 2097 269 76 recourir
551 2097 112 76 à
596 2097 135 76 ce
664 2097 202 76 livre
798 2097 180 76 pour
910 2097 202 76 juger
1045 2097 135 76 de
1112 2097 359 76 l’importance
1404 2097 135 76 de
1449 2097 112 76 ces

113 2168 295 69 originaux
340 2168 136 69 et
408 2168 204 69 faire
544 2168 159 69 son
635 2168 204 69 choix
771 2168 136 69 en
839 2168 204 69 toute
975 2168 363 69 connaissance
1269 2168 136 69 de
1315 2168 181 69 cause.

101 2213 165 83 Les
196 2213 353 83 autographes
478 2213 141 83 de
549 2213 259 83 Boileau
737 2213 306 83 Despréaux
972 2213 188 83 sont
1090 2213 235 83 rares,
1255 2213 141 83 et
1326 2213 188 83 tous
1420 2213 141 83 ceux

106 2275 140 70 de
176 2275 211 70 notre
316 2275 257 70 recueil
503 2275 187 70 sont
620 2275 187 70 dans
737 2275 140 70 le
808 2275 281 70 meilleur
1018 2275 187 70 état
1135 2275 140 70 de
1182 2275 351 70 conservation,

1320 2403 92 66 LI1
1373 2403 66 66 2
1399 2403 66 66 u
1425 2403 119 66 -248g
1491 2403 40 66 5

1257 2457 221 73 Anortoqg
1404 2457 147 73 pn

113 2564 157 74 <i>N.
217 2564 157 74 B</i>
322 2564 105 74 M.
374 2564 210 74 Laverdet
532 2564 122 74 est
602 2564 140 74 chez
689 2564 122 74 lui
759 2564 105 74 de
811 2564 87 74 1
846 2564 157 74 heure
951 2564 87 74 à
986 2564 105 74 4,
1038 2564 122 74 les
1108 2564 227 74 dimanches
1283 2564 105 74 et
1335 2564 157 74 fêtes
1422 2564 140 74 excep-

157 2628 154 62 tés;
253 2628 115 62 et
310 2628 115 62 du
368 2628 115 62 15
426 2628 173 62 avril
541 2628 115 62 au
598 2628 115 62 15
656 2628 230 62 octobre,
829 2628 134 62 les
906 2628 250 62 mercredis
1098 2628 115 62 et
1155 2628 211 62 samedis
1290 2628 230 62 seulement.

1374 2780 114 65 b9H.
1431 2780 114 65 E88/b>

1149 2743 144 99 a

391 2787 455 112 ia-TTR
664 2787 592 112 EERTRRERTR,

1334 2838 97 56 igû
