1496 2851
17 110 191 106 2730.
144 110 447 106 Toülongéon
527 110 149 106 (le
612 110 234 106 vicomte
782 110 170 106 dé),
889 110 340 106 littérateur,
1165 110 234 106 député.
1335 110 128 106 Né
1378 110 85 106 au

65 168 214 73 château
220 168 117 73 de
279 168 409 73 Champlitte
629 168 350 73 (Haute-Saône).
921 168 117 73 L.
979 168 156 73 aut.
1077 168 156 73 sig.
1174 168 195 73 Paris,
1310 168 117 73 29
1349 168 117 73 août

23 228 541 66 1807.
384 228 301 66 1
504 228 361 66 p.
684 228 541 66 in-8.
1045 228 301 66 5
1165 228 301 66 1
1225 228 241 66 50

19 253 165 105 2131.
129 253 403 105 Treilhard,
477 253 183 105 avocat
605 253 110 105 au
660 253 238 105 parlement
843 253 110 105 de
898 253 183 105 Paris,
1026 253 183 105 député
1155 253 110 105 de
1191 253 275 105 Seine

63 329 369 83 et-Oise
371 329 103 83 à
412 329 123 83 la
474 329 308 83 Convention.
720 329 123 83 L.
781 329 164 83 aut.
884 329 185 83 sig.,
1007 329 103 83 à
1048 329 123 83 M.
1109 329 308 83 Guillaumot.
1355 329 103 83 1
1376 329 82 83 p.

-70 375 1380 53 in-4.
850 375 767 53 3
1003 375 460 53 »

16 402 188 98 2132.
142 402 356 98 Türgot
435 402 544 98 (Anne-Robert-Jacques),
917 402 251 98 ministre
1105 402 126 98 et
1168 402 188 98 homme
1273 402 188 98 d’État,

60 474 338 64 économiste.
331 474 135 64 L.
399 474 203 64 aut.,
534 474 113 64 à
579 474 135 64 M.
647 474 293 64 Caillard.
872 474 270 64 Limoges,
1075 474 135 64 13
1142 474 248 64 octobre
1300 474 158 64 1772.

40 521 222 51 1
128 521 267 51 p.
262 521 267 51 et
395 521 400 51 demie
662 521 400 51 in-4.
929 521 489 51 Cachet.
1284 521 222 51 5
1329 521 133 51 »

17 549 171 77 2433.
131 549 342 77 Uzanne,
417 549 171 77 poëte
531 549 266 77 d’Auxerre.
740 549 171 77 La
854 549 190 77 fausse
987 549 381 77 conversion,
1292 549 171 77 chanson

62 608 167 69 aut.
167 608 188 69 sig.,
292 608 209 69 suivie
438 608 188 69 d’une
563 608 209 69 lettre
709 608 167 69 aut.
814 608 188 69 sig.,
939 608 104 69 à
981 608 146 69 MM.
1064 608 230 69 Capelle
1231 608 125 69 et
1273 608 188 69 Renand.

-2 663 399 62 Auxerre,
297 663 166 62 9
364 663 366 62 octobre
630 663 300 62 1810.
830 663 166 62 3
896 663 200 62 p.
996 663 233 62 pl.
1129 663 300 62 in-4.
1329 663 166 62 3
1362 663 100 62 »

15 700 181 78 2134.
135 700 442 78 Valentinois
517 700 141 78 (le
597 700 141 78 duc
678 700 161 78 de),
778 700 201 78 prince
919 700 121 78 de
979 700 221 78 Monaco,
1140 700 161 78 pair
1240 700 121 78 de
1280 700 181 78 France.

58 758 136 72 L.
126 758 181 72 aut.
239 758 204 72 sig.,
375 758 113 72 à
420 758 136 72 M.
488 758 136 72 le
556 758 204 72 baron
692 758 294 72 Pasquier.
918 758 249 72 Château
1099 758 136 72 de
1144 758 317 72 l’Orangerie,

32 806 295 53 25
179 806 393 53 août
425 806 443 53 1837.
720 806 246 53 1
819 806 295 53 p.
966 806 443 53 in-4.
1261 806 246 53 2
1310 806 148 53 »

13 845 189 87 2135.
139 845 336 87 Valmy
412 845 147 87 (le
496 845 147 87 dec
580 845 168 87 de),
685 845 168 87 pair
789 845 126 87 de
852 845 231 87 France.
1020 845 126 87 L.
1083 845 147 87 aut
1167 845 189 87 sig.,
1293 845 105 87 à
1335 845 126 87 M.
1377 845 84 87 le

60 900 288 67 président
282 900 133 67 de
348 900 133 67 la
415 900 177 67 cour
526 900 155 67 des
614 900 222 67 pairs.
770 900 222 67 Paris,
925 900 133 67 30
991 900 200 67 avril
1124 900 200 67 1835.
1257 900 111 67 1
1302 900 133 67 p.
1346 900 111 67 pl.

-33 942 1034 57 in-4.
771 942 575 57 1
1001 942 575 57 2
1116 942 345 57 »

16 968 167 108 2436.
128 968 353 108 Vandéuil
425 968 260 108 (Careillon
629 968 148 108 de),
722 968 186 108 député
852 968 111 108 de
907 968 111 108 la
963 968 427 108 Haute-Marne
1316 968 148 108 petit

61 1049 170 74 fils
167 1049 127 74 de
231 1049 255 74 Diderot.
422 1049 127 74 L.
485 1049 170 74 aut.
592 1049 170 74 sig.
698 1049 106 74 3
740 1049 127 74 p.
804 1049 149 74 pl.
889 1049 127 74 et
952 1049 191 74 demie
1080 1049 191 74 petit
1207 1049 212 74 in-12.
1356 1049 106 74 2
1377 1049 85 74 50

14 1079 179 97 2137.
133 1079 198 97 Van
272 1079 278 97 Praet,
490 1079 198 97 savant
629 1079 337 97 bibliographe.
907 1079 119 97 L.
967 1079 159 97 aut.
1066 1079 179 97 sig.,
1185 1079 99 97 à
1225 1079 119 97 M.
1284 1079 119 97 de
1324 1079 139 97 Pixe

44 1141 447 74 récourt.
379 1141 186 74 2
454 1141 298 74 juin
640 1141 335 74 1827.
864 1141 186 74 1
938 1141 224 74 p.
1050 1141 335 74 in-8.
1274 1141 186 74 1
1311 1141 149 74 50

14 1174 169 89 2138.
127 1174 337 89 Varlet,
408 1174 187 89 député
539 1174 112 89 du
595 1174 450 89 Pas-de-Calais
989 1174 94 89 à
1026 1174 112 89 la
1082 1174 281 89 Conventien.
1307 1174 112 89 L.
1345 1174 112 89 aut.

58 1229 207 57 sig..
196 1229 115 57 à
242 1229 161 57 ses
333 1229 321 57 collègues,
586 1229 252 57 membres
769 1229 138 57 du
838 1229 230 57 Comité
999 1229 138 57 de
1068 1229 230 57 sûreté
1206 1229 252 57 générale.

62 1284 212 72 Paris,
210 1284 212 72 prison
358 1284 127 72 de
422 1284 127 72 la
485 1284 212 72 Force,
633 1284 127 72 25
697 1284 254 72 brumaire
887 1284 127 72 an
951 1284 148 72 II.
1036 1284 106 72 3
1078 1284 127 72 p.
1141 1284 148 72 pl.
1226 1284 191 72 in-4.
1353 1284 106 72 7
1374 1284 85 72 50

109 1325 215 69 Exposé
259 1325 129 69 de
323 1325 129 69 sa
387 1325 257 69 conduite
580 1325 129 69 au
645 1325 193 69 sujet
774 1325 129 69 de
838 1325 343 69 l’apposition
1117 1325 129 69 de
1181 1325 129 69 sa
1224 1325 236 69 signature

61 1374 125 58 au
124 1374 146 58 bas
207 1374 125 58 de
269 1374 125 58 la
332 1374 312 58 déclaration
581 1374 146 58 qui
664 1374 104 58 a
706 1374 208 58 motivé
852 1374 354 58 l'arrestation
1143 1374 125 58 de
1205 1374 125 58 73
1247 1374 208 58 dépatés.

15 1405 161 99 2139.
122 1405 357 99 Vasselier
425 1405 232 99 (Joseph),
604 1405 178 99 poëte,
729 1405 125 99 ami
800 1405 107 99 de
854 1405 232 99 Voltaire.
1032 1405 107 99 Né
1085 1405 89 99 à
1121 1405 303 99 Rocroy
1353 1405 107 99 (Ar

60 1466 250 91 dennes).
248 1466 125 91 L.
310 1466 167 91 aut.
415 1466 188 91 sig.,
540 1466 188 91 comme
665 1466 271 91 directeur
873 1466 125 91 de
936 1466 125 91 la
998 1466 208 91 petite
1144 1466 188 91 poste
1269 1466 125 91 de
1311 1466 146 91 Lyon.

24 1520 496 58 Lyon,
355 1520 276 58 3
465 1520 606 58 juillet
906 1520 496 58 1793.
1237 1520 276 58 4
1292 1520 165 58 »

11 1552 167 95 2140.
123 1552 334 95 Vatout,
401 1552 185 95 député
531 1552 111 95 de
586 1552 111 95 la
642 1552 389 95 Côte-d'Or
976 1552 204 95 premier
1124 1552 334 95 bibliothécaire
1384 1552 74 95 de

49 1617 595 62 Louis-Philippe.
550 1617 188 62 L.
644 1617 251 62 aut.
800 1617 251 62 sig.
957 1617 157 62 1
1020 1617 188 62 p.
1114 1617 282 62 in-8.
1301 1617 157 62 1
1333 1617 125 62 50

8 1647 189 87 2141.
134 1647 337 87 Vatry
408 1647 189 87 (V.).
534 1647 126 87 L.
597 1647 168 87 aut.
702 1647 189 87 sig.,
829 1647 105 87 à
871 1647 210 87 madame
1018 1647 189 87 Alphé
1144 1647 126 87 de
1207 1647 210 87 Vatry.
1334 1647 126 87 Nan

52 1714 292 53 terre,
256 1714 146 53 9
315 1714 322 53 octobre
549 1714 263 53 1827.
724 1714 146 53 2
783 1714 175 53 p.
870 1714 175 53 et
958 1714 263 53 demie
1133 1714 292 53 in-12.
1338 1714 146 53 2
1367 1714 88 53 »

10 1734 176 106 2142.
128 1734 332 106 Vatry
401 1734 117 106 L.
460 1734 156 106 aut.
557 1734 176 106 sig.,
675 1734 98 106 à
714 1734 117 106 M.
772 1734 117 106 H.
831 1734 234 106 Prévost.
1007 1734 195 106 Paris,
1143 1734 98 106 5
1183 1734 215 106 octobre
1319 1734 137 106 1841.

22 1810 344 69 2.
194 1810 344 69 p.
366 1810 516 69 in-8.
710 1810 689 69 Cachet..
1227 1810 287 69 2
1284 1810 172 69 »

105 1849 147 72 Sur
189 1849 231 72 l’orgue
357 1849 126 72 de
420 1849 315 72 Saint-Denis
672 1849 126 72 et
735 1849 189 72 celui
862 1849 126 72 de
925 1849 420 72 Saint-Polyçarpe,
1282 1849 105 72 à
1303 1849 147 72 Lvon.

10 1883 188 87 2143.
136 1883 398 87 Vaublauc
470 1883 272 87 (Viennot,
680 1883 188 87 comte
805 1883 167 87 de),
910 1883 251 87 ministre
1098 1883 126 87 et
1161 1883 188 87 homme
1266 1883 188 87 d’Etat.

56 1947 150 62 L.
131 1947 200 62 aut.
256 1947 200 62 sig.
381 1947 225 62 Metz,
530 1947 150 62 21
605 1947 175 62 mai
705 1947 225 62 1813.
855 1947 125 62 1
905 1947 150 62 p.
980 1947 150 62 et
1055 1947 225 62 demie
1204 1947 225 62 in-4.
1354 1947 125 62 2
1379 1947 75 62 »

12 1987 168 91 2144.
124 1987 392 91 Vaulabelle
460 1987 168 91 (de),
572 1987 187 91 auteur
703 1987 112 91 de
759 1987 317 91 l'Histoire
1021 1987 131 91 des
1095 1987 149 91 deux
1170 1987 280 91 Restaura

48 2044 519 57 tions
476 2044 183 57 L.
567 2044 244 57 aut.
720 2044 244 57 sig.
872 2044 153 57 1
933 2044 183 57 p.
1025 2044 214 57 pl.
1147 2044 275 57 in-4.
1330 2044 153 57 2
1360 2044 92 57 »

13 2078 175 94 2145.
129 2078 156 94 Veau
227 2078 117 94 P.
285 2078 136 94 (L.
363 2078 214 94 Anth.),
518 2078 195 94 député
654 2078 525 94 d'Indre-et-Loire
1121 2078 97 94 a
1160 2078 117 94 la
1199 2078 253 94 Convention,

57 2138 133 57 L.
123 2138 178 57 avec
234 2138 355 57 postscriptum
523 2138 133 57 de
589 2138 111 57 4
634 2138 222 57 lignes
789 2138 178 57 aut.
900 2138 200 57 sig.,
1033 2138 200 57 comme
1144 2138 311 57 représentant

57 2191 137 51 du
126 2191 229 51 peuple
286 2191 298 51 composant
515 2191 137 51 la
584 2191 321 51 commission
836 2191 160 51 des
927 2191 298 51 dépêchés,
1156 2191 160 51 aux
1225 2191 229 51 citoyens

54 2227 252 72 membres
238 2227 138 72 de
307 2227 138 72 la
375 2227 321 72 commission
628 2227 321 72 militaire,
880 2227 252 72 établie
1064 2227 115 72 à
1110 2227 252 72 Avesne.
1270 2227 184 72 Paris,

51 2284 161 70 19
132 2284 323 70 messidor
374 2284 161 70 an
455 2284 188 70 II.
562 2284 161 70 1.
643 2284 161 70 p.
724 2284 296 70 in-fol.
939 2284 215 70 Tête
1073 2284 350 70 imprimée.
1342 2284 135 70 6
1369 2284 81 70 »

103 2328 127 57 La
166 2328 296 57 Convention
399 2328 106 57 a
441 2328 169 57 reçu
547 2328 169 57 leur
652 2328 232 57 adresse
821 2328 148 57 par
906 2328 254 57 laquelle
1096 2328 148 57 ils
1159 2328 296 57 l'infornient

55 2373 123 69 de
117 2373 164 69 leur
220 2373 267 69 création,
425 2373 123 69 du
487 2373 226 69 serment
651 2373 206 69 qu’ils
795 2373 144 69 ont
878 2373 185 69 prêté
1001 2373 123 69 en
1063 2373 247 69 présence
1247 2373 144 69 des
1309 2373 144 69 corps

56 2432 291 72 constitués
285 2432 125 72 et
348 2432 312 72 militaires,
597 2432 250 72 l’invite
785 2432 104 72 à
826 2432 208 72 rester
972 2432 104 72 à
1014 2432 146 72 son
1097 2432 208 72 posté,
1243 2432 104 72 à
1264 2432 187 72 frapper

55 2473 177 69 tous
166 2473 155 69 les
254 2473 266 69 traîtres
454 2473 133 69 et
520 2473 377 69 applaudissent
830 2473 133 69 au
897 2473 266 69 supplice
1096 2473 155 69 des
1185 2473 244 69 députés
1340 2473 111 69 qui

58 2532 225 62 avaient
221 2532 246 62 conspiré
406 2532 205 62 centre
549 2532 123 62 la
611 2532 225 62 patrie,
775 2532 123 62 et
836 2532 102 62 à
877 2532 184 62 celui
1000 2532 143 62 des
1082 2532 225 62 infâmes
1226 2532 225 62 assassins

58 2570 148 80 qui
142 2570 148 80 ont
227 2570 148 80 esé
311 2570 253 80 attenter
501 2570 148 80 aux
586 2570 190 80 jours
713 2570 127 80 de
776 2570 211 80 Collot
924 2570 275 80 d’Herbois
1135 2570 127 80 et
1199 2570 211 80 menaéé
1325 2570 127 80 ceux

55 2619 137 69 de
101 2619 319 69 Robespierre.

11 2633 171 102 2146.
125 2633 379 102 Vergennes
447 2633 227 102 (Charles
617 2633 360 102 Gravier
920 2633 171 102 comte
1034 2633 152 102 de),
1129 2633 303 102 ambassadeur,
1356 2633 95 102 mi-

61 2720 190 61 nistre
194 2720 133 61 des
270 2720 228 61 affaires
441 2720 285 61 étrangères.
669 2720 114 61 Né
726 2720 95 61 à
765 2720 304 61 Dijon
1012 2720 342 61 (Côte-d’Or)...
1297 2720 114 61 L.
1335 2720 114 61 aut.
