1563 2936
684 54 252 94 218
792 54 108 94 —

71 135 273 98 personne
276 135 136 98 ou
344 135 136 98 au
412 135 250 98 royaume
594 135 114 98 a
639 135 273 98 paralysé
844 135 136 98 et
912 135 204 98 rendu
1048 135 204 98 vains
1185 135 182 98 tous
1298 135 159 98 ses
1366 135 114 98 ef-

75 231 204 55 forts.
217 231 122 55 Il
278 231 102 55 a
319 231 245 55 toujours
503 231 143 55 cru
584 231 143 55 que
666 231 122 55 la
727 231 163 55 paix
829 231 122 55 et
890 231 122 55 le
951 231 183 55 repos
1073 231 183 55 était
1196 231 204 55 utiles
1338 231 122 55 et
1379 231 102 55 né-

77 260 253 66 cessaires
271 260 97 66 à
310 260 117 66 la
369 260 214 66 patrie;
525 260 117 66 il
583 260 136 66 l’a
661 260 136 66 dit
739 260 273 66 hautement,
954 260 117 66 et
1012 260 117 66 il
1071 260 97 66 a
1110 260 156 66 tout
1207 260 156 66 fait
1305 260 156 66 pour
1383 260 97 66 les

74 323 273 58 procurer,
284 323 273 58 craignant
494 323 126 58 la
557 323 252 58 barbarie
746 323 126 58 de
808 323 126 58 la
871 323 231 58 guerre,
1039 323 189 58 ainsi
1165 323 147 58 que
1249 323 126 58 la
1291 323 189 58 licence

78 360 124 77 et
140 360 268 77 l’avidité
347 360 144 77 des
429 360 165 77 gens
512 360 206 77 d’armes.

124 383 312 90 «L’honneur
369 383 134 90 de
436 383 201 90 cette
569 383 178 90 paix
681 383 245 90 conclue
859 383 156 90 par
948 383 201 90 votre
1082 383 290 90 ministère
1305 383 134 90 et
1349 383 134 90 sous

77 455 165 66 «vos
181 455 248 66 auspices
367 455 103 66 !
408 455 227 66 revient
573 455 124 66 en
635 455 207 66 propre
780 455 103 66 à
822 455 165 66 vous
925 455 124 66 et
987 455 103 66 à
1028 455 186 66 votre
1152 455 269 66 collègue.
1338 455 145 66 Voilà

80 512 151 57 «ce
167 512 151 57 qui
253 512 173 57 doit
361 512 173 57 vous
469 512 216 57 valoir
620 512 129 57 un
685 512 237 57 laurier
857 512 173 57 bien
965 512 237 57 mérité,
1138 512 151 57 non
1224 512 151 57 pas
1310 512 151 57 tel
1375 512 108 57 que

77 550 179 57 «ces
188 550 268 57 lauriers
390 550 157 57 des
479 550 246 57 Césars,
658 550 291 57 ornements
882 550 179 57 d’un
994 550 268 57 triomphe
1195 550 157 57 que
1285 550 179 57 leur
1374 550 112 57 dé-

77 615 264 55 «cernait
275 615 132 55 le
341 615 198 55 Sénat
474 615 176 55 pour
584 615 198 55 avoir
716 615 220 55 égorgé
870 615 286 55 plusieurs
1090 615 264 55 milliers
1267 615 220 55 d’hommes

78 643 182 71 «sur
192 643 136 71 un
260 643 205 71 champ
397 643 136 71 de
465 643 296 71 bataille,
692 643 182 71 mais
806 643 159 71 une
897 643 205 71 palme
1033 643 159 71 qui
1124 643 136 71 ne
1192 643 136 71 se
1238 643 250 71 flétrisse

81 716 264 54 «jamais,
279 716 132 54 et
345 716 154 54 qui
433 716 242 54 restera
609 716 264 54 toujours
806 716 198 54 verte
938 716 154 54 aux
1026 716 176 54 yeux
1136 716 132 54 et
1202 716 176 54 dans
1312 716 132 54 le
1356 716 132 54 sou-

84 740 107 54 «
126 740 192 54 venir
254 740 128 54 de
318 740 192 54 tous,
446 740 170 54 pour
552 740 192 54 avoir
680 740 192 54 sauvé
808 740 149 54 des
893 740 256 54 milliers
1085 740 128 54 de
1149 740 256 54 citoyens
1341 740 128 54 et
1383 740 107 54 dé-

80 793 207 64 «livré
225 793 124 64 la
288 793 207 64 patrie
433 793 145 64 des
516 793 249 64 horreurs
703 793 187 64 d’une
827 793 207 64 guerre
972 793 228 64 civile,
1138 793 207 64 gloire
1284 793 166 64 que,
1367 793 124 64 pour

80 831 188 68 «mon
198 831 259 68 compte,
386 831 141 68 je
457 831 259 68 préfère
645 831 118 68 à
692 831 188 68 tous
809 831 165 68 les
903 831 306 68 triomphes
1138 831 141 68 du
1209 831 235 68 monde.
1350 831 141 68 Mais

83 888 151 67 «de
170 888 281 67 pareilles
386 888 238 67 actions
559 888 216 67 seront
711 888 195 67 mieux
841 888 281 67 célébrées
1057 888 151 67 par
1144 888 130 67 un
1209 888 260 67 écrivain
1382 888 108 67 qui

82 935 189 54 «vous
208 935 147 54 est
292 935 189 54 cher,
419 935 274 54 Passerat,
629 935 168 54 dont
734 935 126 54 la
798 935 189 54 veine
924 935 253 54 poétique
1113 935 147 54 est
1197 935 126 54 si
1239 935 253 54 heureuse.»

84 983 123 58 Il
145 983 184 58 n’ose
268 983 164 58 rien
370 983 225 58 ajouter
534 983 143 58 sur
615 983 123 58 ce
677 983 184 58 sujet
800 983 123 58 de
861 983 164 58 peur
963 983 123 58 de
1025 983 245 58 paraître
1209 983 123 58 se
1270 983 184 58 louer
1372 983 123 58 lui-

81 1024 177 75 même
191 1024 132 75 en
257 1024 221 75 louant
412 1024 199 75 celui
544 1024 154 75 qui
633 1024 110 75 a
677 1024 177 75 fait
787 1024 154 75 son
875 1024 221 75 éloge.
1030 1024 199 75 Quant
1162 1024 110 75 à
1206 1024 132 75 ce
1272 1024 199 75 qu’il
1383 1024 110 75 lui

84 1091 145 51 dit
167 1091 104 51 à
209 1091 124 51 la
271 1091 145 51 fin
354 1091 124 51 de
416 1091 124 51 sa
478 1091 228 51 lettre,
644 1091 187 51 qu’il
768 1091 104 51 a
810 1091 249 51 toujours
996 1091 249 51 triomphé
1183 1091 124 51 de
1245 1091 228 51 l'envie
1390 1091 104 51 au-

84 1127 168 68 près
189 1127 126 68 de
252 1127 147 68 ses
337 1127 337 68 concitoyens,
610 1127 126 68 il
674 1127 168 68 peut
779 1127 126 68 au
842 1127 190 68 moins
968 1127 147 68 lui
1053 1127 211 68 rendre
1200 1127 126 68 ce
1242 1127 253 68 témoignage

89 1189 149 45 que
174 1189 128 45 si
238 1189 171 45 l’on
345 1189 107 45 a
387 1189 149 45 cru
472 1189 149 45 lui
558 1189 235 45 enlever
728 1189 149 45 ses
814 1189 277 45 honneurs,
1027 1189 128 45 on
1091 1189 128 45 ne
1155 1189 149 45 lui
1240 1189 107 45 a
1283 1189 192 45 point
1389 1189 107 45 en-

85 1220 164 61 levé
187 1220 123 61 sa
248 1220 205 61 propre
391 1220 245 61 dignité.
575 1220 164 61 Dans
678 1220 184 61 cette
801 1220 143 61 vie
882 1220 266 61 solitaire
1087 1220 123 61 et
1148 1220 225 61 privée,
1312 1220 123 61 il
1353 1220 143 61 saura

83 1269 132 61 la
149 1269 287 61 maintenir
370 1269 265 61 jusqu’au
568 1269 243 61 dernier
744 1269 220 61 moment
899 1269 176 61 avec
1009 1269 220 61 l’aide
1163 1269 132 61 de
1229 1269 198 61 Dieu,
1362 1269 132 61 et
1406 1269 88 61 il

86 1316 262 65 l’espère,
287 1316 121 65 de
348 1316 161 65 tous
448 1316 141 65 les
529 1316 161 65 gens
630 1316 121 65 de
690 1316 181 65 bien.
811 1316 121 65 Il
872 1316 101 65 y
912 1316 101 65 a
952 1316 121 65 eu
1013 1316 161 65 dans
1113 1316 161 65 tous
1214 1316 141 65 les
1274 1316 222 65 royaumes,

87 1365 171 72 dans
193 1365 214 72 toutes
343 1365 149 72 les
428 1365 342 72 républiques,
706 1365 149 72 des
791 1365 256 72 citoyens
984 1365 171 72 amis
1090 1365 128 72 de
1154 1365 128 72 la
1218 1365 235 72 patrie,
1368 1365 128 72 tels

87 1410 177 70 que,
197 1410 132 70 ne
264 1410 243 70 pouvant
440 1410 287 70 supporter
661 1410 177 70 leur
771 1410 221 70 smœurs
926 1410 287 70 austères,
1147 1410 132 70 on
1213 1410 221 70 aimait
1345 1410 155 70 mieux

88 1462 257 59 éloigner
280 1462 192 59 leurs
408 1462 299 59 personnes.
644 1462 128 59 Il
708 1462 107 59 a
751 1462 150 59 sur
836 1462 150 59 eux
922 1462 150 59 cet
1007 1462 257 59 avantage
1200 1462 192 59 qu’il
1328 1462 150 59 lui
1392 1462 107 59 est

85 1503 232 73 permis
247 1503 139 73 de
317 1503 209 73 vivre
456 1503 185 73 dans
572 1503 162 73 son
664 1503 278 73 domaine,
873 1503 185 73 dans
989 1503 162 73 une
1082 1503 232 73 maison
1244 1503 162 73 des
1314 1503 185 73 champs

87 1559 105 54 à
129 1559 148 54 peu
213 1559 126 54 de
277 1559 253 54 distance
466 1559 126 54 de
530 1559 126 54 la
593 1559 211 54 ville,
740 1559 169 54 avec
846 1559 148 54 les
930 1559 211 54 bonnes
1077 1559 211 54 grâces
1225 1559 126 54 du
1288 1559 148 54 roi
1373 1559 126 54 et
1415 1559 84 54 de

92 1615 124 57 la
154 1615 207 57 reine.
299 1615 228 57 L’envie
465 1615 186 57 s'est
589 1615 228 57 épuisée
755 1615 145 57 sur
838 1615 166 57 lui,
941 1615 166 57 même
1045 1615 228 57 pendant
1210 1615 124 57 sa
1272 1615 145 57 vie
1334 1615 166 57 malgré

91 1655 128 62 ce
155 1655 171 62 qu’a
261 1655 192 62 écrit
389 1655 128 62 un
453 1655 192 62 poëte
581 1655 149 62 que
666 1655 128 62 la
730 1655 171 62 mort
837 1655 192 62 seule
965 1655 128 62 de
1029 1655 149 62 ses
1114 1655 256 62 victimes
1285 1655 213 62 triomphe

88 1701 250 63 d’elle.
270 1701 159 63 Qui
361 1701 273 63 pourrait
566 1701 228 63 envier
725 1701 137 63 sa
794 1701 296 63 condition
1021 1701 296 63 présente?
1249 1701 159 63 les
1340 1701 159 63 uns
1408 1701 91 63 la

88 1748 242 61 croyent
264 1748 308 61 misérable;
506 1748 154 61 les
594 1748 220 61 autres
748 1748 242 61 doivent
925 1748 132 61 au
991 1748 198 61 moins
1123 1748 330 61 reconnaître
1365 1748 132 61 que,

88 1802 164 67 pour
190 1802 123 67 en
251 1802 225 67 obtenir
415 1802 143 67 une
497 1802 287 67 semblable,
722 1802 123 67 il
784 1802 205 67 suffit
927 1802 123 67 de
988 1802 123 67 le
1050 1802 225 67 vouloir
1213 1802 184 67 «Pour
1336 1802 164 67 moi,
1418 1802 82 67 je

90 1851 154 56 «me
178 1851 177 56 sens
289 1851 177 56 plus
399 1851 243 56 heureux
575 1851 309 56 maintenant
818 1851 177 56 qu’à
928 1851 265 56 l’époque
1127 1851 132 56 où
1193 1851 132 56 je
1237 1851 265 56 paraissais

86 1894 146 61 «à
159 1894 195 61 tous
281 1894 146 61 au
354 1894 244 61 comble
525 1894 146 61 de
598 1894 146 61 la
671 1894 317 61 puissance
915 1894 146 61 et
988 1894 171 61 des
1085 1894 317 61 honneurs.
1305 1894 195 61 Adieu,

55 1943 400 62 «aimez

43 1987 209 73 2736.
182 1987 440 73 <b>Lovendal</b>
553 1987 487 73 (U.-Fr.-Woldemar,
970 1987 209 73 comte
1109 1987 185 73 de),
1225 1987 278 73 maréchal
1410 1987 93 73 de

93 2048 241 52 France.
269 2048 132 52 L.
334 2048 175 52 aut.
444 2048 197 52 sig.,
576 2048 110 52 à
620 2048 132 52 M.
685 2048 154 52 ...
773 2048 197 52 Anet,
905 2048 154 52 1er
992 2048 241 52 octobre
1168 2048 197 52 1749.
1300 2048 110 52 1
1343 2048 132 52 p.
1387 2048 110 52 pl.

-38 2085 1384 54 in-4.
885 2085 769 54 3
1039 2085 461 54 »

43 2120 193 69 3737.
171 2120 430 69 <b>Maintenon</b>
537 2120 172 69 (Mme
644 2120 129 69 la
708 2120 258 69 marquise
902 2120 172 69 de).
1009 2120 129 69 L.
1073 2120 172 69 aut.
1181 2120 193 69 sig.,
1310 2120 107 69 à
1353 2120 129 69 M.
1396 2120 107 69 Bo-

97 2174 194 68 noid,
227 2174 281 68 supérieur
443 2174 130 68 de
508 2174 130 68 la
573 2174 238 68 mission
746 2174 130 68 de
811 2174 389 68 Fontainebleau,
1135 2174 108 68 à
1156 2174 346 68 Fontainebleau.

84 2226 194 64 De
181 2226 323 64 Marly,
407 2226 194 64 14
503 2226 484 64 novembre...
891 2226 161 64 1
955 2226 194 64 p.
1052 2226 226 64 pl.
1181 2226 258 64 in-4
1343 2226 194 64 32
1407 2226 97 64 »

138 2267 130 71 Au
203 2267 196 71 sujet
334 2267 130 71 de
399 2267 239 71 l’envoi
573 2267 130 71 de
638 2267 152 71 son
725 2267 261 71 offrande
921 2267 174 71 pour
1030 2267 130 71 la
1095 2267 196 71 quête
1225 2267 130 71 de
1269 2267 239 71 Fontaine-

94 2318 199 73 bleau;
233 2318 159 73 tant
333 2318 219 73 qu’elle
492 2318 199 73 vivra,
631 2318 159 73 elle
731 2318 219 73 prendra
890 2318 119 73 ce
950 2318 159 73 soin
1049 2318 139 73 là.
1129 2318 119 73 Il
1189 2318 159 73 peut
1268 2318 239 73 solliciter

95 2386 130 52 et
160 2386 259 52 recevoir
355 2386 130 52 la
420 2386 238 52 relique
592 2386 194 52 qu’il
722 2386 216 52 plaira
873 2386 108 52 à
917 2386 130 52 M.
981 2386 130 52 le
1046 2386 194 52 nonce
1176 2386 130 52 de
1241 2386 151 52 lui
1306 2386 194 52 donner.

93 2423 160 88 «La
184 2423 205 88 piété
321 2423 137 88 du
389 2423 160 88 Roy
481 2423 160 88 luy
572 2423 182 88 fait
686 2423 273 88 regarder
891 2423 182 88 avec
1005 2423 251 88 respect
1187 2423 160 88 ces
1278 2423 228 88 sortes
1415 2423 91 88 de

66 2471 369 72 «présens...»

48 2506 188 76 2738.
173 2506 418 76 <b>Maintenon</b>
528 2506 167 76 (Mme
633 2506 125 76 la
696 2506 251 76 marquise
883 2506 167 76 de).
988 2506 125 76 L.
1051 2506 167 76 aut.
1155 2506 167 76 sig.
1259 2506 125 76 de
1322 2506 125 76 M.
1364 2506 146 76 l’ar-

95 2572 293 55 chevêque
314 2572 147 55 de
388 2572 220 55 Sens,
534 2572 122 55 à
583 2572 147 55 M.
656 2572 147 55 le
730 2572 195 55 curé
852 2572 147 55 de
925 2572 440 55 Fontainebleau,
1291 2572 147 55 au
1340 2572 171 55 sujet

94 2647 118 72 1.
153 2647 118 72 La
212 2647 157 72 paix
310 2647 216 72 conclue
468 2647 98 72 à
507 2647 334 72 Saint-Germain
782 2647 118 72 au
841 2647 157 72 mois
939 2647 196 72 d’août
1077 2647 157 72 1570
1175 2647 177 72 avait
1293 2647 138 72 été
1352 2647 157 72 nommée

56 2702 101 47 la
107 2702 186 47 <i>paix
242 2702 203 47 boiteuse
394 2702 101 47 et
445 2702 118 47 mal
512 2702 270 47 assise,</i>,
732 2702 152 47 parce
833 2702 186 47 qu’elle
968 2702 152 47 avait
1070 2702 118 47 été
1137 2702 186 47 conclue
1272 2702 118 47 par
1340 2702 169 47 Armand
1441 2702 68 47 de

56 2739 189 87 Biron,
188 2739 132 87 qui
264 2739 170 87 était
377 2739 226 87 boiteux,
546 2739 113 87 et
603 2739 113 87 N.
660 2739 113 87 de
716 2739 207 87 Mesmes,
867 2739 226 87 seigneur
1037 2739 113 87 de
1093 2739 245 87 Malassis,
1282 2739 94 87 à
1319 2739 132 87 qui
1376 2739 132 87 cette

55 2786 180 71 tsttre
181 2786 126 71 est
235 2786 198 71 adresséei
