1152 2233
519 11 98 60 —
559 11 98 60 7
578 11 59 60 —

142 78 174 43 Charmante
276 78 80 43 et
316 78 201 43 spirituelle
477 78 148 43 épître,
584 78 80 43 où
625 78 80 43 il
665 78 94 43 lui
718 78 107 43 fait
785 78 80 43 le
826 78 148 43 tableau
933 78 80 43 le
973 78 107 43 plus
1027 78 67 43 sé-

104 111 152 48 duisant
215 111 83 48 de
256 111 83 48 la
298 111 97 48 vie
353 111 124 48 qu’il
436 111 111 48 mène
505 111 69 48 à
532 111 138 48 Monaco
629 111 83 48 et
671 111 166 48 l’engage
795 111 69 48 à
823 111 124 48 venir
905 111 83 48 le
933 111 152 48 retrouver

110 150 114 44 23600
186 150 165 44 MEYERBEER
313 150 177 44 (Giacomo),
452 150 152 44 illustre
566 150 190 44 compositeur
718 150 76 44 de
756 150 152 44 musique.
870 150 114 44 L.
946 150 76 44 a.
984 150 127 44 s.
1060 150 38 44 à

102 184 161 49 Stephen
219 184 88 49 de
263 184 88 49 La
307 184 205 49 Madeleine;
468 184 175 49 Berlin,;
599 184 88 49 22
643 184 117 49 oct.
716 184 132 49 1862,
804 184 102 49 3/4
862 184 88 49 de
906 184 88 49 p.
950 184 132 49 in-4,
1023 184 73 49 en-

110 220 138 48 veloppe
211 220 100 48 avec
273 220 100 48 cinq
336 220 138 48 cachets
436 220 63 48 à
461 220 88 48 son
512 220 150 48 chiffre.
624 220 75 48 20
649 220 38 48 »

133 252 123 41 C’est
215 252 82 41 la
256 252 137 41 lettre
352 252 96 41 par
407 252 164 41 laquelle
530 252 82 41 il
571 252 150 41 déclare
681 252 137 41 s’unir
776 252 82 41 de
817 252 109 41 cœur
886 252 82 41 et
927 252 123 41 d’âme
1009 252 68 41 à
1023 252 68 41 ses

112 287 184 48 confrères
253 287 85 48 de
295 287 198 48 l’Institut
451 287 85 48 de
493 287 141 48 France
592 287 113 48 pour
662 287 155 48 engager
775 287 99 48 les
832 287 155 48 membres
945 287 85 48 du
973 287 127 48 Conseil

114 325 184 44 municipal
256 325 85 44 de
298 325 128 44 Dijon
383 325 71 44 à
412 325 142 44 élever
511 325 114 44 dans
582 325 85 44 sa
625 325 128 44 ville
710 325 142 44 natale
809 325 99 44 une
866 325 142 44 statue
965 325 85 44 «à
994 325 99 44 l’im-

110 353 145 49 mortel
211 353 217 49 compositeur
385 353 159 49 RAMEAU,
501 353 101 49 une
559 353 101 49 des
617 353 159 49 grandes
733 353 159 49 gloires
849 353 87 49 de
892 353 159 49 l’école
994 353 101 49 fran-

113 396 131 43 çaise.
192 396 39 43 »

113 429 122 43 23601
195 429 122 43 MONCK
276 429 189 43 (Georges),
424 429 95 43 duc
478 429 216 43 d’Albemarle,
654 429 149 43 célèbre
762 429 149 43 général
870 429 162 43 anglais,
992 429 81 43 le
1019 429 81 43 res-

120 456 165 50 taurateur
248 456 89 50 des
298 456 153 50 Stuarts.
413 456 115 50 L.
489 456 76 50 s.
527 456 229 50 Albemarle;
718 456 64 50 5
744 456 102 50 déc.
807 456 115 50 1668,
884 456 89 50 1/2
935 456 76 50 p.
973 456 115 50 in-4.
1036 456 64 50 Lé-

116 500 90 44 gère
172 500 101 44 tache
240 500 113 44 d’eau.
319 500 68 44 14
341 500 34 44 »

117 538 130 36 23602
203 538 145 36 MONROE
305 538 174 36 (James),
435 538 159 36 célèbre
551 538 130 36 homme
638 538 145 36 d’État
740 538 203 36 amériçain,
899 538 188 36 président
1030 538 72 36 des

112 567 186 48 Etats-Unis
258 567 213 48 (1817-1825).
431 567 120 48 L.
510 567 80 48 a.
550 567 146 48 s.
657 567 80 48 23
696 567 106 48 mars
763 567 120 48 1829,
843 567 93 48 1/2
896 567 80 48 p.
936 567 120 48 in-4.
1002 567 93 48 Belle

124 606 79 44 pièce.
179 606 40 44 7
187 606 24 44 »

124 643 106 42 23603
195 643 154 42 MONTALAND
313 643 154 42 (Céline),
431 643 130 42 célèbre
526 643 142 42 actrice.
632 643 106 42 L.
703 643 71 42 a.
739 643 130 42 s.
833 643 59 42 1
857 643 71 42 p.
892 643 118 42 in-12.
963 643 130 42 Curieuse.

1001 667 127 42 2
1026 667 76 42 »

121 708 124 45 23604
204 708 207 45 MONTMORENCY
370 708 194 45 (François,
522 708 97 45 duc
578 708 111 45 de),
647 708 166 45 maréchal
771 708 83 45 de
813 708 152 45 France,
923 708 111 45 fils
992 708 111 45 aîné
1048 708 55 45 du

128 740 175 48 onnétable.
266 740 113 48 L.
342 740 138 48 s.
442 740 100 48 avec
504 740 75 48 la
542 740 175 48 souscript.
680 740 150 48 autogr.,
793 740 63 48 à
818 740 75 48 la
855 740 113 48 reine
931 740 175 48 (Catherine
1056 740 50 48 de

112 767 181 53 Médicis);
251 767 195 53 Chantilly,
404 767 83 53 11
446 767 125 53 févr.
530 767 125 53 1568,
613 767 70 53 1
641 767 83 53 p.
683 767 97 53 pl.
738 767 167 53 in-fol.,
863 767 125 53 trace
947 767 83 53 de
975 767 125 53 cachet.

987 802 137 41 25
1033 802 68 41 »

146 819 145 78 Épître
248 819 102 78 des
306 819 116 78 plus
379 819 204 78 curieuses,
539 819 87 78 où
583 819 87 78 il
626 819 204 78 représente
786 819 102 78 que
844 819 102 78 son
902 819 131 78 frère
990 819 87 78 de
1019 819 87 78 Méru

112 871 120 55 ayant
192 871 94 55 été
245 871 160 55 offensé,
366 871 80 55 on
406 871 80 55 ne
446 871 107 55 doit
513 871 94 55 pas
566 871 147 55 trouver
673 871 147 55 mauvais
780 871 120 55 qu’il
860 871 107 55 tire
914 871 187 55 satisfaction

121 915 85 43 de
163 915 99 43 son
220 915 155 43 injure.
332 915 113 43 «Les
403 915 113 43 Roys
473 915 282 43 très-chrestiens,
713 915 155 43 dit-il,
826 915 127 43 n’ont
911 915 141 43 jamais
995 915 113 43 entre-

123 938 138 55 prins
215 938 92 55 de
261 938 199 55 commander
414 938 107 55 sur
475 938 199 55 l’honneur
628 938 107 55 des
689 938 260 55 gentilshommes
904 938 92 55 et
935 938 168 55 empescher

123 980 97 49 que
178 980 138 49 celluy
275 980 97 49 qui
330 980 97 49 est
385 980 179 49 oultraigé
523 980 83 49 ne
565 980 138 49 puisse
661 980 193 49 poursuivre
813 980 83 49 la
855 980 193 49 réparation
1006 980 83 49 de
1034 980 69 49 son

117 1013 206 54 honneur...»
282 1013 288 54 Très-intéressants
516 1013 137 54 détails.

130 1028 110 70 23605
203 1028 122 70 MORLOT
288 1028 85 70 (F.
337 1028 98 70 N.),
398 1028 171 70 archevêque
532 1028 73 70 de
569 1028 122 70 Paris.
654 1028 110 70 L.
727 1028 73 70 a.
764 1028 134 70 s.
861 1028 110 70 comme
934 1028 171 70 archevêque
1056 1028 49 70 de

126 1079 129 51 Tours,
216 1079 64 51 à
242 1079 77 51 M.
281 1079 103 51 ...;
345 1079 129 51 Tours,
436 1079 77 51 25
474 1079 103 51 mars
539 1079 116 51 1844,
616 1079 64 51 2
642 1079 77 51 p.
681 1079 90 51 pl.
732 1079 116 51 in-8.
809 1079 64 51 4
822 1079 39 51 »

157 1122 152 46 Charmante
274 1122 128 46 épître,
367 1122 70 46 où
402 1122 70 46 il
437 1122 82 46 lui
484 1122 105 46 donne
554 1122 82 46 son
601 1122 93 46 avis
659 1122 82 46 sur
706 1122 82 46 les
753 1122 93 46 vers
811 1122 105 46 qu’il
881 1122 82 46 lui
916 1122 35 46 a

107 1163 154 44 envoyés.

126 1166 112 76 23606
200 1166 137 76 MORTIER
299 1166 174 76 (Édouard),
436 1166 87 76 duc
485 1166 74 76 de
523 1166 149 76 Trévise,
634 1166 149 76 maréchal
746 1166 74 76 de
783 1166 137 76 France.
883 1166 112 76 L.
957 1166 74 76 a.
994 1166 124 76 s.
1069 1166 37 76 à

122 1224 163 51 Reynier;
245 1224 150 51 Frafna,
353 1224 82 51 16
394 1224 109 51 mars
462 1224 122 51 1810,
544 1224 68 51 1
571 1224 82 51 p.
612 1224 95 51 1/2
666 1224 122 51 in-4.
748 1224 68 51 8
761 1224 41 51 »

161 1237 120 72 Pièce
241 1237 187 72 historique
388 1237 94 72 sur
442 1237 80 72 la
482 1237 134 72 guerre
576 1237 187 72 d’Espagne,
723 1237 80 72 où
763 1237 80 72 il
803 1237 94 72 lui
857 1237 107 72 fait
924 1237 134 72 savoir
1017 1237 80 72 la
1044 1237 67 72 po-

128 1299 136 45 sition
224 1299 82 45 de
264 1299 163 45 l’ennemi
387 1299 82 45 et
427 1299 95 45 lui
482 1299 122 45 donne
563 1299 95 45 ses
604 1299 204 45 instructions.

131 1327 126 55 23607
215 1327 126 55 OLDEN
299 1327 196 55 BARNEVELDT
453 1327 126 55 (Jean
537 1327 126 55 van),
621 1327 308 55 grand-pensionnaire
888 1327 84 55 de
930 1327 182 55 Hollande,
1056 1327 56 55 un

121 1359 97 61 des
177 1359 111 61 plus
246 1359 180 61 illustres
384 1359 166 61 citoyens
509 1359 83 61 de
550 1359 97 61 son
606 1359 138 61 temps,
703 1359 111 61 mort
772 1359 97 61 sur
827 1359 194 61 l’échafaud
979 1359 83 61 en
1007 1359 97 61 1617.

133 1395 101 54 L.
200 1395 124 54 s.
290 1395 67 54 13
324 1395 90 54 août
380 1395 101 54 1605,
447 1395 79 54 1/2
492 1395 67 54 p.
526 1395 135 54 in-fol.,
627 1395 101 54 trace
694 1395 67 54 de
728 1395 124 54 cachet.
818 1395 191 54 Très-belle
975 1395 67 54 et
998 1395 112 54 rare

138 1444 73 47 pièce
197 1444 29 47 25
206 1444 15 47 »

134 1445 104 72 23608
204 1445 116 72 ORIANI
285 1445 104 72 (B.),
354 1445 127 72 célèbre
447 1445 150 72 astronome
562 1445 139 72 italien.
666 1445 104 72 L.
736 1445 69 72 a.
770 1445 116 72 s.
851 1445 58 72 à
874 1445 81 72 Mme
920 1445 150 72 Odescalco
1025 1445 92 72 Porta;

132 1507 127 57 Milan,
221 1507 64 57 4
247 1507 89 57 mai
298 1507 114 57 1832,
374 1507 64 57 1
399 1507 76 57 p.
437 1507 114 57 in-4.
514 1507 178 57 Très-belle
653 1507 140 57 lettre.
755 1507 64 57 6
768 1507 38 57 »

138 1548 119 50 23609
217 1548 159 50 OVERBECK
336 1548 199 50 (Frédéric),
495 1548 79 50 un
535 1548 93 50 des
588 1548 106 50 plus
654 1548 159 50 célèbres
774 1548 159 50 peintres
893 1548 225 50 contemporains
1065 1548 53 50 de

134 1586 197 43 l’Allemagne,
294 1586 123 43 membre
380 1586 135 43 associé
479 1586 74 43 de
515 1586 185 43 l’Institut.
663 1586 111 43 L.
737 1586 74 43 a.
774 1586 135 43 s.
873 1586 74 43 en
910 1586 135 43 italien
1008 1586 86 43 (au
1045 1586 74 43 pré-

135 1610 140 52 sident
233 1610 84 52 de
275 1610 196 52 l’Académie
429 1610 98 52 dei
485 1610 182 52 Quiriti);
625 1610 126 52 Rome,
710 1610 84 52 22
752 1610 112 52 juin
822 1610 126 52 1860,
906 1610 70 52 2
934 1610 84 52 p.
976 1610 98 52 pl.
1018 1610 98 52 in

142 1662 75 43 Rare
203 1662 28 43 11
213 1662 14 43 »

165 1662 216 79 Intéressante
340 1662 148 79 lettre,
447 1662 81 79 où
488 1662 81 79 il
528 1662 135 79 expose
623 1662 189 79 longuement
771 1662 94 79 les
825 1662 135 79 motifs
919 1662 94 79 qui
959 1662 162 79 l’obligent

129 1721 68 51 à
157 1721 150 51 refuser
266 1721 82 51 de
307 1721 123 51 faire
388 1721 136 51 partie
484 1721 82 51 de
525 1721 191 51 l’Académie
675 1721 95 51 dei
716 1721 136 51 Quiriti.

137 1760 109 54 23610
210 1760 133 54 PELLICO
307 1760 158 54 (Silvio),
428 1760 121 54 poëte,
513 1760 146 54 l’auteur
622 1760 73 54 de
658 1760 121 54 Mes
743 1760 146 54 Prisons.
852 1760 73 54 L.
889 1760 73 54 a.
925 1760 121 54 s.
1010 1760 73 54 au
1034 1760 85 54 comte

130 1800 86 46 de
173 1800 172 46 Branges;
301 1800 143 46 Turin,
402 1800 86 46 12
444 1800 114 46 mars
516 1800 129 46 1840,
602 1800 72 46 3
631 1800 86 46 p.
673 1800 129 46 in-4.
759 1800 157 46 Légères
874 1800 143 46 taches
974 1800 86 46 et
1003 1800 114 46 déchi-

126 1829 194 52 rure
247 1829 291 52 enlevant
465 1829 291 52 quelques
683 1829 291 52 lettres.
901 1829 145 52 22
949 1829 73 52 »

171 1856 138 61 Épître
268 1856 96 61 des
323 1856 110 61 plus
392 1856 193 61 curieuses,
543 1856 83 61 où
585 1856 83 61 il
626 1856 152 61 console
736 1856 83 61 le
778 1856 124 61 comte
860 1856 83 61 de
902 1856 83 61 la
943 1856 124 61 perte
1026 1856 83 61 de
1053 1856 69 61 son

138 1892 122 65 fils.
219 1892 81 65 Il
259 1892 108 65 faut
327 1892 81 65 se
367 1892 162 65 résigner
489 1892 68 65 à
516 1892 81 65 la
556 1892 149 65 volonté
664 1892 81 65 de
705 1892 122 65 Dieu.
786 1892 95 65 «Ma
840 1892 162 65 jeunesse
961 1892 149 65 n’avait
1056 1892 68 65 été

141 1929 100 58 que
198 1929 157 58 délire,
312 1929 171 58 orgueil,
440 1929 128 58 vaine
526 1929 228 58 philosophie,
711 1929 214 58 fluctuation
883 1929 128 58 d’une
968 1929 171 58 doctrine
1082 1929 43 58 à

140 1960 163 54 l’autre,
263 1960 177 54 confiance
398 1960 109 54 dans
466 1960 81 54 ma
507 1960 177 54 misérable
643 1960 231 54 intelligence.
833 1960 109 54 Dans
901 1960 122 54 cette
982 1960 122 54 folle
1050 1960 68 54 ac-

145 1999 148 51 tivité
249 1999 89 51 de
293 1999 104 51 mes
353 1999 163 51 pensées
471 1999 207 51 mondaines,
634 1999 89 51 le
679 1999 133 51 temps
767 1999 89 51 me
812 1999 178 51 manquait
945 1999 119 51 pour
1004 1999 119 51 réflé-

137 2024 127 57 chir,
222 2024 113 57 pour
292 2024 141 57 sentir
391 2024 127 57 Dieu.
475 2024 85 57 Il
518 2024 85 57 me
560 2024 155 57 fallait
673 2024 99 57 des
729 2024 127 57 jours
814 2024 85 57 de
856 2024 155 57 prison,
969 2024 99 57 dix
1011 2024 113 57 années

139 2076 91 44 de
169 2076 197 44 tombeau...»

131 2103 124 51 23611
214 2103 138 51 PEUCER
311 2103 193 51 (Gaspard),
462 2103 152 51 célèbre
573 2103 207 51 réformateur
739 2103 83 51 et
780 2103 152 51 médecin
890 2103 179 51 allemand,
1015 2103 110 51 gendre

137 2139 89 52 et
182 2139 208 52 successeur
345 2139 89 52 de
390 2139 238 52 Mélanchthon,
583 2139 193 52 longtemps
732 2139 149 52 retenu
836 2139 119 52 dans
911 2139 104 52 une
970 2139 119 52 dure
1030 2139 89 52 cap
