1168 2199
490 -2 112 62 —
534 -2 112 62 3
557 -2 67 62 —

140 54 117 53 Elle
213 54 160 53 déclare
330 54 131 53 avoir
418 54 117 53 reçu
490 54 102 53 du,
549 54 175 53 receveur
680 54 102 53 des
738 54 131 53 États
826 54 190 53 d’Utrecht
972 54 88 53 la
1001 54 102 53 somme

125 91 89 54 le
170 91 103 54 600
229 91 148 54 livres
332 91 89 54 «à
376 91 133 54 cause
465 91 89 54 de
509 91 103 54 une
568 91 133 54 année
657 91 89 54 de
701 91 133 54 rente
790 91 133 54 qu’il
878 91 74 54 a
908 91 118 54 pleu
982 91 103 54 aus
1026 91 74 54 dis

110 135 146 46 Estats
212 135 87 46 de
256 135 146 46 donner
358 135 87 46 au
401 135 175 46 baptesme
532 135 87 46 de
576 135 146 46 nostre
678 135 116 46 fils
751 135 87 46 le
794 135 131 46 comte
867 135 233 46 Henry

83 171 272 47 de
219 171 498 47 Nassau.

127 182 120 73 23543
207 182 120 73 CONDÉ
287 182 227 73 (Louis-Joseph
474 182 80 73 de
514 182 160 73 BOURBON,
634 182 133 73 prince
727 182 107 73 de),
794 182 80 73 un
834 182 93 73 des
887 182 120 73 chefs
968 182 80 73 de
994 182 107 73 l’émi-

116 235 158 55 gration.
235 235 119 55 L.
314 235 132 55 a
406 235 79 55 s.
446 235 66 55 à
472 235 92 55 Son
525 235 185 55 Excellence
670 235 92 55 (un
723 235 145 55 général
828 235 145 55 russé);
920 235 185 55 Schrobenhau-

115 271 103 48 sen;
179 271 103 48 6-17
243 271 115 48 sept.
320 271 115 48 1799,
397 271 64 48 3
423 271 77 48 p.
462 271 115 48 in-4.
539 271 128 48 Rognée
628 271 77 48 en
667 271 115 48 tête.
744 271 64 48 7
757 271 51 48 50

152 314 158 42 Intéressante
280 314 108 42 lettre,
359 314 98 42 écrite
428 314 89 42 alors
487 314 69 42 que
526 314 59 42 le
556 314 89 42 corps
615 314 59 42 du
644 314 98 42 prince
713 314 59 42 de
733 314 69 42 Condé

126 333 116 61 tait
198 333 72 61 à
227 333 87 61 la
270 333 130 61 solde
357 333 87 61 de
401 333 87 61 la
444 333 159 61 Russie.
560 333 174 61 Celui-ci
690 333 159 61 demande
806 333 203 61 instamment
966 333 87 61 la
995 333 101 61 route

119 367 123 56 qu’il
201 367 109 56 doit
269 367 136 56 suivre
365 367 109 56 pour
433 367 82 56 se
473 367 136 56 rendre
569 367 68 56 à
596 367 150 56 Zurich.
705 367 82 56 Il
746 367 109 56 prie
814 367 123 56 aussi
896 367 95 56 Son
937 367 163 56 Excellence

127 403 82 49 le
168 403 150 49 vouloir
277 403 109 49 bien
346 403 95 49 lui
400 403 150 49 envoyer
509 403 109 49 «les
577 403 191 49 déserteurs
727 403 164 49 françois
850 403 95 49 qui
904 403 191 49 pourroient
1041 403 68 49 lui

120 431 134 61 passer
214 431 81 61 et
254 431 94 61 qui
308 431 188 61 voudroient
455 431 134 61 servir
549 431 107 61 dans
617 431 242 61 l’infanterie.»
818 431 121 61 Enfin
899 431 81 61 il
925 431 175 61 apprendrait

126 461 110 65 avec
195 461 151 65 plaisir
305 461 82 65 le
346 461 137 65 succès
442 461 82 65 de
483 461 178 65 l’attaque
620 461 82 65 du
661 461 233 65 Saint-Gothard
853 461 82 65 et
894 461 82 65 la
935 461 165 65 position
1045 461 55 65 du

129 502 136 53 maréchal
231 502 68 53 de
265 502 136 53 Suvarow.
367 502 57 53 —
390 502 79 53 (Le
435 502 68 53 27
469 502 147 53 septembre
582 502 136 53 suivant,
685 502 125 53 Masséna
764 502 102 53 battait

126 539 89 56 es
171 539 253 56 Austro-Russes
379 539 74 56 à
394 539 149 56 Zurich.)

129 565 124 61 23544
212 565 179 61 CONDORCET
350 565 166 61 (Caritat
474 565 110 61 de),
543 565 166 61 illustre
667 565 193 61 philosophe
819 565 83 61 et
861 565 248 61 conventionnel,
1054 565 55 61 de

137 608 97 67 Acad.
202 608 76 67 fr.
245 608 97 67 L.
310 608 108 67 a.
386 608 65 67 (à
418 608 130 67 Ruault),
515 608 54 67 1
537 608 65 67 p.
569 608 76 67 1/2
612 608 97 67 in-8.
677 608 65 67 15
699 608 32 67 »

159 630 166 67 Lurieuse
284 630 152 67 épître,
394 630 83 67 où
436 630 83 67 il
477 630 125 67 parle
560 630 97 67 des
616 630 152 67 lettres
727 630 208 67 d’abolition
893 630 83 67 de
934 630 69 67 a
962 630 125 67 Barre
1031 630 83 67 (qui

122 673 102 54 fut
181 673 175 54 décapité
312 673 87 54 en
355 673 146 54 1766).
457 673 102 54 «Il
515 673 73 54 y
544 673 73 54 a
574 673 189 54 longtemps
719 673 131 54 qu’on
806 673 73 54 a
836 673 146 54 offert
937 673 102 54 ces
981 673 131 54 lettres

127 706 213 63 d’abolition
297 706 85 63 et
339 706 128 63 qu’on
425 706 99 63 les
481 706 71 63 a
510 706 184 63 refusées,
651 706 85 63 du
694 706 128 63 moins
779 706 113 63 pour
850 706 241 63 D’Etalonde...
1034 706 71 63 Si,

129 740 79 52 au
168 740 170 52 contraire
299 740 118 52 elles
378 740 105 52 sont
443 740 118 52 aussi
522 740 105 52 pour
587 740 92 52 lui
640 740 210 52 (D’Etalonde)
810 740 79 52 et
849 740 118 52 qu’il
928 740 92 52 les
967 740 131 52 accepte,

135 779 63 53 1
161 779 101 53 faut
224 779 152 53 plaindre
338 779 76 53 et
376 779 114 53 celui
452 779 89 53 qui
503 779 89 53 les
553 779 127 53 reçoit
642 779 76 53 et
680 779 114 53 celui
756 779 89 53 qui
807 779 89 53 les
858 779 165 53 donne..5»
984 779 76 53 Il
1010 779 101 53 envoie

134 807 94 64 e
172 807 113 64 la
228 807 170 64 copie
342 807 151 64 pour
436 807 113 64 la
492 807 189 64 Vie
625 807 113 64 de
662 807 302 64 Voltaire»

136 829 117 77 23545
214 829 143 77 OQUELIN
319 829 117 77 (C.),
397 829 78 77 un
436 829 91 77 des
488 829 170 77 meilleurs
619 829 170 77 comédiens
749 829 78 77 du
788 829 274 77 Théâtre-Français.
1010 829 52 77 L.

134 889 94 48 a
200 889 66 48 s.,
237 889 47 48 1
256 889 57 48 p.
284 889 66 48 1/2
322 889 94 48 in-12.
388 889 47 48 1
397 889 38 48 50

135 912 128 60 23546
220 912 100 60 ARU
277 912 100 60 (P.
334 912 86 60 A.
377 912 128 60 N.B.,
463 912 143 60 comte)
563 912 157 60 célèbre
677 912 128 60 homme
763 912 157 60 d’État,
877 912 185 60 historien
1019 912 86 60 dé
1048 912 57 60 la

127 946 168 55 Bretagne,
256 946 129 55 membre
347 946 77 55 de
385 946 142 55 l’Acad.
488 946 90 55 fr.
540 946 116 55 L.
618 946 129 55 a
708 946 77 55 s.
747 946 77 55 au
785 946 142 55 docteur
889 946 155 55 Pariset;
1005 946 77 55 14
1031 946 77 55 juin

109 985 306 59 1827,
313 985 170 59 5
381 985 204 59 p.
483 985 238 59 pl.
620 985 306 59 in-4.
824 985 170 59 6
858 985 102 59 »

158 1013 133 61 Épître
251 1013 107 61 fort
318 1013 227 61 intéressante,
505 1013 80 61 où
545 1013 80 61 il
585 1013 93 61 lui
638 1013 147 61 propose
745 1013 133 61 divers
838 1013 173 61 problèmes
972 1013 93 61 sur
1012 1013 93 61 l’as-

129 1054 180 54 tronomie
264 1054 195 54 ancienné,
414 1054 75 54 à
444 1054 150 54 propos
549 1054 90 54 de
594 1054 180 54 quelques
729 1054 120 54 vers
804 1054 120 54 eque
879 1054 120 54 j’ai
939 1054 165 54 hazardés,

110 1097 347 45 dit-il,
363 1097 221 45 sur
489 1097 537 45 l’astronomie.

132 1104 105 73 23547
202 1104 105 73 DEBAY
273 1104 82 73 (J.
319 1104 70 73 B.
355 1104 117 73 Jos.),
436 1104 129 73 célèbre
530 1104 164 73 sculpteur,
659 1104 70 73 né
694 1104 58 73 à
717 1104 129 73 Nantes;
811 1104 105 73 L.
881 1104 140 73 as.
986 1104 58 73 à
998 1104 105 73 Elwart;

125 1163 178 48 1839,
244 1163 99 48 1
284 1163 119 48 p.
343 1163 178 48 in-8.
462 1163 178 48 Jolie
581 1163 218 48 lettre.
739 1163 99 48 2
779 1163 99 48 »

259 1183 84 59 23548
315 1183 103 59 DÉJAZET
390 1183 84 59 (V.),
446 1183 56 59 la
474 1183 103 59 célèbre
549 1183 112 59 actrice.
633 1183 84 59 L.
689 1183 103 59 a.
764 1183 56 59 s.
792 1183 47 59 à
811 1183 84 59 Roger
867 1183 56 59 de
896 1183 122 59 Beauvoir,
989 1183 47 59 1
999 1183 37 59 p.

143 1237 82 55 1/2
190 1237 105 55 in-8.
260 1237 93 55 Très
318 1237 140 55 curieuse
423 1237 128 55 épître.
516 1237 58 55 3
528 1237 35 55 »

132 1259 122 65 23549
214 1259 176 65 DESCHAMPS
349 1259 122 65 (J0s.
430 1259 95 65 Fr.
484 1259 149 65 Louis),
592 1259 135 65 savant
687 1259 162 65 médecin,
809 1259 189 65 chirurgien
957 1259 81 65 en
998 1259 108 65 chef
1052 1259 54 65 de

128 1303 157 54 l’hospiée
249 1303 72 54 dé
285 1303 72 54 la
321 1303 145 54 Charité,
430 1303 121 54 membre
514 1303 72 54 de
550 1303 181 54 l’Institut.
695 1303 109 54 L.
767 1303 133 54 a.
864 1303 84 54 s.;
912 1303 121 54 Paris;
996 1303 72 54 13
1021 1303 84 54 ther-

132 1348 115 53 midor
209 1348 76 53 an
247 1348 89 53 IX,
298 1348 64 53 1
323 1348 76 53 p.
361 1348 115 53 in-4.
438 1348 165 53 Curieuse.
565 1348 64 53 3
578 1348 38 53 »

127 1362 113 74 23550
203 1362 163 74 DESNOYERS
328 1362 151 74 (Louis),
441 1362 151 74 l’auteur
554 1362 88 74 des
604 1362 201 74 Aventures
767 1362 75 74 de
805 1362 163 74 Jean-Paul
918 1362 188 74 Choppart

128 1412 114 58 L.
204 1412 126 58 a
293 1412 89 58 s<.
343 1412 76 58 (à
381 1412 139 58 Stephen
483 1412 76 58 de
520 1412 76 58 La
558 1412 190 58 Mâdelaïne);
710 1412 63 58 8
736 1412 101 58 nov.
799 1412 114 58 1837,
875 1412 63 58 3
900 1412 76 58 p.
938 1412 164 58 1/2’in-4.
1052 1412 63 58 In-

138 1465 138 51 téressante.
248 1465 46 51 2
257 1465 37 51 50

128 1478 95 72 23551
192 1478 105 72 DONNET
266 1478 74 72 (le
308 1478 148 72 cardinal),
424 1478 148 72 archevêque
540 1478 63 72 de
571 1478 137 72 Bordeaux.
677 1478 63 72 L.
708 1478 63 72 a.
740 1478 84 72 s..,
782 1478 74 72 comme

137 1532 144 48 évêque
237 1532 86 48 de
280 1532 201 48 Montauban,
438 1532 72 48 à
467 1532 172 48 l’évêque
597 1532 86 48 de
640 1532 172 48 Langres;
769 1532 201 48 Montauban,
927 1532 72 48 9
956 1532 115 48 oct.
1013 1532 101 48 1848,

133 1573 168 47 3/4
255 1573 92 47 de
301 1573 92 47 p.
347 1573 138 47 in-8.
439 1573 76 47 5
454 1573 61 47 50

163 1582 171 69 Curieuse
291 1582 142 69 épître
390 1582 99 69 sur
447 1582 85 69 la
490 1582 156 69 pension
603 1582 85 69 de
646 1582 171 69 retraite
774 1582 114 69 pour
845 1582 99 69 les
902 1582 142 69 curés,
1001 1582 99 69 qui
1044 1582 71 69 lui

131 1632 137 57 semble
227 1632 109 57 tout
295 1632 68 57 à
323 1632 109 57 fait
391 1632 178 57 contraire
528 1632 68 57 à
555 1632 82 57 la
596 1632 137 57 nature
691 1632 82 57 et
732 1632 68 57 à
760 1632 164 57 l’esprit
883 1632 82 57 du
924 1632 178 57 ministère
1047 1632 68 57 ec

90 1677 455 50 clésiastique.

139 1689 116 74 23552
216 1689 128 74 DORVAL
306 1689 154 74 (Marie),
422 1689 90 74 une
473 1689 90 74 des
524 1689 180 74 meilleures
666 1689 244 74 tragédiennessde
871 1689 90 74 son
922 1689 128 74 temps.
999 1689 116 74 L

142 1749 68 50 à.
176 1749 68 50 s.
210 1749 57 50 à
232 1749 68 50 M.
267 1749 125 50 Soulié,
357 1749 57 50 1
380 1749 68 50 p.
414 1749 102 50 in-8.
482 1749 102 50 Jolie
550 1749 125 50 lettre.
641 1749 57 50 3
653 1749 45 50 50

138 1783 124 58 23553
221 1783 151 58 DUCANGE
331 1783 110 58 (Ch.
399 1783 82 58 DU
441 1783 151 58 FRESNE,
551 1783 151 58 sieur),
660 1783 82 58 un
702 1783 96 58 des
757 1783 151 58 érudits
867 1783 96 58 les
922 1783 110 58 plus
977 1783 137 58 éminents

141 1813 80 59 de
181 1813 93 59 son
234 1813 119 59 temps
313 1813 133 59 auteur
406 1813 80 59 du
446 1813 226 59 Glossarium
632 1813 133 59 infimæ
725 1813 212 59 latinitatis.
897 1813 159 59 P.s
1017 1813 93 59 sur
1057 1813 66 59 vé-

127 1850 165 56 lin;
230 1850 124 56 14
292 1850 165 56 août
395 1850 185 56 1681,
519 1850 165 56 in-4
622 1850 227 56 oblong.
786 1850 185 56 Belle
910 1850 206 56 pièce.
1034 1850 82 56 8»

140 1888 124 66 23554
223 1888 138 66 DULONG
319 1888 110 66 (Fr.
388 1888 124 66 Ch.),
471 1888 138 66 député
567 1888 110 66 sous
636 1888 248 66 Louis-Philippe
843 1888 124 66 connu
925 1888 96 66 par
980 1888 96 66 ses
1022 1888 96 66 idées

148 1921 234 64 républicaines,
343 1921 91 64 tué
395 1921 78 64 en
435 1921 104 64 duël
500 1921 91 64 par
552 1921 78 64 le
591 1921 143 64 général
695 1921 156 64 Bugeaud.
812 1921 117 64 L.
891 1921 117 64 a
969 1921 78 64 s.
1008 1921 65 64 à
1034 1921 78 64 M.
1060 1921 65 64 La-

147 1960 147 67 pelouze;
257 1960 73 67 24
293 1960 147 67 octobre,
403 1960 61 67 1
428 1960 73 67 p.
465 1960 86 67 pl.
514 1960 110 67 in-8.
587 1960 171 67 Très-jolie
721 1960 134 67 lettre.
819 1960 61 67 3
831 1960 37 67 »

147 1986 115 76 23555
224 1986 167 76 ESTIENNOT
352 1986 103 76 (Dom
417 1986 154 76 Claude),
532 1986 128 76 savant
622 1986 141 76 érudit,
724 1986 90 76 qui
776 1986 141 76 rédigea
878 1986 77 76 en
917 1986 77 76 45
955 1986 103 76 yol.
1007 1986 115 76 in

146 2038 143 60 l’histoire
258 2038 61 60 de
289 2038 112 60 l’ordre
370 2038 61 60 de
401 2038 173 60 Saint-Benoit,
544 2038 61 60 né
574 2038 51 60 à
595 2038 112 60 Varenne
666 2038 194 60 (Haute

141 2074 114 55 a
226 2074 57 55 s.
254 2074 47 55 à
273 2074 104 55 Nicolas
349 2074 123 55 Thoynard;
444 2074 85 55 Rome,
500 2074 57 55 23
529 2074 114 55 décembre
614 2074 47 55 1
633 2074 57 55 p.
662 2074 66 55 1/2
699 2074 85 55 in-4.
747 2074 85 55 Légères

144 2092 152 75 déchirures
263 2092 130 75 enlevant
361 2092 130 75 quelques
459 2092 130 75 lettres.
556 2092 173 75 Intéressante
697 2092 119 75 épître.
784 2092 54 75 6
795 2092 43 75 50
