1253 2076
584 22 96 69 —
622 22 96 69 3
641 22 58 69 —

8 87 186 75 29505.
138 87 241 75 CAVAIGNAC
324 87 241 75 (Eugène),
510 87 204 75 célèbre
658 87 223 75 général,
825 87 149 75 chef
918 87 111 75 du
974 87 204 75 pouvoir
1104 87 111 75 exé-

510 148 90 59 cutif
570 148 60 59 en
600 148 90 59 1848.
661 148 50 59 —
681 148 60 59 P.
711 148 60 59 a.
741 148 70 59 s.;
781 148 101 59 Alger,
852 148 60 59 19
882 148 90 59 avril
942 148 90 59 1848,
1003 148 50 59 1
1023 148 60 59 p.
1043 148 50 59 in-

206 183 71 54 4,
242 183 95 54 tête
301 183 107 54 impr.
372 183 71 54 10
396 183 47 54 »»

221 199 117 81 Ordre
299 199 78 81 du
338 199 104 81 jour
402 199 91 81 aux
454 199 168 81 habitants
584 199 78 81 de
622 199 129 81 l’Arba
713 199 104 81 pour
778 199 91 81 les
830 199 155 81 rassurer
946 199 91 81 sur
998 199 207 81 l’inquiétude
1153 199 65 81 que

191 259 98 53 leur
252 259 183 53 inspiraient
399 259 61 53 à
423 259 98 53 tort
484 259 86 53 les
521 259 110 53 Arabes.

20 278 158 66 29506.
131 278 126 66 CHAM
210 278 111 66 (A.
273 278 95 66 de
320 278 126 66 NOÉ,
399 278 142 66 dit),
494 278 95 66 le
542 278 205 66 spirituel
700 278 284 66 caricaturiste.
937 278 79 66 —
968 278 79 66 2
984 278 95 66 des-

188 336 114 57 sins
259 336 71 57 à
287 336 85 57 la
330 336 142 57 plume,
430 336 71 57 1
458 336 85 57 p.
501 336 128 57 in-4.
587 336 85 57 20
615 336 57 57 »»

225 372 83 54 Ces
273 372 143 54 dessins,
380 372 143 54 inspirés
487 372 83 54 par
535 372 71 54 le
571 372 286 54 Vercingétorix
821 372 71 54 du
857 372 155 54 sculpteur
976 372 131 54 Millet,
1071 372 131 54 portent
1154 372 60 54 les

189 409 158 43 légendes
307 409 171 43 suivantes
439 409 66 43 :
465 409 237 43 «Vercingéterix
662 409 131 43 obligé
754 409 79 43 de
793 409 79 43 se
833 409 158 43 défendre
951 409 131 43 contre
1043 409 79 43 un
1069 409 145 43 chaudron-

190 450 105 41 nier
256 450 92 41 qui
308 450 105 41 veut
374 450 158 41 l’étamer
492 450 105 41 sous
558 450 158 41 prétexte
676 450 118 41 qu’il
755 450 92 41 est
808 450 79 41 de
847 450 105 41 même
913 450 118 41 métal
992 450 79 41 ni
1031 450 105 41 plus
1097 450 79 41 ni
1123 450 92 41 moins

194 478 88 52 que
245 478 88 52 ses
295 478 200 52 casseroles.»
458 478 63 52 —
483 478 63 52 «
508 478 88 52 Les
558 478 175 52 pâtissiers
695 478 150 52 adoptant
808 478 100 52 tous
871 478 75 52 le
908 478 213 52 Vercingétorix
1084 478 75 52 en
1109 478 100 52 cuivre

184 512 102 52 afin
248 512 77 52 de
286 512 128 52 sortir
376 512 77 52 de
414 512 89 52 ces
465 512 153 52 éternels
580 512 128 52 moules
669 512 166 52 consacrés
796 512 89 52 par
847 512 77 52 la
873 512 140 52 routine.»

7 532 201 62 29507.
148 532 261 62 CHEVALIER
349 532 261 62 (Michel),
550 532 121 62 le
610 532 221 62 célèbre
771 532 302 62 économiste,
1012 532 201 62 membre
1133 532 80 62 de

430 586 208 61 l’Institut.
597 586 69 61 —
624 586 83 61 L.
666 586 83 61 a.
708 586 83 61 s.
749 586 69 61 à
777 586 139 61 Mr...;
874 586 83 61 21
916 586 125 61 sept.
999 586 125 61 1843,
1082 586 69 61 7
1110 586 83 61 p.
1138 586 69 61 1/2

192 625 74 49 in-4.
241 625 49 49 15
257 625 33 49 »»

218 641 134 70 Lettre
311 641 80 70 du
351 641 107 70 plus
418 641 120 70 grand
498 641 147 70 intérêt
605 641 80 70 où
645 641 134 70 Michel
739 641 174 70 Chevalier
872 641 147 70 examine
979 641 120 70 quels
1059 641 134 70 seront
1139 641 67 70 les

185 685 163 75 résultats
311 685 163 75 probables
437 685 88 75 des
487 685 163 75 relations
613 685 88 75 qui
663 685 101 75 vont
726 685 101 75 être
789 685 151 75 ouvertes
902 685 101 75 avec
965 685 75 75 la
1003 685 126 75 Chine.
1078 685 126 75 Considé-

190 732 131 57 rations
286 732 96 57 fort
345 732 155 57 curieuses
465 732 60 57 à
489 732 72 57 ce
512 732 96 57 sujet.

145 751 154 78 29508.
252 751 200 78 CHODERLOS
406 751 92 78 DE
452 751 154 78 LACLOS
559 751 246 78 (P.-A.-Th.),
759 751 184 78 l’auteur
897 751 107 78 des
943 751 261 78 Liaisons

187 809 349 49 dangereuses
491 809 91 49 né
536 809 76 49 à
551 809 137 49 Amiens.

675 812 72 67 —
703 812 86 67 P.
746 812 100 67 s.,
804 812 115 67 sig.
875 812 129 67 aussi
961 812 100 67 par
1004 812 201 67 Niou

186 843 207 70 Stévenot
361 843 65 70 et
393 843 196 70 Robert;
557 843 98 70 1792,
623 843 55 70 1
645 843 65 70 p.
677 843 120 70 in-fol.
765 843 175 70 Rare
907 843 65 70 20
928 843 44 70 »»

213 895 221 46 Procès-verbal
395 895 117 46 d’une
473 895 130 46 visite
564 895 104 46 dans
629 895 91 46 une
681 895 130 46 maison
759 895 143 46 suspecte.

8 909 195 79 29509.
144 909 371 79 CLERMONT-LODÈVE
456 909 449 79 (François-Guillaume
846 909 117 79 de
905 909 254 79 CASTELNAU
1080 909 117 79 de),

180 976 196 47 évêque
318 976 196 47 d’Agde
455 976 118 47 et
514 976 118 47 de
573 976 235 47 Valence,
749 976 275 47 archevêque
965 976 118 47 de
1004 976 196 47 Narbonne

181 1017 109 59 et
235 1017 200 59 d’Auch,
380 1017 236 59 cardinal,
562 1017 272 59 ambassadeur
780 1017 181 59 auprès
907 1017 109 59 de
961 1017 163 59 Jules
1070 1017 127 59 II,
1124 1017 73 59 un

181 1056 134 53 des
258 1056 153 53 plus
353 1056 211 53 habiles
507 1056 268 53 diplomates
718 1056 115 53 de
775 1056 134 53 son
852 1056 192 53 temps,
986 1056 115 53 m.
1044 1056 173 53 1540.
1139 1056 58 53 —

177 1090 108 57 L.
231 1090 108 57 a.
285 1090 108 57 s.
339 1090 108 57 au
394 1090 181 57 légat;
520 1090 162 57 Rome,
628 1090 108 57 20
682 1090 144 57 mai,
773 1090 90 57 1
809 1090 108 57 p.
863 1090 126 57 1/2
935 1090 217 57 in-fol.,
1080 1090 126 57 trace

195 1131 60 53 de
225 1131 111 53 cachet.
306 1131 161 53 Rare
437 1131 60 53 30
457 1131 40 53 »»

215 1159 143 65 Superbe
319 1159 130 65 lettre
409 1159 91 65 sur
461 1159 91 65 les
513 1159 156 65 affaires
630 1159 78 65 du
669 1159 130 65 temps.
759 1159 78 65 Il
798 1159 117 65 mande
876 1159 91 65 que
928 1159 78 65 le
967 1159 117 65 vieux
1044 1159 143 65 général
1135 1159 65 65 des

179 1201 177 55 Cordeliers
318 1201 101 55 sera
381 1201 126 55 déposé
470 1201 88 55 par
520 1201 76 55 le
558 1201 101 55 Pape
621 1201 76 55 et
659 1201 88 55 que
710 1201 76 55 le
747 1201 151 55 cardinal
861 1201 76 55 de
899 1201 151 55 Volterre
1013 1201 88 55 est
1050 1201 114 55 malade.

150 1243 163 65 29510.
264 1243 163 65 CODURE
377 1243 244 65 (Philippe),
572 1243 163 65 savant
686 1243 244 65 hébraïsant,
881 1243 195 65 ministre
1011 1243 195 65 protestant

180 1288 94 49 à
218 1288 189 49 Nîmes,
350 1288 132 49 qui
425 1288 113 49 se
482 1288 245 49 convertit
671 1288 113 49 au
727 1288 321 49 catholicisme,
991 1288 113 49 né
1048 1288 94 49 à
1067 1288 132 49 Anno-

185 1336 145 49 nay.
275 1336 91 49 —
312 1336 109 49 L.
366 1336 109 49 a.
420 1336 109 49 s.
475 1336 91 49 à
511 1336 181 49 Samuel
638 1336 181 49 Petit;
764 1336 181 49 Paris,
891 1336 109 49 31
945 1336 163 49 janv.
1054 1336 163 49 1642,
1145 1336 54 49 1

185 1363 85 71 p.
227 1363 128 71 in-4.
313 1363 157 71 Légères
427 1363 157 71 taches.
541 1363 85 71 10
569 1363 57 71 5»

137 1398 182 79 29511.
264 1398 164 79 CONDÉ
374 1398 273 79 (Marie-Anne
592 1398 109 79 de
647 1398 328 79 BOURBON-CONTI,
921 1398 237 79 princesse
1085 1398 109 79 de),

180 1457 184 62 femme
302 1457 123 62 du
364 1457 143 62 duc
445 1457 123 62 de
507 1457 245 62 Bourbon,
691 1457 245 62 ministre
875 1457 123 62 de
936 1457 184 62 Louis
1059 1457 143 62 XV,
1120 1457 82 62 m.

285 1505 147 53 1720.
382 1505 81 53 —
415 1505 98 53 L.
464 1505 98 53 a.
513 1505 114 53 s.;
578 1505 163 53 Paris,
692 1505 98 53 15
741 1505 163 53 avril,
855 1505 114 53 3/4
920 1505 98 53 de
969 1505 98 53 p.
1018 1505 147 53 in-4.
1099 1505 98 53 10»»

11 1544 183 53 29512.
139 1544 238 53 CONDORCET
322 1544 128 53 (le
395 1544 201 53 marquis
541 1544 146 53 de),
632 1544 219 53 illustre
797 1544 183 53 savant
925 1544 110 53 et
961 1544 238 53 convention-

594 1591 90 56 nel,
650 1591 67 56 de
683 1591 123 56 l’Acad.
773 1591 78 56 fr.
818 1591 56 56 —
840 1591 67 56 L.
874 1591 90 56 aut.
929 1591 56 56 à
952 1591 145 56 VOLTAIRE;
1053 1591 145 56 (Ribemont),

171 1634 108 48 20
225 1634 253 48 septembre,
424 1634 90 48 3
460 1634 108 48 p.
514 1634 163 48 in-8.
623 1634 181 48 Légère
749 1634 235 48 déchirure
930 1634 127 48 par
1002 1634 108 48 la
1038 1634 163 48 rupture

189 1673 69 49 du
223 1673 126 49 cachet.
314 1673 69 49 25
337 1673 46 49 »»

209 1691 195 61 Intéressante
367 1691 122 61 épître
453 1691 85 61 sur
501 1691 85 61 une
550 1691 122 61 lettre
635 1691 110 61 qu’on
709 1691 122 61 impute
794 1691 61 61 à
818 1691 158 61 Voltaire.
940 1691 134 61 «Adieu,
1038 1691 85 61 mon
1074 1691 122 61 illustre

175 1735 151 50 maître.
285 1735 124 50 Vivez
368 1735 151 50 heureux
478 1735 82 50 et
519 1735 137 50 dormez
615 1735 137 50 malgré
711 1735 96 50 les
766 1735 192 50 calomnies.
917 1735 96 50 Que
972 1735 96 50 ces
1027 1735 165 50 monstres
1137 1735 55 50 ne

174 1777 139 49 nuisent
276 1777 89 49 pas
326 1777 101 49 plus
390 1777 63 49 à
415 1777 114 49 votre
491 1777 114 49 repos
567 1777 127 49 qu’ils
656 1777 114 49 n’ont
732 1777 89 49 nui
783 1777 63 49 à
808 1777 114 49 votre
871 1777 127 49 gloire.»

143 1804 123 54 29513.
229 1804 111 54 COROT
303 1804 173 54 (Camille),
439 1804 136 54 célèbre
537 1804 136 54 peintre
636 1804 74 54 de
673 1804 160 54 paysages.
797 1804 62 54 —
821 1804 74 54 L.
858 1804 74 54 a.
895 1804 74 54 s.
920 1804 37 54 à

172 1856 114 48 M.
229 1856 114 48 de
286 1856 322 48 Chennevières:
551 1856 341 48 Ville-d'Avray,
835 1856 114 48 22
892 1856 152 48 juin
987 1856 170 48 1857,
1100 1856 95 48 1
1119 1856 76 48 p.

179 1896 127 40 in-8,
263 1896 169 40 adresse.
390 1896 183 40 (Colt.
530 1896 169 40 Benjamin
657 1896 225 40 Fillon)
826 1896 70 40 6»»

206 1932 76 47 Il
244 1932 76 47 le
282 1932 101 47 prie
346 1932 76 47 de
384 1932 114 47 faire
460 1932 139 47 pencher
561 1932 177 47 légèrement
701 1932 89 47 les
751 1932 152 47 tableaux
865 1932 139 47 exposés
967 1932 76 47 au
1005 1932 127 47 salon.
1094 1932 89 47 «On
1132 1932 63 47 les

175 1967 133 55 trouve
268 1967 213 55 généralement
441 1967 106 55 trop
494 1967 133 55 droits.»
