1636 2945
638 25 176 92 —
673 25 176 92 361

160 127 109 78 A
204 127 130 78 la
269 127 282 78 réception
486 127 130 78 de
551 127 152 78 ses
638 127 261 78 extraits
833 127 130 78 il
898 127 195 78 était
1029 127 217 78 occupé
1181 127 109 78 à
1224 127 239 78 réfuter
1398 127 130 78 M.
1441 127 87 78 de

115 163 261 85 Voltaire
311 163 152 85 sur
398 163 196 85 trois
529 163 131 85 de
594 163 152 85 ses
682 163 305 85 histoires.
921 163 196 85 «....
1052 163 240 85 Quelque
1226 163 196 85 genre
1357 163 131 85 de
1400 163 131 85 tra-

118 222 213 73 travail
272 222 174 73 qu’il
388 222 193 73 fasse,
524 222 116 73 il
582 222 97 73 a
620 222 116 73 la
678 222 174 73 manie
794 222 116 73 de
852 222 116 73 ne
910 222 174 73 point
1026 222 116 73 le
1084 222 213 73 quitter
1239 222 174 73 qu’il
1355 222 116 73 ne
1394 222 135 73 l’ait

113 279 200 90 fini,
246 279 222 90 fût-ce
401 279 178 90 pour
512 279 133 90 un
579 279 222 90 piquet
734 279 133 90 ou
801 279 133 90 un
867 279 266 90 trictrac
1067 279 200 90 qu’il
1200 279 178 90 aime
1289 279 244 90 cependant

113 319 375 66 beaucoup....
394 319 70 66 »

68 361 203 81 4412.
204 361 315 81 Languet
451 361 135 81 de
519 361 293 81 Gergy
744 361 608 81 (Jean-Baptiste-Joseph),
1284 361 248 81 docteur
1442 361 90 81 de

115 418 283 65 Sorbonne,
333 418 174 65 curé
442 418 131 65 de
507 418 392 65 Saint-Sulpice,
834 418 196 65 frère
965 418 218 65 jumeau
1117 418 131 65 de
1183 418 349 65 l’archevêque
1444 418 87 65 de

115 473 199 60 Sens,
248 473 199 60 conçu
380 473 111 60 à
425 473 133 60 la
491 473 266 60 Bastille
690 473 133 60 où
757 473 133 60 sa
823 473 177 60 mère
934 473 199 60 avait
1066 473 155 60 été
1155 473 221 60 admise
1310 473 111 60 à
1332 473 199 60 visiter

118 521 148 61 son
202 521 169 61 père
308 521 317 61 prisonnier.
562 521 211 61 Quitt.
710 521 169 61 aut.
815 521 190 61 sig.,
942 521 127 61 de
1006 521 127 61 la
1069 521 190 61 somme
1196 521 127 61 de
1259 521 190 61 mille
1365 521 169 61 livres

117 567 196 60 reçue
248 567 131 60 du
314 567 153 60 duc
401 567 131 60 de
466 567 284 60 Bouillon,
684 567 109 60 à
728 567 218 60 compte
881 567 153 60 sur
968 567 131 60 le
1033 567 218 60 billet
1186 567 131 60 de
1251 567 153 60 son
1317 567 218 60 Altesse.

106 616 340 58 Paris,
344 616 170 58 6
412 616 408 58 novembre
718 616 306 58 1725.
923 616 374 58 Demi-p.
1195 616 306 58 in-4.
1399 616 170 58 5
1433 616 102 58 »

70 641 199 75 4413.
203 641 199 75 La
335 641 486 75 Rochejaquelein
755 641 155 75 (le
844 641 243 75 marquis
1021 641 177 75 de),
1131 641 287 75 sénateur.
1352 641 133 75 L.
1396 641 133 75 aut.

109 711 271 54 sig.
279 711 339 54 Paris,
516 711 204 54 29
618 711 271 54 juin
788 711 305 54 1842.
991 711 170 54 2
1059 711 204 54 p.
1161 711 305 54 in-8.
1364 711 170 54 1
1398 711 136 54 50

76 737 190 75 4414.
202 737 190 75 La
329 737 337 75 Saussaye
603 737 190 75 (de),
729 737 337 75 archéologue,
1003 737 211 75 membre
1151 737 126 75 de
1214 737 316 75 l’Institut.
1446 737 84 75 L.

114 810 248 59 aut.
269 810 248 59 sig.
424 810 310 59 Blois,
641 810 186 59 24
734 810 217 59 mai
857 810 279 59 1834.
1043 810 155 59 2
1105 810 186 59 p.
1198 810 279 59 in-8.
1384 810 155 59 1
1415 810 124 59 50

76 845 182 63 4415.
197 845 424 63 Laurentie,
561 845 323 63 littérateur,
824 845 303 63 publiciste.
1066 845 121 63 L.
1127 845 162 63 aut.
1228 845 182 63 sig.,
1349 845 101 63 à
1369 845 162 63 Mgr...

91 901 300 61 25
241 901 350 61 mai
441 901 450 61 1846.
741 901 250 61 1
841 901 300 61 p.
990 901 450 61 in-8.
1290 901 250 61 1
1340 901 200 61 50

76 938 194 71 4416.
206 938 452 71 Laurentie,
593 938 344 71 littérateur,
873 938 323 71 publiciste.
1131 938 237 71 Lettres
1303 938 258 71 (quatre)
1475 938 65 71 à

120 992 135 66 M.
188 992 225 66 Thiers
346 992 158 66 sur
436 992 135 66 la
503 992 248 66 liberté
683 992 428 66 d’enseignement.
1044 992 180 66 Deux
1156 992 180 66 sont
1246 992 293 66 incomplètes

119 1033 140 64 du
189 1033 396 64 commencement;
515 1033 233 64 toutes
678 1033 186 64 sont
794 1033 210 64 aut.,
934 1033 140 64 et
1003 1033 210 64 trois
1143 1033 279 64 signées.
1329 1033 210 64 Minutes

121 1091 190 51 avant
248 1091 190 51 servi
375 1091 169 51 pour
480 1091 360 51 l’impression.
777 1091 275 51 Ensemble,
988 1091 127 51 33
1052 1091 127 51 p.
1115 1091 190 51 in-18
1242 1091 127 51 et
1305 1091 190 51 in-8.
1432 1091 127 51 10
1475 1091 63 51 »

75 1136 197 56 4417.
206 1136 437 56 Lauzières
578 1136 153 56 (le
665 1136 240 56 marquis
840 1136 175 56 de),
949 1136 218 56 poète,
1102 1136 197 56 homme
1233 1136 131 56 de
1299 1136 240 56 lettres
1452 1136 87 56 et

124 1181 328 64 journaliste.
391 1181 123 64 L.
453 1181 123 64 a.
515 1181 123 64 s.
576 1181 144 64 (en
658 1181 267 64 italien).
864 1181 205 64 Paris,
1007 1181 103 64 2
1048 1181 164 64 mai.
1151 1181 226 64 Demi-p.
1315 1181 185 64 in-8.
1438 1181 103 64 1
1459 1181 82 64 50

76 1225 191 71 4418.
203 1225 382 71 Lavater
521 1225 403 71 (Jean-Gaspard),
861 1225 255 71 ministre
1052 1225 318 71 protestant,
1307 1225 127 71 le
1349 1225 191 71 célèbre

123 1293 193 71 auteur
258 1293 135 71 des
335 1293 252 71 Essais
529 1293 503 71 physiognomoniques
974 1293 193 71 Billet
1109 1293 116 71 de
1167 1293 174 71 trois
1283 1293 213 71 lignes,
1419 1293 116 71 aut.

114 1333 232 50 sig.
259 1333 203 50 (en
375 1333 407 50 allemand).
695 1333 261 50 1791.
869 1333 378 50 Entourage
1159 1333 349 50 gauffré.
1421 1333 145 50 3
1450 1333 87 50 »

81 1368 188 64 4419.
206 1368 375 64 Laverdy
519 1368 188 64 (de),
644 1368 250 64 ministre
832 1368 146 64 des
915 1368 250 64 finances
1103 1368 125 64 de
1166 1368 188 64 Louis
1291 1368 146 64 XV.
1374 1368 125 64 L.
1416 1368 125 64 aut.

124 1421 199 67 sig.,
257 1421 111 67 à
301 1421 133 67 M.
368 1421 288 67 Trudaine.
589 1421 288 67 Neuville,
811 1421 133 67 21
877 1421 177 67 juin
988 1421 199 67 1775.
1121 1421 111 67 2
1165 1421 133 67 p.
1232 1421 199 67 in-4.
1365 1421 133 67 En
1409 1421 133 67 tête

111 1474 209 49 se
216 1474 349 49 trouve
460 1474 209 49 la
565 1474 384 49 réponse
844 1474 209 49 de
948 1474 209 49 M.
1053 1474 453 49 Trudaine.
1402 1474 174 49 2
1436 1474 105 49 »

80 1524 196 62 4420.
211 1524 327 62 Laya
472 1524 240 62 (Léon),
646 1524 218 62 auteur
799 1524 327 62 dramatique.
1060 1524 131 62 L.
1125 1524 174 62 aut.
1234 1524 174 62 sig.
1321 1524 218 62 Provins,

101 1567 288 50 30
245 1567 384 50 oct.
485 1567 432 50 1851.
773 1567 240 50 1
869 1567 288 50 p.
1013 1567 432 50 in-8.
1301 1567 240 50 1
1349 1567 192 50 50

86 1610 182 57 4421.
207 1610 182 57 Le
328 1610 283 57 Bailly
551 1610 465 57 (Antoine-François),
955 1610 323 57 littérateur,
1218 1610 283 57 fabuliste,
1440 1610 121 57 né
1480 1610 61 57 à

129 1663 286 50 Caen
358 1663 286 50 (Calvados).
587 1663 114 50 L.
644 1663 153 50 aut.
739 1663 153 50 sig.
834 1663 191 50 Paris,
968 1663 114 50 10
1025 1663 153 50 déc.
1120 1663 172 50 1828.
1235 1663 95 50 1
1273 1663 114 50 p.
1330 1663 172 50 in-4.
1445 1663 95 50 1
1464 1663 76 50 50

79 1700 186 68 4422.
203 1700 371 68 Lecomte
512 1700 247 68 (Jules),
698 1700 330 68 littérateur.
966 1700 124 68 L.
1028 1700 165 68 aut.
1131 1700 186 68 sig.,
1254 1700 103 68 à
1296 1700 124 68 M.
1357 1700 165 68 Léon
1440 1700 103 68 Ga

110 1758 368 50 taye.
355 1758 245 50 24
478 1758 286 50 mai
642 1758 368 50 1854.
887 1758 204 50 1
969 1758 245 50 p.
1091 1758 368 50 in-8.
1337 1758 204 50 1
1377 1758 164 50 50

78 1798 194 65 4423.
208 1798 430 65 Legendre,
573 1798 237 65 boucher
745 1798 129 65 de
810 1798 215 65 Paris,
960 1798 366 65 conventionnel
1261 1798 129 65 L.
1326 1798 129 65 a.
1390 1798 151 65 s.,
1455 1798 86 65 au

125 1854 254 52 ministre
315 1854 148 52 des
400 1854 275 52 finances.
611 1854 211 52 Paris,
759 1854 106 52 7
801 1854 317 52 vendémiaire
1055 1854 127 52 an
1118 1854 148 52 VI.
1203 1854 106 52 1
1245 1854 127 52 p.
1309 1854 190 52 in-4.
1435 1854 106 52 2
1456 1854 85 52 50

79 1891 180 57 4424.
199 1891 180 57 Le
319 1891 259 57 Jeune
518 1891 140 57 (le
598 1891 240 57 général,
778 1891 220 57 baron),
937 1891 240 57 peintre.
1117 1891 120 57 L.
1177 1891 160 57 aut.
1277 1891 180 57 sig.,
1396 1891 120 57 au
1436 1891 100 57 gé-

125 1949 256 55 néral
295 1949 284 55 Pajol.
494 1949 227 55 Pau,
636 1949 170 55 20
721 1949 312 55 février
948 1949 256 55 1834.
1119 1949 142 55 1
1176 1949 170 55 p.
1261 1949 256 55 in-8.
1431 1949 142 55 2
1460 1949 85 55 »

81 1991 182 57 4425.
202 1991 384 57 Lejeune,
526 1991 324 57 archéologue,
789 1991 364 57 bibliothécaire
1092 1991 263 57 honoraire
1294 1991 121 57 de
1355 1991 121 57 la
1395 1991 142 57 ville

124 2050 136 57 de
192 2050 295 57 Chartres.
420 2050 136 57 L.
488 2050 182 57 aut.
601 2050 204 57 sig.,
738 2050 114 57 à
783 2050 136 57 M.
851 2050 136 57 De
920 2050 273 57 Laplace.
1124 2050 295 57 Chartres,
1351 2050 136 57 21
1397 2050 136 57 déc.

102 2086 433 61 1834.
391 2086 241 61 3
487 2086 337 61 gr.
679 2086 289 61 p.
823 2086 337 61 pl.
1016 2086 433 61 in-4.
1304 2086 241 61 2
1353 2086 192 61 50

174 2138 139 70 Au
243 2138 209 70 sujet
383 2138 139 70 de
452 2138 139 70 la
522 2138 325 70 découverte
777 2138 186 70 dans
893 2138 139 70 la
962 2138 255 70 commune
1148 2138 139 70 de
1217 2138 278 70 Marboué,
1403 2138 139 70 près

128 2174 131 70 de
194 2174 327 70 Châteaudun,
455 2174 153 70 des
543 2174 218 70 ruines
695 2174 175 70 d’un
804 2174 240 70 édifice
979 2174 218 70 romain
1132 2174 175 70 d’un
1241 2174 284 70 caractère
1437 2174 109 70 qui

137 2236 254 52 annonce
322 2236 139 52 la
368 2236 277 52 splendeur.

84 2268 170 69 4426.
198 2268 341 69 Lenfant
481 2268 549 69 (Alexandre-Charles-Anne),
973 2268 227 69 jésuite,
1144 2268 114 69 né
1200 2268 95 69 à
1238 2268 303 69 Lyon
1465 2268 76 69 le

134 2319 112 68 6
178 2319 202 68 sept.
313 2319 202 68 1728.
447 2319 269 68 Massacré
649 2319 112 68 à
694 2319 202 68 Paris
828 2319 134 68 le
895 2319 112 68 3
940 2319 291 68 septembre
1164 2319 202 68 1792.
1299 2319 134 68 L.
1366 2319 202 68 aut.,
1478 2319 67 68 à

130 2372 188 63 Mad.
248 2372 141 63 de
319 2372 353 63 Saint-Ouen,
601 2372 118 63 à
648 2372 329 63 Vaudoncour
907 2372 235 63 Paris,
1071 2372 141 63 20
1142 2372 188 63 août
1260 2372 212 63 1791.
1401 2372 118 63 3
1424 2372 118 63 gr.

97 2424 310 64 p.
252 2424 413 64 pl..
510 2424 310 64 et
665 2424 465 64 quart
975 2424 465 64 in-4.
1285 2424 310 64 12
1388 2424 155 64 »

173 2463 288 64 Nouvelles
395 2463 155 64 des
483 2463 311 64 principaux
727 2463 311 64 événements
971 2463 133 64 de
1038 2463 222 64 Paris,
1193 2463 133 64 de
1260 2463 133 64 la
1326 2463 222 64 France
1459 2463 89 64 et

130 2518 135 54 de
197 2518 337 54 l’étranger.
467 2518 112 54 —
512 2518 225 54 Départ
669 2518 135 54 du
737 2518 202 54 comte
871 2518 292 54 d’Artois.
1096 2518 112 54 —
1141 2518 225 54 L’abbé
1299 2518 225 54 Louis,
1434 2518 112 54 mal

131 2567 284 52 accueilli
349 2567 109 52 à
393 2567 284 52 Bruxelles
611 2567 153 52 par
698 2567 371 52 l’Ambassadeur
1004 2567 131 52 de
1069 2567 327 52 l’Empereur.
1331 2567 109 52 —
1353 2567 196 52 Concen-

132 2609 236 58 tration
303 2609 150 58 des
389 2609 236 58 troupes
560 2609 300 58 étrangères
796 2609 172 58 vers
904 2609 129 58 la
968 2609 300 58 frontière.
1204 2609 322 58 —Emigration
1440 2609 107 58 des

131 2665 275 54 officiers
342 2665 275 54 français.
553 2665 106 54 —
596 2665 338 54 Agitera-t-on
870 2665 190 54 lundi
997 2665 127 54 la
1060 2665 253 54 question
1250 2665 127 54 de
1314 2665 127 54 la
1356 2665 190 54 liberté

126 2710 135 55 du
194 2710 180 55 Roi?
307 2710 113 55 —
352 2710 158 55 Les
442 2710 248 55 soldats
623 2710 293 55 étrangers
848 2710 248 55 brûlent
1028 2710 135 55 de
1096 2710 225 55 mettre
1254 2710 158 55 les
1322 2710 225 55 démocra
