1636 2891
661 26 160 76 —
725 26 256 76 2774
853 26 96 76 —

127 115 223 69 membre
283 115 134 69 de
349 115 312 69 l’Académie
594 115 312 69 française.
840 115 134 69 L.
906 115 178 69 aut.
1018 115 200 69 sig.,
1151 115 111 69 à
1196 115 156 69 M..
1285 115 134 69 19
1330 115 200 69 mars...

91 184 289 56 2
207 184 347 56 p.
380 184 347 56 et
553 184 520 56 quart
900 184 578 56 in-12.
1304 184 289 56 2
1362 184 173 56 »

83 214 192 82 3385.
211 214 533 82 Barbé-larbois,
680 214 256 82 ministre
872 214 128 82 du
936 214 213 82 Trésor
1085 214 235 82 public.
1256 214 128 82 L.
1320 214 171 82 aut.
1405 214 128 82 sig.

122 269 302 61 Paris,
333 269 181 61 17
423 269 452 61 vendémiaire
785 269 181 61 an
876 269 181 61 X.
966 269 332 61 Demi-p.
1207 269 271 61 in-4.
1388 269 151 61 1
1418 269 121 61 50

83 325 170 63 3386.
196 325 359 63 Barrière
499 325 283 63 (François),
726 325 302 63 littérateur,
971 325 189 63 auteur
1103 325 113 63 de
1160 325 283 63 Mémoires
1368 325 170 63 sur

126 367 245 63 la
289 367 516 63 révolution
724 367 163 63 L.
805 367 217 63 aut.
941 367 217 63 sig.
1077 367 190 63 1/2
1186 367 163 63 p.
1267 367 245 63 in-8.
1430 367 136 63 4
1457 367 82 63 »

84 402 182 71 3387.
205 402 363 71 Barruel
508 402 262 71 (l’abbé),
709 402 283 71 historien.
932 402 121 71 L.
992 402 161 71 aut.
1093 402 182 71 sig.,
1214 402 101 71 à
1254 402 121 71 M.
1295 402 242 71 Boyeldieu.

105 464 601 61 Demi-page
567 464 370 61 in-8
798 464 277 61 en
937 464 555 61 travers.
1353 464 231 61 2
1399 464 139 61 »

83 521 187 58 3388.
208 521 457 58 Bartenstein
603 521 208 58 (J.-C.
748 521 166 58 de),
852 521 395 58 vice-chancelier
1185 521 291 58 d’Autriche
1413 521 125 58 et
1455 521 83 58 de

134 565 215 66 Bohême,
291 565 117 66 et
349 565 273 66 secrétaire
564 565 195 66 d’Etat
701 565 117 66 de
759 565 254 66 l’empire,
954 565 195 66 auteur
1091 565 137 66 de:
1169 565 234 66 Droit
1345 565 117 66 de
1384 565 156 66 la

133 616 244 58 nature
321 616 113 58 et
377 616 131 58 des
453 616 244 58 gens
640 616 169 58 etc.,
753 616 113 58 N.
809 616 169 58 1690.
922 616 113 58 M.
978 616 169 58 1766.
1091 616 169 58 Pièce
1204 616 150 58 aut.
1298 616 150 58 sig.
1392 616 131 58 (en
1448 616 94 58 al-

115 662 450 62 lemand).
453 662 188 62 2
528 662 263 62 mai
678 662 338 62 1759.
903 662 188 62 1
978 662 225 62 p.
1091 662 413 62 in-fol.
1391 662 188 62 5
1428 662 113 62 »

88 711 170 65 3389.
201 711 378 65 Bartolin,
522 711 264 65 statuaire.
730 711 113 65 L.
787 711 151 65 aut.
881 711 151 65 sig.
976 711 132 65 (en
1051 711 245 65 italien).
1240 711 94 65 1
1278 711 113 65 p.
1334 711 170 65 in-8.
1448 711 94 65 1
1466 711 76 65 50

87 767 185 73 3390.
211 767 369 73 Batiste
518 767 390 73 (Jean-Mathieu),
847 767 246 73 chanteur
1031 767 123 73 et
1093 767 287 73 sociétaire
1318 767 123 73 du
1359 767 185 73 théâtre

134 831 134 59 de
201 831 447 59 l’Opéra-Comique.
581 831 134 59 L.
648 831 179 59 aut.
760 831 201 59 sig.,
894 831 112 59 à
938 831 134 59 M.
1005 831 134 59 le
1073 831 201 59 comte
1207 831 134 59 de
1251 831 291 59 Montalivet.

119 876 365 50 Paris,
375 876 256 50 1er
521 876 292 50 mars
704 876 329 50 1834.
923 876 183 50 2
996 876 219 50 p.
1106 876 402 50 in-fol.
1398 876 183 50 3
1434 876 110 50 »

91 915 175 58 3391.
207 915 389 58 Beauchamp
538 915 253 58 (Alphonse
732 915 155 58 de),
829 915 194 58 auteur
965 915 117 58 de
1023 915 291 58 Mémoires
1257 915 136 58 sur
1334 915 117 58 la
1373 915 175 58 ré

137 970 392 64 volution
470 970 117 64 L.
529 970 157 64 aut.
627 970 157 64 sig.
725 970 294 64 Versailles,
960 970 98 64 8
999 970 255 64 septembre
1195 970 176 64 1818.
1312 970 98 64 3
1351 970 117 64 p.
1410 970 137 64 pl.
1469 970 78 64 et

70 1012 869 56 demie,
678 1012 782 56 in-8.
1200 1012 434 56 2
1286 1012 261 56 »

92 1054 193 61 3392.
220 1054 407 61 Beaumont
562 1054 193 61 (Elie
691 1054 171 61 de),
798 1054 278 61 géologue.
1012 1054 128 61 L.
1076 1054 171 61 aut.
1183 1054 193 61 sig.,
1312 1054 107 61 à
1354 1054 128 61 M.
1397 1054 150 61 Hout.

119 1111 397 68 Paris,
397 1111 635 68 mercredi....
912 1111 198 68 1
992 1111 238 68 p.
1111 1111 357 68 in-8.
1349 1111 198 68 1
1388 1111 159 68 50

92 1156 180 74 3393.
212 1156 419 74 Beauregard
571 1156 140 74 (le
651 1156 180 74 comte
771 1156 160 74 de),
870 1156 259 74 rédacteur
1070 1156 120 74 de
1130 1156 120 74 la
1190 1156 279 74 Gaxette
1389 1156 160 74 de

135 1208 446 54 France
507 1208 149 54 L.
581 1208 198 54 aut.
705 1208 198 54 sig.
829 1208 149 54 24
904 1208 174 54 mai
1003 1208 223 54 1851,
1151 1208 124 54 1
1201 1208 149 54 p,
1275 1208 223 54 in-8.
1424 1208 124 54 1
1449 1208 99 54 50

92 1250 202 68 3394.
226 1250 494 68 Beauvillier
653 1250 224 68 (Marie
810 1250 180 68 de),
922 1250 247 68 abbesse
1101 1250 135 68 de
1169 1250 337 68 Montmartre,
1415 1250 135 68 amie

143 1301 238 61 d’Henri
316 1301 151 61 IV.
403 1301 216 61 Quitt.
555 1301 173 61 sig.
663 1301 173 61 (sur
771 1301 238 61 parch.)
944 1301 195 61 d’une
1074 1301 195 61 somme
1204 1301 130 61 de
1269 1301 195 61 rente
1399 1301 108 61 à
1420 1301 130 61 elle

140 1358 211 61 vendue
287 1358 148 61 sur
372 1358 148 61 les
456 1358 253 61 greniers
646 1358 105 61 à
688 1358 148 61 sel
772 1358 126 61 de
835 1358 253 61 Provins,
1025 1358 126 61 la
1088 1358 316 61 Ferté-Milon
1341 1358 126 61 et
1383 1358 169 61 autres

121 1396 434 57 lieux,
424 1396 260 57 24
554 1396 347 57 mars
771 1396 390 57 1608.
1032 1396 477 57 Cachet.
1379 1396 217 57 3
1422 1396 130 57 »

100 1439 161 60 3395.
208 1439 269 60 Bébé
422 1439 179 60 (Barbe
548 1439 322 60 Souvay
816 1439 161 60 dit),
924 1439 143 60 nain
1013 1439 107 60 de
1067 1439 251 60 Stanislas,
1264 1439 125 60 roi
1335 1439 107 60 de
1371 1439 179 60 Pologne.

142 1494 137 55 Sa
211 1494 296 55 signature
438 1494 159 55 sur
529 1494 159 55 une
620 1494 182 55 page
734 1494 205 55 in-8.
871 1494 228 55 Portr.
1030 1494 205 55 gravé
1167 1494 137 55 de
1235 1494 137 55 la
1304 1494 250 55 galerie
1463 1494 91 55 de

141 1541 319 55 Versailles
392 1541 342 55 (Collection
665 1541 137 55 du
733 1541 205 55 Baron
870 1541 137 55 de
938 1541 296 55 Trémont).
1166 1541 364 55 Rare
1462 1541 114 55 5
1485 1541 68 55 »

96 1594 199 61 3396.
229 1594 442 61 Becthoven
604 1594 221 61 (Louis
759 1594 199 61 Van),
892 1594 243 61 célèbre
1069 1594 332 61 compositeur
1312 1594 243 61 allemand.

142 1635 129 68 4
194 1635 154 68 p.
271 1635 231 68 in-4.
425 1635 206 68 aut.
554 1635 154 68 de
631 1635 386 68 composition
939 1635 308 68 musicale
1170 1635 334 68 (minute).
1427 1635 154 68 10
1479 1635 77 68 »

104 1690 174 88 3397.
220 1690 291 88 Beni
452 1690 291 88 (Dominico),
685 1690 194 88 auteur
821 1690 233 88 italien.
995 1690 116 88 L.
1053 1690 155 88 aut.
1150 1690 155 88 sig.
1247 1690 136 88 (en
1324 1690 252 88 italien),
1499 1690 58 88 à

145 1745 231 88 Joseph
307 1745 300 88 Jaccouci,
538 1745 116 88 à
584 1745 208 88 Rome.
722 1745 208 88 Monte
861 1745 231 88 Leone,
1023 1745 116 88 3
1069 1745 208 88 juin,
1208 1745 208 88 1796.
1346 1745 116 88 2
1392 1745 139 88 p.
1439 1745 116 88 pl.

110 1791 664 54 in-fol.
592 1791 905 54 Littéraire.
1317 1791 302 54 5
1377 1791 181 54 »

103 1825 193 99 3398.
231 1825 364 99 Bérard
531 1825 193 99 (C.),
660 1825 214 99 auteur
810 1825 321 99 dramatique.
1067 1825 129 99 L.
1131 1825 171 99 aut.
1239 1825 171 99 sig.
1346 1825 214 99 Paris,
1474 1825 86 99 18

127 1891 403 52 avril
396 1891 403 52 1827,
664 1891 582 52 demi-page
1112 1891 403 52 in-8.
1380 1891 224 52 4
1425 1891 134 52 »

100 1918 188 104 3399.
225 1918 396 104 Béranger
559 1918 250 104 (J.-P.),
747 1918 188 104 notre
872 1918 188 104 poëte
997 1918 271 104 national.
1205 1918 125 104 L.
1268 1918 167 104 aut.
1372 1918 188 104 sig.,
1477 1918 83 104 au

146 1993 303 80 libraire
373 1993 328 80 Ladvocat.
626 1993 253 80 Paris,
802 1993 152 80 22
878 1993 202 80 mars
1004 1993 227 80 1833.
1156 1993 126 80 2
1206 1993 152 80 p.
1282 1993 227 80 in-8.
1434 1993 152 80 12
1484 1993 76 80 »

198 2038 173 55 Avec
307 2038 130 55 la
372 2038 281 55 meilleure
588 2038 238 55 volonté
761 2038 130 55 du
826 2038 216 55 monde,
978 2038 130 55 il
1043 2038 130 55 ne
1107 2038 152 55 lui
1194 2038 152 55 est
1281 2038 152 55 pas
1346 2038 216 55 possible

151 2089 139 65 de
220 2089 162 65 lui
313 2089 185 65 rien
429 2089 301 65 promettre
661 2089 209 65 avant
800 2089 255 65 d’avoir
985 2089 232 65 essayé
1147 2089 116 65 :
1193 2089 185 65 «Car
1309 2089 185 65 vous
1402 2089 162 65 savez

154 2139 176 50 «que
264 2139 132 50 je
330 2139 132 50 ne
396 2139 176 50 suis
507 2139 154 50 pas
595 2139 198 50 homme
727 2139 110 50 à
771 2139 243 50 compter
948 2139 265 50 d’avance
1146 2139 154 50 sur
1234 2139 132 50 ce
1300 2139 154 50 qui
1367 2139 198 50 sortira

153 2186 160 57 «de
244 2186 137 57 ma
313 2186 228 57 plume.
472 2186 205 57 Puis,
609 2186 137 57 je
678 2186 137 57 ne
746 2186 182 57 vous
860 2186 296 57 dissimule
1088 2186 160 57 pas
1179 2186 342 57 qu’eussé-je
1430 2186 137 57 fait

153 2235 261 59 «quelque
349 2235 196 59 chose
480 2235 131 59 de
545 2235 283 59 passable,
762 2235 131 59 je
828 2235 131 59 ne
893 2235 261 59 voudrais
1089 2235 152 59 pas
1176 2235 131 59 le
1241 2235 218 59 livrer
1393 2235 196 59 sitôt
1502 2235 65 59 à

154 2293 391 48 «l’impréssion.
480 2293 130 48 Le
545 2293 217 48 public
698 2293 196 48 vient
828 2293 217 48 d’être
980 2293 196 48 assez
1111 2293 261 48 assourdi
1306 2293 130 48 de
1371 2293 152 48 mon
1437 2293 130 48 nom,

156 2334 208 55 «pour
295 2334 162 55 que
387 2334 139 55 je
457 2334 139 55 ne
526 2334 324 55 m’aventure
781 2334 162 55 pas
874 2334 116 55 à
920 2334 185 55 vous
1036 2334 232 55 livrer
1198 2334 139 55 ce
1267 2334 162 55 nom
1360 2334 185 55 pour
1452 2334 116 55 que

155 2377 196 45 «vous
286 2377 131 45 le
351 2377 349 45 tambouriniez
635 2377 131 45 de
700 2377 240 45 nouveau
875 2377 109 45 à
918 2377 153 45 ses
1005 2377 283 45 oreilles.
1223 2377 262 45 Laissons
1398 2377 174 45 respi-

155 2419 177 64 «rer
265 2419 133 64 ce
332 2419 221 64 pauvre
487 2419 199 64 brave
619 2419 199 64 homme
752 2419 133 64 de
818 2419 243 64 public,
995 2419 155 64 qui
1084 2419 111 64 a
1128 2419 243 64 parfois
1305 2419 199 64 l’air
1437 2419 133 64 de
1482 2419 88 64 se

154 2484 239 50 «lasser
328 2484 218 50 d’être
481 2484 174 50 pris
590 2484 174 50 pour
698 2484 196 50 dupe.
829 2484 131 50 Je
894 2484 196 50 crois
1025 2484 131 50 le
1090 2484 174 50 voir
1199 2484 239 50 tourner
1373 2484 152 50 son
1438 2484 131 50 mau-

157 2518 193 79 «vais
285 2518 150 79 œil
371 2518 129 79 du
435 2518 171 79 côté
542 2518 129 79 de
607 2518 193 79 votre
735 2518 257 79 magasin,
928 2518 171 79 dont
1035 2518 129 79 il
1100 2518 257 79 pourrait
1292 2518 171 79 bien
1400 2518 193 79 avoir
1507 2518 64 79 à

155 2559 171 80 «se
252 2559 293 80 plaindre
472 2559 147 80 un
546 2559 269 80 peu....
717 2559 73 80 »

110 2596 191 91 3400.
237 2596 403 91 Béranger
576 2596 254 91 (J.-P.),
767 2596 191 91 notre
894 2596 191 91 poëte
1022 2596 276 91 national.
1234 2596 127 91 L.
1297 2596 170 91 aut.
1403 2596 191 91 sig.,
1509 2596 64 91 à

149 2671 186 53 M.
242 2671 402 53 Laffitte.
551 2671 186 53 19
644 2671 217 53 mai
768 2671 278 53 1829.
953 2671 402 53 Demi-page
1263 2671 278 53 in-8.
1448 2671 155 53 3
1479 2671 93 53 »

110 2722 194 86 3401.
240 2722 387 86 Bernard
562 2722 280 86 (Martin),
778 2722 323 86 commissaire
1036 2722 129 86 de
1101 2722 129 86 la
1165 2722 301 86 République
1402 2722 172 86 dans
1488 2722 86 86 le
