1630 2914
691 69 248 87 277
797 69 106 87 —

46 169 181 77 3437.
166 169 402 77 Christian
508 169 281 77 (Auguste),
729 169 141 77 duc
810 169 121 77 de
870 169 301 77 Saxe-Zeitz,
1111 169 261 77 cardinal,
1292 169 201 77 archevé-

91 232 153 55 que
179 232 132 55 de
245 232 307 55 Strigonie,
486 232 219 55 primat
639 232 132 55 de
705 232 263 55 Hongrie,
902 232 175 55 etc.
1012 232 132 55 Né
1078 232 132 55 en
1143 232 197 55 1666.
1275 232 175 55 Mort
1384 232 110 55 à
1406 232 88 55 la

90 284 197 76 diète
221 284 131 76 de
287 284 306 76 Ratisbonne
528 284 197 76 comme
659 284 460 76 plénipotentiaire,
1053 284 131 76 le
1119 284 131 76 23
1185 284 175 76 août
1294 284 197 76 1725.
1403 284 88 76 L.

89 329 165 52 sig.
192 329 144 52 (en
275 329 289 52 latin)....
502 329 309 52 Ratisbonne,
749 329 144 52 1er
831 329 165 52 déc.
934 329 186 52 1719.
1058 329 103 52 3
1099 329 144 52 gr.
1182 329 124 52 p.
1244 329 227 52 in-fol.
1409 329 103 52 6
1429 329 62 52 »

46 368 192 71 3438.
173 368 447 71 Christian,
557 368 426 71 (Gérard-Joseph),
918 368 277 71 directeur
1131 368 128 71 du
1174 368 319 71 Conservatoire

93 420 142 65 des
174 420 406 65 Arts-et-Métiers.
519 420 122 65 1°
580 420 122 65 L.
641 420 162 65 aut.
743 420 162 65 sig.
844 420 203 65 Paris,
986 420 122 65 16
1047 420 162 65 oct.
1149 420 183 65 1819,
1271 420 102 65 1
1311 420 122 65 p.
1352 420 142 65 in

90 469 107 68 —
132 469 128 68 2°
196 469 192 68 Notes
324 469 170 68 aut.
431 469 277 68 adressées
644 469 128 68 au
708 469 277 68 rédacteur
921 469 128 68 du
985 469 277 68 Courrier,
1198 469 149 68 sur
1262 469 234 68 l’exposi-

92 517 163 51 tion
193 517 142 51 des
275 517 244 51 produits
458 517 122 51 de
519 517 325 51 l’Industrie.
783 517 183 51 1820.
905 517 102 51 3
946 517 142 51 gr.
1027 517 122 51 p.
1088 517 142 51 pl.
1170 517 183 51 in-4.
1292 517 102 51 —
1332 517 122 51 3°
1373 517 122 51 Note

89 567 173 62 aut.
198 567 282 62 certifiée
414 567 173 62 pour
522 567 195 62 copie
652 567 282 62 conforme,
869 567 152 62 par
956 567 130 62 le
1021 567 303 62 secrétaire
1259 567 238 62 général
1410 567 87 62 du

87 608 282 61 Ministère
304 608 130 61 de
369 608 347 61 l’Intérieur,
651 608 130 61 au
716 608 195 61 sujet
846 608 195 61 d’une
977 608 282 61 mécanique
1193 608 130 61 de
1258 608 152 61 son
1324 608 174 61 inven-

89 657 173 60 tion
198 657 173 60 ponr
306 657 130 60 le
371 657 281 60 rouissage
587 657 130 60 du
652 657 151 60 lin
738 657 130 60 et
803 657 130 60 du
868 657 260 60 chanvre.
1063 657 108 60 4
1106 657 151 60 gr.
1192 657 151 60 pl.
1279 657 238 60 in-fol.
1430 657 65 60 —

88 705 128 71 4°
152 705 128 71 L.
216 705 171 71 sig.
322 705 128 71 de
386 705 128 71 M.
450 705 192 71 Cadet
578 705 128 71 de
642 705 171 71 Vaux
749 705 256 71 adressée
941 705 128 71 au
1005 705 277 71 rédacteur
1219 705 149 71 des
1283 705 213 71 Annales,

90 748 130 59 au
155 748 195 59 sujet
285 748 151 59 des
372 748 324 59 expériences
631 748 216 59 faites
782 748 173 59 avec
891 748 130 59 la
955 748 238 59 machine
1128 748 130 59 de
1193 748 130 59 M.
1237 748 260 59 Christian.

92 803 156 54 10r
181 803 201 54 sept.
315 803 201 54 1818.
449 803 112 54 1
493 803 134 54 p.
560 803 201 54 in-4.
694 803 112 54 —
739 803 134 54 5°
806 803 312 54 Ampliation
1051 803 134 54 de
1118 803 134 54 sa
1185 803 312 54 nomination
1408 803 89 54 de

91 854 280 72 directeur
307 854 129 72 du
372 854 367 72 conservatoire
674 854 151 72 des
760 854 173 72 Arts
868 854 129 72 et
932 854 259 72 Métiers.
1126 854 129 72 16
1191 854 194 72 avril
1321 854 194 72 1817.
1428 854 65 72 1

88 899 141 64 p.
159 899 259 64 in-fol.
347 899 118 64 —
394 899 141 64 6°
465 899 329 64 Ampliation
723 899 141 64 de
794 899 141 64 sa
864 899 329 64 nomination
1123 899 212 64 comme
1240 899 259 64 Chevalier

89 945 136 60 de
157 945 136 60 la
226 945 227 60 Légion
385 945 318 60 d’honneur.
635 945 136 60 20
703 945 250 60 février
885 945 204 60 1818,
1021 945 114 60 1
1066 945 136 60 p.
1134 945 250 60 in-fol.
1316 945 114 60 —
1362 945 136 60 7°
1407 945 91 60 La

88 984 171 93 même
194 984 320 93 ampliation,
451 984 256 93 adressée
643 984 107 93 à
686 984 128 93 M.
750 984 299 93 Villenave.
985 984 214 93 Paris,
1134 984 128 93 25
1198 984 235 93 février
1348 984 149 93 1818.

76 1040 182 55 1
148 1040 219 55 p.
258 1040 401 55 in-fol.
550 1040 401 55 Dossier
841 1040 584 55 intéressant.
1316 1040 219 55 10
1389 1040 109 55 »

46 1076 184 71 3439.
168 1076 409 71 Chytraeus
516 1076 164 71 (D.)
618 1076 204 71 célèb.
761 1076 245 71 ministre
945 1076 123 71 et
1006 1076 204 71 théol.
1149 1076 204 71 luth.,
1293 1076 204 71 auteur
1415 1076 82 71 du

95 1138 341 60 Commentaire
379 1138 114 60 de
436 1138 398 60 l’Apocalypse
778 1138 152 60 etc.
872 1138 114 60 N.
929 1138 171 60 1530.
1043 1138 114 60 M.
1100 1138 171 60 1600.
1214 1138 171 60 Pièce
1327 1138 152 60 sig.
1403 1138 95 60 (en

85 1189 412 52 allemand).
408 1189 147 52 8
467 1189 235 52 oct.
614 1189 265 52 1563.
790 1189 147 52 1
849 1189 176 52 p.
937 1189 176 52 et
1026 1189 265 52 demie
1202 1189 265 52 in-4.
1378 1189 147 52 6
1408 1189 88 52 »

47 1224 172 79 3440.
161 1224 191 79 Clesel
295 1224 115 79 ou
352 1224 325 79 Klesel
620 1224 286 79 (Melchior),
849 1224 248 79 cardinal,
1040 1224 191 79 évêque
1173 1224 115 79 de
1231 1224 210 79 Vienne,
1364 1224 134 79 connu

90 1289 191 63 dans
209 1289 143 63 la
281 1289 239 63 guerre
448 1289 143 63 de
520 1289 143 63 30
591 1289 191 63 ans.
711 1289 143 63 N.
782 1289 215 63 1553.
925 1289 143 63 M.
997 1289 215 63 1630.
1140 1289 215 63 Pièce
1283 1289 191 63 sig.
1379 1289 119 63 (en

84 1329 442 55 allergand).
437 1329 177 55 27
525 1329 353 55 décembre
790 1329 265 55 1620.
967 1329 147 55 1
1026 1329 177 55 p.
1114 1329 324 55 in-fol.
1350 1329 147 55 3
1379 1329 118 55 50

46 1371 198 61 3441.
178 1371 397 61 Colalto
509 1371 308 61 (Raimbaud,
751 1371 198 61 comte
883 1371 176 61 de),
993 1371 242 61 général
1170 1371 308 61 commandant
1390 1371 110 61 les

90 1428 223 53 armées
246 1428 134 53 de
312 1428 312 53 l’empereur
557 1428 290 53 Ferdinand
780 1428 134 53 II
847 1428 134 53 en
914 1428 245 53 Italie.
1092 1428 134 53 N.
1159 1428 200 53 1579.
1293 1428 134 53 M.
1337 1428 156 53 1630.

91 1469 132 58 L.
157 1469 176 58 sig.
267 1469 154 58 (en
355 1469 375 58 allemand)....
664 1469 132 58 23
730 1469 242 58 juillet
906 1469 198 58 1619.
1038 1469 110 58 1
1082 1469 132 58 p.
1148 1469 154 58 pl.
1237 1469 242 58 in-fol.
1391 1469 110 58 Ca-

-40 1518 1384 62 chet.
883 1518 769 62 4
1037 1518 461 62 »

48 1571 169 80 3442.
161 1571 395 80 Collombel
500 1571 188 80 député
632 1571 113 80 de
688 1571 113 80 la
745 1571 339 80 Meurthe
1027 1571 94 80 à
1065 1571 113 80 la
1121 1571 282 80 Convention.
1347 1571 113 80 L.
1385 1571 113 80 aut.

84 1620 236 55 sig.
231 1620 295 55 Paris,
437 1620 177 55 26
526 1620 383 55 thermidor
821 1620 177 55 an
909 1620 206 55 IV.
1027 1620 147 55 1
1086 1620 177 55 p.
1175 1620 265 55 in-4.
1352 1620 147 55 2
1381 1620 118 55 50

47 1662 186 86 3443.
171 1662 372 86 Comte,
482 1662 290 86 physicien,
709 1662 269 86 directeur
916 1662 124 86 de
978 1662 248 86 théâtre.
1164 1662 124 86 L.
1226 1662 165 86 aut.
1330 1662 186 86 sig.,
1433 1662 62 86 à

91 1711 141 54 M.
161 1711 328 54 Villenave.
419 1711 235 54 Paris,
583 1711 141 54 30
654 1711 188 54 mars
771 1711 211 54 1819.
912 1711 117 54 1
958 1711 141 54 p.
1029 1711 211 54 in-4.
1170 1711 305 54 Curieuse.
1404 1711 117 54 2
1428 1711 70 54 »

50 1740 198 72 3444.
182 1740 660 72 Coquebert-ÉHontbret
776 1740 154 72 (le
864 1740 198 72 baron
996 1740 462 72 Charles-Etienne),
1370 1740 132 72 mem-

95 1811 147 69 bre
179 1811 126 69 de
242 1811 315 69 l’Institut.
494 1811 189 69 Pièce
620 1811 168 69 aut.
725 1811 168 69 sig.
830 1811 189 69 comme
956 1811 315 69 commissaire
1208 1811 147 69 des
1271 1811 231 69 relations

93 1858 386 82 commerciales,
411 1858 114 82 à
457 1858 318 82 Amsterdam.
706 1858 114 82 5
752 1858 227 82 nivôse
911 1858 136 82 an
979 1858 159 82 IX.
1070 1858 114 82 1
1115 1858 136 82 p.
1183 1858 159 82 pl.
1274 1858 204 82 in-4.
1410 1858 114 82 3
1433 1858 68 82 »

144 1906 127 53 Au
207 1906 191 53 sujet
334 1906 127 53 de
398 1906 127 53 24
461 1906 318 53 prisonniers
694 1906 212 53 anglais.

51 1935 176 82 3445.
169 1935 353 82 Cordier
463 1935 176 82 (L.),
581 1935 294 82 zoologiste,
816 1935 196 82 membre
953 1935 118 82 de
1012 1935 274 82 l’Académie
1228 1935 137 82 des
1286 1935 216 82 Sciences.

88 1998 180 56 L.
178 1998 241 56 aut.
328 1998 241 56 sig.
479 1998 180 56 17
569 1998 241 56 nov.
719 1998 271 56 1824.
900 1998 391 56 demi-page
1200 1998 271 56 in-8.
1381 1998 150 56 4
1411 1998 90 56 »

54 2040 181 61 3446.
174 2040 322 61 Coucy
436 2040 342 61 (Jean-Charles
717 2040 161 61 de),
818 2040 281 61 archevêque
1039 2040 121 61 de
1099 2040 201 61 Reims.
1240 2040 121 61 L.
1300 2040 161 61 aut.
1380 2040 121 61 sig.

86 2100 161 52 à
150 2100 289 52 M....
343 2100 321 52 Paris,
568 2100 161 52 5
632 2100 257 52 oct.
793 2100 289 52 1817.
986 2100 161 52 1
1050 2100 193 52 p.
1146 2100 289 52 in-4.
1339 2100 161 52 1
1371 2100 129 52 50

56 2134 165 77 3447.
165 2134 329 77 Coulier
440 2134 256 77 (Phil.-J).
641 2134 183 77 auteur
769 2134 110 77 du
824 2134 348 77 Dictionnaire
1117 2134 384 77 d’Astronomie
1428 2134 73 77 de

101 2186 320 67 l'Astronomie
370 2186 168 67 en
488 2186 101 67 22
538 2186 303 67 leçons
791 2186 135 67 etc.
875 2186 101 67 L.
925 2186 135 67 aut.
1009 2186 135 67 sig.
1093 2186 168 67 Paris,
1211 2186 101 67 14
1262 2186 151 67 avril
1362 2186 151 67 1827.
1447 2186 50 67 1

33 2243 518 58 p.
292 2243 604 58 pl.
637 2243 777 58 in-4.
1155 2243 432 58 2
1241 2243 259 58 »

54 2284 178 58 3448.
173 2284 357 58 Courcy
470 2284 198 58 auteur
609 2284 297 58 dramatique.
847 2284 119 58 L.
906 2284 159 58 aut.
1006 2284 178 58 sig.,
1124 2284 99 58 à
1164 2284 119 58 M.
1224 2284 198 58 Genty.
1342 2284 159 58 Paris,

76 2334 216 53 3
162 2334 518 53 décembre
551 2334 388 53 1834.
810 2334 216 53 1
896 2334 259 53 p.
1025 2334 388 53 in-8.
1284 2334 216 53 1
1327 2334 173 53 50

57 2378 169 78 3449.
170 2378 357 78 Courtin,
471 2378 282 78 économiste.
696 2378 113 78 L.
753 2378 150 78 aut.
847 2378 169 78 sig.,
960 2378 113 78 au
1016 2378 244 78 rédacteur
1204 2378 113 78 du
1242 2378 263 78 Moni

94 2432 434 62 teur
446 2432 271 62 Paris,
636 2432 136 62 3
690 2432 298 62 février
907 2432 244 62 1812.
1070 2432 136 62 2
1124 2432 163 62 p.
1206 2432 244 62 in-4.
1368 2432 136 62 1
1396 2432 108 62 50

55 2473 176 70 3450.
173 2473 313 70 Cratz
427 2473 391 70 (Jean-Philippe),
759 2473 176 70 comte
876 2473 117 70 de
935 2473 371 70 Scharpfenstein,
1248 2473 215 70 colonel
1385 2473 117 70 dans

101 2526 227 63 l’armée
267 2526 124 63 du
329 2526 227 63 général
494 2526 207 63 Tilly.
638 2526 165 63 Fait
742 2526 289 63 prisonnier
969 2526 103 63 à
1010 2526 124 63 la
1072 2526 248 63 bataille
1258 2526 124 63 de
1299 2526 207 63 Nordlin-

101 2583 165 63 gue,
204 2583 124 63 il
266 2583 144 63 eut
349 2583 124 63 la
411 2583 165 63 tête
514 2583 247 63 tranchée
699 2583 165 63 dans
802 2583 144 63 les
885 2583 227 63 prisons
1050 2583 124 63 de
1111 2583 227 63 Vienne,
1276 2583 124 63 le
1338 2583 124 63 26
1379 2583 124 63 juin

99 2621 198 60 1635.
231 2621 198 60 Pièce
363 2621 176 60 sig.
472 2621 154 60 (en
560 2621 373 60 allemand)....
868 2621 132 60 23
934 2621 242 60 janvier
1110 2621 198 60 1626.
1241 2621 110 60 2
1285 2621 132 60 p.
1351 2621 132 60 et
1395 2621 110 60 de-

47 2682 536 51 mie
352 2682 842 51 in-fol.
965 2682 383 51 5
1194 2682 383 51 6
1271 2682 230 51 »

59 2711 167 61 3451.
171 2711 333 61 Crestin
448 2711 259 61 (Guillaume
652 2711 315 61 Dubois
911 2711 167 61 dit),
1022 2711 185 61 poëte,
1151 2711 204 61 premier
1299 2711 204 61 chantre
1429 2711 74 61 de

106 2760 122 97 la
167 2760 386 97 Sainte-Chapelle
492 2760 122 97 de
552 2760 203 97 Paris,
695 2760 264 97 historien
898 2760 122 97 de
959 2760 223 97 Charles
1121 2760 183 97 VIII,
1243 2760 183 97 Louis
1365 2760 142 97 XII
1426 2760 81 97 et
