1627 2883
601 33 183 92 —
675 33 256 92 279
784 33 110 92 —

74 125 113 74 à
120 125 136 74 M.
188 125 272 74 Benjamin
392 125 249 74 Dejean.
573 125 136 74 29
641 125 159 74 mai
732 125 204 74 1830.
868 125 113 74 3
913 125 136 74 p.
981 125 159 74 pl.
1072 125 204 74 in-8.
1208 125 249 74 Cachet.
1367 125 113 74 Jo-

14 196 605 77 lie
359 196 951 77 lettre.
1051 196 432 77 3
1137 196 346 77 50

120 239 264 62 Relative
318 239 154 62 aux
406 239 286 62 élections
626 239 154 62 qui
715 239 132 62 se
781 239 308 62 préparent.
1001 239 242 62 Curieuse.

34 293 177 69 3468.
152 293 255 69 Durand
348 293 118 69 de
407 293 314 69 Maillane
662 293 216 69 (Pierre
819 293 294 69 Toussaint),
1054 293 196 69 député
1172 293 314 69 d'Arles

80 340 98 52 à
120 340 293 52 l’Assemblée
354 340 332 52 Constituante,
627 340 117 52 et
685 340 137 52 des
763 340 273 52 Bouches
978 340 117 52 du
1036 340 254 52 Rhône
1231 340 98 52 à
1270 340 117 52 la
1309 340 176 52 Conven-

80 387 178 57 tion.
199 387 119 57 Né
258 387 99 57 à
298 387 653 57 Saint-Rémy-de-Provence
892 387 455 57 (Bouches-du-Rhône).
1268 387 218 57 Consulta-

80 436 162 64 tion
181 436 183 64 sig.,
303 436 203 64 signée
445 436 183 64 aussi
567 436 142 64 par
648 436 203 64 Piales
791 436 122 64 et
851 436 244 64 Lochard,
1034 436 122 64 et
1095 436 264 64 délibérée
1298 436 102 64 à
1319 436 162 64 Paris,

64 488 207 48 le
168 488 207 48 30
272 488 380 48 octobre
548 488 311 48 1773.
756 488 173 48 7
825 488 242 48 gr.
963 488 207 48 p.
1067 488 380 48 in-fol.
1344 488 173 48 6
1378 488 104 48 »

121 528 136 59 Au
189 528 204 59 sujet
326 528 136 59 du
394 528 272 59 bénéfice
598 528 136 59 du
666 528 182 59 curé
779 528 136 59 de
848 528 386 59 Gondrevanges,
1165 528 204 59 nommé
1301 528 113 59 à
1324 528 159 59 cette

76 583 173 69 cure
185 583 151 69 par
271 583 130 69 le
336 583 151 69 duc
423 583 130 69 de
488 583 238 69 Fronsac
661 583 130 69 et
726 583 130 69 le
791 583 195 69 comte
920 583 281 69 d’Egmont,
1137 583 281 69 seigneurs
1353 583 130 69 de
1396 583 87 69 la

79 633 273 57 paroisse,
289 633 126 57 le
352 633 126 57 20
415 633 231 57 octobre
562 633 147 57 1770.

36 667 181 64 3469.
157 667 322 64 Duval
418 667 322 64 (Alexandre),
680 667 201 64 auteur
821 667 302 64 dramatique.
1062 667 121 64 L.
1123 667 161 64 aut.
1223 667 181 64 sig.,
1344 667 121 64 au
1384 667 101 64 li-

78 723 226 68 braire
237 723 226 68 vente.
395 723 317 68 Brie-Comte
644 723 249 68 Robert,
825 723 113 68 7
871 723 181 68 nov.
984 723 204 68 1817.
1120 723 136 68 2.
1188 723 136 68 p.
1256 723 204 68 in-8.
1391 723 113 68 6
1414 723 68 68 »

127 770 231 68 Relative
300 770 96 68 à
339 770 308 68 l’Impression
589 770 116 68 de
647 770 116 68 sa
705 770 193 68 pièce:
840 770 173 68 La
956 770 173 68 manie
1071 770 135 68 des
1129 770 347 68 grandeurs..

81 817 124 55 Il
143 817 124 55 le
205 817 165 55 prie
308 817 124 55 de
370 817 165 55 dire
474 817 103 55 à
515 817 165 55 Mlle
618 817 165 55 Mars
721 817 124 55 et
783 817 103 55 à
824 817 206 55 Damas,
969 817 186 55 qu’il
1093 817 268 55 travaille
1299 817 165 55 avec
1382 817 103 55 ar-

81 861 152 71 deur
176 861 133 71 aux
252 861 284 71 corrections
479 861 114 71 de
536 861 171 71 La
650 861 171 71 Fille
764 861 341 71 d’Honneur
1048 861 114 71 et
1105 861 171 71 qu’il
1219 861 171 71 n’est
1332 861 133 71 pas
1389 861 95 71 mé-

82 915 211 61 content
235 915 115 61 de
293 915 134 61 ses
370 915 307 61 changements.
620 915 288 61 J’espère
850 915 211 61 qu’avec
1004 915 192 61 l’aide
1138 915 115 61 du
1196 915 154 61 cvel
1292 915 115 61 et
1330 915 154 61 du

85 963 242 56 travail
275 963 104 56 je
327 963 190 56 pourrai
465 963 173 56 marier
586 963 155 56 cette
689 963 173 56 petite
810 963 207 56 fille-là
966 963 138 56 avec
1052 963 104 56 le
1086 963 225 56 public

39 1003 165 75 3470.
148 1003 274 75 Élbée
368 1003 311 75 (Gigot
624 1003 146 75 d’),
716 1003 201 75 général
862 1003 220 75 vendéen.
1027 1003 110 75 Sa
1082 1003 238 75 signature
1264 1003 110 75 au
1319 1003 128 75 bas
1374 1003 110 75 d’un

80 1061 170 64 état
186 1061 149 64 des
271 1061 213 64 hommes
421 1061 107 64 à
463 1061 277 64 congédier
676 1061 128 64 au
740 1061 128 64 4e
804 1061 256 64 régiment
996 1061 128 64 de
1060 1061 277 64 chasseurs
1273 1061 107 64 à
1294 1061 192 64 cheval;

80 1115 146 55 cet
164 1115 167 55 état
268 1115 146 55 est
351 1115 188 55 aussi
476 1115 188 55 signé
601 1115 146 55 par
685 1115 125 55 le
747 1115 188 55 comte
872 1115 125 55 de
935 1115 292 55 Schonberg.
1164 1115 208 55 Arque,
1310 1115 104 55 8
1331 1115 146 55 sept.

63 1157 335 62 1779.
286 1157 186 62 1
361 1157 223 62 p.
472 1157 410 62 in-fol.
770 1157 596 62 Rare
1255 1157 186 62 5
1292 1157 186 62 fr.

37 1196 189 76 3471.
163 1196 419 76 Elections
519 1196 231 76 Collège
687 1196 273 76 électoral
897 1196 126 76 de
960 1196 189 76 Paris
1086 1196 168 76 pour
1190 1196 126 76 la
1232 1196 252 76 nomination

79 1257 146 59 des
163 1257 230 59 députés
330 1257 105 59 à
372 1257 125 59 la
435 1257 251 59 première
623 1257 272 59 assemblée
832 1257 335 59 législative.
1104 1257 293 59 (septembre
1313 1257 167 59 1791).

79 1304 189 63 Notes
205 1304 126 63 au
268 1304 210 63 crayon
415 1304 126 63 de
478 1304 147 63 Nau
562 1304 252 63 Deville,
751 1304 252 63 électeur
941 1304 399 63 (dépouillements
1277 1304 147 63 des
1340 1304 147 63 scru-

78 1350 231 63 tins).
240 1350 139 63 36
309 1350 208 63 pages
447 1350 208 63 petit
586 1350 208 63 in-4.
724 1350 254 63 Curieux
909 1350 277 63 document
1117 1350 346 63 historique.
1394 1350 115 63 3
1417 1350 69 63 »

38 1398 201 63 3472.
171 1398 312 63 Emneute
417 1398 134 63 du
484 1398 111 63 3
528 1398 156 63 mai
617 1398 268 63 1775
818 1398 223 63 Compte
974 1398 156 63 que
1063 1398 178 63 reud
1175 1398 134 63 le
1242 1398 201 63 sieur
1353 1398 134 63 Gol-

81 1451 168 58 lart
186 1451 294 58 Dutilleul,
417 1451 105 58 à
459 1451 126 58 M.
522 1451 231 58 Albert,
690 1451 210 58 maître
838 1451 147 58 des
922 1451 273 58 requêtes,
1132 1451 294 58 lieutenant
1342 1451 147 58 géné-

80 1503 156 51 ral
169 1503 134 51 de
236 1503 246 51 Police,
415 1503 156 51 des
504 1503 223 51 sommes
660 1503 156 51 par
750 1503 156 51 lui
839 1503 223 51 reçues
996 1503 134 51 et
1063 1503 290 51 dépensées
1286 1503 134 51 au
1331 1503 156 51 sujet

80 1542 134 63 de
147 1542 268 63 l’émeute
348 1542 246 63 arrivée
527 1542 134 63 le
594 1542 112 63 3
639 1542 156 63 mai
728 1542 201 63 1775.
862 1542 134 63 Le
929 1542 246 63 présent
1108 1542 224 63 compte
1264 1542 246 63 montant
1421 1542 67 63 à

80 1591 132 65 la
146 1591 198 65 somme
278 1591 132 65 de
344 1591 220 65 52,500
498 1591 154 65 fr.
586 1591 132 65 13
652 1591 110 65 s
696 1591 110 65 6
740 1591 264 65 deniers,
937 1591 154 65 est
1025 1591 198 65 signé
1157 1591 154 65 par
1245 1591 132 65 M.
1289 1591 198 65 Albert,

79 1642 119 54 à
127 1642 238 54 Paris,
294 1642 143 54 le
365 1642 119 54 4
413 1642 191 54 mars
532 1642 214 54 1776.
675 1642 119 54 9
723 1642 167 54 gr.
818 1642 143 54 p.
889 1642 167 54 pl.
985 1642 143 54 et
1056 1642 214 54 quart
1199 1642 262 54 in-fol.
1390 1642 119 54 6
1414 1642 71 54 »

124 1684 246 68 Curieux
303 1684 291 68 document.
527 1684 134 68 On
594 1684 112 68 y
638 1684 179 68 lit:
750 1684 157 68 Les
840 1684 381 68 entrepreneurs
1153 1684 134 68 de
1198 1684 291 68 l’illumina-

85 1737 160 59 tion
185 1737 160 59 pour
285 1737 180 59 avoir
405 1737 240 59 illuminé
585 1737 440 59 extraordinairement
966 1737 200 59 Paris.
1106 1737 160 59 7968
1206 1737 160 59 liv.
1306 1737 120 59 10
1346 1737 140 59 sous.

81 1785 107 72 —
123 1785 192 72 Bérat
251 1785 320 72 taillandier
507 1785 170 72 pour
613 1785 128 72 le
677 1785 170 72 prix
784 1785 170 72 d’un
890 1785 192 72 poële
1018 1785 234 72 destiné
1189 1785 170 72 pour
1274 1785 213 72 chauffer

82 1831 146 60 les
166 1831 230 60 pauvres
333 1831 167 60 dans
437 1831 146 60 les
521 1831 209 60 places
667 1831 293 60 publiques.
897 1831 188 60 1,000
1002 1831 125 60 liv.

40 1861 185 84 3473.
164 1861 350 84 Epagny
452 1861 185 84 (d’),
576 1861 206 84 auteur
720 1861 309 84 dramatique.
967 1861 124 84 1°
1029 1861 206 84 Billet
1173 1861 165 84 aut.
1276 1861 165 84 sig.
1379 1861 103 84 1
1400 1861 82 84 p.

70 1937 346 55 in-18.
312 1937 173 55 —
381 1937 207 55 2°
485 1937 207 55 L.
589 1937 276 55 aut.
761 1937 276 55 sig.
934 1937 173 55 1
1003 1937 207 55 p.
1107 1937 311 55 in-8.
1314 1937 173 55 1
1349 1937 138 55 50

43 1990 188 64 3474.
169 1990 272 64 Eu
378 1990 376 64 (Louis-Charles
691 1990 125 64 de
754 1990 251 64 Bourbon,
942 1990 188 64 comte
1068 1990 167 64 d’),
1172 1990 167 64 fils
1277 1990 125 64 du
1340 1990 146 64 duc
1402 1990 84 64 du

81 2033 227 58 Maine.
240 2033 136 58 Né
308 2033 136 58 en
376 2033 204 58 1701.
512 2033 181 58 Mort
625 2033 136 58 en
693 2033 204 58 1775.
830 2033 136 58 Sa
898 2033 295 58 signature
1124 2033 159 58 sur
1215 2033 136 58 un
1260 2033 227 58 acquies-

86 2090 212 67 cement
234 2090 127 67 de
298 2090 191 67 vente
425 2090 191 67 d’une
553 2090 255 67 carrière
743 2090 127 67 de
807 2090 212 67 pierre
956 2090 106 67 à
998 2090 212 67 plâtre
1147 2090 170 67 dans
1253 2090 127 67 le
1316 2090 170 67 clos
1401 2090 85 67 de

84 2133 126 69 la
147 2133 189 69 ferme
273 2133 126 69 de
336 2133 272 69 Châtillon
545 2133 147 69 (le
629 2133 168 69 plan
734 2133 126 69 de
797 2133 126 69 la
859 2133 272 69 carrière,
1069 2133 168 69 lavé
1174 2133 126 69 et
1237 2133 231 69 colorié
1383 2133 105 69 est

71 2182 495 76 derrière).
459 2182 353 76 Paris,
707 2182 177 76 3
777 2182 247 76 mai
919 2182 318 76 1768.
1131 2182 318 76 in-4.
1343 2182 177 76 5
1378 2182 106 76 »

43 2212 188 87 3475.
169 2212 461 87 Explication
567 2212 147 87 des
650 2212 251 87 tableaux
839 2212 126 87 de
902 2212 126 87 la
964 2212 230 87 galerie
1132 2212 126 87 du
1195 2212 314 87 Luxembourg.
1425 2212 63 87 9

75 2283 184 60 p.
167 2283 215 60 pl.
290 2283 277 60 in-8.
475 2283 400 60 (écriture
782 2283 184 60 du
874 2283 307 60 XVIIIe
1089 2283 369 60 siècle).
1366 2283 154 60 2
1397 2283 92 60 »

44 2333 173 60 3476.
159 2333 326 60 Favart
428 2333 230 60 (Maria),
601 2333 211 60 actrice
754 2333 115 60 du
812 2333 211 60 théâtre
966 2333 250 60 Français.
1158 2333 192 60 Billet
1292 2333 154 60 aut.
1369 2333 115 60 sig.

37 2384 969 70 Demie-page
798 2384 623 70 in-8.
1213 2384 346 70 1
1282 2384 208 70 »

47 2419 188 66 3477.
172 2419 417 66 Férussac,
526 2419 208 66 membre
672 2419 125 66 de
735 2419 292 66 l’Académie
964 2419 146 66 des
1047 2419 271 66 sciences.
1256 2419 125 66 1°
1318 2419 125 66 L.
1360 2419 125 66 sig.

85 2487 110 57 2
129 2487 132 57 p.
195 2487 198 57 in-4.
327 2487 110 57 —
371 2487 132 57 2°
437 2487 132 57 L.
502 2487 176 57 aut.
612 2487 198 57 sig.,
744 2487 110 57 à
788 2487 132 57 M.
854 2487 198 57 Bosc.
986 2487 110 57 2
1030 2487 132 57 p.
1096 2487 198 57 petit
1227 2487 220 57 in-18.
1381 2487 110 57 1
1403 2487 88 57 50

45 2525 183 59 3478.
167 2525 346 59 Fétis,
452 2525 326 59 compositeur,
717 2525 244 59 écrivain
900 2525 143 59 sur
982 2525 122 59 la
1043 2525 244 59 musique.
1226 2525 122 59 L.
1287 2525 163 59 aut.
1369 2525 122 59 sig.

75 2584 354 62 Paris,
322 2584 212 62 14
429 2584 390 62 février
712 2584 319 62 1829.
924 2584 177 62 1
995 2584 212 62 p.
1101 2584 319 62 in-8.
1314 2584 177 62 1
1349 2584 142 62 50

48 2623 183 60 3479.
170 2623 428 60 Fitz-James
536 2623 143 60 (le
618 2623 265 60 chevalier
821 2623 163 60 de),
923 2623 122 60 du
984 2623 244 60 régiment
1167 2623 122 60 de
1228 2623 244 60 Berwick.
1391 2623 102 60 Mé

89 2694 194 63 moire
219 2694 173 63 aut.
327 2694 194 63 sig.,
456 2694 129 63 au
521 2694 259 63 maréchal
715 2694 129 63 de
779 2694 280 63 Castries.
995 2694 216 63 Paris,
1146 2694 108 63 9
1189 2694 237 63 février
1340 2694 151 63 1786.

34 2727 383 83 1
188 2727 460 83 p.
418 2727 537 83 pl.
724 2727 690 83 in-4.
1184 2727 383 83 2
1261 2727 230 83 »
