1580 2955
632 50 179 95 —
668 50 179 95 280

61 136 184 75 3480.
183 136 408 75 Fontaine,
530 136 286 75 architecte
755 136 122 75 de
816 136 245 75 Napoléon
1000 136 122 75 et
1061 136 122 75 de
1122 136 388 75 Louis-Philippe.
1428 136 82 75 L.

101 205 213 59 aut.
234 205 213 59 sig.
367 205 266 59 Paris,
553 205 159 59 29
633 205 399 59 vendémiaire
952 205 159 59 an
1032 205 159 59 X.
1111 205 133 59 1
1165 205 159 59 p.
1244 205 239 59 in-8.
1404 205 133 59 2
1430 205 80 59 »

61 248 181 66 3481.
182 248 342 66 Forbin
463 248 141 66 (le
544 248 181 66 comte
665 248 161 66 de),
765 248 262 66 directeur
967 248 221 66 général
1128 248 141 66 des
1208 248 201 66 Musées
1329 248 181 66 royaux.

99 301 173 56 L.
186 301 231 56 aut.
330 301 231 56 sig.
475 301 289 56 Paris,
677 301 173 56 18
763 301 202 56 mai
879 301 260 56 1825.
1052 301 144 56 2
1110 301 173 56 p.
1196 301 260 56 in-8.
1370 301 144 56 4
1399 301 116 56 50

63 346 186 67 3482.
188 346 352 67 Formey
477 346 228 67 savant,
643 346 290 67 conseiller
871 346 186 67 privé
995 346 124 67 du
1057 346 145 67 roi
1140 346 124 67 de
1202 346 228 67 Prusse,
1347 346 166 67 secré

106 395 186 57 taire
230 395 269 57 perpétuel
437 395 124 57 de
499 395 289 57 l’Académie
726 395 124 57 de
788 395 227 57 Berlin.
953 395 124 57 L.
1015 395 165 57 aut.
1119 395 186 57 sig.,
1242 395 103 57 à
1263 395 248 57 madame....

87 452 423 69 Berlin,
394 452 231 69 14
509 452 308 69 juin
702 452 346 69 1760,
932 452 192 69 1
1009 452 231 69 p.
1125 452 346 69 in-4.
1355 452 192 69 5
1394 452 115 69 »

150 490 130 64 Au
215 490 195 64 sujet
345 490 130 64 de
410 490 130 64 la
475 490 325 64 composition
735 490 130 64 de
800 490 238 64 l’éloge
973 490 130 64 de
1038 490 303 64 Maupertuis
1277 490 195 64 qu’il
1385 490 130 64 doit

104 551 304 55 prononcer,
343 551 130 55 et
408 551 195 55 qu’il
538 551 174 55 doit
647 551 282 55 retoucher
864 551 239 55 d’après
1038 551 152 55 les
1124 551 195 55 idées
1255 551 130 55 de
1320 551 130 55 M.
1385 551 130 55 de
1428 551 87 55 la

74 594 314 60 Condamine.

59 634 184 68 3483.
182 634 369 68 Fouquet
489 634 431 68 (Charles-Armand),
858 634 205 68 prêtre
1002 634 123 68 de
1063 634 308 68 l’Oratoire,
1289 634 226 68 supérieur

105 684 126 68 de
168 684 400 68 Saiut-Magloire.
505 684 211 68 Quitt.
653 684 169 68 aut.
758 684 169 68 sig.
864 684 169 68 (sur
969 684 253 68 parch.).
1159 684 211 68 Paris,
1306 684 105 68 2
1327 684 190 68 juillet

20 739 961 56 1704.
661 739 641 56 8-
981 739 534 56 1
1088 739 427 56 50

56 781 199 61 3484.
189 781 332 61 Franchet
454 781 376 61 Desperey,
764 781 221 61 préfet
919 781 133 61 de
985 781 243 61 police.
1162 781 133 61 L.
1228 781 177 61 aut.
1339 781 199 61 sig.,
1450 781 66 61 à

100 831 139 53 M.
169 831 208 53 Dugas
308 831 278 53 Montbel.
517 831 232 53 Paris,
679 831 116 53 8
725 831 255 53 juillet
910 831 208 53 1824.
1049 831 116 53 1
1095 831 139 53 p.
1165 831 162 53 pl.
1257 831 208 53 in-8.
1396 831 116 53 2
1419 831 93 53 50

60 867 182 68 3485.
181 867 343 68 Fréret
463 867 283 68 (Nicolas),
685 867 222 68 célèbre
847 867 303 68 philologue,
1089 867 283 68 secrétaire
1291 867 222 68 perpétuel

105 934 128 53 de
169 934 299 53 l’Académie
403 934 149 53 des
489 934 747 53 Inscriptions-et-Belles-Lettres.
1172 934 128 53 L.
1236 934 171 53 aut.
1342 934 192 53 sig.,
1449 934 64 53 à

102 978 217 52 l’abbé
254 978 130 52 de
319 978 217 52 Conti.
471 978 260 52 Mercredi
667 978 130 52 25
732 978 260 52 octobre.
927 978 109 52 1
970 978 130 52 p.
1036 978 152 52 pl.
1122 978 195 52 in-4.
1253 978 217 52 (Pièce
1383 978 130 52 dou-

89 1023 320 62 blée,
303 1023 427 62 quelques
623 1023 356 62 taches
872 1023 213 62 de
979 1023 498 62 rousseur.)
1370 1023 178 62 9
1405 1023 107 62 »

58 1062 182 69 3486.
179 1062 324 69 Galin
443 1062 263 69 (Pierre),
645 1062 263 69 inventeur
848 1062 122 69 du
908 1062 304 69 Méloplaste,
1151 1062 243 69 musicien
1313 1062 203 69 composi

103 1119 198 62 teur,
235 1119 220 62 membre
389 1119 132 62 de
455 1119 286 62 l’Athénée
676 1119 132 62 et
742 1119 132 62 de
808 1119 132 62 la
874 1119 242 62 société
1050 1119 375 62 philarmonique
1337 1119 176 62 d’Ams-

104 1170 213 59 terdam.
258 1170 116 59 Né
316 1170 97 59 à
355 1170 386 59 Bordeaux
683 1170 251 59 (Gironde)
876 1170 116 59 en
934 1170 174 59 1786.
1050 1170 155 59 Mort
1147 1170 97 59 à
1186 1170 174 59 Paris
1301 1170 116 59 le
1359 1170 116 59 31
1398 1170 116 59 août

104 1216 192 59 1822.
232 1216 256 59 Discours
424 1216 235 59 funèbre
595 1216 256 59 prononcé
787 1216 149 59 sur
872 1216 128 59 sa
936 1216 192 59 tombe
1065 1216 149 59 par
1150 1216 171 59 Mlle
1235 1216 278 59 Hulleville,

103 1267 191 55 dame
223 1267 335 55 sage-femme
485 1267 143 55 de
557 1267 143 55 la
629 1267 239 55 Maison
796 1267 239 55 Royale
963 1267 454 55 d’accouchement.
1346 1267 191 55 Aut.
1441 1267 72 55 2

84 1322 312 52 gr.
263 1322 268 52 p.
397 1322 312 52 pl.
575 1322 268 52 et
709 1322 402 52 demie
977 1322 491 52 in-fol.
1334 1322 223 52 3
1378 1322 134 52 »

59 1352 182 81 3487.
180 1352 384 81 Gergonne
504 1352 243 81 (J.-D.),
686 1352 283 81 professeur
908 1352 324 81 d’astronomie
1171 1352 101 81 à
1212 1352 121 81 la
1272 1352 222 81 faculté
1414 1352 101 81 des

104 1407 260 52 sciences
299 1407 130 52 de
364 1407 346 52 Montpellier,
645 1407 281 52 rédacteur
862 1407 151 52 des
948 1407 238 52 annales
1121 1407 130 52 de
1165 1407 346 52 Mathématiques.

102 1458 121 64 L.
162 1458 161 64 aut.
263 1458 181 64 sig.,
384 1458 121 64 au
445 1458 262 64 ministre.
646 1458 202 64 Nimes,
787 1458 121 64 25
848 1458 262 64 thermidor
1049 1458 121 64 an
1110 1458 141 64 IX.
1190 1458 101 64 1
1231 1458 121 64 p.
1291 1458 181 64 in-4.
1412 1458 101 64 2
1432 1458 81 64 50

56 1497 193 85 3488.
184 1497 300 85 Gilbert
420 1497 150 85 des
506 1497 322 85 Voisins
763 1497 279 85 (Pierre),
978 1497 214 85 avocat
1128 1497 236 85 général
1300 1497 129 85 au
1342 1497 172 85 parle

102 1549 174 61 ment
211 1549 130 61 de
276 1549 217 61 Paris,
428 1549 239 61 célèbre
601 1549 152 61 par
688 1549 152 61 son
775 1549 304 61 éloquence,
1014 1549 130 61 la
1079 1549 260 61 noblesse
1274 1549 130 61 et
1339 1549 130 61 la
1383 1549 130 61 fer-

102 1596 171 70 meté
209 1596 128 70 de
273 1596 150 70 son
358 1596 299 70 caractère.
593 1596 128 70 L.
658 1596 171 70 aut.
765 1596 192 70 sig.,
893 1596 107 70 à
936 1596 128 70 M.
1000 1596 128 70 le
1064 1596 299 70 chancelier
1299 1596 128 70 de
1342 1596 171 70 Lamoi-

94 1647 272 72 gnon.
275 1647 453 72 Avillennes,
637 1647 181 72 23
727 1647 241 72 juin
878 1647 272 72 1754,
1059 1647 151 72 2
1120 1647 181 72 p.
1210 1647 272 72 in-4.
1391 1647 151 72 6
1421 1647 91 72 »

151 1679 200 74 Lettre
291 1679 320 74 intéressante
551 1679 120 74 au
611 1679 180 74 sujet
731 1679 120 74 de
791 1679 120 74 la
852 1679 160 74 mort
952 1679 120 74 de
1012 1679 140 74 son
1092 1679 180 74 fils,
1212 1679 120 74 et
1272 1679 120 74 de
1332 1679 120 74 la
1372 1679 140 74 bien-

102 1740 265 71 veillance
306 1740 143 71 que
387 1740 122 71 le
448 1740 143 71 roi
530 1740 224 71 accorde
693 1740 102 71 à
734 1740 143 71 son
795 1740 265 71 petit

57 1775 177 95 3489.
175 1775 334 95 Giraud
450 1775 275 95 (Charles),
666 1775 196 95 membre
803 1775 118 95 de
862 1775 294 95 l’Institut.
1098 1775 118 95 L.
1157 1775 157 95 aut.
1255 1775 177 95 sig.,
1353 1775 157 95 Paris,

71 1841 267 56 3
177 1841 641 56 janvier.
658 1841 267 56 1
765 1841 320 56 p.
925 1841 480 56 in-8.
1245 1841 267 56 1
1298 1841 214 56 50

57 1881 166 74 3490.
167 1881 314 74 Gouffé
426 1881 240 74 (Armand),
610 1881 184 74 poëte,
739 1881 295 74 chansonnier.
979 1881 221 74 Eloge
1145 1881 111 74 de
1200 1881 184 74 l’eau,
1311 1881 203 74 chan

102 1938 191 50 son
235 1938 248 50 bachique,
426 1938 171 50 faite
540 1938 152 50 pour
635 1938 114 50 le
693 1938 191 50 retour
826 1938 114 50 de
883 1938 114 50 la
940 1938 267 50 pluie
1150 1938 152 50 Aut.
1245 1938 152 50 sig.
1341 1938 95 50 3
1379 1938 114 50 p.
1417 1938 95 50 pl.

-17 1984 1252 60 in-4.
818 1984 696 60 7
957 1984 556 60 50

53 2016 190 85 3491.
180 2016 359 85 Grétry
476 2016 275 85 (madame),
687 2016 190 85 femie
814 2016 127 85 du
877 2016 338 85 compositeur.
1152 2016 127 85 L.
1215 2016 169 85 aut.
1321 2016 190 85 sig.,
1426 2016 85 85 au

103 2071 248 64 ministre
289 2071 207 64 Ramel.
434 2071 103 64 5
475 2071 227 64 ventôse
641 2071 124 64 an
703 2071 165 64 VII.
806 2071 103 64 2
848 2071 124 64 p.
910 2071 145 64 pl.
992 2071 186 64 in-8.
1116 2071 227 64 Cachet.
1282 2071 186 64 Jolie
1385 2071 124 64 let-

58 2128 505 56 tre.
374 2128 1073 56 Intéressante.
1257 2128 316 56 5
1321 2128 189 56 »

57 2162 166 81 3492.
167 2162 313 81 Guizot
425 2162 276 81 (François),
645 2162 258 81 historien.
848 2162 110 81 Né
903 2162 92 81 à
940 2162 294 81 Nîmes
1179 2162 202 81 (Gard).
1326 2162 184 81 Billet
1436 2162 74 81 de

104 2225 171 55 trois
218 2225 209 55 lignes,
370 2225 152 55 aut.
465 2225 171 55 sig.,
579 2225 95 55 7
617 2225 152 55 mars
712 2225 171 55 1845,
826 2225 171 55 in-8.
940 2225 95 55 —
978 2225 171 55 De
1092 2225 114 55 la
1149 2225 285 55 St-Philippe
1358 2225 152 55 de

106 2270 135 59 1835
191 2270 135 59 à
275 2270 220 59 Nimes
445 2270 118 59 (au
512 2270 152 59 sujet
614 2270 102 59 de
665 2270 305 59 l’impopularité
919 2270 102 59 de
969 2270 102 59 M.
1020 2270 203 59 Guizot),
1172 2270 135 59 aut.
1257 2270 135 59 sig.
1325 2270 186 59 Un

99 2324 371 55 patriote
396 2324 148 55 du
470 2324 322 55 Gard
718 2324 124 55 2
767 2324 173 55 gr.
866 2324 148 55 p.
940 2324 173 55 pl.
1039 2324 148 55 et
1113 2324 223 55 demie
1262 2324 223 55 in-4.
1410 2324 124 55 4
1435 2324 74 55 »

54 2357 192 67 3493,
182 2357 363 67 Guizot
481 2357 235 67 (madame
652 2357 235 67 Elisa),
823 2357 192 67 femme
951 2357 128 67 de
1015 2357 128 67 M.
1080 2357 256 67 François
1272 2357 235 67 Guizot.
1422 2357 85 67 L.

102 2414 177 57 aut.
213 2414 199 57 sig.,
346 2414 111 57 à
390 2414 133 57 M.
456 2414 310 57 Villemain.
700 2414 199 57 Jeudi
833 2414 199 57 soir.
966 2414 111 57 1
1010 2414 133 57 p.
1077 2414 133 57 et
1143 2414 199 57 demie
1276 2414 199 57 in-8.
1409 2414 111 57 3
1432 2414 66 57 »

53 2457 187 58 3494.
178 2457 437 58 Hôtel-Dieu
552 2457 125 58 de
615 2457 208 58 Paris.
760 2457 229 58 Mémoire
927 2457 146 58 des
1010 2457 312 58 religieuses
1259 2457 125 58 de
1301 2457 208 58 l’Hôtel

97 2515 182 61 Dieu
211 2515 136 61 de
279 2515 205 61 Paris
416 2515 250 61 adressé
597 2515 136 61 au
666 2515 205 61 comte
802 2515 205 61 d’Eu,
939 2515 182 61 pour
1052 2515 136 61 le
1120 2515 205 61 prier
1257 2515 136 61 de
1302 2515 205 61 vouloir

101 2560 163 57 bien
202 2560 142 57 les
284 2560 244 57 protéger
467 2560 204 57 contre
609 2560 122 57 le
671 2560 224 57 partage
833 2560 142 57 que
915 2560 163 57 l’on
1017 2560 163 57 veut
1118 2560 183 57 faire
1240 2560 163 57 dans
1342 2560 122 57 le
1383 2560 122 57 ser-

98 2608 168 69 vice
203 2608 126 69 de
266 2608 126 69 la
329 2608 295 69 communauté
561 2608 189 69 après
687 2608 295 69 l’incendie
919 2608 147 69 qui
1003 2608 105 69 a
1045 2608 232 69 détruit
1213 2608 189 69 trois
1319 2608 189 69 salles,

103 2659 154 53 avec
199 2659 115 53 ce
256 2659 173 53 qu’on
372 2659 231 53 appelait
545 2659 173 53 La
660 2659 269 53 communauté
871 2659 134 53 des
948 2659 288 53 religieuses
1178 2659 134 53 qui
1255 2659 173 53 était
1351 2659 154 53 au

106 2705 314 60 dessus
368 2705 122 60 (Il
437 2705 87 60 y
472 2705 122 60 est
542 2705 210 60 question
699 2705 105 60 de
752 2705 297 60 l’insalubrité
996 2705 105 60 de
1049 2705 157 60 l’eau
1154 2705 105 60 de
1206 2705 227 60 l’hôpital
1363 2705 140 60 Saint-

73 2753 541 82 Louis).
466 2753 246 82 3
565 2753 344 82 gr.
761 2753 295 82 p.
909 2753 541 82 in-fol.
1302 2753 246 82 5
1351 2753 148 82 »
