1694 2904
614 42 182 99 —
686 42 255 99 281
796 42 109 99 —

45 141 179 79 3495.
164 141 358 79 Iffland
462 141 457 79 (Anguste-Guillaume,
859 141 218 79 célèbre
1018 141 199 79 acteur
1157 141 119 79 et
1217 141 199 79 auteur
1336 141 159 79 drama-

92 209 200 55 tique
225 209 289 55 allemand.
448 209 134 55 L.
515 209 178 55 aut.
626 209 178 55 sig.
737 209 156 55 (en
826 209 312 55 français),
1071 209 200 55 comme
1205 209 289 55 directeur
1405 209 89 55 du

93 244 229 57 théâtre
260 244 125 57 de
322 244 229 57 Berlin,
489 244 104 57 à
530 244 208 57 M.....
676 244 229 57 Berlin,
843 244 125 57 27
905 244 167 57 nov.
1009 244 187 57 1806,
1134 244 104 57 2
1176 244 146 57 gr.
1259 244 125 57 p.
1301 244 187 57 in

65 292 691 57 Très-rare,
608 292 296 57 en
756 292 642 57 français.
1249 292 247 57 7
1299 292 197 57 50

138 334 196 68 Lettre
276 334 235 68 curieuse
452 334 118 68 au
511 334 177 68 sujet
629 334 118 68 de
688 334 177 68 trois
805 334 275 68 militaires
1021 334 235 68 attachés
1198 334 98 68 à
1237 334 137 68 son
1296 334 196 68 théâtre.

46 392 179 67 3496.
165 392 417 67 Istuanfius
522 392 278 67 (Nicolas),
740 392 317 67 vice-paladin
998 392 119 67 de
1058 392 238 67 Hongrie,
1236 392 99 67 a
1276 392 198 67 publié
1395 392 99 67 une

84 435 371 60 Histoire
381 435 148 60 de
455 435 396 60 Hongrie
777 435 148 60 N.
851 435 223 60 1534.
999 435 148 60 M.
1074 435 223 60 1614.
1222 435 223 60 Pièce
1346 435 148 60 sig.

72 495 277 67 (en
231 495 435 67 latin).
547 495 356 67 1600.
784 495 237 67 2.
902 495 237 67 p.
1021 495 435 67 in-fol.
1337 495 198 67 6
1376 495 119 67 »

137 527 251 63 Extraits
325 527 125 63 et
388 527 292 63 conclusion
618 527 125 63 de
680 527 125 63 la
743 527 188 63 diète
868 527 125 63 de
910 527 209 63 Hongrie.

48 587 172 58 3497.
162 587 305 58 Jadin
410 587 172 58 (L.),
525 587 305 58 compositeur.
772 587 114 58 L.
830 587 153 58 aut.
925 587 153 58 sig.
1020 587 114 58 27
1078 587 210 58 juillet
1230 587 172 58 1827.
1344 587 95 58 1
1383 587 114 58 p.
1421 587 76 58 et

62 623 479 63 demie
381 623 479 63 in-8.
701 623 692 63 Musicale.
1233 623 266 63 1
1286 623 213 63 50

48 672 172 72 3498.
162 672 172 72 La
277 672 324 72 Chalolais
544 672 248 72 (L.-A.-R.
735 672 153 72 René
830 672 286 72 Caradeuc
1059 672 229 72 de),
1231 672 248 72 procureur
1403 672 95 72 gé

91 741 201 50 néral
225 741 134 50 au
291 741 290 50 parlement
515 741 134 50 de
581 741 245 50 Rennes.
760 741 134 50 L.
827 741 201 50 sig.,
961 741 112 50 à
1005 741 134 50 M.
1072 741 268 50 Guillot.
1251 741 245 50 Caradeuc,

77 772 208 58 19
181 772 381 58 octobre
459 772 312 58 1777.
666 772 173 58 1
736 772 208 58 p.
840 772 312 58 in-4.
1048 772 381 58 Cachet.
1325 772 173 58 2
1359 772 139 58 50

47 813 187 80 3499.
172 813 187 80 La
296 813 353 80 Chalotais
586 813 270 80 (Caradeuc
794 813 166 80 de),
898 813 166 80 fils
1001 813 124 80 du
1063 813 270 80 procureur
1271 813 228 80 général
1416 813 83 80 au

94 874 257 68 parlement
292 874 119 68 de
351 874 218 68 Rennes:
510 874 119 68 L.
569 874 178 68 sig.,
688 874 178 68 de
807 874 336 68 Caradeuc
1084 874 218 68 Rennes,
1242 874 99 68 5
1281 874 158 68 juin
1361 874 139 68 1785,

23 922 462 56 1
207 922 554 56 p.
484 922 831 56 in-4.
1038 922 462 56 4
1131 922 369 56 50

48 967 201 55 3500.
182 967 469 55 Lafontaine
584 967 358 55 magnétiseur.
874 967 134 55 L.
941 967 179 55 aut.
1053 967 179 55 sig.
1165 967 112 55 1
1210 967 134 55 p.
1277 967 201 55 in-8.
1411 967 112 55 1
1433 967 67 55 »

49 1022 189 58 3501.
175 1022 336 58 Laity
449 1022 147 58 (le
533 1022 189 58 baron
659 1022 168 58 de),
764 1022 273 58 compromis
974 1022 168 58 dans
1079 1022 126 58 le
1143 1022 210 58 procès
1290 1022 126 58 de
1332 1022 168 58 Stras-

75 1055 396 62 bourg.
353 1055 238 62 L.
472 1055 317 62 aut.
670 1055 317 62 sig.
868 1055 198 62 1
947 1055 238 62 p.
1066 1055 357 62 in-8.
1304 1055 198 62 4
1343 1055 159 62 50

49 1101 181 73 3502.
170 1101 343 73 Lamare
452 1101 141 73 (E.
533 1101 161 73 de),
633 1101 242 73 chanoine
815 1101 121 73 et
875 1101 302 73 pénitencier
1117 1101 121 73 de
1178 1101 242 73 l’Eglise
1359 1101 121 73 de
1399 1101 101 73 Pa

95 1170 168 47 ris.
200 1170 294 47 Permission
431 1170 231 47 (Billet
599 1170 231 47 imprimé
767 1170 126 47 et
829 1170 210 47 signé)
976 1170 210 47 donnée
1123 1170 105 47 à
1165 1170 147 47 Dom
1228 1170 273 47 Carpentier,

93 1203 308 66 bénédictin
335 1203 132 66 du
401 1203 286 66 monastère
621 1203 132 66 de
687 1203 374 66 Saint-Martin,
996 1203 308 66 d’absoudre
1238 1203 154 66 les
1326 1203 154 66 cas
1392 1203 110 66 ré-

66 1250 513 63 servés
425 1250 308 63 au
579 1250 821 63 pénitencier.
1246 1250 256 63 1
1297 1250 205 63 50

51 1303 189 64 3503.
177 1303 400 64 Lamballé
514 1303 337 64 (Marie-L.-T.
788 1303 126 64 de
851 1303 231 64 Savoie,
1019 1303 274 64 princesse
1229 1303 168 64 de).
1314 1303 189 64 Mémoire

96 1345 130 62 au
161 1345 151 62 roi
248 1345 173 62 (non
356 1345 238 62 signé),
529 1345 173 62 pour
637 1345 130 62 le
702 1345 195 62 prier
832 1345 130 62 de
897 1345 151 62 lui
984 1345 260 62 accorder
1178 1345 151 62 les
1265 1345 238 62 savanes
1416 1345 87 62 de

95 1407 272 53 l’ancien
300 1407 363 53 gouvernement
595 1407 136 53 de
663 1407 272 53 Léogane,
867 1407 318 53 consistant
1117 1407 136 53 en
1185 1407 272 53 quarante
1367 1407 136 53 car-

101 1441 191 66 reaux
228 1441 255 66 environ,
420 1441 149 66 qui
505 1441 170 66 sont
611 1441 255 66 incultes
802 1441 128 66 et
866 1441 298 66 abandonnés
1100 1441 213 66 depuis
1249 1441 213 66 trente
1376 1441 128 66 ans,

35 1486 432 64 1
207 1486 518 64 p.
467 1486 950 64 in-fol.
1158 1486 432 64 3
1244 1486 259 64 »

50 1533 192 67 3504.
178 1533 406 67 Lamberti
520 1533 214 67 savant
669 1533 278 67 milanais.
883 1533 128 67 L.
947 1533 171 67 aut.
1053 1533 192 67 sig.,
1182 1533 107 67 à
1224 1533 128 67 M.
1267 1533 235 67 Renouard,

93 1585 248 71 Milan.
267 1585 124 71 2
316 1585 174 71 mai
415 1585 223 71 1810.
564 1585 124 71 2
614 1585 174 71 gr.
713 1585 149 71 p.
787 1585 174 71 pl.
886 1585 223 71 in-4.
1035 1585 421 71 Intéressante.
1382 1585 124 71 7
1407 1585 99 71 50

145 1637 170 63 Paul
251 1637 234 63 Courier
421 1637 149 63 lui
506 1637 191 63 écrit
633 1637 127 63 de
697 1637 276 63 Florence,
909 1637 127 63 et
973 1637 149 63 lui
1058 1637 234 63 annonce
1228 1637 191 63 qu’il
1355 1637 127 63 va
1398 1637 106 63 lui

99 1698 238 49 envoyer
272 1698 130 49 un
337 1698 303 49 exemplaire
575 1698 130 49 de
640 1698 130 49 la
705 1698 303 49 traduction
943 1698 130 49 du
1008 1698 368 49 Longus
1289 1698 216 49 complet;

100 1737 211 61 mais
254 1737 211 61 jusqu’à
407 1737 211 61 présent
561 1737 115 61 je
619 1737 154 61 n’ai
715 1737 154 61 rien
811 1737 173 61 reçu.
926 1737 115 61 Je
984 1737 135 61 lui
1061 1737 115 61 ai
1119 1737 211 61 répondu
1272 1737 96 61 à
1292 1737 211 61 Rome

102 1784 173 67 où
217 1784 116 67 il
275 1784 154 67 doit
371 1784 116 67 se
429 1784 212 67 trouver
583 1784 327 67 actuellement.
853 1784 116 67 Le
911 1784 212 67 mystère
1065 1784 116 67 du
1123 1784 250 67 manuscrit
1296 1784 212 67 n’est

98 1820 188 77 pas
230 1820 188 77 encore
361 1820 225 77 dévoilé.
530 1820 113 77 M.
586 1820 169 77 Furia
699 1820 94 77 a
736 1820 188 77 écrit,
868 1820 94 77 à
905 1820 113 77 ce
962 1820 150 77 quon
1056 1820 131 77 m’a
1131 1820 150 77 dit,
1224 1820 94 77 à
1243 1820 263 77 quelques

97 1880 316 64 personnes,
357 1880 167 64 qu'il
469 1880 186 64 allait
599 1880 167 64 faire
710 1880 223 64 imprimer
877 1880 111 64 un
933 1880 167 64 récit
1044 1880 186 64 fidèle
1174 1880 111 64 de
1230 1880 111 64 ce
1267 1880 241 64 fâcheux

90 1933 267 62 événement

55 1935 189 95 3505.
181 1935 357 95 Lameth
475 1935 336 95 (Alexandre),
748 1935 210 95 membre
896 1935 126 95 de
959 1935 315 95 l’Assemblée
1190 1935 315 95 constituante.

97 2015 160 65 L.
177 2015 213 65 aut.
310 2015 213 65 sig.
443 2015 266 65 Paris,
630 2015 160 65 24
710 2015 319 65 novembre
949 2015 240 65 1823.
1109 2015 133 65 1
1162 2015 160 65 p.
1242 2015 240 65 in-4.
1402 2015 133 65 2
1428 2015 80 65 »

59 2058 174 92 3506.
174 2058 328 92 Latour
445 2058 212 92 (l'abbé
599 2058 154 92 de),
696 2058 289 92 bénédictin.
927 2058 116 92 L.
985 2058 154 92 aut.
1081 2058 174 92 sig.,
1197 2058 96 92 à
1236 2058 116 92 M.
1294 2058 116 92 de
1332 2058 174 92 Sainci.

86 2117 355 71 Autun,
335 2117 213 71 21
442 2117 391 71 juillet
726 2117 320 71 1775.
939 2117 178 71 2
1010 2117 213 71 p.
1116 2117 320 71 in-4.
1329 2117 178 71 2
1365 2117 142 71 50

148 2140 134 93 Au
215 2140 201 93 sujet
348 2140 134 93 de
415 2140 134 93 la
482 2140 201 93 prise
616 2140 134 93 de
683 2140 312 93 possession
928 2140 134 93 de
995 2140 156 93 son
1084 2140 223 93 abbave
1240 2140 134 93 de
1285 2140 223 93 Blanche-

103 2212 271 74 Couronne,
311 2212 125 74 et
374 2212 146 74 des
457 2212 229 74 grandes
624 2212 312 74 réparations
874 2212 187 74 qu’il
999 2212 104 74 y
1040 2212 167 74 faut
1123 2212 167 74 faire.

60 2251 188 83 3507.
186 2251 188 83 Le
311 2251 272 83 Brun
521 2251 126 83 3e
584 2251 230 83 consul,
751 2251 168 83 puis
856 2251 147 83 duc
940 2251 126 83 de
1002 2251 293 83 Plaisance.
1233 2251 126 83 L.
1296 2251 168 83 aut.
1379 2251 126 83 sig.

99 2301 260 64 Paris,
281 2301 156 64 23
359 2301 338 64 thermidor
620 2301 156 64 an
698 2301 208 64 XII.
828 2301 130 64 1
880 2301 156 64 p.
958 2301 156 64 et
1036 2301 260 64 demie,
1219 2301 234 64 in-4.
1375 2301 130 64 2
1401 2301 104 64 50

61 2336 181 76 3508.
182 2336 362 76 Leganes
483 2336 141 76 (le
564 2336 221 76 marquis
725 2336 161 76 de).
825 2336 121 76 L.
886 2336 161 76 sig.
986 2336 141 76 (en
1067 2336 261 76 italien).
1268 2336 121 76 au
1328 2336 181 76 comte
1429 2336 80 76 de

102 2401 272 80 Simella,
307 2401 363 80 ambassadeur.
601 2401 250 80 Casale,
783 2401 136 80 24
851 2401 204 80 avril
987 2401 204 80 1640.
1123 2401 113 80 1
1169 2401 136 80 p.
1237 2401 250 80 in-fol.
1396 2401 113 80 Ca-

-25 2453 1380 52 chet.
895 2453 767 52 2
1048 2453 460 52 »

61 2477 167 89 3509.
173 2477 353 89 Legouvé,
471 2477 167 89 poëte
582 2477 112 89 et
638 2477 186 89 auteur
768 2477 279 89 dramatique,
991 2477 186 89 auteur
1121 2477 112 89 du
1177 2477 242 89 Mérite
1345 2477 167 89 des

103 2541 351 84 femmes
396 2541 195 84 membre
533 2541 117 84 de
591 2541 293 84 l’Institut.
825 2541 117 84 L.
884 2541 156 84 aut.
981 2541 176 84 sig.,
1098 2541 98 84 à
1137 2541 254 84 Ginguené.
1332 2541 195 84 Paris,
1449 2541 59 84 6

101 2590 302 65 novembre
327 2590 226 65 1807.
478 2590 126 65 2
528 2590 151 65 p.
604 2590 226 65 in-4.
755 2590 226 65 Jolie
906 2590 251 65 lettre
1082 2590 377 65 littéraire.
1383 2590 126 65 7
1408 2590 101 65 50

59 2639 198 79 3510.
191 2639 462 79 Lemercier,
587 2639 308 79 secrétaire
828 2639 154 79 des
916 2639 374 79 commandements
1224 2639 132 79 de
1290 2639 132 79 M.
1356 2639 132 79 le
1400 2639 110 79 duc

105 2678 136 80 de
173 2678 339 80 Penthièvre,
445 2678 136 80 et
513 2678 136 80 de
580 2678 226 80 Madame
739 2678 136 80 la
807 2678 294 80 princesse
1033 2678 136 80 de
1101 2678 294 80 Lamballe.
1327 2678 136 80 L.
1372 2678 136 80 aut.

93 2747 269 81 sig.
262 2747 337 81 Paris,
497 2747 202 81 22
598 2747 303 81 avril
800 2747 303 81 1787.
1002 2747 168 81 1
1069 2747 202 81 p.
1170 2747 303 81 in-4.
1372 2747 168 81 2
1406 2747 101 81 »
