1637 2956
743 67 255 92 284
852 67 109 92 —

95 143 186 90 3539.
219 143 310 90 Molé
467 143 289 90 (Mathieu),
695 143 227 90 premier
860 143 269 90 président
1067 143 124 90 au
1129 143 269 90 parlement
1335 143 124 90 de
1377 143 165 90 Paris.

125 225 395 65 Quitt.
401 225 316 65 sig.
598 225 316 65 (sur
795 225 473 65 parch.).
1150 225 355 65 1624.
1387 225 197 65 2
1427 225 118 65 »

94 270 202 64 3540.
228 270 537 64 Montalembert,
698 270 224 64 député
855 270 134 64 au
922 270 202 64 Corps
1056 270 336 64 législatif,
1325 270 224 64 membre
1459 270 90 64 de

141 322 316 57 l’Académie
390 322 316 57 française.
639 322 136 57 L.
707 322 181 57 aut.
820 322 203 57 sig.,
955 322 113 57 à
1000 322 136 57 M.
1068 322 136 57 le
1136 322 203 57 comte
1249 322 294 57 Krosnowski.

123 377 357 51 Paris
361 377 238 51 28
480 377 317 51 juin
678 377 357 51 1836.
916 377 198 51 2
995 377 238 51 p.
1114 377 357 51 in-8.
1352 377 198 51 2
1391 377 159 51 50

97 395 172 90 3541.
212 395 382 90 Montolieu
536 395 153 90 (Mme
632 395 115 90 la
689 395 210 90 baronne
842 395 229 90 Isabelle
1014 395 153 90 de),
1110 395 191 90 auteur
1243 395 115 90 de
1282 395 267 90 Caro

146 474 211 78 line
299 474 115 78 de
357 474 384 78 Lichtefield
684 474 115 78 L.
741 474 154 78 aut.
837 474 173 78 sig.,
953 474 96 78 à
991 474 154 78 Mlle
1087 474 192 78 Eloïse
1221 474 192 78 Perks.
1337 474 211 78 Lauzanne,

124 519 244 83 25
246 519 367 83 avril
491 519 367 83 1822.
735 519 204 83 3
817 519 244 83 p.
939 519 285 83 pl.
1102 519 367 83 in-4.
1346 519 204 83 7
1387 519 163 83 50

194 564 175 55 Belle
310 564 117 55 et
368 564 311 55 intéressante
621 564 194 55 lettre
737 564 253 55 littéraire.

98 585 189 81 3542.
224 585 378 81 Muraire
539 585 252 81 (Honoré,
728 585 231 81 comte),
897 585 231 81 premier
1065 585 273 81 président
1275 585 105 81 à
1317 585 126 81 la
1380 585 168 81 Cour
1464 585 84 81 de

147 657 269 64 Cassation.
358 657 115 64 Né
416 657 96 64 à
454 657 403 64 Draguignan
800 657 192 64 (Var).
934 657 115 64 L.
992 657 154 64 aut.
1088 657 173 64 sig.,
1203 657 115 64 au
1261 657 211 64 citoyen
1395 657 154 64 Fonte-

121 707 357 57 nay.
345 707 268 57 28
479 707 536 57 ventôse.
881 707 223 57 1
970 707 268 57 p.
1104 707 402 57 in-4.
1372 707 223 57 2
1417 707 134 57 »

98 741 179 78 3543.
218 741 319 78 Murat
477 741 279 78 (Joachim),
696 741 140 78 roi
776 741 120 78 de
836 741 219 78 Naples.
995 741 120 78 L.
1055 741 159 78 aut.
1154 741 159 78 sig.
1254 741 120 78 de
1314 741 140 78 ses
1374 741 179 78 initia

143 803 151 62 les
230 803 216 62 J.-M.,
381 803 108 62 à
424 803 151 62 son
511 803 216 62 oncle,
662 803 130 62 le
726 803 259 62 cardinal
921 803 216 62 Fesch,
1072 803 130 62 le
1137 803 130 62 22
1202 803 302 62 juillet...
1439 803 108 62 2
1461 803 86 62 p.

94 859 653 47 in-8.
530 859 943 47 Curieuse.
1255 859 363 47 6
1327 859 218 47 »

100 884 193 74 3544.
228 884 407 74 Muratori
570 884 492 74 (Ludovico-Antonio),
999 884 257 74 écrivain
1191 884 257 74 célèbre,
1362 884 193 74 biblio

149 946 263 87 thécaire
347 946 132 87 du
412 946 154 87 duc
500 946 132 87 de
566 946 241 87 Modène.
742 946 132 87 L.
808 946 176 87 aut.
917 946 176 87 sig.
1027 946 154 87 (en
1115 946 285 87 italien).
1334 946 241 87 Modène,
1488 946 66 87 9

122 998 475 58 janvier
468 998 389 58 1722.
727 998 216 58 1
813 998 259 58 p.
943 998 303 58 pl.
1116 998 389 58 in-4.
1375 998 216 58 6
1418 998 130 58 »

100 1025 187 75 3545.
225 1025 312 75 Napoléon
475 1025 229 75 Ier
641 1025 229 75 Mémoire
807 1025 146 75 sur
890 1025 146 75 les
974 1025 250 75 fortunes
1161 1025 125 75 de
1223 1025 333 75 portefeuille
1473 1025 83 75 en

148 1096 264 58 créances
346 1096 396 58 hypothécaires,
676 1096 242 58 adressé
852 1096 110 58 à
895 1096 308 58 l’Empereur
1137 1096 154 58 par
1225 1096 220 58 Dupré,
1379 1096 176 58 avec
1467 1096 88 58 un

148 1140 217 69 projet
300 1140 130 69 de
365 1140 239 69 décret.
539 1140 152 69 Sur
626 1140 130 69 le
691 1140 195 69 titre
821 1140 130 69 se
886 1140 217 69 trouve
1038 1140 130 69 un
1103 1140 217 69 renvoi
1255 1140 130 69 de
1299 1140 260 69 l’Empereur

152 1193 130 57 au
217 1193 260 57 ministre
412 1193 151 57 des
498 1193 281 57 finances,
715 1193 173 57 daté
823 1193 130 57 de
888 1193 195 57 Paris
1017 1193 130 57 le
1082 1193 130 57 22
1147 1193 151 57 mai
1234 1193 195 57 1815,
1363 1193 173 57 avec
1450 1193 108 57 son

128 1233 210 62 N
212 1233 337 62 aut.
423 1233 210 62 4
507 1233 253 62 p.
633 1233 253 62 et
759 1233 379 62 quart
1012 1233 463 62 in-fol.
1349 1233 253 62 12
1433 1233 126 62 »

104 1266 179 80 3546.
224 1266 359 80 Necker,
523 1266 219 80 premier
682 1266 239 80 ministre
861 1266 120 80 de
921 1266 179 80 Louis
1041 1266 159 80 XVI.
1140 1266 120 80 1°
1200 1266 199 80 Billet
1340 1266 159 80 aut.
1419 1266 140 80 sig.,

149 1329 118 63 à
197 1329 141 63 M.
267 1329 259 63 Necker.
455 1329 118 63 1
502 1329 141 63 p.
573 1329 188 63 in-8
690 1329 141 63 en
761 1329 282 63 travers.
972 1329 118 63 —
1019 1329 141 63 2°
1090 1329 141 63 L.
1160 1329 212 63 sig.,
1301 1329 141 63 du
1372 1329 188 63 même
1466 1329 94 63 au

150 1387 204 55 même.
287 1387 227 55 Paris,
445 1387 136 55 21
514 1387 182 55 juin
627 1387 204 55 1790.
763 1387 136 55 10
831 1387 159 55 gr.
922 1387 136 55 p.
990 1387 159 55 pl.
1081 1387 136 55 et
1149 1387 204 55 demie
1286 1387 250 55 in-fol.
1467 1387 114 55 6
1490 1387 68 55 »

198 1419 330 71 Commentaire
462 1419 132 71 de
528 1419 154 71 son
616 1419 264 71 discours
814 1419 154 71 sur
901 1419 132 71 la
967 1419 286 71 situation
1187 1419 308 71 financière
1429 1419 132 71 de
1473 1419 88 71 la

152 1472 240 60 France,
327 1472 262 60 prononcé
523 1472 109 60 à
567 1472 327 60 l’Assemblée
829 1472 306 60 nationale,
1069 1472 131 60 le
1134 1472 131 60 29
1200 1472 153 60 mai
1265 1472 153 60 1790.

106 1515 187 73 3547.
231 1515 354 73 Obizzi
522 1515 333 73 (Ferdinand),
793 1515 333 73 surintendant
1064 1515 229 73 général
1230 1515 146 73 des
1313 1515 250 73 arsenaux
1480 1515 83 73 de

151 1573 268 62 l’empire
352 1573 336 62 d’Autriche,
620 1573 313 62 commandant
867 1573 134 62 de
934 1573 246 62 Vienne.
1113 1573 179 62 Dans
1224 1573 134 62 sa
1292 1573 268 62 jeunesse
1471 1573 89 62 il

151 1613 231 61 vengea
313 1613 139 61 la
382 1613 185 61 mort
498 1613 139 61 de
567 1613 139 61 sa
636 1613 208 61 mère,
775 1613 139 61 en
844 1613 208 61 tuant
983 1613 185 61 d’un
1099 1613 185 61 coup
1214 1613 139 61 de
1284 1613 277 61 pistolet
1469 1613 92 61 un

156 1661 336 75 gentilhomme,
429 1661 126 75 le
492 1661 294 75 meurtrier.
723 1661 126 75 M.
786 1661 189 75 1710.
911 1661 189 75 Pièce
1037 1661 168 75 sig.
1142 1661 210 75 (Liste
1268 1661 294 75 d’officiers,

154 1712 215 63 etc.,
297 1712 143 63 en
369 1712 334 63 allemand).
632 1712 263 63 Vienne,
823 1712 143 63 14
894 1712 191 63 juin
1014 1712 215 63 1706,
1157 1712 119 63 1
1205 1712 143 63 p.
1276 1712 263 63 in-fol.
1467 1712 119 63 5
1491 1712 72 63 »

108 1763 187 65 3548.
233 1763 333 65 Oken,
503 1763 208 65 savant
649 1763 270 65 allemand.
857 1763 125 65 L.
919 1763 166 65 aut.
1023 1763 146 65 (en
1106 1763 291 65 allemand),
1335 1763 125 65 au
1377 1763 187 65 docteur

144 1806 415 64 Spazier.
456 1806 173 64 8
525 1806 242 64 mai
663 1806 311 64 1835.
871 1806 173 64 3
940 1806 208 64 p.
1044 1806 242 64 pl.
1182 1806 311 64 in-8.
1390 1806 173 64 2
1425 1806 138 64 50

110 1848 177 69 3549.
228 1848 354 69 Orléans
523 1848 138 69 (le
601 1848 255 69 chevalier
798 1848 157 69 d’).
896 1848 118 69 L.
955 1848 157 69 aut.
1053 1848 177 69 sig.,
1171 1848 98 69 à
1210 1848 118 69 M.
1269 1848 118 69 de
1309 1848 255 69 Villeneuve,

158 1918 340 57 ambassadeur
431 1918 182 57 près
544 1918 136 57 la
612 1918 431 57 Porte-Ottomane.
975 1918 408 57 Fontainebleau,
1315 1918 136 57 31
1361 1918 204 57 octobre

137 1950 378 64 1727.
389 1950 210 64 2
473 1950 252 64 p.
599 1950 378 64 in-4.
851 1950 630 64 (Fatiguée).
1355 1950 210 64 2
1397 1950 168 64 50

114 1992 174 68 3550.
230 1992 348 68 Orléans
520 1992 290 68 (Ferdinand,
752 1992 135 68 duc
830 1992 155 68 d’),
926 1992 155 68 fils
1023 1992 155 68 aîné
1120 1992 116 68 du
1178 1992 135 68 roi
1236 1992 329 68 Louis

160 2054 115 57 L.
217 2054 154 57 aut.
314 2054 154 57 sig.
410 2054 327 57 F.-O.
679 2054 96 57 à
718 2054 115 57 M.
775 2054 115 57 le
833 2054 231 57 comte...
1006 2054 212 57 Samedi.
1160 2054 250 57 Demi-page
1352 2054 173 57 in-8.
1468 2054 115 57 10
1506 2054 58 57 »

110 2092 182 73 3551.
231 2092 263 73 Paitis
433 2092 121 73 de
494 2092 121 73 la
554 2092 263 73 Croix
757 2092 303 73 (François),
999 2092 283 73 secrétaire
1221 2092 283 73 interprète
1424 2092 141 73 ordi

162 2153 183 68 naire
284 2153 122 68 du
345 2153 142 68 roi
426 2153 122 68 en
487 2153 204 68 langue
630 2153 468 68 arabidque..
1037 2153 204 68 Quitt.
1179 2153 163 68 sig.
1281 2153 163 68 (sur
1362 2153 204 68 parch.).

92 2190 829 62 1656.
737 2190 553 62 5.
1105 2190 461 62 1
1197 2190 369 62 50

116 2215 179 95 3552.
235 2215 338 95 Panis,
514 2215 278 95 beau-frère
733 2215 119 95 de
792 2215 259 95 Santerre,
991 2215 358 95 conventionnel.
1290 2215 119 95 L.
1349 2215 159 95 aut.
1429 2215 139 95 sig.,

163 2288 134 66 au
230 2288 358 66 représentant
521 2288 134 66 du
588 2288 246 66 peuple,
767 2288 291 66 composant
990 2288 134 66 le
1057 2288 224 66 comité
1214 2288 134 66 de
1281 2288 224 66 sûreté
1415 2288 157 66 géné-

162 2331 189 64 rale.
288 2331 126 64 De
351 2331 126 64 la
414 2331 210 64 prison
561 2331 147 64 des
645 2331 399 64 Quatre-Nations,
980 2331 126 64 le
1043 2331 105 64 9
1085 2331 273 64 fructidor
1295 2331 126 64 an
1358 2331 168 64 III.
1463 2331 105 64 1
1484 2331 84 64 p.

61 2383 1128 68 in-4.
813 2383 627 68 8
1064 2383 627 68 6
1189 2383 376 68 »

210 2406 129 87 En
275 2406 216 87 prison
426 2406 216 87 depuis
577 2406 194 87 trois
706 2406 194 87 mois,
836 2406 129 87 il
901 2406 237 87 demande
1073 2406 129 87 le
1138 2406 194 87 motif
1267 2406 129 87 de
1332 2406 151 87 son
1396 2406 173 87 arres-

166 2464 224 73 tation.
328 2464 122 73 Il
389 2464 163 73 veut
491 2464 203 73 mettre
633 2464 102 73 à
674 2464 264 73 découvert
878 2464 122 73 la
939 2464 244 73 perfidie
1122 2464 122 73 de
1183 2464 142 73 ses
1244 2464 325 73 calomniateurs.

118 2529 189 85 3553.
244 2529 378 85 Pannard
559 2529 210 85 poëte,
706 2529 336 85 chansonnier.
980 2529 189 85 Pièce
1106 2529 126 85 de
1169 2529 168 85 vers
1274 2529 168 85 aut.
1379 2529 105 85 4
1421 2529 147 85 gr.
1484 2529 84 85 p.

89 2576 692 59 pl.
484 2576 889 59 in-4.
1077 2576 494 59 7
1176 2576 395 59 50

120 2619 177 66 3554.
238 2619 334 66 Pascal
513 2619 255 66 (Blaise),
710 2619 295 66 conseiller,
945 2619 216 66 notaire
1103 2619 118 66 et
1161 2619 275 66 secrétaire
1378 2619 118 66 du
1436 2619 138 66 roi
1495 2619 79 66 et

166 2673 132 81 de
232 2673 154 81 ses
320 2673 285 81 finances,
539 2673 220 81 maison
693 2673 132 81 et
759 2673 263 81 couronne
956 2673 132 81 de
1022 2673 241 81 France.
1198 2673 220 81 Quitt.
1351 2673 176 81 sig.
1439 2673 132 81 (sur

136 2719 637 59 parch.).
614 2719 318 59 25
773 2719 425 59 août
1038 2719 478 59 1659.
1357 2719 265 59 2
1410 2719 159 59 »

123 2753 181 81 3555.
244 2753 342 81 Pascal
525 2753 221 81 (l’abbé
686 2753 342 81 Jean-Benoit),
968 2753 362 81 bibliothécaire
1270 2753 121 81 du
1330 2753 141 81 duc
1411 2753 121 81 de
1451 2753 121 81 Pen
