1554 2910
610 68 184 102 —
684 68 257 102 286
794 68 110 102 —

87 165 310 84 sous-garde
331 165 266 84 magasin,
530 165 133 84 et
597 165 266 84 Vincent,
797 165 310 84 ordonateur
1040 165 200 84 civil
1174 165 133 84 de
1240 165 133 84 la
1284 165 200 84 marine.

65 238 208 53 9
149 238 292 53 gr.
315 238 250 53 p.
441 238 292 53 pl.
607 238 250 53 et
732 238 375 53 demie
983 238 459 53 in-fol.
1316 238 208 53 5
1358 238 125 53 »

37 273 214 75 3572.
180 273 309 75 Traité
417 273 166 75 des
512 273 309 75 avantages
750 273 143 75 de
821 273 143 75 la
892 273 166 75 vie
987 273 309 75 solitaire
1225 273 143 75 et
1272 273 214 75 in

86 339 412 56 térieure,
437 339 144 56 par
519 339 165 56 Edme
622 339 206 56 Pirot,
766 339 227 56 docteur
931 339 124 56 de
993 339 268 56 Sorbonne,
1199 339 206 56 auteur
1343 339 124 56 de
1384 339 103 56 di-

86 391 177 56 vers
197 391 288 56 ouvrages.
418 391 288 56 Manuscrit
640 391 200 56 aut.,
773 391 177 56 avec
884 391 133 56 le
951 391 222 56 permis
1106 391 310 56 d’imprimer
1328 391 155 56 (aut.

84 433 194 61 sig.,
214 433 129 61 et
278 433 151 61 son
364 433 237 61 paraphe
537 433 129 61 en
601 433 172 61 tête
709 433 129 61 de
773 433 215 61 chaque
924 433 237 61 folio),
1096 433 129 61 de
1161 433 129 61 M.
1204 433 280 61 d’Argenson,

84 477 332 63 lieutenant
345 477 142 63 de
416 477 261 63 Police,
606 477 142 63 du
677 477 119 63 3
725 477 190 63 août
843 477 214 63 1705.
986 477 142 63 40
1057 477 142 63 p.
1128 477 166 63 pl.
1223 477 214 63 in-4.
1365 477 142 63 10
1413 477 71 63 »

36 519 204 62 3573.
172 519 567 62 Transmannsdorf
672 519 363 62 (Maximilien,
967 519 204 62 comte
1103 519 182 62 de),
1194 519 295 62 ambassadeur

87 571 108 56 à
131 571 194 56 Rome,
260 571 237 56 célèbre
432 571 172 56 dans
539 571 129 56 la
604 571 215 56 guerre
754 571 129 56 de
819 571 215 56 Trente
970 571 172 56 ans,
1077 571 129 56 et
1142 571 172 56 lors
1249 571 129 56 de
1314 571 129 56 la
1357 571 129 56 paix

83 618 131 88 de
149 618 329 88 Westphalie.
412 618 131 88 N.
477 618 197 88 1584.
609 618 131 88 H.
675 618 197 88 1650.
806 618 131 88 L.
872 618 175 88 sig.
981 618 153 88 (en
1069 618 307 88 allemand),
1310 618 175 88 à...
1397 618 88 88 19

60 670 534 49 décembre
461 670 401 49 1698.
728 670 223 49 2
817 670 267 49 p.
951 670 490 49 in-fol.
1307 670 223 49 5
1351 670 134 49 »

35 696 184 75 3574.
157 696 429 75 Treilhard,
525 696 368 75 jurisconsulte,
831 696 368 75 conventionnel.
1138 696 123 75 L.
1199 696 163 75 aut.
1301 696 184 75 sig.,
1403 696 82 75 au

75 766 360 52 citoyen
337 766 360 52 Bordas.
599 766 196 52 17
697 766 393 52 floréal.
992 766 164 52 1
1057 766 196 52 p.
1156 766 295 52 in-4.
1352 766 164 52 3
1385 766 98 52 »

37 799 186 69 3575.
161 799 373 69 Tremblement
472 799 124 69 de
534 799 290 69 terre:
762 799 248 69 Chute
948 799 124 69 du
1010 799 207 69 soleil
1155 799 124 69 et
1196 799 290 69 jugement

90 869 269 54 dernier,
305 869 107 54 ou
359 869 233 54 résultats
538 869 107 54 et
592 869 251 54 complément
789 869 107 54 de
842 869 125 54 mes
914 869 197 54 veilles
1057 869 107 54 et
1111 869 197 54 pensées
1236 869 251 54 offertes

89 907 164 55 au
198 907 127 55 roi
271 907 109 55 et
325 907 91 55 à
361 907 127 55 ses
434 907 236 55 ministres
616 907 345 55 successifs
907 907 127 55 par
979 907 164 55 Reys,
1088 907 218 55 rentier,
1252 907 91 55 à
1270 907 218 55 Sully-

87 958 191 57 Loire
214 958 275 57 (Loiret).
426 958 233 57 Juillet
595 958 191 57 1829.
722 958 169 57 aut.
828 958 169 57 sig.
934 958 127 57 11
998 958 127 57 p.
1061 958 148 57 pl.
1146 958 148 57 gr.
1231 958 233 57 in-fol.
1400 958 106 57 5
1421 958 64 57 »

38 992 192 66 3576.
166 992 384 66 Turenne
485 992 149 66 (le
571 992 234 66 vicomte
741 992 171 66 de),
848 992 256 66 maréchal
1039 992 128 66 de
1103 992 234 66 France.
1274 992 128 66 Sa
1316 992 171 66 signa-

84 1049 178 69 ture
195 1049 267 69 derrière
395 1049 156 69 une
484 1049 289 69 quittance
706 1049 133 69 de
773 1049 133 69 la
839 1049 200 69 somme
973 1049 133 69 de
1039 1049 200 69 douze
1173 1049 200 69 mille
1284 1049 200 69 livres,

83 1105 181 65 pour
197 1105 159 65 ses
287 1105 385 65 appointements
604 1105 136 65 de
672 1105 249 65 l’année
854 1105 204 65 1659,
990 1105 136 65 en
1058 1105 249 65 qualité
1239 1105 136 65 de
1284 1105 204 65 gouver-

84 1155 193 54 neur
205 1155 145 54 de
277 1155 145 54 la
350 1155 290 54 province
567 1155 145 54 du
640 1155 314 54 Limousin.
882 1155 218 54 Pièce
1027 1155 169 54 sur
1123 1155 338 54 parchemin.
1389 1155 121 54 4
1413 1155 73 54 »

38 1204 186 55 3577.
162 1204 476 55 Valenciennes
576 1204 290 55 (reddition
804 1204 124 55 de
866 1204 124 55 la
928 1204 186 55 ville
1052 1204 166 55 de),
1156 1204 103 55 à
1197 1204 228 55 l’armée
1342 1204 145 55 fran

86 1243 222 64 çaise.
241 1243 133 64 L.
308 1243 178 64 sig.
419 1243 133 64 du
486 1243 244 64 général
663 1243 200 64 major
797 1243 133 64 de
863 1243 311 64 Cammelles,
1107 1243 133 64 au
1174 1243 244 64 général
1330 1243 155 64 fran-

86 1293 237 53 çais...
259 1293 151 53 lui
345 1293 280 53 proposant
560 1293 129 53 de
625 1293 151 53 lui
711 1293 215 53 rendre
862 1293 129 53 la
926 1293 215 53 place,
1077 1293 108 53 à
1120 1293 129 53 la
1185 1293 280 53 condition
1378 1293 108 53 que

89 1341 115 53 la
146 1341 230 53 garnison
319 1341 115 53 se
376 1341 230 53 retirera
548 1341 96 53 à
586 1341 211 53 l’armée
740 1341 115 53 du
797 1341 191 53 prince
931 1341 345 53 Coburg
1218 1341 115 53 et
1275 1341 211 53 sortira
1409 1341 77 53 de

84 1392 355 49 Valenciennes
373 1392 178 49 avec
484 1392 200 49 armes
617 1392 133 49 et
683 1392 267 49 bagages,
883 1392 155 49 les
972 1392 244 49 canons,
1150 1392 333 49 bataillons,
1394 1392 89 49 en

85 1437 125 60 un
148 1437 167 60 mot,
252 1437 167 60 tous
357 1437 146 60 les
441 1437 251 60 honneurs
629 1437 125 60 de
691 1437 125 60 la
754 1437 272 60 guerre...
963 1437 355 60 Valenciennes,
1256 1437 125 60 le
1319 1437 125 60 23
1361 1437 125 60 août

60 1482 401 53 1794.
328 1482 223 53 2
417 1482 312 53 gr.
595 1482 267 53 p.
728 1482 312 53 pl.
906 1482 490 53 in-fol.
1262 1482 267 53 10
1351 1482 134 53 »

40 1516 171 102 3578.
154 1516 400 102 Valincourt
497 1516 247 102 (J.-B.-H.
687 1516 171 102 Du
801 1516 304 102 Trousset
1048 1516 152 102 de),
1144 1516 190 102 poète,
1258 1516 228 102 successeur

87 1580 127 54 de
150 1580 212 54 Racine
299 1580 106 54 à
341 1580 297 54 l’Académie
574 1580 297 54 française.
808 1580 127 54 L.
871 1580 170 54 aut.
977 1580 191 54 sig.,
1104 1580 106 54 à
1147 1580 127 54 M.
1210 1580 233 54 Lebret.
1359 1580 127 54 Tou-

57 1623 394 59 lon,
303 1623 295 59 29
451 1623 443 59 août.
746 1623 246 59 2
844 1623 295 59 p.
992 1623 443 59 in-4.
1287 1623 246 59 6
1336 1623 148 59 »

39 1660 178 102 3579.
158 1660 297 102 Vèze
396 1660 238 102 (Charles
574 1660 158 102 de),
673 1660 317 102 archéologue,
930 1660 297 102 antiquaire.
1168 1660 119 102 L.
1228 1660 158 102 aut.
1327 1660 178 102 sig.,
1426 1660 59 102 à

73 1728 289 57 M...
254 1728 217 57 15
362 1728 289 57 oct.
543 1728 326 57 1822.
760 1728 181 57 4
833 1728 217 57 p.
941 1728 253 57 pl.
1086 1728 326 57 in-4.
1303 1728 181 57 2
1339 1728 145 57 50

131 1756 203 77 Belle
267 1756 226 77 lettre
425 1756 158 77 sur
515 1756 158 77 des
605 1756 226 77 ruines
763 1756 384 77 intéressantes
1079 1756 135 77 de
1147 1756 180 77 deux
1237 1756 248 77 monuments

87 1815 269 56 antiques
288 1815 134 56 de
355 1815 269 56 Bordeaux
557 1815 134 56 et
624 1815 134 56 de
668 1815 157 56 Caen.

40 1852 182 76 3580.
161 1852 324 76 Vichy
425 1852 223 76 (l’abbé
587 1852 162 76 de),
688 1852 243 76 aumônier
871 1852 122 76 de
932 1852 122 76 la
992 1852 182 76 reine
1094 1852 385 76 Marie

87 1918 133 53 L.
153 1918 177 53 aut.
264 1918 199 53 sig.,
397 1918 111 53 à
441 1918 199 53 M....
574 1918 244 53 Evreux,
752 1918 133 53 25
818 1918 177 53 mars
929 1918 199 53 1789.
1062 1918 111 53 3
1106 1918 133 53 p.
1173 1918 155 53 pl.
1261 1918 199 53 in-4.
1394 1918 111 53 3
1417 1918 66 53 »

41 1963 165 60 3581.
150 1963 347 60 Villeroy
443 1963 219 60 (Nicolas
607 1963 110 60 de
662 1963 384 60 Neufville
991 1963 128 60 duc
1065 1963 146 60 de),
1156 1963 219 60 ministre
1320 1963 110 60 de
1357 1963 128 60 Char

86 2012 156 58 les
175 2012 156 58 IX.
264 2012 178 58 Acte
375 2012 133 58 de
441 2012 311 58 prestation
686 2012 133 58 de
753 2012 244 58 serment
930 2012 178 58 reçu
1041 2012 111 58 à
1064 2012 422 58 Saint-

88 2062 221 54 Laye,
236 2062 147 54 le
309 2062 147 54 28
383 2062 270 54 juillet
579 2062 221 54 1570.
726 2062 245 54 (Pièce
897 2062 172 54 sur
995 2062 343 54 parchemin,
1265 2062 196 54 in-4
1387 2062 123 54 3
1412 2062 74 54 »

41 2103 176 66 3582.
159 2103 351 66 Vitalis
451 2103 390 66 (Jean-Baptiste),
783 2103 273 66 professeur
998 2103 117 66 de
1057 2103 234 66 physique
1232 2103 117 66 et
1291 2103 117 66 de
1330 2103 156 66 chimie

89 2160 106 60 à
131 2160 233 60 l’école
300 2160 254 60 centrale
490 2160 127 60 de
554 2160 211 60 Rouen.
702 2160 127 60 L.
765 2160 169 60 aut.
871 2160 190 60 sig.,
998 2160 148 60 aux
1082 2160 254 60 citoyens
1251 2160 233 60 Dumotiez,

86 2205 244 52 frères,
263 2205 310 52 ingénieurs
507 2205 133 52 en
574 2205 333 52 instruments
840 2205 133 52 de
906 2205 288 52 physique,
1128 2205 111 52 à
1173 2205 222 52 Paris.
1306 2205 177 52 Rouen,

79 2254 165 60 20
162 2254 331 60 messidor
410 2254 165 60 an
493 2254 165 60 X.
576 2254 138 60 2
631 2254 165 60 p.
713 2254 165 60 et
796 2254 248 60 quart
961 2254 248 60 in-4.
1127 2254 303 60 Cachet.
1347 2254 138 60 2
1375 2254 110 60 50

41 2294 185 67 3583.
165 2294 371 67 Vivonne
474 2294 206 67 (André
618 2294 165 67 de),
721 2294 289 67 conseiller
948 2294 124 67 et
1010 2294 289 67 chambellan
1237 2294 124 67 du
1299 2294 165 67 Roi,
1381 2294 103 67 son

86 2344 271 67 sénéchal
289 2344 135 67 en
357 2344 248 67 Poitou.
538 2344 203 67 Pièce
673 2344 180 67 sig.
786 2344 180 67 (sur
899 2344 316 67 parchemin,
1147 2344 226 67 grande
1282 2344 203 67 feuille

80 2397 306 60 double
294 2397 336 60 in-fol.
539 2397 428 60 Mouillures
875 2397 183 60 et
967 2397 489 60 déchirures).
1365 2397 153 60 5
1395 2397 92 60 »

131 2448 266 60 Jugement
331 2448 200 60 rendu
464 2448 155 60 par
553 2448 133 60 le
619 2448 266 60 sénéchal
819 2448 133 60 de
886 2448 244 60 Poitou,
1063 2448 244 60 portant
1219 2448 266 60 commission

90 2498 153 66 pour
185 2498 210 66 appeler
338 2498 115 66 le
396 2498 153 66 curé
491 2498 115 66 et
549 2498 229 66 quelques
721 2498 287 66 paroissiens
950 2498 115 66 de
1007 2498 344 66 Vouvant
1275 2498 210 66 (Vendée),

90 2545 258 60 touchant
283 2545 129 60 le
347 2545 236 60 trouble
519 2545 215 60 qu’ils
669 2545 236 60 avaient
841 2545 193 60 causé
970 2545 150 60 aux
1056 2545 236 60 droits,
1206 2545 279 60 prééminence

89 2594 121 52 et
149 2594 322 52 prérogatives
411 2594 121 52 du
472 2594 202 52 prieur
613 2594 121 52 du
673 2594 141 52 dit
754 2594 161 52 lieu
855 2594 121 52 en
915 2594 121 52 la
976 2594 161 52 dite
1056 2594 242 52 église....

41 2622 186 84 3584.
165 2622 351 84 Wailly
455 2622 372 84 (Noël-François
765 2622 165 84 de),
868 2622 331 84 grammairien,
1137 2622 207 84 membre
1281 2622 124 84 de
1323 2622 165 84 l’Ins

91 2687 196 56 titut.
229 2687 118 56 Né
288 2687 98 56 à
327 2687 334 56 Amiens
602 2687 236 56 (Somme),
778 2687 118 56 le
837 2687 118 56 31
896 2687 216 56 juillet
1053 2687 177 56 1724.
1171 2687 157 56 Mort
1269 2687 98 56 à
1308 2687 177 56 Paris
1406 2687 79 56 en

89 2728 193 93 1801.
217 2728 129 93 L.
282 2728 172 93 aut.
389 2728 193 93 sig.,
518 2728 107 93 à
561 2728 215 93 Madame
711 2728 279 93 Belloste.
926 2728 236 93 Amiens,
1098 2728 129 93 26
1162 2728 150 93 mai
1248 2728 193 93 1773.
1377 2728 107 93 1
1398 2728 86 93 p.

9 2783 690 79 pl.
404 2783 887 79 in-4.
995 2783 493 79 3
1094 2783 394 79 50
