<?xml version='1.0' encoding='UTF8'?>
<alto xmlns:xsi="http://www.w3.org/2001/XMLSchema-instance" xmlns="http://www.loc.gov/standards/alto/ns-v2#" xmlns:page="http://schema.primaresearch.org/PAGE/gts/pagecontent/2013-07-15" xsi:schemaLocation="http://www.loc.gov/standards/alto/ns-v2# http://www.loc.gov/standards/alto/alto.xsd">
  <Description>
    <MeasurementUnit>pixel</MeasurementUnit>
    <sourceImageInformation>
         <fileName>299.jpg</fileName>
      </sourceImageInformation>
    <OCRProcessing ID="IdOcr">
      <ocrProcessingStep>
        <processingDateTime>2020-10-13T13:54:24.912+02:00</processingDateTime>
        <processingSoftware>
               <softwareCreator>CONTRIBUTORS</softwareCreator>
               <softwareName>pdfalto</softwareName>
               <softwareVersion>0.1</softwareVersion>
            </processingSoftware>
      </ocrProcessingStep>
    </OCRProcessing>
  </Description>
  <Styles>
     <TextStyle ID="FONT0" FONTSTYLE=""/>
     <TextStyle ID="FONT1" FONTSTYLE="bold"/>
     <TextStyle ID="FONT2" FONTSTYLE="italics"/>
</Styles>
  <Tags/>
  <Layout>
    <Page ID="Page1" PHYSICAL_IMG_NR="1" HEIGHT="2980" WIDTH="1621">
      <PrintSpace HEIGHT="2744" WIDTH="1441" VPOS="72" HPOS="58">
        <TextBlock ID="r_1_1" HEIGHT="42" WIDTH="241" VPOS="79" HPOS="659">
          <TextLine ID="tl_1" BASELINE="155" HEIGHT="91" WIDTH="258" VPOS="64" HPOS="650">
            <String HEIGHT="91" WIDTH="184" VPOS="64" HPOS="613" CONTENT="—" ID="tl_1_1" STYLEREFS="FONT0"/>
            <SP HEIGHT="91" WIDTH="37" VPOS="64" HPOS="797"/>
            <String HEIGHT="91" WIDTH="258" VPOS="64" HPOS="687" CONTENT="271" ID="tl_1_2" STYLEREFS="FONT0"/>
            <SP HEIGHT="91" WIDTH="37" VPOS="64" HPOS="945"/>
            <String HEIGHT="91" WIDTH="111" VPOS="64" HPOS="797" CONTENT="—" ID="tl_1_3" STYLEREFS="FONT0"/>
          </TextLine>
        </TextBlock>
        <TextBlock ID="r_1_2" HEIGHT="98" WIDTH="1379" VPOS="166" HPOS="113">
          <TextLine ID="tl_2" BASELINE="216" HEIGHT="64" WIDTH="1395" VPOS="152" HPOS="105">
            <String HEIGHT="64" WIDTH="177" VPOS="152" HPOS="83" CONTENT="Roi," ID="tl_2_1" STYLEREFS="FONT0"/>
            <SP HEIGHT="64" WIDTH="22" VPOS="152" HPOS="260"/>
            <String HEIGHT="64" WIDTH="244" VPOS="152" HPOS="194" CONTENT="colonel" ID="tl_2_2" STYLEREFS="FONT0"/>
            <SP HEIGHT="64" WIDTH="22" VPOS="152" HPOS="437"/>
            <String HEIGHT="64" WIDTH="133" VPOS="152" HPOS="371" CONTENT="du" ID="tl_2_3" STYLEREFS="FONT0"/>
            <SP HEIGHT="64" WIDTH="22" VPOS="152" HPOS="504"/>
            <String HEIGHT="64" WIDTH="266" VPOS="152" HPOS="437" CONTENT="régiment" ID="tl_2_4" STYLEREFS="FONT0"/>
            <SP HEIGHT="64" WIDTH="22" VPOS="152" HPOS="703"/>
            <String HEIGHT="64" WIDTH="133" VPOS="152" HPOS="636" CONTENT="de" ID="tl_2_5" STYLEREFS="FONT0"/>
            <SP HEIGHT="64" WIDTH="22" VPOS="152" HPOS="769"/>
            <String HEIGHT="64" WIDTH="354" VPOS="152" HPOS="703" CONTENT="Saint-Simon," ID="tl_2_6" STYLEREFS="FONT0"/>
            <SP HEIGHT="64" WIDTH="22" VPOS="152" HPOS="1057"/>
            <String HEIGHT="64" WIDTH="332" VPOS="152" HPOS="991" CONTENT="infanterie." ID="tl_2_7" STYLEREFS="FONT0"/>
            <SP HEIGHT="64" WIDTH="22" VPOS="152" HPOS="1323"/>
            <String HEIGHT="64" WIDTH="266" VPOS="152" HPOS="1234" CONTENT="Certificat" ID="tl_2_8" STYLEREFS="FONT0"/>
          </TextLine>
          <TextLine ID="tl_3" BASELINE="269" HEIGHT="58" WIDTH="1393" VPOS="211" HPOS="105">
            <String HEIGHT="58" WIDTH="274" VPOS="211" HPOS="84" CONTENT="militaire" ID="tl_3_1" STYLEREFS="FONT0"/>
            <SP HEIGHT="58" WIDTH="21" VPOS="211" HPOS="358"/>
            <String HEIGHT="58" WIDTH="169" VPOS="211" HPOS="295" CONTENT="sig." ID="tl_3_2" STYLEREFS="FONT0"/>
            <SP HEIGHT="58" WIDTH="21" VPOS="211" HPOS="464"/>
            <String HEIGHT="58" WIDTH="127" VPOS="211" HPOS="400" CONTENT="Au" ID="tl_3_3" STYLEREFS="FONT0"/>
            <SP HEIGHT="58" WIDTH="21" VPOS="211" HPOS="527"/>
            <String HEIGHT="58" WIDTH="169" VPOS="211" HPOS="464" CONTENT="camp" ID="tl_3_4" STYLEREFS="FONT0"/>
            <SP HEIGHT="58" WIDTH="21" VPOS="211" HPOS="633"/>
            <String HEIGHT="58" WIDTH="127" VPOS="211" HPOS="569" CONTENT="de" ID="tl_3_5" STYLEREFS="FONT0"/>
            <SP HEIGHT="58" WIDTH="21" VPOS="211" HPOS="696"/>
            <String HEIGHT="58" WIDTH="338" VPOS="211" HPOS="633" CONTENT="Saint-Mathé," ID="tl_3_6" STYLEREFS="FONT0"/>
            <SP HEIGHT="58" WIDTH="21" VPOS="211" HPOS="970"/>
            <String HEIGHT="58" WIDTH="127" VPOS="211" HPOS="907" CONTENT="le" ID="tl_3_7" STYLEREFS="FONT0"/>
            <SP HEIGHT="58" WIDTH="21" VPOS="211" HPOS="1034"/>
            <String HEIGHT="58" WIDTH="127" VPOS="211" HPOS="970" CONTENT="21" ID="tl_3_8" STYLEREFS="FONT0"/>
            <SP HEIGHT="58" WIDTH="21" VPOS="211" HPOS="1097"/>
            <String HEIGHT="58" WIDTH="169" VPOS="211" HPOS="1034" CONTENT="oct." ID="tl_3_9" STYLEREFS="FONT0"/>
            <SP HEIGHT="58" WIDTH="21" VPOS="211" HPOS="1203"/>
            <String HEIGHT="58" WIDTH="190" VPOS="211" HPOS="1139" CONTENT="1734." ID="tl_3_10" STYLEREFS="FONT0"/>
            <SP HEIGHT="58" WIDTH="21" VPOS="211" HPOS="1329"/>
            <String HEIGHT="58" WIDTH="190" VPOS="211" HPOS="1266" CONTENT="in-4." ID="tl_3_11" STYLEREFS="FONT0"/>
            <SP HEIGHT="58" WIDTH="21" VPOS="211" HPOS="1456"/>
            <String HEIGHT="58" WIDTH="106" VPOS="211" HPOS="1392" CONTENT="1" ID="tl_3_12" STYLEREFS="FONT0"/>
            <SP HEIGHT="58" WIDTH="21" VPOS="211" HPOS="1498"/>
            <String HEIGHT="58" WIDTH="84" VPOS="211" HPOS="1414" CONTENT="50" ID="tl_3_13" STYLEREFS="FONT0"/>
          </TextLine>
        </TextBlock>
        <TextBlock ID="r_1_3" HEIGHT="108" WIDTH="1422" VPOS="260" HPOS="68">
          <TextLine ID="tl_4" BASELINE="308" HEIGHT="52" WIDTH="1440" VPOS="256" HPOS="59">
            <String HEIGHT="52" WIDTH="196" VPOS="256" HPOS="37" CONTENT="3366." ID="tl_4_1" STYLEREFS="FONT0"/>
            <SP HEIGHT="52" WIDTH="22" VPOS="256" HPOS="234"/>
            <String HEIGHT="52" WIDTH="480" VPOS="256" HPOS="168" CONTENT="Saint-Simon" ID="tl_4_2" STYLEREFS="FONT1"/>
            <SP HEIGHT="52" WIDTH="22" VPOS="256" HPOS="648"/>
            <String HEIGHT="52" WIDTH="153" VPOS="256" HPOS="583" CONTENT="(le" ID="tl_4_3" STYLEREFS="FONT0"/>
            <SP HEIGHT="52" WIDTH="22" VPOS="256" HPOS="735"/>
            <String HEIGHT="52" WIDTH="240" VPOS="256" HPOS="670" CONTENT="marquis" ID="tl_4_4" STYLEREFS="FONT0"/>
            <SP HEIGHT="52" WIDTH="22" VPOS="256" HPOS="910"/>
            <String HEIGHT="52" WIDTH="175" VPOS="256" HPOS="844" CONTENT="de)," ID="tl_4_5" STYLEREFS="FONT0"/>
            <SP HEIGHT="52" WIDTH="22" VPOS="256" HPOS="1019"/>
            <String HEIGHT="52" WIDTH="284" VPOS="256" HPOS="954" CONTENT="iraréchal" ID="tl_4_6" STYLEREFS="FONT0"/>
            <SP HEIGHT="52" WIDTH="22" VPOS="256" HPOS="1237"/>
            <String HEIGHT="52" WIDTH="131" VPOS="256" HPOS="1172" CONTENT="de" ID="tl_4_7" STYLEREFS="FONT0"/>
            <SP HEIGHT="52" WIDTH="22" VPOS="256" HPOS="1303"/>
            <String HEIGHT="52" WIDTH="196" VPOS="256" HPOS="1237" CONTENT="camp." ID="tl_4_8" STYLEREFS="FONT0"/>
            <SP HEIGHT="52" WIDTH="22" VPOS="256" HPOS="1434"/>
            <String HEIGHT="52" WIDTH="153" VPOS="256" HPOS="1346" CONTENT="Quit" SUBS_TYPE="HypPart1" SUBS_CONTENT="Quittance" ID="tl_4_9" STYLEREFS="FONT0"/>
            <HYP CONTENT="-"/>
          </TextLine>
          <TextLine ID="tl_5" BASELINE="362" HEIGHT="54" WIDTH="1391" VPOS="308" HPOS="105">
            <String HEIGHT="54" WIDTH="193" VPOS="308" HPOS="84" CONTENT="tance" SUBS_TYPE="HypPart2" SUBS_CONTENT="Quittance" ID="tl_5_1" STYLEREFS="FONT0"/>
            <SP HEIGHT="54" WIDTH="21" VPOS="308" HPOS="276"/>
            <String HEIGHT="54" WIDTH="171" VPOS="308" HPOS="212" CONTENT="aut." ID="tl_5_2" STYLEREFS="FONT0"/>
            <SP HEIGHT="54" WIDTH="21" VPOS="308" HPOS="383"/>
            <String HEIGHT="54" WIDTH="171" VPOS="308" HPOS="319" CONTENT="sig." ID="tl_5_3" STYLEREFS="FONT0"/>
            <SP HEIGHT="54" WIDTH="21" VPOS="308" HPOS="490"/>
            <String HEIGHT="54" WIDTH="257" VPOS="308" HPOS="426" CONTENT="Lanoure," ID="tl_5_4" STYLEREFS="FONT0"/>
            <SP HEIGHT="54" WIDTH="21" VPOS="308" HPOS="683"/>
            <String HEIGHT="54" WIDTH="128" VPOS="308" HPOS="619" CONTENT="12" ID="tl_5_5" STYLEREFS="FONT0"/>
            <SP HEIGHT="54" WIDTH="21" VPOS="308" HPOS="747"/>
            <String HEIGHT="54" WIDTH="171" VPOS="308" HPOS="683" CONTENT="nov." ID="tl_5_6" STYLEREFS="FONT0"/>
            <SP HEIGHT="54" WIDTH="21" VPOS="308" HPOS="854"/>
            <String HEIGHT="54" WIDTH="193" VPOS="308" HPOS="790" CONTENT="1757." ID="tl_5_7" STYLEREFS="FONT0"/>
            <SP HEIGHT="54" WIDTH="21" VPOS="308" HPOS="982"/>
            <String HEIGHT="54" WIDTH="107" VPOS="308" HPOS="918" CONTENT="1" ID="tl_5_8" STYLEREFS="FONT0"/>
            <SP HEIGHT="54" WIDTH="21" VPOS="308" HPOS="1025"/>
            <String HEIGHT="54" WIDTH="128" VPOS="308" HPOS="961" CONTENT="p." ID="tl_5_9" STYLEREFS="FONT0"/>
            <SP HEIGHT="54" WIDTH="21" VPOS="308" HPOS="1089"/>
            <String HEIGHT="54" WIDTH="171" VPOS="308" HPOS="1025" CONTENT="in-8" ID="tl_5_10" STYLEREFS="FONT0"/>
            <SP HEIGHT="54" WIDTH="21" VPOS="308" HPOS="1196"/>
            <String HEIGHT="54" WIDTH="128" VPOS="308" HPOS="1132" CONTENT="en" ID="tl_5_11" STYLEREFS="FONT0"/>
            <SP HEIGHT="54" WIDTH="21" VPOS="308" HPOS="1261"/>
            <String HEIGHT="54" WIDTH="257" VPOS="308" HPOS="1196" CONTENT="travers." ID="tl_5_12" STYLEREFS="FONT0"/>
            <SP HEIGHT="54" WIDTH="21" VPOS="308" HPOS="1453"/>
            <String HEIGHT="54" WIDTH="107" VPOS="308" HPOS="1389" CONTENT="2" ID="tl_5_13" STYLEREFS="FONT0"/>
            <SP HEIGHT="54" WIDTH="21" VPOS="308" HPOS="1496"/>
            <String HEIGHT="54" WIDTH="86" VPOS="308" HPOS="1410" CONTENT="50" ID="tl_5_14" STYLEREFS="FONT0"/>
          </TextLine>
        </TextBlock>
        <TextBlock ID="r_1_4" HEIGHT="151" WIDTH="1423" VPOS="356" HPOS="67">
          <TextLine ID="tl_6" BASELINE="420" HEIGHT="70" WIDTH="1435" VPOS="350" HPOS="60">
            <String HEIGHT="70" WIDTH="159" VPOS="350" HPOS="42" CONTENT="3367." ID="tl_6_1" STYLEREFS="FONT0"/>
            <SP HEIGHT="70" WIDTH="18" VPOS="350" HPOS="202"/>
            <String HEIGHT="70" WIDTH="230" VPOS="350" HPOS="149" CONTENT="Sidaey" ID="tl_6_2" STYLEREFS="FONT1"/>
            <SP HEIGHT="70" WIDTH="18" VPOS="350" HPOS="379"/>
            <String HEIGHT="70" WIDTH="230" VPOS="350" HPOS="326" CONTENT="Smith" ID="tl_6_3" STYLEREFS="FONT1"/>
            <SP HEIGHT="70" WIDTH="18" VPOS="350" HPOS="556"/>
            <String HEIGHT="70" WIDTH="248" VPOS="350" HPOS="503" CONTENT="(l’amiral," ID="tl_6_4" STYLEREFS="FONT0"/>
            <SP HEIGHT="70" WIDTH="18" VPOS="350" HPOS="751"/>
            <String HEIGHT="70" WIDTH="159" VPOS="350" HPOS="698" CONTENT="sir)." ID="tl_6_5" STYLEREFS="FONT0"/>
            <SP HEIGHT="70" WIDTH="18" VPOS="350" HPOS="857"/>
            <String HEIGHT="70" WIDTH="106" VPOS="350" HPOS="804" CONTENT="1°" ID="tl_6_6" STYLEREFS="FONT0"/>
            <SP HEIGHT="70" WIDTH="18" VPOS="350" HPOS="910"/>
            <String HEIGHT="70" WIDTH="142" VPOS="350" HPOS="857" CONTENT="Plan" ID="tl_6_7" STYLEREFS="FONT0"/>
            <SP HEIGHT="70" WIDTH="18" VPOS="350" HPOS="999"/>
            <String HEIGHT="70" WIDTH="159" VPOS="350" HPOS="946" CONTENT="d’une" ID="tl_6_8" STYLEREFS="FONT0"/>
            <SP HEIGHT="70" WIDTH="18" VPOS="350" HPOS="1105"/>
            <String HEIGHT="70" WIDTH="248" VPOS="350" HPOS="1052" CONTENT="voiture" ID="tl_6_9" STYLEREFS="FONT2"/>
            <SP HEIGHT="70" WIDTH="18" VPOS="350" HPOS="1300"/>
            <String HEIGHT="70" WIDTH="266" VPOS="350" HPOS="1229" CONTENT="balancée" ID="tl_6_10" STYLEREFS="FONT2"/>
          </TextLine>
          <TextLine ID="tl_7" BASELINE="457" HEIGHT="54" WIDTH="1382" VPOS="403" HPOS="104">
            <String HEIGHT="54" WIDTH="238" VPOS="403" HPOS="82" CONTENT="envoyée" ID="tl_7_1" STYLEREFS="FONT0"/>
            <SP HEIGHT="54" WIDTH="22" VPOS="403" HPOS="320"/>
            <String HEIGHT="54" WIDTH="130" VPOS="403" HPOS="255" CONTENT="au" ID="tl_7_2" STYLEREFS="FONT0"/>
            <SP HEIGHT="54" WIDTH="22" VPOS="403" HPOS="385"/>
            <String HEIGHT="54" WIDTH="238" VPOS="403" HPOS="320" CONTENT="général" ID="tl_7_3" STYLEREFS="FONT0"/>
            <SP HEIGHT="54" WIDTH="22" VPOS="403" HPOS="557"/>
            <String HEIGHT="54" WIDTH="281" VPOS="403" HPOS="493" CONTENT="Baudrand." ID="tl_7_4" STYLEREFS="FONT0"/>
            <SP HEIGHT="54" WIDTH="22" VPOS="403" HPOS="773"/>
            <String HEIGHT="54" WIDTH="238" VPOS="403" HPOS="709" CONTENT="Feuille" ID="tl_7_5" STYLEREFS="FONT0"/>
            <SP HEIGHT="54" WIDTH="22" VPOS="403" HPOS="946"/>
            <String HEIGHT="54" WIDTH="216" VPOS="403" HPOS="881" CONTENT="gravée" ID="tl_7_6" STYLEREFS="FONT0"/>
            <SP HEIGHT="54" WIDTH="22" VPOS="403" HPOS="1097"/>
            <String HEIGHT="54" WIDTH="238" VPOS="403" HPOS="1033" CONTENT="in-fol." ID="tl_7_7" STYLEREFS="FONT0"/>
            <SP HEIGHT="54" WIDTH="22" VPOS="403" HPOS="1270"/>
            <String HEIGHT="54" WIDTH="108" VPOS="403" HPOS="1205" CONTENT="—" ID="tl_7_8" STYLEREFS="FONT0"/>
            <SP HEIGHT="54" WIDTH="22" VPOS="403" HPOS="1313"/>
            <String HEIGHT="54" WIDTH="130" VPOS="403" HPOS="1248" CONTENT="2°" ID="tl_7_9" STYLEREFS="FONT0"/>
            <SP HEIGHT="54" WIDTH="22" VPOS="403" HPOS="1378"/>
            <String HEIGHT="54" WIDTH="130" VPOS="403" HPOS="1313" CONTENT="L." ID="tl_7_10" STYLEREFS="FONT0"/>
            <SP HEIGHT="54" WIDTH="22" VPOS="403" HPOS="1443"/>
            <String HEIGHT="54" WIDTH="130" VPOS="403" HPOS="1356" CONTENT="aut." ID="tl_7_11" STYLEREFS="FONT0"/>
          </TextLine>
          <TextLine ID="tl_8" BASELINE="519" HEIGHT="73" WIDTH="1395" VPOS="446" HPOS="104">
            <String HEIGHT="73" WIDTH="177" VPOS="446" HPOS="84" CONTENT="sig.," ID="tl_8_1" STYLEREFS="FONT0"/>
            <SP HEIGHT="73" WIDTH="20" VPOS="446" HPOS="261"/>
            <String HEIGHT="73" WIDTH="118" VPOS="446" HPOS="202" CONTENT="au" ID="tl_8_2" STYLEREFS="FONT0"/>
            <SP HEIGHT="73" WIDTH="20" VPOS="446" HPOS="320"/>
            <String HEIGHT="73" WIDTH="255" VPOS="446" HPOS="261" CONTENT="chevalier" ID="tl_8_3" STYLEREFS="FONT0"/>
            <SP HEIGHT="73" WIDTH="20" VPOS="446" HPOS="517"/>
            <String HEIGHT="73" WIDTH="216" VPOS="446" HPOS="458" CONTENT="Jomard." ID="tl_8_4" STYLEREFS="FONT0"/>
            <SP HEIGHT="73" WIDTH="20" VPOS="446" HPOS="674"/>
            <String HEIGHT="73" WIDTH="196" VPOS="446" HPOS="615" CONTENT="Paris," ID="tl_8_5" STYLEREFS="FONT0"/>
            <SP HEIGHT="73" WIDTH="20" VPOS="446" HPOS="811"/>
            <String HEIGHT="73" WIDTH="118" VPOS="446" HPOS="752" CONTENT="24" ID="tl_8_6" STYLEREFS="FONT0"/>
            <SP HEIGHT="73" WIDTH="20" VPOS="446" HPOS="870"/>
            <String HEIGHT="73" WIDTH="157" VPOS="446" HPOS="811" CONTENT="déc." ID="tl_8_7" STYLEREFS="FONT0"/>
            <SP HEIGHT="73" WIDTH="20" VPOS="446" HPOS="969"/>
            <String HEIGHT="73" WIDTH="177" VPOS="446" HPOS="910" CONTENT="1823." ID="tl_8_8" STYLEREFS="FONT0"/>
            <SP HEIGHT="73" WIDTH="20" VPOS="446" HPOS="1086"/>
            <String HEIGHT="73" WIDTH="98" VPOS="446" HPOS="1027" CONTENT="4" ID="tl_8_9" STYLEREFS="FONT0"/>
            <SP HEIGHT="73" WIDTH="20" VPOS="446" HPOS="1126"/>
            <String HEIGHT="73" WIDTH="138" VPOS="446" HPOS="1067" CONTENT="gr." ID="tl_8_10" STYLEREFS="FONT0"/>
            <SP HEIGHT="73" WIDTH="20" VPOS="446" HPOS="1204"/>
            <String HEIGHT="73" WIDTH="118" VPOS="446" HPOS="1145" CONTENT="p." ID="tl_8_11" STYLEREFS="FONT0"/>
            <SP HEIGHT="73" WIDTH="20" VPOS="446" HPOS="1263"/>
            <String HEIGHT="73" WIDTH="138" VPOS="446" HPOS="1204" CONTENT="pl." ID="tl_8_12" STYLEREFS="FONT0"/>
            <SP HEIGHT="73" WIDTH="20" VPOS="446" HPOS="1342"/>
            <String HEIGHT="73" WIDTH="177" VPOS="446" HPOS="1283" CONTENT="in-4." ID="tl_8_13" STYLEREFS="FONT0"/>
            <SP HEIGHT="73" WIDTH="20" VPOS="446" HPOS="1460"/>
            <String HEIGHT="73" WIDTH="98" VPOS="446" HPOS="1401" CONTENT="7" ID="tl_8_14" STYLEREFS="FONT0"/>
            <SP HEIGHT="73" WIDTH="20" VPOS="446" HPOS="1499"/>
            <String HEIGHT="73" WIDTH="79" VPOS="446" HPOS="1420" CONTENT="50" ID="tl_8_15" STYLEREFS="FONT0"/>
          </TextLine>
        </TextBlock>
        <TextBlock ID="r_1_5" HEIGHT="290" WIDTH="1379" VPOS="502" HPOS="111">
          <TextLine ID="tl_9" BASELINE="545" HEIGHT="48" WIDTH="1346" VPOS="497" HPOS="150">
            <String HEIGHT="48" WIDTH="210" VPOS="497" HPOS="129" CONTENT="Lettre" ID="tl_9_1" STYLEREFS="FONT0"/>
            <SP HEIGHT="48" WIDTH="21" VPOS="497" HPOS="339"/>
            <String HEIGHT="48" WIDTH="168" VPOS="497" HPOS="276" CONTENT="d’un" ID="tl_9_2" STYLEREFS="FONT0"/>
            <SP HEIGHT="48" WIDTH="21" VPOS="497" HPOS="444"/>
            <String HEIGHT="48" WIDTH="294" VPOS="497" HPOS="381" CONTENT="très-grand" ID="tl_9_3" STYLEREFS="FONT0"/>
            <SP HEIGHT="48" WIDTH="21" VPOS="497" HPOS="676"/>
            <String HEIGHT="48" WIDTH="231" VPOS="497" HPOS="613" CONTENT="intérêt" ID="tl_9_4" STYLEREFS="FONT0"/>
            <SP HEIGHT="48" WIDTH="21" VPOS="497" HPOS="844"/>
            <String HEIGHT="48" WIDTH="168" VPOS="497" HPOS="781" CONTENT="dans" ID="tl_9_5" STYLEREFS="FONT0"/>
            <SP HEIGHT="48" WIDTH="21" VPOS="497" HPOS="949"/>
            <String HEIGHT="48" WIDTH="252" VPOS="497" HPOS="886" CONTENT="laquelle" ID="tl_9_6" STYLEREFS="FONT0"/>
            <SP HEIGHT="48" WIDTH="21" VPOS="497" HPOS="1138"/>
            <String HEIGHT="48" WIDTH="126" VPOS="497" HPOS="1075" CONTENT="il" ID="tl_9_7" STYLEREFS="FONT0"/>
            <SP HEIGHT="48" WIDTH="21" VPOS="497" HPOS="1202"/>
            <String HEIGHT="48" WIDTH="252" VPOS="497" HPOS="1138" CONTENT="rappelle" ID="tl_9_8" STYLEREFS="FONT0"/>
            <SP HEIGHT="48" WIDTH="21" VPOS="497" HPOS="1391"/>
            <String HEIGHT="48" WIDTH="126" VPOS="497" HPOS="1328" CONTENT="sa" ID="tl_9_9" STYLEREFS="FONT0"/>
            <SP HEIGHT="48" WIDTH="21" VPOS="497" HPOS="1454"/>
            <String HEIGHT="48" WIDTH="126" VPOS="497" HPOS="1370" CONTENT="cap" SUBS_TYPE="HypPart1" SUBS_CONTENT="captivité" ID="tl_9_10" STYLEREFS="FONT0"/>
            <HYP CONTENT="-"/>
          </TextLine>
          <TextLine ID="tl_10" BASELINE="599" HEIGHT="56" WIDTH="1393" VPOS="543" HPOS="104">
            <String HEIGHT="56" WIDTH="205" VPOS="543" HPOS="84" CONTENT="tivité" SUBS_TYPE="HypPart2" SUBS_CONTENT="captivité" ID="tl_10_1" STYLEREFS="FONT0"/>
            <SP HEIGHT="56" WIDTH="20" VPOS="543" HPOS="288"/>
            <String HEIGHT="56" WIDTH="123" VPOS="543" HPOS="227" CONTENT="en" ID="tl_10_2" STYLEREFS="FONT0"/>
            <SP HEIGHT="56" WIDTH="20" VPOS="543" HPOS="350"/>
            <String HEIGHT="56" WIDTH="205" VPOS="543" HPOS="288" CONTENT="France" ID="tl_10_3" STYLEREFS="FONT0"/>
            <SP HEIGHT="56" WIDTH="20" VPOS="543" HPOS="493"/>
            <String HEIGHT="56" WIDTH="225" VPOS="543" HPOS="432" CONTENT="pendant" ID="tl_10_4" STYLEREFS="FONT0"/>
            <SP HEIGHT="56" WIDTH="20" VPOS="543" HPOS="657"/>
            <String HEIGHT="56" WIDTH="123" VPOS="543" HPOS="596" CONTENT="la" ID="tl_10_5" STYLEREFS="FONT0"/>
            <SP HEIGHT="56" WIDTH="20" VPOS="543" HPOS="719"/>
            <String HEIGHT="56" WIDTH="307" VPOS="543" HPOS="657" CONTENT="révolution," ID="tl_10_6" STYLEREFS="FONT0"/>
            <SP HEIGHT="56" WIDTH="20" VPOS="543" HPOS="964"/>
            <String HEIGHT="56" WIDTH="143" VPOS="543" HPOS="903" CONTENT="les" ID="tl_10_7" STYLEREFS="FONT0"/>
            <SP HEIGHT="56" WIDTH="20" VPOS="543" HPOS="1046"/>
            <String HEIGHT="56" WIDTH="205" VPOS="543" HPOS="985" CONTENT="égards" ID="tl_10_8" STYLEREFS="FONT0"/>
            <SP HEIGHT="56" WIDTH="20" VPOS="543" HPOS="1190"/>
            <String HEIGHT="56" WIDTH="164" VPOS="543" HPOS="1128" CONTENT="dont" ID="tl_10_9" STYLEREFS="FONT0"/>
            <SP HEIGHT="56" WIDTH="20" VPOS="543" HPOS="1292"/>
            <String HEIGHT="56" WIDTH="123" VPOS="543" HPOS="1231" CONTENT="il" ID="tl_10_10" STYLEREFS="FONT0"/>
            <SP HEIGHT="56" WIDTH="20" VPOS="543" HPOS="1354"/>
            <String HEIGHT="56" WIDTH="143" VPOS="543" HPOS="1292" CONTENT="n’a" ID="tl_10_11" STYLEREFS="FONT0"/>
            <SP HEIGHT="56" WIDTH="20" VPOS="543" HPOS="1436"/>
            <String HEIGHT="56" WIDTH="143" VPOS="543" HPOS="1354" CONTENT="cessé" ID="tl_10_12" STYLEREFS="FONT0"/>
          </TextLine>
          <TextLine ID="tl_11" BASELINE="644" HEIGHT="53" WIDTH="1392" VPOS="591" HPOS="103">
            <String HEIGHT="53" WIDTH="208" VPOS="591" HPOS="82" CONTENT="d’être" ID="tl_11_1" STYLEREFS="FONT0"/>
            <SP HEIGHT="53" WIDTH="21" VPOS="591" HPOS="290"/>
            <String HEIGHT="53" WIDTH="229" VPOS="591" HPOS="228" CONTENT="entouré" ID="tl_11_2" STYLEREFS="FONT0"/>
            <SP HEIGHT="53" WIDTH="21" VPOS="591" HPOS="456"/>
            <String HEIGHT="53" WIDTH="229" VPOS="591" HPOS="394" CONTENT="pendant" ID="tl_11_3" STYLEREFS="FONT0"/>
            <SP HEIGHT="53" WIDTH="21" VPOS="591" HPOS="622"/>
            <String HEIGHT="53" WIDTH="145" VPOS="591" HPOS="560" CONTENT="ces" ID="tl_11_4" STYLEREFS="FONT0"/>
            <SP HEIGHT="53" WIDTH="21" VPOS="591" HPOS="706"/>
            <String HEIGHT="53" WIDTH="187" VPOS="591" HPOS="643" CONTENT="temps" ID="tl_11_5" STYLEREFS="FONT0"/>
            <SP HEIGHT="53" WIDTH="21" VPOS="591" HPOS="830"/>
            <String HEIGHT="53" WIDTH="249" VPOS="591" HPOS="768" CONTENT="d’orage," ID="tl_11_6" STYLEREFS="FONT0"/>
            <SP HEIGHT="53" WIDTH="21" VPOS="591" HPOS="1017"/>
            <String HEIGHT="53" WIDTH="125" VPOS="591" HPOS="955" CONTENT="la" ID="tl_11_7" STYLEREFS="FONT0"/>
            <SP HEIGHT="53" WIDTH="21" VPOS="591" HPOS="1079"/>
            <String HEIGHT="53" WIDTH="249" VPOS="591" HPOS="1017" CONTENT="conduite" ID="tl_11_8" STYLEREFS="FONT0"/>
            <SP HEIGHT="53" WIDTH="21" VPOS="591" HPOS="1266"/>
            <String HEIGHT="53" WIDTH="187" VPOS="591" HPOS="1204" CONTENT="qu’il" ID="tl_11_9" STYLEREFS="FONT0"/>
            <SP HEIGHT="53" WIDTH="21" VPOS="591" HPOS="1391"/>
            <String HEIGHT="53" WIDTH="104" VPOS="591" HPOS="1329" CONTENT="a" ID="tl_11_10" STYLEREFS="FONT0"/>
            <SP HEIGHT="53" WIDTH="21" VPOS="591" HPOS="1433"/>
            <String HEIGHT="53" WIDTH="145" VPOS="591" HPOS="1350" CONTENT="tenue" ID="tl_11_11" STYLEREFS="FONT0"/>
          </TextLine>
          <TextLine ID="tl_12" BASELINE="702" HEIGHT="54" WIDTH="1395" VPOS="648" HPOS="104">
            <String HEIGHT="54" WIDTH="167" VPOS="648" HPOS="83" CONTENT="avec" ID="tl_12_1" STYLEREFS="FONT0"/>
            <SP HEIGHT="54" WIDTH="21" VPOS="648" HPOS="250"/>
            <String HEIGHT="54" WIDTH="146" VPOS="648" HPOS="187" CONTENT="les" ID="tl_12_2" STYLEREFS="FONT0"/>
            <SP HEIGHT="54" WIDTH="21" VPOS="648" HPOS="333"/>
            <String HEIGHT="54" WIDTH="250" VPOS="648" HPOS="271" CONTENT="Français" ID="tl_12_3" STYLEREFS="FONT0"/>
            <SP HEIGHT="54" WIDTH="21" VPOS="648" HPOS="520"/>
            <String HEIGHT="54" WIDTH="146" VPOS="648" HPOS="458" CONTENT="ses" ID="tl_12_4" STYLEREFS="FONT0"/>
            <SP HEIGHT="54" WIDTH="21" VPOS="648" HPOS="604"/>
            <String HEIGHT="54" WIDTH="312" VPOS="648" HPOS="541" CONTENT="prisonniers" ID="tl_12_5" STYLEREFS="FONT0"/>
            <SP HEIGHT="54" WIDTH="21" VPOS="648" HPOS="854"/>
            <String HEIGHT="54" WIDTH="229" VPOS="648" HPOS="791" CONTENT="pendant" ID="tl_12_6" STYLEREFS="FONT0"/>
            <SP HEIGHT="54" WIDTH="21" VPOS="648" HPOS="1020"/>
            <String HEIGHT="54" WIDTH="125" VPOS="648" HPOS="958" CONTENT="la" ID="tl_12_7" STYLEREFS="FONT0"/>
            <SP HEIGHT="54" WIDTH="21" VPOS="648" HPOS="1083"/>
            <String HEIGHT="54" WIDTH="229" VPOS="648" HPOS="1020" CONTENT="cuerre," ID="tl_12_8" STYLEREFS="FONT0"/>
            <SP HEIGHT="54" WIDTH="21" VPOS="648" HPOS="1249"/>
            <String HEIGHT="54" WIDTH="125" VPOS="648" HPOS="1187" CONTENT="et" ID="tl_12_9" STYLEREFS="FONT0"/>
            <SP HEIGHT="54" WIDTH="21" VPOS="648" HPOS="1312"/>
            <String HEIGHT="54" WIDTH="146" VPOS="648" HPOS="1249" CONTENT="ses" ID="tl_12_10" STYLEREFS="FONT0"/>
            <SP HEIGHT="54" WIDTH="21" VPOS="648" HPOS="1395"/>
            <String HEIGHT="54" WIDTH="187" VPOS="648" HPOS="1312" CONTENT="efforts" ID="tl_12_11" STYLEREFS="FONT0"/>
          </TextLine>
          <TextLine ID="tl_13" BASELINE="743" HEIGHT="52" WIDTH="1391" VPOS="691" HPOS="105">
            <String HEIGHT="52" WIDTH="185" VPOS="691" HPOS="82" CONTENT="pour" ID="tl_13_1" STYLEREFS="FONT0"/>
            <SP HEIGHT="52" WIDTH="23" VPOS="691" HPOS="267"/>
            <String HEIGHT="52" WIDTH="232" VPOS="691" HPOS="198" CONTENT="sauver" ID="tl_13_2" STYLEREFS="FONT0"/>
            <SP HEIGHT="52" WIDTH="23" VPOS="691" HPOS="430"/>
            <String HEIGHT="52" WIDTH="162" VPOS="691" HPOS="360" CONTENT="les" ID="tl_13_3" STYLEREFS="FONT0"/>
            <SP HEIGHT="52" WIDTH="23" VPOS="691" HPOS="522"/>
            <String HEIGHT="52" WIDTH="255" VPOS="691" HPOS="453" CONTENT="papiers" ID="tl_13_4" STYLEREFS="FONT0"/>
            <SP HEIGHT="52" WIDTH="23" VPOS="691" HPOS="708"/>
            <String HEIGHT="52" WIDTH="162" VPOS="691" HPOS="638" CONTENT="des" ID="tl_13_5" STYLEREFS="FONT0"/>
            <SP HEIGHT="52" WIDTH="23" VPOS="691" HPOS="801"/>
            <String HEIGHT="52" WIDTH="255" VPOS="691" HPOS="731" CONTENT="membres" ID="tl_13_6" STYLEREFS="FONT0"/>
            <SP HEIGHT="52" WIDTH="23" VPOS="691" HPOS="986"/>
            <String HEIGHT="52" WIDTH="139" VPOS="691" HPOS="916" CONTENT="de" ID="tl_13_7" STYLEREFS="FONT0"/>
            <SP HEIGHT="52" WIDTH="23" VPOS="691" HPOS="1056"/>
            <String HEIGHT="52" WIDTH="325" VPOS="691" HPOS="986" CONTENT="l’Institut" ID="tl_13_8" STYLEREFS="FONT0"/>
            <SP HEIGHT="52" WIDTH="23" VPOS="691" HPOS="1311"/>
            <String HEIGHT="52" WIDTH="255" VPOS="691" HPOS="1241" CONTENT="envoyés" ID="tl_13_9" STYLEREFS="FONT0"/>
            <SP HEIGHT="52" WIDTH="23" VPOS="691" HPOS="1496"/>
            <String HEIGHT="52" WIDTH="93" VPOS="691" HPOS="1403" CONTENT="en" ID="tl_13_10" STYLEREFS="FONT0"/>
          </TextLine>
          <TextLine ID="tl_14" BASELINE="784" HEIGHT="49" WIDTH="816" VPOS="735" HPOS="107">
            <String HEIGHT="49" WIDTH="236" VPOS="735" HPOS="86" CONTENT="Egypte," ID="tl_14_1" STYLEREFS="FONT0"/>
            <SP HEIGHT="49" WIDTH="21" VPOS="735" HPOS="322"/>
            <String HEIGHT="49" WIDTH="193" VPOS="735" HPOS="257" CONTENT="après" ID="tl_14_2" STYLEREFS="FONT0"/>
            <SP HEIGHT="49" WIDTH="21" VPOS="735" HPOS="451"/>
            <String HEIGHT="49" WIDTH="344" VPOS="735" HPOS="386" CONTENT="l’évacuation" ID="tl_14_3" STYLEREFS="FONT0"/>
            <SP HEIGHT="49" WIDTH="21" VPOS="735" HPOS="730"/>
            <String HEIGHT="49" WIDTH="129" VPOS="735" HPOS="665" CONTENT="de" ID="tl_14_4" STYLEREFS="FONT0"/>
            <SP HEIGHT="49" WIDTH="21" VPOS="735" HPOS="794"/>
            <String HEIGHT="49" WIDTH="129" VPOS="735" HPOS="730" CONTENT="ce" ID="tl_14_5" STYLEREFS="FONT0"/>
            <SP HEIGHT="49" WIDTH="21" VPOS="735" HPOS="859"/>
            <String HEIGHT="49" WIDTH="150" VPOS="735" HPOS="773" CONTENT="pays." ID="tl_14_6" STYLEREFS="FONT0"/>
          </TextLine>
        </TextBlock>
        <TextBlock ID="r_1_6" HEIGHT="54" WIDTH="1423" VPOS="789" HPOS="67">
          <TextLine ID="tl_15" BASELINE="841" HEIGHT="66" WIDTH="1439" VPOS="775" HPOS="59">
            <String HEIGHT="66" WIDTH="199" VPOS="775" HPOS="37" CONTENT="3368." ID="tl_15_1" STYLEREFS="FONT0"/>
            <SP HEIGHT="66" WIDTH="22" VPOS="775" HPOS="236"/>
            <String HEIGHT="66" WIDTH="354" VPOS="775" HPOS="170" CONTENT="Stanislas" ID="tl_15_2" STYLEREFS="FONT1"/>
            <SP HEIGHT="66" WIDTH="22" VPOS="775" HPOS="524"/>
            <String HEIGHT="66" WIDTH="398" VPOS="775" HPOS="457" CONTENT="Leczinski," ID="tl_15_3" STYLEREFS="FONT1"/>
            <SP HEIGHT="66" WIDTH="22" VPOS="775" HPOS="856"/>
            <String HEIGHT="66" WIDTH="155" VPOS="775" HPOS="790" CONTENT="roi" ID="tl_15_4" STYLEREFS="FONT0"/>
            <SP HEIGHT="66" WIDTH="22" VPOS="775" HPOS="945"/>
            <String HEIGHT="66" WIDTH="133" VPOS="775" HPOS="878" CONTENT="de" ID="tl_15_5" STYLEREFS="FONT0"/>
            <SP HEIGHT="66" WIDTH="22" VPOS="775" HPOS="1011"/>
            <String HEIGHT="66" WIDTH="266" VPOS="775" HPOS="945" CONTENT="Pologne." ID="tl_15_6" STYLEREFS="FONT0"/>
            <SP HEIGHT="66" WIDTH="22" VPOS="775" HPOS="1210"/>
            <String HEIGHT="66" WIDTH="133" VPOS="775" HPOS="1144" CONTENT="L." ID="tl_15_7" STYLEREFS="FONT0"/>
            <SP HEIGHT="66" WIDTH="22" VPOS="775" HPOS="1277"/>
            <String HEIGHT="66" WIDTH="177" VPOS="775" HPOS="1210" CONTENT="aut." ID="tl_15_8" STYLEREFS="FONT0"/>
            <SP HEIGHT="66" WIDTH="22" VPOS="775" HPOS="1387"/>
            <String HEIGHT="66" WIDTH="199" VPOS="775" HPOS="1321" CONTENT="sig.," ID="tl_15_9" STYLEREFS="FONT0"/>
            <SP HEIGHT="66" WIDTH="22" VPOS="775" HPOS="1520"/>
            <String HEIGHT="66" WIDTH="66" VPOS="775" HPOS="1432" CONTENT="à" ID="tl_15_10" STYLEREFS="FONT0"/>
          </TextLine>
        </TextBlock>
        <TextBlock ID="r_1_7" HEIGHT="49" WIDTH="1376" VPOS="838" HPOS="111">
          <TextLine ID="tl_16" BASELINE="886" HEIGHT="48" WIDTH="1393" VPOS="838" HPOS="103">
            <String HEIGHT="48" WIDTH="412" VPOS="838" HPOS="71" CONTENT="madame..." ID="tl_16_1" STYLEREFS="FONT0"/>
            <SP HEIGHT="48" WIDTH="32" VPOS="838" HPOS="483"/>
            <String HEIGHT="48" WIDTH="285" VPOS="838" HPOS="388" CONTENT="1759." ID="tl_16_2" STYLEREFS="FONT0"/>
            <SP HEIGHT="48" WIDTH="32" VPOS="838" HPOS="673"/>
            <String HEIGHT="48" WIDTH="158" VPOS="838" HPOS="578" CONTENT="1" ID="tl_16_3" STYLEREFS="FONT0"/>
            <SP HEIGHT="48" WIDTH="32" VPOS="838" HPOS="736"/>
            <String HEIGHT="48" WIDTH="190" VPOS="838" HPOS="641" CONTENT="p." ID="tl_16_4" STYLEREFS="FONT0"/>
            <SP HEIGHT="48" WIDTH="32" VPOS="838" HPOS="831"/>
            <String HEIGHT="48" WIDTH="222" VPOS="838" HPOS="736" CONTENT="pl." ID="tl_16_5" STYLEREFS="FONT0"/>
            <SP HEIGHT="48" WIDTH="32" VPOS="838" HPOS="958"/>
            <String HEIGHT="48" WIDTH="285" VPOS="838" HPOS="863" CONTENT="in-4." ID="tl_16_6" STYLEREFS="FONT0"/>
            <SP HEIGHT="48" WIDTH="32" VPOS="838" HPOS="1148"/>
            <String HEIGHT="48" WIDTH="412" VPOS="838" HPOS="1053" CONTENT="Curieuse." ID="tl_16_7" STYLEREFS="FONT0"/>
            <SP HEIGHT="48" WIDTH="32" VPOS="838" HPOS="1464"/>
            <String HEIGHT="48" WIDTH="158" VPOS="838" HPOS="1369" CONTENT="6" ID="tl_16_8" STYLEREFS="FONT0"/>
            <SP HEIGHT="48" WIDTH="32" VPOS="838" HPOS="1528"/>
            <String HEIGHT="48" WIDTH="95" VPOS="838" HPOS="1401" CONTENT="»" ID="tl_16_9" STYLEREFS="FONT0"/>
          </TextLine>
        </TextBlock>
        <TextBlock ID="r_1_8" HEIGHT="55" WIDTH="1423" VPOS="884" HPOS="66">
          <TextLine ID="tl_17" BASELINE="933" HEIGHT="59" WIDTH="1439" VPOS="874" HPOS="58">
            <String HEIGHT="59" WIDTH="188" VPOS="874" HPOS="37" CONTENT="3369." ID="tl_17_1" STYLEREFS="FONT0"/>
            <SP HEIGHT="59" WIDTH="21" VPOS="874" HPOS="225"/>
            <String HEIGHT="59" WIDTH="396" VPOS="874" HPOS="162" CONTENT="Toulouse" ID="tl_17_2" STYLEREFS="FONT1"/>
            <SP HEIGHT="59" WIDTH="21" VPOS="874" HPOS="559"/>
            <String HEIGHT="59" WIDTH="355" VPOS="874" HPOS="496" CONTENT="(L.-Alexandre" ID="tl_17_3" STYLEREFS="FONT0"/>
            <SP HEIGHT="59" WIDTH="21" VPOS="874" HPOS="850"/>
            <String HEIGHT="59" WIDTH="125" VPOS="874" HPOS="788" CONTENT="de" ID="tl_17_4" STYLEREFS="FONT0"/>
            <SP HEIGHT="59" WIDTH="21" VPOS="874" HPOS="913"/>
            <String HEIGHT="59" WIDTH="250" VPOS="874" HPOS="850" CONTENT="Bourbon," ID="tl_17_5" STYLEREFS="FONT0"/>
            <SP HEIGHT="59" WIDTH="21" VPOS="874" HPOS="1101"/>
            <String HEIGHT="59" WIDTH="188" VPOS="874" HPOS="1038" CONTENT="comte" ID="tl_17_6" STYLEREFS="FONT0"/>
            <SP HEIGHT="59" WIDTH="21" VPOS="874" HPOS="1226"/>
            <String HEIGHT="59" WIDTH="167" VPOS="874" HPOS="1163" CONTENT="de)," ID="tl_17_7" STYLEREFS="FONT0"/>
            <SP HEIGHT="59" WIDTH="21" VPOS="874" HPOS="1330"/>
            <String HEIGHT="59" WIDTH="167" VPOS="874" HPOS="1268" CONTENT="fils" ID="tl_17_8" STYLEREFS="FONT0"/>
            <SP HEIGHT="59" WIDTH="21" VPOS="874" HPOS="1434"/>
            <String HEIGHT="59" WIDTH="146" VPOS="874" HPOS="1351" CONTENT="légi" ID="tl_17_9" STYLEREFS="FONT0"/>
          </TextLine>
        </TextBlock>
        <TextBlock ID="r_1_9" HEIGHT="145" WIDTH="1382" VPOS="933" HPOS="108">
          <TextLine ID="tl_18" BASELINE="977" HEIGHT="51" WIDTH="1391" VPOS="926" HPOS="105">
            <String HEIGHT="51" WIDTH="185" VPOS="926" HPOS="82" CONTENT="timé" ID="tl_18_1" STYLEREFS="FONT0"/>
            <SP HEIGHT="51" WIDTH="23" VPOS="926" HPOS="267"/>
            <String HEIGHT="51" WIDTH="139" VPOS="926" HPOS="198" CONTENT="de" ID="tl_18_2" STYLEREFS="FONT0"/>
            <SP HEIGHT="51" WIDTH="23" VPOS="926" HPOS="337"/>
            <String HEIGHT="51" WIDTH="209" VPOS="926" HPOS="267" CONTENT="Louis" ID="tl_18_3" STYLEREFS="FONT0"/>
            <SP HEIGHT="51" WIDTH="23" VPOS="926" HPOS="476"/>
            <String HEIGHT="51" WIDTH="162" VPOS="926" HPOS="406" CONTENT="XIV" ID="tl_18_4" STYLEREFS="FONT0"/>
            <SP HEIGHT="51" WIDTH="23" VPOS="926" HPOS="569"/>
            <String HEIGHT="51" WIDTH="139" VPOS="926" HPOS="499" CONTENT="et" ID="tl_18_5" STYLEREFS="FONT0"/>
            <SP HEIGHT="51" WIDTH="23" VPOS="926" HPOS="638"/>
            <String HEIGHT="51" WIDTH="139" VPOS="926" HPOS="569" CONTENT="de" ID="tl_18_6" STYLEREFS="FONT0"/>
            <SP HEIGHT="51" WIDTH="23" VPOS="926" HPOS="708"/>
            <String HEIGHT="51" WIDTH="232" VPOS="926" HPOS="638" CONTENT="madame" ID="tl_18_7" STYLEREFS="FONT0"/>
            <SP HEIGHT="51" WIDTH="23" VPOS="926" HPOS="870"/>
            <String HEIGHT="51" WIDTH="139" VPOS="926" HPOS="801" CONTENT="de" ID="tl_18_8" STYLEREFS="FONT0"/>
            <SP HEIGHT="51" WIDTH="23" VPOS="926" HPOS="940"/>
            <String HEIGHT="51" WIDTH="325" VPOS="926" HPOS="870" CONTENT="Montespan," ID="tl_18_9" STYLEREFS="FONT0"/>
            <SP HEIGHT="51" WIDTH="23" VPOS="926" HPOS="1195"/>
            <String HEIGHT="51" WIDTH="371" VPOS="926" HPOS="1125" CONTENT="grand-amiral" ID="tl_18_10" STYLEREFS="FONT0"/>
            <SP HEIGHT="51" WIDTH="23" VPOS="926" HPOS="1496"/>
            <String HEIGHT="51" WIDTH="93" VPOS="926" HPOS="1403" CONTENT="de" ID="tl_18_11" STYLEREFS="FONT0"/>
          </TextLine>
          <TextLine ID="tl_19" BASELINE="1039" HEIGHT="64" WIDTH="1395" VPOS="975" HPOS="103">
            <String HEIGHT="64" WIDTH="236" VPOS="975" HPOS="82" CONTENT="France." ID="tl_19_1" STYLEREFS="FONT0"/>
            <SP HEIGHT="64" WIDTH="21" VPOS="975" HPOS="318"/>
            <String HEIGHT="64" WIDTH="129" VPOS="975" HPOS="253" CONTENT="L." ID="tl_19_2" STYLEREFS="FONT0"/>
            <SP HEIGHT="64" WIDTH="21" VPOS="975" HPOS="382"/>
            <String HEIGHT="64" WIDTH="172" VPOS="975" HPOS="318" CONTENT="aut." ID="tl_19_3" STYLEREFS="FONT0"/>
            <SP HEIGHT="64" WIDTH="21" VPOS="975" HPOS="489"/>
            <String HEIGHT="64" WIDTH="193" VPOS="975" HPOS="425" CONTENT="sig.," ID="tl_19_4" STYLEREFS="FONT0"/>
            <SP HEIGHT="64" WIDTH="21" VPOS="975" HPOS="618"/>
            <String HEIGHT="64" WIDTH="107" VPOS="975" HPOS="554" CONTENT="à" ID="tl_19_5" STYLEREFS="FONT0"/>
            <SP HEIGHT="64" WIDTH="21" VPOS="975" HPOS="661"/>
            <String HEIGHT="64" WIDTH="129" VPOS="975" HPOS="597" CONTENT="M." ID="tl_19_6" STYLEREFS="FONT0"/>
            <SP HEIGHT="64" WIDTH="21" VPOS="975" HPOS="725"/>
            <String HEIGHT="64" WIDTH="129" VPOS="975" HPOS="661" CONTENT="le" ID="tl_19_7" STYLEREFS="FONT0"/>
            <SP HEIGHT="64" WIDTH="21" VPOS="975" HPOS="790"/>
            <String HEIGHT="64" WIDTH="258" VPOS="975" HPOS="725" CONTENT="maréchal" ID="tl_19_8" STYLEREFS="FONT0"/>
            <SP HEIGHT="64" WIDTH="21" VPOS="975" HPOS="983"/>
            <String HEIGHT="64" WIDTH="129" VPOS="975" HPOS="919" CONTENT="de" ID="tl_19_9" STYLEREFS="FONT0"/>
            <SP HEIGHT="64" WIDTH="21" VPOS="975" HPOS="1047"/>
            <String HEIGHT="64" WIDTH="258" VPOS="975" HPOS="983" CONTENT="Cœuvres." ID="tl_19_10" STYLEREFS="FONT0"/>
            <SP HEIGHT="64" WIDTH="21" VPOS="975" HPOS="1240"/>
            <String HEIGHT="64" WIDTH="322" VPOS="975" HPOS="1176" CONTENT="Versailles," ID="tl_19_11" STYLEREFS="FONT0"/>
            <SP HEIGHT="64" WIDTH="21" VPOS="975" HPOS="1498"/>
            <String HEIGHT="64" WIDTH="86" VPOS="975" HPOS="1412" CONTENT="20" ID="tl_19_12" STYLEREFS="FONT0"/>
          </TextLine>
          <TextLine ID="tl_20" BASELINE="1087" HEIGHT="64" WIDTH="1395" VPOS="1023" HPOS="99">
            <String HEIGHT="64" WIDTH="372" VPOS="1023" HPOS="53" CONTENT="juin" ID="tl_20_1" STYLEREFS="FONT0"/>
            <SP HEIGHT="64" WIDTH="47" VPOS="1023" HPOS="425"/>
            <String HEIGHT="64" WIDTH="419" VPOS="1023" HPOS="285" CONTENT="1703." ID="tl_20_2" STYLEREFS="FONT0"/>
            <SP HEIGHT="64" WIDTH="47" VPOS="1023" HPOS="704"/>
            <String HEIGHT="64" WIDTH="233" VPOS="1023" HPOS="564" CONTENT="3" ID="tl_20_3" STYLEREFS="FONT0"/>
            <SP HEIGHT="64" WIDTH="47" VPOS="1023" HPOS="797"/>
            <String HEIGHT="64" WIDTH="279" VPOS="1023" HPOS="657" CONTENT="p." ID="tl_20_4" STYLEREFS="FONT0"/>
            <SP HEIGHT="64" WIDTH="47" VPOS="1023" HPOS="936"/>
            <String HEIGHT="64" WIDTH="326" VPOS="1023" HPOS="797" CONTENT="pl." ID="tl_20_5" STYLEREFS="FONT0"/>
            <SP HEIGHT="64" WIDTH="47" VPOS="1023" HPOS="1122"/>
            <String HEIGHT="64" WIDTH="419" VPOS="1023" HPOS="983" CONTENT="in-4." ID="tl_20_6" STYLEREFS="FONT0"/>
            <SP HEIGHT="64" WIDTH="47" VPOS="1023" HPOS="1401"/>
            <String HEIGHT="64" WIDTH="279" VPOS="1023" HPOS="1262" CONTENT="12" ID="tl_20_7" STYLEREFS="FONT0"/>
            <SP HEIGHT="64" WIDTH="47" VPOS="1023" HPOS="1541"/>
            <String HEIGHT="64" WIDTH="140" VPOS="1023" HPOS="1355" CONTENT="»" ID="tl_20_8" STYLEREFS="FONT0"/>
          </TextLine>
        </TextBlock>
        <TextBlock ID="r_1_10" HEIGHT="240" WIDTH="1381" VPOS="1077" HPOS="111">
          <TextLine ID="tl_21" BASELINE="1128" HEIGHT="52" WIDTH="1350" VPOS="1076" HPOS="149">
            <String HEIGHT="52" WIDTH="235" VPOS="1076" HPOS="129" CONTENT="Affaires" ID="tl_21_1" STYLEREFS="FONT0"/>
            <SP HEIGHT="52" WIDTH="20" VPOS="1076" HPOS="364"/>
            <String HEIGHT="52" WIDTH="235" VPOS="1076" HPOS="306" CONTENT="diverses" ID="tl_21_2" STYLEREFS="FONT0"/>
            <SP HEIGHT="52" WIDTH="20" VPOS="1076" HPOS="540"/>
            <String HEIGHT="52" WIDTH="157" VPOS="1076" HPOS="482" CONTENT="dont" ID="tl_21_3" STYLEREFS="FONT0"/>
            <SP HEIGHT="52" WIDTH="20" VPOS="1076" HPOS="638"/>
            <String HEIGHT="52" WIDTH="117" VPOS="1076" HPOS="579" CONTENT="il" ID="tl_21_4" STYLEREFS="FONT0"/>
            <SP HEIGHT="52" WIDTH="20" VPOS="1076" HPOS="697"/>
            <String HEIGHT="52" WIDTH="98" VPOS="1076" HPOS="638" CONTENT="a" ID="tl_21_5" STYLEREFS="FONT0"/>
            <SP HEIGHT="52" WIDTH="20" VPOS="1076" HPOS="736"/>
            <String HEIGHT="52" WIDTH="176" VPOS="1076" HPOS="677" CONTENT="parlé" ID="tl_21_6" STYLEREFS="FONT0"/>
            <SP HEIGHT="52" WIDTH="20" VPOS="1076" HPOS="853"/>
            <String HEIGHT="52" WIDTH="254" VPOS="1076" HPOS="795" CONTENT="plusieurs" ID="tl_21_7" STYLEREFS="FONT0"/>
            <SP HEIGHT="52" WIDTH="20" VPOS="1076" HPOS="1049"/>
            <String HEIGHT="52" WIDTH="157" VPOS="1076" HPOS="990" CONTENT="fois" ID="tl_21_8" STYLEREFS="FONT0"/>
            <SP HEIGHT="52" WIDTH="20" VPOS="1076" HPOS="1147"/>
            <String HEIGHT="52" WIDTH="117" VPOS="1076" HPOS="1088" CONTENT="au" ID="tl_21_9" STYLEREFS="FONT0"/>
            <SP HEIGHT="52" WIDTH="20" VPOS="1076" HPOS="1206"/>
            <String HEIGHT="52" WIDTH="157" VPOS="1076" HPOS="1147" CONTENT="roi," ID="tl_21_10" STYLEREFS="FONT0"/>
            <SP HEIGHT="52" WIDTH="20" VPOS="1076" HPOS="1303"/>
            <String HEIGHT="52" WIDTH="137" VPOS="1076" HPOS="1245" CONTENT="qui" ID="tl_21_11" STYLEREFS="FONT0"/>
            <SP HEIGHT="52" WIDTH="20" VPOS="1076" HPOS="1382"/>
            <String HEIGHT="52" WIDTH="117" VPOS="1076" HPOS="1323" CONTENT="le" ID="tl_21_12" STYLEREFS="FONT0"/>
            <SP HEIGHT="52" WIDTH="20" VPOS="1076" HPOS="1440"/>
            <String HEIGHT="52" WIDTH="137" VPOS="1076" HPOS="1362" CONTENT="remet" ID="tl_21_13" STYLEREFS="FONT0"/>
          </TextLine>
          <TextLine ID="tl_22" BASELINE="1171" HEIGHT="50" WIDTH="1389" VPOS="1121" HPOS="107">
            <String HEIGHT="50" WIDTH="256" VPOS="1121" HPOS="86" CONTENT="toujours" ID="tl_22_1" STYLEREFS="FONT0"/>
            <SP HEIGHT="50" WIDTH="21" VPOS="1121" HPOS="342"/>
            <String HEIGHT="50" WIDTH="128" VPOS="1121" HPOS="278" CONTENT="de" ID="tl_22_2" STYLEREFS="FONT0"/>
            <SP HEIGHT="50" WIDTH="21" VPOS="1121" HPOS="406"/>
            <String HEIGHT="50" WIDTH="192" VPOS="1121" HPOS="342" CONTENT="jours" ID="tl_22_3" STYLEREFS="FONT0"/>
            <SP HEIGHT="50" WIDTH="21" VPOS="1121" HPOS="534"/>
            <String HEIGHT="50" WIDTH="128" VPOS="1121" HPOS="470" CONTENT="en" ID="tl_22_4" STYLEREFS="FONT0"/>
            <SP HEIGHT="50" WIDTH="21" VPOS="1121" HPOS="598"/>
            <String HEIGHT="50" WIDTH="256" VPOS="1121" HPOS="534" CONTENT="jours..." ID="tl_22_5" STYLEREFS="FONT0"/>
            <SP HEIGHT="50" WIDTH="21" VPOS="1121" HPOS="791"/>
            <String HEIGHT="50" WIDTH="128" VPOS="1121" HPOS="727" CONTENT="Il" ID="tl_22_6" STYLEREFS="FONT0"/>
            <SP HEIGHT="50" WIDTH="21" VPOS="1121" HPOS="855"/>
            <String HEIGHT="50" WIDTH="256" VPOS="1121" HPOS="791" CONTENT="commence" ID="tl_22_7" STYLEREFS="FONT0"/>
            <SP HEIGHT="50" WIDTH="21" VPOS="1121" HPOS="1047"/>
            <String HEIGHT="50" WIDTH="107" VPOS="1121" HPOS="983" CONTENT="à" ID="tl_22_8" STYLEREFS="FONT0"/>
            <SP HEIGHT="50" WIDTH="21" VPOS="1121" HPOS="1090"/>
            <String HEIGHT="50" WIDTH="171" VPOS="1121" HPOS="1026" CONTENT="être" ID="tl_22_9" STYLEREFS="FONT0"/>
            <SP HEIGHT="50" WIDTH="21" VPOS="1121" HPOS="1197"/>
            <String HEIGHT="50" WIDTH="256" VPOS="1121" HPOS="1133" CONTENT="persuadé" ID="tl_22_10" STYLEREFS="FONT0"/>
            <SP HEIGHT="50" WIDTH="21" VPOS="1121" HPOS="1389"/>
            <String HEIGHT="50" WIDTH="150" VPOS="1121" HPOS="1325" CONTENT="que" ID="tl_22_11" STYLEREFS="FONT0"/>
            <SP HEIGHT="50" WIDTH="21" VPOS="1121" HPOS="1475"/>
            <String HEIGHT="50" WIDTH="107" VPOS="1121" HPOS="1389" CONTENT="les" ID="tl_22_12" STYLEREFS="FONT0"/>
          </TextLine>
          <TextLine ID="tl_23" BASELINE="1231" HEIGHT="64" WIDTH="1395" VPOS="1167" HPOS="103">
            <String HEIGHT="64" WIDTH="256" VPOS="1167" HPOS="80" CONTENT="ennemis" ID="tl_23_1" STYLEREFS="FONT0"/>
            <SP HEIGHT="64" WIDTH="23" VPOS="1167" HPOS="336"/>
            <String HEIGHT="64" WIDTH="209" VPOS="1167" HPOS="266" CONTENT="n’ont" ID="tl_23_2" STYLEREFS="FONT0"/>
            <SP HEIGHT="64" WIDTH="23" VPOS="1167" HPOS="475"/>
            <String HEIGHT="64" WIDTH="209" VPOS="1167" HPOS="405" CONTENT="point" ID="tl_23_3" STYLEREFS="FONT0"/>
            <SP HEIGHT="64" WIDTH="23" VPOS="1167" HPOS="615"/>
            <String HEIGHT="64" WIDTH="140" VPOS="1167" HPOS="545" CONTENT="de" ID="tl_23_4" STYLEREFS="FONT0"/>
            <SP HEIGHT="64" WIDTH="23" VPOS="1167" HPOS="684"/>
            <String HEIGHT="64" WIDTH="256" VPOS="1167" HPOS="615" CONTENT="dessein" ID="tl_23_5" STYLEREFS="FONT0"/>
            <SP HEIGHT="64" WIDTH="23" VPOS="1167" HPOS="870"/>
            <String HEIGHT="64" WIDTH="186" VPOS="1167" HPOS="801" CONTENT="pour" ID="tl_23_6" STYLEREFS="FONT0"/>
            <SP HEIGHT="64" WIDTH="23" VPOS="1167" HPOS="987"/>
            <String HEIGHT="64" WIDTH="140" VPOS="1167" HPOS="917" CONTENT="la" ID="tl_23_7" STYLEREFS="FONT0"/>
            <SP HEIGHT="64" WIDTH="23" VPOS="1167" HPOS="1056"/>
            <String HEIGHT="64" WIDTH="419" VPOS="1167" HPOS="987" CONTENT="Méditerrannée." ID="tl_23_8" STYLEREFS="FONT0"/>
            <SP HEIGHT="64" WIDTH="23" VPOS="1167" HPOS="1405"/>
            <String HEIGHT="64" WIDTH="186" VPOS="1167" HPOS="1312" CONTENT="«Leurs" ID="tl_23_9" STYLEREFS="FONT0"/>
          </TextLine>
          <TextLine ID="tl_24" BASELINE="1278" HEIGHT="65" WIDTH="1391" VPOS="1213" HPOS="106">
            <String HEIGHT="65" WIDTH="104" VPOS="1213" HPOS="85" CONTENT="»" ID="tl_24_1" STYLEREFS="FONT0"/>
            <SP HEIGHT="65" WIDTH="21" VPOS="1213" HPOS="189"/>
            <String HEIGHT="65" WIDTH="270" VPOS="1213" HPOS="127" CONTENT="vaisseaux" ID="tl_24_2" STYLEREFS="FONT0"/>
            <SP HEIGHT="65" WIDTH="21" VPOS="1213" HPOS="397"/>
            <String HEIGHT="65" WIDTH="145" VPOS="1213" HPOS="334" CONTENT="qui" ID="tl_24_3" STYLEREFS="FONT0"/>
            <SP HEIGHT="65" WIDTH="21" VPOS="1213" HPOS="480"/>
            <String HEIGHT="65" WIDTH="249" VPOS="1213" HPOS="417" CONTENT="estoient" ID="tl_24_4" STYLEREFS="FONT0"/>
            <SP HEIGHT="65" WIDTH="21" VPOS="1213" HPOS="667"/>
            <String HEIGHT="65" WIDTH="208" VPOS="1213" HPOS="604" CONTENT="deuant" ID="tl_24_5" STYLEREFS="FONT0"/>
            <SP HEIGHT="65" WIDTH="21" VPOS="1213" HPOS="812"/>
            <String HEIGHT="65" WIDTH="249" VPOS="1213" HPOS="750" CONTENT="Beslisle" ID="tl_24_6" STYLEREFS="FONT0"/>
            <SP HEIGHT="65" WIDTH="21" VPOS="1213" HPOS="999"/>
            <String HEIGHT="65" WIDTH="145" VPOS="1213" HPOS="936" CONTENT="ont" ID="tl_24_7" STYLEREFS="FONT0"/>
            <SP HEIGHT="65" WIDTH="21" VPOS="1213" HPOS="1082"/>
            <String HEIGHT="65" WIDTH="145" VPOS="1213" HPOS="1019" CONTENT="mis" ID="tl_24_8" STYLEREFS="FONT0"/>
            <SP HEIGHT="65" WIDTH="21" VPOS="1213" HPOS="1165"/>
            <String HEIGHT="65" WIDTH="104" VPOS="1213" HPOS="1103" CONTENT="à" ID="tl_24_9" STYLEREFS="FONT0"/>
            <SP HEIGHT="65" WIDTH="21" VPOS="1213" HPOS="1206"/>
            <String HEIGHT="65" WIDTH="125" VPOS="1213" HPOS="1144" CONTENT="la" ID="tl_24_10" STYLEREFS="FONT0"/>
            <SP HEIGHT="65" WIDTH="21" VPOS="1213" HPOS="1269"/>
            <String HEIGHT="65" WIDTH="208" VPOS="1213" HPOS="1206" CONTENT="voille" ID="tl_24_11" STYLEREFS="FONT0"/>
            <SP HEIGHT="65" WIDTH="21" VPOS="1213" HPOS="1414"/>
            <String HEIGHT="65" WIDTH="125" VPOS="1213" HPOS="1352" CONTENT="il" ID="tl_24_12" STYLEREFS="FONT0"/>
            <SP HEIGHT="65" WIDTH="21" VPOS="1213" HPOS="1476"/>
            <String HEIGHT="65" WIDTH="104" VPOS="1213" HPOS="1414" CONTENT="y" ID="tl_24_13" STYLEREFS="FONT0"/>
            <SP HEIGHT="65" WIDTH="21" VPOS="1213" HPOS="1518"/>
            <String HEIGHT="65" WIDTH="62" VPOS="1213" HPOS="1435" CONTENT="a" ID="tl_24_14" STYLEREFS="FONT0"/>
          </TextLine>
          <TextLine ID="tl_25" BASELINE="1328" HEIGHT="69" WIDTH="623" VPOS="1259" HPOS="103">
            <String HEIGHT="69" WIDTH="120" VPOS="1259" HPOS="79" CONTENT="»" ID="tl_25_1" STYLEREFS="FONT0"/>
            <SP HEIGHT="69" WIDTH="24" VPOS="1259" HPOS="199"/>
            <String HEIGHT="69" WIDTH="216" VPOS="1259" HPOS="127" CONTENT="desja" ID="tl_25_2" STYLEREFS="FONT0"/>
            <SP HEIGHT="69" WIDTH="24" VPOS="1259" HPOS="343"/>
            <String HEIGHT="69" WIDTH="288" VPOS="1259" HPOS="271" CONTENT="quelques" ID="tl_25_3" STYLEREFS="FONT0"/>
            <SP HEIGHT="69" WIDTH="24" VPOS="1259" HPOS="558"/>
            <String HEIGHT="69" WIDTH="264" VPOS="1259" HPOS="462" CONTENT="jours...»" ID="tl_25_4" STYLEREFS="FONT0"/>
          </TextLine>
        </TextBlock>
        <TextBlock ID="r_1_11" HEIGHT="52" WIDTH="1423" VPOS="1316" HPOS="66">
          <TextLine ID="tl_26" BASELINE="1368" HEIGHT="83" WIDTH="1439" VPOS="1285" HPOS="58">
            <String HEIGHT="83" WIDTH="196" VPOS="1285" HPOS="36" CONTENT="3370." ID="tl_26_1" STYLEREFS="FONT0"/>
            <SP HEIGHT="83" WIDTH="22" VPOS="1285" HPOS="232"/>
            <String HEIGHT="83" WIDTH="501" VPOS="1285" HPOS="167" CONTENT="Tycho-Brahé," ID="tl_26_2" STYLEREFS="FONT1"/>
            <SP HEIGHT="83" WIDTH="22" VPOS="1285" HPOS="668"/>
            <String HEIGHT="83" WIDTH="283" VPOS="1285" HPOS="603" CONTENT="astronome" ID="tl_26_3" STYLEREFS="FONT0"/>
            <SP HEIGHT="83" WIDTH="22" VPOS="1285" HPOS="887"/>
            <String HEIGHT="83" WIDTH="262" VPOS="1285" HPOS="821" CONTENT="célèbre." ID="tl_26_4" STYLEREFS="FONT0"/>
            <SP HEIGHT="83" WIDTH="22" VPOS="1285" HPOS="1083"/>
            <String HEIGHT="83" WIDTH="131" VPOS="1285" HPOS="1017" CONTENT="Sa" ID="tl_26_5" STYLEREFS="FONT0"/>
            <SP HEIGHT="83" WIDTH="22" VPOS="1285" HPOS="1148"/>
            <String HEIGHT="83" WIDTH="283" VPOS="1285" HPOS="1083" CONTENT="signature" ID="tl_26_6" STYLEREFS="FONT0"/>
            <SP HEIGHT="83" WIDTH="22" VPOS="1285" HPOS="1366"/>
            <String HEIGHT="83" WIDTH="218" VPOS="1285" HPOS="1279" CONTENT="découpée" ID="tl_26_7" STYLEREFS="FONT0"/>
          </TextLine>
        </TextBlock>
        <TextBlock ID="r_1_12" HEIGHT="38" WIDTH="1378" VPOS="1366" HPOS="111">
          <TextLine ID="tl_27" BASELINE="1414" HEIGHT="57" WIDTH="1393" VPOS="1357" HPOS="104">
            <String HEIGHT="57" WIDTH="697" VPOS="1357" HPOS="17" CONTENT="d’un" ID="tl_27_1" STYLEREFS="FONT0"/>
            <SP HEIGHT="57" WIDTH="87" VPOS="1357" HPOS="713"/>
            <String HEIGHT="57" WIDTH="871" VPOS="1357" HPOS="452" CONTENT="album." ID="tl_27_2" STYLEREFS="FONT0"/>
            <SP HEIGHT="57" WIDTH="87" VPOS="1357" HPOS="1323"/>
            <String HEIGHT="57" WIDTH="522" VPOS="1357" HPOS="1062" CONTENT="30" ID="tl_27_3" STYLEREFS="FONT0"/>
            <SP HEIGHT="57" WIDTH="87" VPOS="1357" HPOS="1584"/>
            <String HEIGHT="57" WIDTH="261" VPOS="1357" HPOS="1236" CONTENT="»" ID="tl_27_4" STYLEREFS="FONT0"/>
          </TextLine>
        </TextBlock>
        <TextBlock ID="r_1_13" HEIGHT="50" WIDTH="1423" VPOS="1412" HPOS="66">
          <TextLine ID="tl_28" BASELINE="1464" HEIGHT="61" WIDTH="1437" VPOS="1403" HPOS="59">
            <String HEIGHT="61" WIDTH="205" VPOS="1403" HPOS="36" CONTENT="3371." ID="tl_28_1" STYLEREFS="FONT0"/>
            <SP HEIGHT="61" WIDTH="23" VPOS="1403" HPOS="241"/>
            <String HEIGHT="61" WIDTH="319" VPOS="1403" HPOS="173" CONTENT="Valmont" ID="tl_28_2" STYLEREFS="FONT1"/>
            <SP HEIGHT="61" WIDTH="23" VPOS="1403" HPOS="492"/>
            <String HEIGHT="61" WIDTH="137" VPOS="1403" HPOS="424" CONTENT="de" ID="tl_28_3" STYLEREFS="FONT1"/>
            <SP HEIGHT="61" WIDTH="23" VPOS="1403" HPOS="561"/>
            <String HEIGHT="61" WIDTH="319" VPOS="1403" HPOS="492" CONTENT="Bomare" ID="tl_28_4" STYLEREFS="FONT1"/>
            <SP HEIGHT="61" WIDTH="23" VPOS="1403" HPOS="812"/>
            <String HEIGHT="61" WIDTH="570" VPOS="1403" HPOS="743" CONTENT="(Jacques-Christophe)," ID="tl_28_5" STYLEREFS="FONT0"/>
            <SP HEIGHT="61" WIDTH="23" VPOS="1403" HPOS="1314"/>
            <String HEIGHT="61" WIDTH="228" VPOS="1403" HPOS="1245" CONTENT="savant" ID="tl_28_6" STYLEREFS="FONT0"/>
            <SP HEIGHT="61" WIDTH="23" VPOS="1403" HPOS="1473"/>
            <String HEIGHT="61" WIDTH="114" VPOS="1403" HPOS="1382" CONTENT="na" ID="tl_28_7" STYLEREFS="FONT0"/>
          </TextLine>
        </TextBlock>
        <TextBlock ID="r_1_14" HEIGHT="146" WIDTH="1376" VPOS="1461" HPOS="112">
          <TextLine ID="tl_29" BASELINE="1508" HEIGHT="52" WIDTH="1389" VPOS="1456" HPOS="106">
            <String HEIGHT="52" WIDTH="295" VPOS="1456" HPOS="85" CONTENT="turaliste," ID="tl_29_1" STYLEREFS="FONT0"/>
            <SP HEIGHT="52" WIDTH="21" VPOS="1456" HPOS="380"/>
            <String HEIGHT="52" WIDTH="210" VPOS="1456" HPOS="316" CONTENT="membre" ID="tl_29_2" STYLEREFS="FONT0"/>
            <SP HEIGHT="52" WIDTH="21" VPOS="1456" HPOS="527"/>
            <String HEIGHT="52" WIDTH="126" VPOS="1456" HPOS="464" CONTENT="de" ID="tl_29_3" STYLEREFS="FONT0"/>
            <SP HEIGHT="52" WIDTH="21" VPOS="1456" HPOS="590"/>
            <String HEIGHT="52" WIDTH="316" VPOS="1456" HPOS="527" CONTENT="l’Institut." ID="tl_29_4" STYLEREFS="FONT0"/>
            <SP HEIGHT="52" WIDTH="21" VPOS="1456" HPOS="843"/>
            <String HEIGHT="52" WIDTH="126" VPOS="1456" HPOS="779" CONTENT="L." ID="tl_29_5" STYLEREFS="FONT0"/>
            <SP HEIGHT="52" WIDTH="21" VPOS="1456" HPOS="906"/>
            <String HEIGHT="52" WIDTH="168" VPOS="1456" HPOS="843" CONTENT="aut." ID="tl_29_6" STYLEREFS="FONT0"/>
            <SP HEIGHT="52" WIDTH="21" VPOS="1456" HPOS="1011"/>
            <String HEIGHT="52" WIDTH="147" VPOS="1456" HPOS="948" CONTENT="(la" ID="tl_29_7" STYLEREFS="FONT0"/>
            <SP HEIGHT="52" WIDTH="21" VPOS="1456" HPOS="1095"/>
            <String HEIGHT="52" WIDTH="274" VPOS="1456" HPOS="1032" CONTENT="signature" ID="tl_29_8" STYLEREFS="FONT0"/>
            <SP HEIGHT="52" WIDTH="21" VPOS="1456" HPOS="1306"/>
            <String HEIGHT="52" WIDTH="105" VPOS="1456" HPOS="1242" CONTENT="a" ID="tl_29_9" STYLEREFS="FONT0"/>
            <SP HEIGHT="52" WIDTH="21" VPOS="1456" HPOS="1348"/>
            <String HEIGHT="52" WIDTH="147" VPOS="1456" HPOS="1285" CONTENT="été" ID="tl_29_10" STYLEREFS="FONT0"/>
            <SP HEIGHT="52" WIDTH="21" VPOS="1456" HPOS="1432"/>
            <String HEIGHT="52" WIDTH="147" VPOS="1456" HPOS="1348" CONTENT="arra" SUBS_TYPE="HypPart1" SUBS_CONTENT="arrachée)," ID="tl_29_11" STYLEREFS="FONT0"/>
            <HYP CONTENT="-"/>
          </TextLine>
          <TextLine ID="tl_30" BASELINE="1557" HEIGHT="56" WIDTH="1388" VPOS="1501" HPOS="104">
            <String HEIGHT="56" WIDTH="210" VPOS="1501" HPOS="83" CONTENT="chée)," SUBS_TYPE="HypPart2" SUBS_CONTENT="arrachée)," ID="tl_30_1" STYLEREFS="FONT0"/>
            <SP HEIGHT="56" WIDTH="21" VPOS="1501" HPOS="293"/>
            <String HEIGHT="56" WIDTH="126" VPOS="1501" HPOS="230" CONTENT="au" ID="tl_30_2" STYLEREFS="FONT0"/>
            <SP HEIGHT="56" WIDTH="21" VPOS="1501" HPOS="356"/>
            <String HEIGHT="56" WIDTH="189" VPOS="1501" HPOS="293" CONTENT="baron" ID="tl_30_3" STYLEREFS="FONT0"/>
            <SP HEIGHT="56" WIDTH="21" VPOS="1501" HPOS="483"/>
            <String HEIGHT="56" WIDTH="126" VPOS="1501" HPOS="419" CONTENT="de" ID="tl_30_4" STYLEREFS="FONT0"/>
            <SP HEIGHT="56" WIDTH="21" VPOS="1501" HPOS="546"/>
            <String HEIGHT="56" WIDTH="273" VPOS="1501" HPOS="483" CONTENT="Lewetzau." ID="tl_30_5" STYLEREFS="FONT0"/>
            <SP HEIGHT="56" WIDTH="21" VPOS="1501" HPOS="756"/>
            <String HEIGHT="56" WIDTH="126" VPOS="1501" HPOS="693" CONTENT="Ce" ID="tl_30_6" STYLEREFS="FONT0"/>
            <SP HEIGHT="56" WIDTH="21" VPOS="1501" HPOS="819"/>
            <String HEIGHT="56" WIDTH="210" VPOS="1501" HPOS="756" CONTENT="jeudi," ID="tl_30_7" STYLEREFS="FONT0"/>
            <SP HEIGHT="56" WIDTH="21" VPOS="1501" HPOS="966"/>
            <String HEIGHT="56" WIDTH="105" VPOS="1501" HPOS="903" CONTENT="5" ID="tl_30_8" STYLEREFS="FONT0"/>
            <SP HEIGHT="56" WIDTH="21" VPOS="1501" HPOS="1008"/>
            <String HEIGHT="56" WIDTH="210" VPOS="1501" HPOS="945" CONTENT="heures" ID="tl_30_9" STYLEREFS="FONT0"/>
            <SP HEIGHT="56" WIDTH="21" VPOS="1501" HPOS="1156"/>
            <String HEIGHT="56" WIDTH="126" VPOS="1501" HPOS="1092" CONTENT="du" ID="tl_30_10" STYLEREFS="FONT0"/>
            <SP HEIGHT="56" WIDTH="21" VPOS="1501" HPOS="1219"/>
            <String HEIGHT="56" WIDTH="210" VPOS="1501" HPOS="1156" CONTENT="matin." ID="tl_30_11" STYLEREFS="FONT0"/>
            <SP HEIGHT="56" WIDTH="21" VPOS="1501" HPOS="1366"/>
            <String HEIGHT="56" WIDTH="105" VPOS="1501" HPOS="1303" CONTENT="4" ID="tl_30_12" STYLEREFS="FONT0"/>
            <SP HEIGHT="56" WIDTH="21" VPOS="1501" HPOS="1408"/>
            <String HEIGHT="56" WIDTH="147" VPOS="1501" HPOS="1345" CONTENT="gr." ID="tl_30_13" STYLEREFS="FONT0"/>
            <SP HEIGHT="56" WIDTH="21" VPOS="1501" HPOS="1492"/>
            <String HEIGHT="56" WIDTH="84" VPOS="1501" HPOS="1408" CONTENT="p." ID="tl_30_14" STYLEREFS="FONT0"/>
          </TextLine>
          <TextLine ID="tl_31" BASELINE="1604" HEIGHT="56" WIDTH="1390" VPOS="1548" HPOS="106">
            <String HEIGHT="56" WIDTH="180" VPOS="1548" HPOS="80" CONTENT="pl." ID="tl_31_1" STYLEREFS="FONT0"/>
            <SP HEIGHT="56" WIDTH="26" VPOS="1548" HPOS="260"/>
            <String HEIGHT="56" WIDTH="232" VPOS="1548" HPOS="183" CONTENT="in-4." ID="tl_31_2" STYLEREFS="FONT0"/>
            <SP HEIGHT="56" WIDTH="26" VPOS="1548" HPOS="415"/>
            <String HEIGHT="56" WIDTH="438" VPOS="1548" HPOS="338" CONTENT="Très-curieuse" ID="tl_31_3" STYLEREFS="FONT0"/>
            <SP HEIGHT="56" WIDTH="26" VPOS="1548" HPOS="775"/>
            <String HEIGHT="56" WIDTH="154" VPOS="1548" HPOS="698" CONTENT="e)" ID="tl_31_4" STYLEREFS="FONT0"/>
            <SP HEIGHT="56" WIDTH="26" VPOS="1548" HPOS="852"/>
            <String HEIGHT="56" WIDTH="489" VPOS="1548" HPOS="775" CONTENT="très-singulière" ID="tl_31_5" STYLEREFS="FONT0"/>
            <SP HEIGHT="56" WIDTH="26" VPOS="1548" HPOS="1264"/>
            <String HEIGHT="56" WIDTH="283" VPOS="1548" HPOS="1187" CONTENT="lettre." ID="tl_31_6" STYLEREFS="FONT0"/>
            <SP HEIGHT="56" WIDTH="26" VPOS="1548" HPOS="1470"/>
            <String HEIGHT="56" WIDTH="129" VPOS="1548" HPOS="1393" CONTENT="6" ID="tl_31_7" STYLEREFS="FONT0"/>
            <SP HEIGHT="56" WIDTH="26" VPOS="1548" HPOS="1522"/>
            <String HEIGHT="56" WIDTH="77" VPOS="1548" HPOS="1419" CONTENT="»" ID="tl_31_8" STYLEREFS="FONT0"/>
          </TextLine>
        </TextBlock>
        <TextBlock ID="r_1_15" HEIGHT="53" WIDTH="1424" VPOS="1602" HPOS="66">
          <TextLine ID="tl_32" BASELINE="1663" HEIGHT="71" WIDTH="1441" VPOS="1592" HPOS="58">
            <String HEIGHT="71" WIDTH="180" VPOS="1592" HPOS="38" CONTENT="3372." ID="tl_32_1" STYLEREFS="FONT0"/>
            <SP HEIGHT="71" WIDTH="20" VPOS="1592" HPOS="218"/>
            <String HEIGHT="71" WIDTH="380" VPOS="1592" HPOS="158" CONTENT="Victoria" ID="tl_32_2" STYLEREFS="FONT1"/>
            <SP HEIGHT="71" WIDTH="20" VPOS="1592" HPOS="538"/>
            <String HEIGHT="71" WIDTH="140" VPOS="1592" HPOS="478" CONTENT="(Sa" ID="tl_32_3" STYLEREFS="FONT0"/>
            <SP HEIGHT="71" WIDTH="20" VPOS="1592" HPOS="618"/>
            <String HEIGHT="71" WIDTH="260" VPOS="1592" HPOS="558" CONTENT="Majesté)," ID="tl_32_4" STYLEREFS="FONT0"/>
            <SP HEIGHT="71" WIDTH="20" VPOS="1592" HPOS="819"/>
            <String HEIGHT="71" WIDTH="180" VPOS="1592" HPOS="758" CONTENT="reine" ID="tl_32_5" STYLEREFS="FONT0"/>
            <SP HEIGHT="71" WIDTH="20" VPOS="1592" HPOS="939"/>
            <String HEIGHT="71" WIDTH="340" VPOS="1592" HPOS="879" CONTENT="d’Angleterre." ID="tl_32_6" STYLEREFS="FONT0"/>
            <SP HEIGHT="71" WIDTH="20" VPOS="1592" HPOS="1219"/>
            <String HEIGHT="71" WIDTH="120" VPOS="1592" HPOS="1159" CONTENT="Sa" ID="tl_32_7" STYLEREFS="FONT0"/>
            <SP HEIGHT="71" WIDTH="20" VPOS="1592" HPOS="1279"/>
            <String HEIGHT="71" WIDTH="260" VPOS="1592" HPOS="1219" CONTENT="signature" ID="tl_32_8" STYLEREFS="FONT0"/>
            <SP HEIGHT="71" WIDTH="20" VPOS="1592" HPOS="1479"/>
            <String HEIGHT="71" WIDTH="100" VPOS="1592" HPOS="1399" CONTENT="dé" ID="tl_32_9" STYLEREFS="FONT0"/>
          </TextLine>
        </TextBlock>
        <TextBlock ID="r_1_16" HEIGHT="49" WIDTH="1375" VPOS="1653" HPOS="112">
          <TextLine ID="tl_33" BASELINE="1704" HEIGHT="48" WIDTH="1391" VPOS="1656" HPOS="104">
            <String HEIGHT="48" WIDTH="248" VPOS="1656" HPOS="79" CONTENT="coupée" ID="tl_33_1" STYLEREFS="FONT0"/>
            <SP HEIGHT="48" WIDTH="25" VPOS="1656" HPOS="328"/>
            <String HEIGHT="48" WIDTH="149" VPOS="1656" HPOS="253" CONTENT="et" ID="tl_33_2" STYLEREFS="FONT0"/>
            <SP HEIGHT="48" WIDTH="25" VPOS="1656" HPOS="402"/>
            <String HEIGHT="48" WIDTH="174" VPOS="1656" HPOS="328" CONTENT="une" ID="tl_33_3" STYLEREFS="FONT0"/>
            <SP HEIGHT="48" WIDTH="25" VPOS="1656" HPOS="501"/>
            <String HEIGHT="48" WIDTH="323" VPOS="1656" HPOS="427" CONTENT="enveloppe" ID="tl_33_4" STYLEREFS="FONT0"/>
            <SP HEIGHT="48" WIDTH="25" VPOS="1656" HPOS="750"/>
            <String HEIGHT="48" WIDTH="149" VPOS="1656" HPOS="675" CONTENT="de" ID="tl_33_5" STYLEREFS="FONT0"/>
            <SP HEIGHT="48" WIDTH="25" VPOS="1656" HPOS="824"/>
            <String HEIGHT="48" WIDTH="248" VPOS="1656" HPOS="750" CONTENT="lettre" ID="tl_33_6" STYLEREFS="FONT0"/>
            <SP HEIGHT="48" WIDTH="25" VPOS="1656" HPOS="998"/>
            <String HEIGHT="48" WIDTH="224" VPOS="1656" HPOS="924" CONTENT="aut.," ID="tl_33_7" STYLEREFS="FONT0"/>
            <SP HEIGHT="48" WIDTH="25" VPOS="1656" HPOS="1147"/>
            <String HEIGHT="48" WIDTH="199" VPOS="1656" HPOS="1073" CONTENT="avec" ID="tl_33_8" STYLEREFS="FONT0"/>
            <SP HEIGHT="48" WIDTH="25" VPOS="1656" HPOS="1271"/>
            <String HEIGHT="48" WIDTH="273" VPOS="1656" HPOS="1197" CONTENT="cachet." ID="tl_33_9" STYLEREFS="FONT0"/>
            <SP HEIGHT="48" WIDTH="25" VPOS="1656" HPOS="1470"/>
            <String HEIGHT="48" WIDTH="124" VPOS="1656" HPOS="1396" CONTENT="3" ID="tl_33_10" STYLEREFS="FONT0"/>
            <SP HEIGHT="48" WIDTH="25" VPOS="1656" HPOS="1520"/>
            <String HEIGHT="48" WIDTH="75" VPOS="1656" HPOS="1420" CONTENT="»" ID="tl_33_11" STYLEREFS="FONT0"/>
          </TextLine>
        </TextBlock>
        <TextBlock ID="r_1_17" HEIGHT="50" WIDTH="1420" VPOS="1700" HPOS="67">
          <TextLine ID="tl_34" BASELINE="1756" HEIGHT="71" WIDTH="1436" VPOS="1685" HPOS="59">
            <String HEIGHT="71" WIDTH="193" VPOS="1685" HPOS="38" CONTENT="3373." ID="tl_34_1" STYLEREFS="FONT0"/>
            <SP HEIGHT="71" WIDTH="21" VPOS="1685" HPOS="230"/>
            <String HEIGHT="71" WIDTH="493" VPOS="1685" HPOS="166" CONTENT="Villefranche" ID="tl_34_2" STYLEREFS="FONT1"/>
            <SP HEIGHT="71" WIDTH="21" VPOS="1685" HPOS="659"/>
            <String HEIGHT="71" WIDTH="150" VPOS="1685" HPOS="595" CONTENT="(le" ID="tl_34_3" STYLEREFS="FONT0"/>
            <SP HEIGHT="71" WIDTH="21" VPOS="1685" HPOS="745"/>
            <String HEIGHT="71" WIDTH="193" VPOS="1685" HPOS="681" CONTENT="comte" ID="tl_34_4" STYLEREFS="FONT0"/>
            <SP HEIGHT="71" WIDTH="21" VPOS="1685" HPOS="873"/>
            <String HEIGHT="71" WIDTH="171" VPOS="1685" HPOS="809" CONTENT="de)," ID="tl_34_5" STYLEREFS="FONT0"/>
            <SP HEIGHT="71" WIDTH="21" VPOS="1685" HPOS="981"/>
            <String HEIGHT="71" WIDTH="214" VPOS="1685" HPOS="916" CONTENT="prince" ID="tl_34_6" STYLEREFS="FONT0"/>
            <SP HEIGHT="71" WIDTH="21" VPOS="1685" HPOS="1131"/>
            <String HEIGHT="71" WIDTH="129" VPOS="1685" HPOS="1066" CONTENT="de" ID="tl_34_7" STYLEREFS="FONT0"/>
            <SP HEIGHT="71" WIDTH="21" VPOS="1685" HPOS="1195"/>
            <String HEIGHT="71" WIDTH="386" VPOS="1685" HPOS="1109" CONTENT="Savoie" ID="tl_34_8" STYLEREFS="FONT0"/>
          </TextLine>
        </TextBlock>
        <TextBlock ID="r_1_18" HEIGHT="144" WIDTH="1375" VPOS="1748" HPOS="112">
          <TextLine ID="tl_35" BASELINE="1796" HEIGHT="55" WIDTH="1389" VPOS="1741" HPOS="106">
            <String HEIGHT="55" WIDTH="192" VPOS="1741" HPOS="85" CONTENT="frère" ID="tl_35_1" STYLEREFS="FONT0"/>
            <SP HEIGHT="55" WIDTH="21" VPOS="1741" HPOS="277"/>
            <String HEIGHT="55" WIDTH="128" VPOS="1741" HPOS="213" CONTENT="de" ID="tl_35_2" STYLEREFS="FONT0"/>
            <SP HEIGHT="55" WIDTH="21" VPOS="1741" HPOS="341"/>
            <String HEIGHT="55" WIDTH="128" VPOS="1741" HPOS="277" CONTENT="la" ID="tl_35_3" STYLEREFS="FONT0"/>
            <SP HEIGHT="55" WIDTH="21" VPOS="1741" HPOS="405"/>
            <String HEIGHT="55" WIDTH="278" VPOS="1741" HPOS="341" CONTENT="princesse" ID="tl_35_4" STYLEREFS="FONT0"/>
            <SP HEIGHT="55" WIDTH="21" VPOS="1741" HPOS="619"/>
            <String HEIGHT="55" WIDTH="128" VPOS="1741" HPOS="555" CONTENT="de" ID="tl_35_5" STYLEREFS="FONT0"/>
            <SP HEIGHT="55" WIDTH="21" VPOS="1741" HPOS="683"/>
            <String HEIGHT="55" WIDTH="278" VPOS="1741" HPOS="619" CONTENT="Lamballe." ID="tl_35_6" STYLEREFS="FONT0"/>
            <SP HEIGHT="55" WIDTH="21" VPOS="1741" HPOS="897"/>
            <String HEIGHT="55" WIDTH="128" VPOS="1741" HPOS="833" CONTENT="L." ID="tl_35_7" STYLEREFS="FONT0"/>
            <SP HEIGHT="55" WIDTH="21" VPOS="1741" HPOS="961"/>
            <String HEIGHT="55" WIDTH="171" VPOS="1741" HPOS="897" CONTENT="aut." ID="tl_35_8" STYLEREFS="FONT0"/>
            <SP HEIGHT="55" WIDTH="21" VPOS="1741" HPOS="1068"/>
            <String HEIGHT="55" WIDTH="192" VPOS="1741" HPOS="1004" CONTENT="sig.," ID="tl_35_9" STYLEREFS="FONT0"/>
            <SP HEIGHT="55" WIDTH="21" VPOS="1741" HPOS="1196"/>
            <String HEIGHT="55" WIDTH="107" VPOS="1741" HPOS="1132" CONTENT="à" ID="tl_35_10" STYLEREFS="FONT0"/>
            <SP HEIGHT="55" WIDTH="21" VPOS="1741" HPOS="1239"/>
            <String HEIGHT="55" WIDTH="128" VPOS="1741" HPOS="1174" CONTENT="M." ID="tl_35_11" STYLEREFS="FONT0"/>
            <SP HEIGHT="55" WIDTH="21" VPOS="1741" HPOS="1303"/>
            <String HEIGHT="55" WIDTH="128" VPOS="1741" HPOS="1239" CONTENT="le" ID="tl_35_12" STYLEREFS="FONT0"/>
            <SP HEIGHT="55" WIDTH="21" VPOS="1741" HPOS="1367"/>
            <String HEIGHT="55" WIDTH="192" VPOS="1741" HPOS="1303" CONTENT="baron" ID="tl_35_13" STYLEREFS="FONT0"/>
            <SP HEIGHT="55" WIDTH="21" VPOS="1741" HPOS="1495"/>
            <String HEIGHT="55" WIDTH="85" VPOS="1741" HPOS="1410" CONTENT="de" ID="tl_35_14" STYLEREFS="FONT0"/>
          </TextLine>
          <TextLine ID="tl_36" BASELINE="1844" HEIGHT="56" WIDTH="1386" VPOS="1788" HPOS="104">
            <String HEIGHT="56" WIDTH="308" VPOS="1788" HPOS="82" CONTENT="Villencuve" ID="tl_36_1" STYLEREFS="FONT0"/>
            <SP HEIGHT="56" WIDTH="22" VPOS="1788" HPOS="390"/>
            <String HEIGHT="56" WIDTH="198" VPOS="1788" HPOS="324" CONTENT="fils," ID="tl_36_2" STYLEREFS="FONT0"/>
            <SP HEIGHT="56" WIDTH="22" VPOS="1788" HPOS="522"/>
            <String HEIGHT="56" WIDTH="110" VPOS="1788" HPOS="456" CONTENT="à" ID="tl_36_3" STYLEREFS="FONT0"/>
            <SP HEIGHT="56" WIDTH="22" VPOS="1788" HPOS="566"/>
            <String HEIGHT="56" WIDTH="396" VPOS="1788" HPOS="500" CONTENT="Castelnaudary." ID="tl_36_4" STYLEREFS="FONT0"/>
            <SP HEIGHT="56" WIDTH="22" VPOS="1788" HPOS="896"/>
            <String HEIGHT="56" WIDTH="220" VPOS="1788" HPOS="830" CONTENT="Turin," ID="tl_36_5" STYLEREFS="FONT0"/>
            <SP HEIGHT="56" WIDTH="22" VPOS="1788" HPOS="1050"/>
            <String HEIGHT="56" WIDTH="132" VPOS="1788" HPOS="984" CONTENT="20" ID="tl_36_6" STYLEREFS="FONT0"/>
            <SP HEIGHT="56" WIDTH="22" VPOS="1788" HPOS="1116"/>
            <String HEIGHT="56" WIDTH="264" VPOS="1788" HPOS="1050" CONTENT="novembre" ID="tl_36_7" STYLEREFS="FONT0"/>
            <SP HEIGHT="56" WIDTH="22" VPOS="1788" HPOS="1314"/>
            <String HEIGHT="56" WIDTH="198" VPOS="1788" HPOS="1248" CONTENT="1776." ID="tl_36_8" STYLEREFS="FONT0"/>
            <SP HEIGHT="56" WIDTH="22" VPOS="1788" HPOS="1446"/>
            <String HEIGHT="56" WIDTH="110" VPOS="1788" HPOS="1380" CONTENT="1" ID="tl_36_9" STYLEREFS="FONT0"/>
            <SP HEIGHT="56" WIDTH="22" VPOS="1788" HPOS="1490"/>
            <String HEIGHT="56" WIDTH="88" VPOS="1788" HPOS="1402" CONTENT="p." ID="tl_36_10" STYLEREFS="FONT0"/>
          </TextLine>
          <TextLine ID="tl_37" BASELINE="1892" HEIGHT="60" WIDTH="1389" VPOS="1832" HPOS="106">
            <String HEIGHT="60" WIDTH="360" VPOS="1832" HPOS="55" CONTENT="pl." ID="tl_37_1" STYLEREFS="FONT0"/>
            <SP HEIGHT="60" WIDTH="51" VPOS="1832" HPOS="415"/>
            <String HEIGHT="60" WIDTH="463" VPOS="1832" HPOS="260" CONTENT="in-4." ID="tl_37_2" STYLEREFS="FONT0"/>
            <SP HEIGHT="60" WIDTH="51" VPOS="1832" HPOS="723"/>
            <String HEIGHT="60" WIDTH="566" VPOS="1832" HPOS="569" CONTENT="Cachet." ID="tl_37_3" STYLEREFS="FONT0"/>
            <SP HEIGHT="60" WIDTH="51" VPOS="1832" HPOS="1135"/>
            <String HEIGHT="60" WIDTH="463" VPOS="1832" HPOS="981" CONTENT="Rare." ID="tl_37_4" STYLEREFS="FONT0"/>
            <SP HEIGHT="60" WIDTH="51" VPOS="1832" HPOS="1444"/>
            <String HEIGHT="60" WIDTH="257" VPOS="1832" HPOS="1289" CONTENT="6" ID="tl_37_5" STYLEREFS="FONT0"/>
            <SP HEIGHT="60" WIDTH="51" VPOS="1832" HPOS="1546"/>
            <String HEIGHT="60" WIDTH="154" VPOS="1832" HPOS="1341" CONTENT="»" ID="tl_37_6" STYLEREFS="FONT0"/>
          </TextLine>
        </TextBlock>
        <TextBlock ID="r_1_19" HEIGHT="50" WIDTH="1415" VPOS="1891" HPOS="67">
          <TextLine ID="tl_38" BASELINE="1939" HEIGHT="63" WIDTH="1430" VPOS="1876" HPOS="59">
            <String HEIGHT="63" WIDTH="155" VPOS="1876" HPOS="40" CONTENT="3374" ID="tl_38_1" STYLEREFS="FONT0"/>
            <SP HEIGHT="63" WIDTH="19" VPOS="1876" HPOS="194"/>
            <String HEIGHT="63" WIDTH="271" VPOS="1876" HPOS="136" CONTENT="Vincent" ID="tl_38_2" STYLEREFS="FONT1"/>
            <SP HEIGHT="63" WIDTH="19" VPOS="1876" HPOS="407"/>
            <String HEIGHT="63" WIDTH="116" VPOS="1876" HPOS="349" CONTENT="de" ID="tl_38_3" STYLEREFS="FONT1"/>
            <SP HEIGHT="63" WIDTH="19" VPOS="1876" HPOS="465"/>
            <String HEIGHT="63" WIDTH="232" VPOS="1876" HPOS="407" CONTENT="Paul" ID="tl_38_4" STYLEREFS="FONT1"/>
            <SP HEIGHT="63" WIDTH="19" VPOS="1876" HPOS="639"/>
            <String HEIGHT="63" WIDTH="232" VPOS="1876" HPOS="581" CONTENT="(saint)." ID="tl_38_5" STYLEREFS="FONT0"/>
            <SP HEIGHT="63" WIDTH="19" VPOS="1876" HPOS="813"/>
            <String HEIGHT="63" WIDTH="193" VPOS="1876" HPOS="755" CONTENT="Lettre" ID="tl_38_6" STYLEREFS="FONT0"/>
            <SP HEIGHT="63" WIDTH="19" VPOS="1876" HPOS="948"/>
            <String HEIGHT="63" WIDTH="155" VPOS="1876" HPOS="890" CONTENT="avec" ID="tl_38_7" STYLEREFS="FONT0"/>
            <SP HEIGHT="63" WIDTH="19" VPOS="1876" HPOS="1045"/>
            <String HEIGHT="63" WIDTH="116" VPOS="1876" HPOS="987" CONTENT="la" ID="tl_38_8" STYLEREFS="FONT0"/>
            <SP HEIGHT="63" WIDTH="19" VPOS="1876" HPOS="1103"/>
            <String HEIGHT="63" WIDTH="135" VPOS="1876" HPOS="1045" CONTENT="fin" ID="tl_38_9" STYLEREFS="FONT0"/>
            <SP HEIGHT="63" WIDTH="19" VPOS="1876" HPOS="1180"/>
            <String HEIGHT="63" WIDTH="116" VPOS="1876" HPOS="1122" CONTENT="de" ID="tl_38_10" STYLEREFS="FONT0"/>
            <SP HEIGHT="63" WIDTH="19" VPOS="1876" HPOS="1238"/>
            <String HEIGHT="63" WIDTH="135" VPOS="1876" HPOS="1180" CONTENT="dix" ID="tl_38_11" STYLEREFS="FONT0"/>
            <SP HEIGHT="63" WIDTH="19" VPOS="1876" HPOS="1315"/>
            <String HEIGHT="63" WIDTH="193" VPOS="1876" HPOS="1257" CONTENT="lignes" ID="tl_38_12" STYLEREFS="FONT0"/>
            <SP HEIGHT="63" WIDTH="19" VPOS="1876" HPOS="1450"/>
            <String HEIGHT="63" WIDTH="116" VPOS="1876" HPOS="1373" CONTENT="aut." ID="tl_38_13" STYLEREFS="FONT0"/>
          </TextLine>
        </TextBlock>
        <TextBlock ID="r_1_20" HEIGHT="194" WIDTH="1378" VPOS="1939" HPOS="112">
          <TextLine ID="tl_39" BASELINE="1990" HEIGHT="54" WIDTH="1391" VPOS="1936" HPOS="104">
            <String HEIGHT="54" WIDTH="199" VPOS="1936" HPOS="82" CONTENT="sig.," ID="tl_39_1" STYLEREFS="FONT0"/>
            <SP HEIGHT="54" WIDTH="22" VPOS="1936" HPOS="281"/>
            <String HEIGHT="54" WIDTH="110" VPOS="1936" HPOS="214" CONTENT="à" ID="tl_39_2" STYLEREFS="FONT0"/>
            <SP HEIGHT="54" WIDTH="22" VPOS="1936" HPOS="325"/>
            <String HEIGHT="54" WIDTH="132" VPOS="1936" HPOS="259" CONTENT="M." ID="tl_39_3" STYLEREFS="FONT0"/>
            <SP HEIGHT="54" WIDTH="22" VPOS="1936" HPOS="391"/>
            <String HEIGHT="54" WIDTH="199" VPOS="1936" HPOS="325" CONTENT="Joly," ID="tl_39_4" STYLEREFS="FONT0"/>
            <SP HEIGHT="54" WIDTH="22" VPOS="1936" HPOS="524"/>
            <String HEIGHT="54" WIDTH="287" VPOS="1936" HPOS="457" CONTENT="supérieur" ID="tl_39_5" STYLEREFS="FONT0"/>
            <SP HEIGHT="54" WIDTH="22" VPOS="1936" HPOS="744"/>
            <String HEIGHT="54" WIDTH="155" VPOS="1936" HPOS="678" CONTENT="des" ID="tl_39_6" STYLEREFS="FONT0"/>
            <SP HEIGHT="54" WIDTH="22" VPOS="1936" HPOS="833"/>
            <String HEIGHT="54" WIDTH="243" VPOS="1936" HPOS="766" CONTENT="prêtres" ID="tl_39_7" STYLEREFS="FONT0"/>
            <SP HEIGHT="54" WIDTH="22" VPOS="1936" HPOS="1009"/>
            <String HEIGHT="54" WIDTH="132" VPOS="1936" HPOS="943" CONTENT="de" ID="tl_39_8" STYLEREFS="FONT0"/>
            <SP HEIGHT="54" WIDTH="22" VPOS="1936" HPOS="1075"/>
            <String HEIGHT="54" WIDTH="132" VPOS="1936" HPOS="1009" CONTENT="la" ID="tl_39_9" STYLEREFS="FONT0"/>
            <SP HEIGHT="54" WIDTH="22" VPOS="1936" HPOS="1142"/>
            <String HEIGHT="54" WIDTH="243" VPOS="1936" HPOS="1075" CONTENT="mission" ID="tl_39_10" STYLEREFS="FONT0"/>
            <SP HEIGHT="54" WIDTH="22" VPOS="1936" HPOS="1318"/>
            <String HEIGHT="54" WIDTH="132" VPOS="1936" HPOS="1252" CONTENT="de" ID="tl_39_11" STYLEREFS="FONT0"/>
            <SP HEIGHT="54" WIDTH="22" VPOS="1936" HPOS="1385"/>
            <String HEIGHT="54" WIDTH="199" VPOS="1936" HPOS="1318" CONTENT="Rome," ID="tl_39_12" STYLEREFS="FONT0"/>
            <SP HEIGHT="54" WIDTH="22" VPOS="1936" HPOS="1517"/>
            <String HEIGHT="54" WIDTH="66" VPOS="1936" HPOS="1429" CONTENT="à" ID="tl_39_13" STYLEREFS="FONT0"/>
          </TextLine>
          <TextLine ID="tl_40" BASELINE="2038" HEIGHT="65" WIDTH="1387" VPOS="1973" HPOS="107">
            <String HEIGHT="65" WIDTH="201" VPOS="1973" HPOS="85" CONTENT="Rome." ID="tl_40_1" STYLEREFS="FONT0"/>
            <SP HEIGHT="65" WIDTH="22" VPOS="1973" HPOS="286"/>
            <String HEIGHT="65" WIDTH="224" VPOS="1973" HPOS="219" CONTENT="Paris," ID="tl_40_2" STYLEREFS="FONT0"/>
            <SP HEIGHT="65" WIDTH="22" VPOS="1973" HPOS="443"/>
            <String HEIGHT="65" WIDTH="112" VPOS="1973" HPOS="375" CONTENT="5" ID="tl_40_3" STYLEREFS="FONT0"/>
            <SP HEIGHT="65" WIDTH="22" VPOS="1973" HPOS="487"/>
            <String HEIGHT="65" WIDTH="291" VPOS="1973" HPOS="420" CONTENT="septembre" ID="tl_40_4" STYLEREFS="FONT0"/>
            <SP HEIGHT="65" WIDTH="22" VPOS="1973" HPOS="711"/>
            <String HEIGHT="65" WIDTH="179" VPOS="1973" HPOS="644" CONTENT="1659" ID="tl_40_5" STYLEREFS="FONT0"/>
            <SP HEIGHT="65" WIDTH="22" VPOS="1973" HPOS="823"/>
            <String HEIGHT="65" WIDTH="112" VPOS="1973" HPOS="756" CONTENT="3" ID="tl_40_6" STYLEREFS="FONT0"/>
            <SP HEIGHT="65" WIDTH="22" VPOS="1973" HPOS="868"/>
            <String HEIGHT="65" WIDTH="134" VPOS="1973" HPOS="801" CONTENT="p." ID="tl_40_7" STYLEREFS="FONT0"/>
            <SP HEIGHT="65" WIDTH="22" VPOS="1973" HPOS="935"/>
            <String HEIGHT="65" WIDTH="157" VPOS="1973" HPOS="868" CONTENT="pl." ID="tl_40_8" STYLEREFS="FONT0"/>
            <SP HEIGHT="65" WIDTH="22" VPOS="1973" HPOS="1024"/>
            <String HEIGHT="65" WIDTH="201" VPOS="1973" HPOS="957" CONTENT="in-8." ID="tl_40_9" STYLEREFS="FONT0"/>
            <SP HEIGHT="65" WIDTH="22" VPOS="1973" HPOS="1158"/>
            <String HEIGHT="65" WIDTH="224" VPOS="1973" HPOS="1091" CONTENT="Cachet" ID="tl_40_10" STYLEREFS="FONT0"/>
            <SP HEIGHT="65" WIDTH="22" VPOS="1973" HPOS="1315"/>
            <String HEIGHT="65" WIDTH="134" VPOS="1973" HPOS="1248" CONTENT="de" ID="tl_40_11" STYLEREFS="FONT0"/>
            <SP HEIGHT="65" WIDTH="22" VPOS="1973" HPOS="1382"/>
            <String HEIGHT="65" WIDTH="134" VPOS="1973" HPOS="1315" CONTENT="la" ID="tl_40_12" STYLEREFS="FONT0"/>
            <SP HEIGHT="65" WIDTH="22" VPOS="1973" HPOS="1449"/>
            <String HEIGHT="65" WIDTH="134" VPOS="1973" HPOS="1360" CONTENT="mis" SUBS_TYPE="HypPart1" SUBS_CONTENT="mission." ID="tl_40_13" STYLEREFS="FONT0"/>
            <HYP CONTENT="-"/>
          </TextLine>
          <TextLine ID="tl_41" BASELINE="2104" HEIGHT="77" WIDTH="1393" VPOS="2027" HPOS="104">
            <String HEIGHT="77" WIDTH="216" VPOS="2027" HPOS="80" CONTENT="sion." SUBS_TYPE="HypPart2" SUBS_CONTENT="mission." ID="tl_41_1" STYLEREFS="FONT0"/>
            <SP HEIGHT="77" WIDTH="24" VPOS="2027" HPOS="296"/>
            <String HEIGHT="77" WIDTH="336" VPOS="2027" HPOS="224" CONTENT="(Remontée," ID="tl_41_2" STYLEREFS="FONT0"/>
            <SP HEIGHT="77" WIDTH="24" VPOS="2027" HPOS="560"/>
            <String HEIGHT="77" WIDTH="144" VPOS="2027" HPOS="488" CONTENT="et" ID="tl_41_3" STYLEREFS="FONT0"/>
            <SP HEIGHT="77" WIDTH="24" VPOS="2027" HPOS="632"/>
            <String HEIGHT="77" WIDTH="240" VPOS="2027" HPOS="560" CONTENT="fortes" ID="tl_41_4" STYLEREFS="FONT0"/>
            <SP HEIGHT="77" WIDTH="24" VPOS="2027" HPOS="801"/>
            <String HEIGHT="77" WIDTH="264" VPOS="2027" HPOS="728" CONTENT="piqûres" ID="tl_41_5" STYLEREFS="FONT0"/>
            <SP HEIGHT="77" WIDTH="24" VPOS="2027" HPOS="993"/>
            <String HEIGHT="77" WIDTH="144" VPOS="2027" HPOS="921" CONTENT="de" ID="tl_41_6" STYLEREFS="FONT0"/>
            <SP HEIGHT="77" WIDTH="24" VPOS="2027" HPOS="1065"/>
            <String HEIGHT="77" WIDTH="192" VPOS="2027" HPOS="993" CONTENT="vers" ID="tl_41_7" STYLEREFS="FONT0"/>
            <SP HEIGHT="77" WIDTH="24" VPOS="2027" HPOS="1185"/>
            <String HEIGHT="77" WIDTH="192" VPOS="2027" HPOS="1113" CONTENT="dans" ID="tl_41_8" STYLEREFS="FONT0"/>
            <SP HEIGHT="77" WIDTH="24" VPOS="2027" HPOS="1305"/>
            <String HEIGHT="77" WIDTH="144" VPOS="2027" HPOS="1233" CONTENT="le" ID="tl_41_9" STYLEREFS="FONT0"/>
            <SP HEIGHT="77" WIDTH="24" VPOS="2027" HPOS="1377"/>
            <String HEIGHT="77" WIDTH="216" VPOS="2027" HPOS="1281" CONTENT="premier" ID="tl_41_10" STYLEREFS="FONT0"/>
          </TextLine>
          <TextLine ID="tl_42" BASELINE="2133" HEIGHT="61" WIDTH="1390" VPOS="2072" HPOS="105">
            <String HEIGHT="61" WIDTH="1297" VPOS="2072" HPOS="12" CONTENT="feuillet)." ID="tl_42_1" STYLEREFS="FONT0"/>
            <SP HEIGHT="61" WIDTH="93" VPOS="2072" HPOS="1310"/>
            <String HEIGHT="61" WIDTH="556" VPOS="2072" HPOS="1032" CONTENT="60" ID="tl_42_2" STYLEREFS="FONT0"/>
            <SP HEIGHT="61" WIDTH="93" VPOS="2072" HPOS="1588"/>
            <String HEIGHT="61" WIDTH="278" VPOS="2072" HPOS="1217" CONTENT="»" ID="tl_42_3" STYLEREFS="FONT0"/>
          </TextLine>
        </TextBlock>
        <TextBlock ID="r_1_21" HEIGHT="196" WIDTH="1375" VPOS="2130" HPOS="113">
          <TextLine ID="tl_43" BASELINE="2184" HEIGHT="57" WIDTH="1343" VPOS="2127" HPOS="151">
            <String HEIGHT="57" WIDTH="220" VPOS="2127" HPOS="129" CONTENT="Lettre" ID="tl_43_1" STYLEREFS="FONT0"/>
            <SP HEIGHT="57" WIDTH="22" VPOS="2127" HPOS="349"/>
            <String HEIGHT="57" WIDTH="352" VPOS="2127" HPOS="283" CONTENT="intéressante" ID="tl_43_2" STYLEREFS="FONT0"/>
            <SP HEIGHT="57" WIDTH="22" VPOS="2127" HPOS="635"/>
            <String HEIGHT="57" WIDTH="154" VPOS="2127" HPOS="569" CONTENT="sur" ID="tl_43_3" STYLEREFS="FONT0"/>
            <SP HEIGHT="57" WIDTH="22" VPOS="2127" HPOS="723"/>
            <String HEIGHT="57" WIDTH="154" VPOS="2127" HPOS="657" CONTENT="les" ID="tl_43_4" STYLEREFS="FONT0"/>
            <SP HEIGHT="57" WIDTH="22" VPOS="2127" HPOS="811"/>
            <String HEIGHT="57" WIDTH="264" VPOS="2127" HPOS="745" CONTENT="affaires" ID="tl_43_5" STYLEREFS="FONT0"/>
            <SP HEIGHT="57" WIDTH="22" VPOS="2127" HPOS="1010"/>
            <String HEIGHT="57" WIDTH="132" VPOS="2127" HPOS="944" CONTENT="de" ID="tl_43_6" STYLEREFS="FONT0"/>
            <SP HEIGHT="57" WIDTH="22" VPOS="2127" HPOS="1076"/>
            <String HEIGHT="57" WIDTH="132" VPOS="2127" HPOS="1010" CONTENT="la" ID="tl_43_7" STYLEREFS="FONT0"/>
            <SP HEIGHT="57" WIDTH="22" VPOS="2127" HPOS="1142"/>
            <String HEIGHT="57" WIDTH="352" VPOS="2127" HPOS="1076" CONTENT="congrégation" ID="tl_43_8" STYLEREFS="FONT0"/>
            <SP HEIGHT="57" WIDTH="22" VPOS="2127" HPOS="1428"/>
            <String HEIGHT="57" WIDTH="132" VPOS="2127" HPOS="1362" CONTENT="de" ID="tl_43_9" STYLEREFS="FONT0"/>
            <SP HEIGHT="57" WIDTH="22" VPOS="2127" HPOS="1494"/>
            <String HEIGHT="57" WIDTH="88" VPOS="2127" HPOS="1406" CONTENT="la" ID="tl_43_10" STYLEREFS="FONT0"/>
          </TextLine>
          <TextLine ID="tl_44" BASELINE="2221" HEIGHT="53" WIDTH="1392" VPOS="2168" HPOS="104">
            <String HEIGHT="53" WIDTH="265" VPOS="2168" HPOS="82" CONTENT="Mission;" ID="tl_44_1" STYLEREFS="FONT0"/>
            <SP HEIGHT="53" WIDTH="22" VPOS="2168" HPOS="347"/>
            <String HEIGHT="53" WIDTH="221" VPOS="2168" HPOS="281" CONTENT="grâces" ID="tl_44_2" STYLEREFS="FONT0"/>
            <SP HEIGHT="53" WIDTH="22" VPOS="2168" HPOS="502"/>
            <String HEIGHT="53" WIDTH="110" VPOS="2168" HPOS="435" CONTENT="à" ID="tl_44_3" STYLEREFS="FONT0"/>
            <SP HEIGHT="53" WIDTH="22" VPOS="2168" HPOS="546"/>
            <String HEIGHT="53" WIDTH="177" VPOS="2168" HPOS="480" CONTENT="elle" ID="tl_44_4" STYLEREFS="FONT0"/>
            <SP HEIGHT="53" WIDTH="22" VPOS="2168" HPOS="656"/>
            <String HEIGHT="53" WIDTH="287" VPOS="2168" HPOS="590" CONTENT="accordées" ID="tl_44_5" STYLEREFS="FONT0"/>
            <SP HEIGHT="53" WIDTH="22" VPOS="2168" HPOS="877"/>
            <String HEIGHT="53" WIDTH="155" VPOS="2168" HPOS="811" CONTENT="par" ID="tl_44_6" STYLEREFS="FONT0"/>
            <SP HEIGHT="53" WIDTH="22" VPOS="2168" HPOS="966"/>
            <String HEIGHT="53" WIDTH="133" VPOS="2168" HPOS="899" CONTENT="le" ID="tl_44_7" STYLEREFS="FONT0"/>
            <SP HEIGHT="53" WIDTH="22" VPOS="2168" HPOS="1032"/>
            <String HEIGHT="53" WIDTH="199" VPOS="2168" HPOS="966" CONTENT="pape." ID="tl_44_8" STYLEREFS="FONT0"/>
            <SP HEIGHT="53" WIDTH="22" VPOS="2168" HPOS="1165"/>
            <String HEIGHT="53" WIDTH="199" VPOS="2168" HPOS="1098" CONTENT="Envoi" ID="tl_44_9" STYLEREFS="FONT0"/>
            <SP HEIGHT="53" WIDTH="22" VPOS="2168" HPOS="1297"/>
            <String HEIGHT="53" WIDTH="133" VPOS="2168" HPOS="1231" CONTENT="de" ID="tl_44_10" STYLEREFS="FONT0"/>
            <SP HEIGHT="53" WIDTH="22" VPOS="2168" HPOS="1363"/>
            <String HEIGHT="53" WIDTH="221" VPOS="2168" HPOS="1275" CONTENT="nouveaux" ID="tl_44_11" STYLEREFS="FONT0"/>
          </TextLine>
          <TextLine ID="tl_45" BASELINE="2283" HEIGHT="69" WIDTH="1392" VPOS="2214" HPOS="105">
            <String HEIGHT="69" WIDTH="232" VPOS="2214" HPOS="84" CONTENT="prêtres" ID="tl_45_1" STYLEREFS="FONT0"/>
            <SP HEIGHT="69" WIDTH="21" VPOS="2214" HPOS="316"/>
            <String HEIGHT="69" WIDTH="105" VPOS="2214" HPOS="253" CONTENT="à" ID="tl_45_2" STYLEREFS="FONT0"/>
            <SP HEIGHT="69" WIDTH="21" VPOS="2214" HPOS="358"/>
            <String HEIGHT="69" WIDTH="190" VPOS="2214" HPOS="295" CONTENT="Rome." ID="tl_45_3" STYLEREFS="FONT0"/>
            <SP HEIGHT="69" WIDTH="21" VPOS="2214" HPOS="485"/>
            <String HEIGHT="69" WIDTH="190" VPOS="2214" HPOS="421" CONTENT="Refus" ID="tl_45_4" STYLEREFS="FONT0"/>
            <SP HEIGHT="69" WIDTH="21" VPOS="2214" HPOS="611"/>
            <String HEIGHT="69" WIDTH="148" VPOS="2214" HPOS="548" CONTENT="que" ID="tl_45_5" STYLEREFS="FONT0"/>
            <SP HEIGHT="69" WIDTH="21" VPOS="2214" HPOS="696"/>
            <String HEIGHT="69" WIDTH="169" VPOS="2214" HPOS="632" CONTENT="fait" ID="tl_45_6" STYLEREFS="FONT0"/>
            <SP HEIGHT="69" WIDTH="21" VPOS="2214" HPOS="801"/>
            <String HEIGHT="69" WIDTH="127" VPOS="2214" HPOS="738" CONTENT="le" ID="tl_45_7" STYLEREFS="FONT0"/>
            <SP HEIGHT="69" WIDTH="21" VPOS="2214" HPOS="864"/>
            <String HEIGHT="69" WIDTH="253" VPOS="2214" HPOS="801" CONTENT="cardinal" ID="tl_45_8" STYLEREFS="FONT0"/>
            <SP HEIGHT="69" WIDTH="21" VPOS="2214" HPOS="1054"/>
            <String HEIGHT="69" WIDTH="253" VPOS="2214" HPOS="991" CONTENT="Anthoine" ID="tl_45_9" STYLEREFS="FONT0"/>
            <SP HEIGHT="69" WIDTH="21" VPOS="2214" HPOS="1244"/>
            <String HEIGHT="69" WIDTH="127" VPOS="2214" HPOS="1181" CONTENT="de" ID="tl_45_10" STYLEREFS="FONT0"/>
            <SP HEIGHT="69" WIDTH="21" VPOS="2214" HPOS="1307"/>
            <String HEIGHT="69" WIDTH="190" VPOS="2214" HPOS="1244" CONTENT="faire" ID="tl_45_11" STYLEREFS="FONT0"/>
            <SP HEIGHT="69" WIDTH="21" VPOS="2214" HPOS="1434"/>
            <String HEIGHT="69" WIDTH="148" VPOS="2214" HPOS="1349" CONTENT="recc" SUBS_TYPE="HypPart1" SUBS_CONTENT="reccvoir" ID="tl_45_12" STYLEREFS="FONT0"/>
            <HYP CONTENT="-"/>
          </TextLine>
          <TextLine ID="tl_46" BASELINE="2327" HEIGHT="48" WIDTH="1384" VPOS="2279" HPOS="106">
            <String HEIGHT="48" WIDTH="173" VPOS="2279" HPOS="84" CONTENT="voir" SUBS_TYPE="HypPart2" SUBS_CONTENT="reccvoir" ID="tl_46_1" STYLEREFS="FONT0"/>
            <SP HEIGHT="48" WIDTH="22" VPOS="2279" HPOS="257"/>
            <String HEIGHT="48" WIDTH="108" VPOS="2279" HPOS="193" CONTENT="à" ID="tl_46_2" STYLEREFS="FONT0"/>
            <SP HEIGHT="48" WIDTH="22" VPOS="2279" HPOS="301"/>
            <String HEIGHT="48" WIDTH="238" VPOS="2279" HPOS="236" CONTENT="Lorette" ID="tl_46_3" STYLEREFS="FONT0"/>
            <SP HEIGHT="48" WIDTH="22" VPOS="2279" HPOS="474"/>
            <String HEIGHT="48" WIDTH="130" VPOS="2279" HPOS="409" CONTENT="le" ID="tl_46_4" STYLEREFS="FONT0"/>
            <SP HEIGHT="48" WIDTH="22" VPOS="2279" HPOS="539"/>
            <String HEIGHT="48" WIDTH="281" VPOS="2279" HPOS="474" CONTENT="chapelain" ID="tl_46_5" STYLEREFS="FONT0"/>
            <SP HEIGHT="48" WIDTH="22" VPOS="2279" HPOS="755"/>
            <String HEIGHT="48" WIDTH="130" VPOS="2279" HPOS="690" CONTENT="de" ID="tl_46_6" STYLEREFS="FONT0"/>
            <SP HEIGHT="48" WIDTH="22" VPOS="2279" HPOS="820"/>
            <String HEIGHT="48" WIDTH="151" VPOS="2279" HPOS="755" CONTENT="Mme" ID="tl_46_7" STYLEREFS="FONT0"/>
            <SP HEIGHT="48" WIDTH="22" VPOS="2279" HPOS="906"/>
            <String HEIGHT="48" WIDTH="130" VPOS="2279" HPOS="841" CONTENT="la" ID="tl_46_8" STYLEREFS="FONT0"/>
            <SP HEIGHT="48" WIDTH="22" VPOS="2279" HPOS="971"/>
            <String HEIGHT="48" WIDTH="260" VPOS="2279" HPOS="906" CONTENT="duchesse" ID="tl_46_9" STYLEREFS="FONT0"/>
            <SP HEIGHT="48" WIDTH="22" VPOS="2279" HPOS="1166"/>
            <String HEIGHT="48" WIDTH="346" VPOS="2279" HPOS="1101" CONTENT="d’Aiguillon," ID="tl_46_10" STYLEREFS="FONT0"/>
            <SP HEIGHT="48" WIDTH="22" VPOS="2279" HPOS="1447"/>
            <String HEIGHT="48" WIDTH="130" VPOS="2279" HPOS="1360" CONTENT="etc." ID="tl_46_11" STYLEREFS="FONT0"/>
          </TextLine>
        </TextBlock>
        <TextBlock ID="r_1_22" HEIGHT="53" WIDTH="1419" VPOS="2322" HPOS="67">
          <TextLine ID="tl_47" BASELINE="2376" HEIGHT="77" WIDTH="1436" VPOS="2299" HPOS="58">
            <String HEIGHT="77" WIDTH="172" VPOS="2299" HPOS="39" CONTENT="3375." ID="tl_47_1" STYLEREFS="FONT0"/>
            <SP HEIGHT="77" WIDTH="19" VPOS="2299" HPOS="211"/>
            <String HEIGHT="77" WIDTH="364" VPOS="2299" HPOS="154" CONTENT="Volpato," ID="tl_47_2" STYLEREFS="FONT1"/>
            <SP HEIGHT="77" WIDTH="19" VPOS="2299" HPOS="518"/>
            <String HEIGHT="77" WIDTH="211" VPOS="2299" HPOS="460" CONTENT="célèbre" ID="tl_47_3" STYLEREFS="FONT0"/>
            <SP HEIGHT="77" WIDTH="19" VPOS="2299" HPOS="671"/>
            <String HEIGHT="77" WIDTH="230" VPOS="2299" HPOS="613" CONTENT="graveur." ID="tl_47_4" STYLEREFS="FONT0"/>
            <SP HEIGHT="77" WIDTH="19" VPOS="2299" HPOS="843"/>
            <String HEIGHT="77" WIDTH="191" VPOS="2299" HPOS="786" CONTENT="Billet" ID="tl_47_5" STYLEREFS="FONT0"/>
            <SP HEIGHT="77" WIDTH="19" VPOS="2299" HPOS="977"/>
            <String HEIGHT="77" WIDTH="153" VPOS="2299" HPOS="920" CONTENT="aut." ID="tl_47_6" STYLEREFS="FONT0"/>
            <SP HEIGHT="77" WIDTH="19" VPOS="2299" HPOS="1073"/>
            <String HEIGHT="77" WIDTH="153" VPOS="2299" HPOS="1015" CONTENT="sig." ID="tl_47_7" STYLEREFS="FONT0"/>
            <SP HEIGHT="77" WIDTH="19" VPOS="2299" HPOS="1169"/>
            <String HEIGHT="77" WIDTH="115" VPOS="2299" HPOS="1111" CONTENT="(à" ID="tl_47_8" STYLEREFS="FONT0"/>
            <SP HEIGHT="77" WIDTH="19" VPOS="2299" HPOS="1226"/>
            <String HEIGHT="77" WIDTH="115" VPOS="2299" HPOS="1169" CONTENT="la" ID="tl_47_9" STYLEREFS="FONT0"/>
            <SP HEIGHT="77" WIDTH="19" VPOS="2299" HPOS="1283"/>
            <String HEIGHT="77" WIDTH="115" VPOS="2299" HPOS="1226" CONTENT="3e" ID="tl_47_10" STYLEREFS="FONT0"/>
            <SP HEIGHT="77" WIDTH="19" VPOS="2299" HPOS="1341"/>
            <String HEIGHT="77" WIDTH="230" VPOS="2299" HPOS="1264" CONTENT="personne)," ID="tl_47_11" STYLEREFS="FONT0"/>
          </TextLine>
        </TextBlock>
        <TextBlock ID="r_1_23" HEIGHT="49" WIDTH="1375" VPOS="2370" HPOS="111">
          <TextLine ID="tl_48" BASELINE="2427" HEIGHT="66" WIDTH="1391" VPOS="2361" HPOS="103">
            <String HEIGHT="66" WIDTH="131" VPOS="2361" HPOS="77" CONTENT="à" ID="tl_48_1" STYLEREFS="FONT0"/>
            <SP HEIGHT="66" WIDTH="26" VPOS="2361" HPOS="208"/>
            <String HEIGHT="66" WIDTH="157" VPOS="2361" HPOS="129" CONTENT="M." ID="tl_48_2" STYLEREFS="FONT0"/>
            <SP HEIGHT="66" WIDTH="26" VPOS="2361" HPOS="287"/>
            <String HEIGHT="66" WIDTH="315" VPOS="2361" HPOS="208" CONTENT="Duchesne" ID="tl_48_3" STYLEREFS="FONT0"/>
            <SP HEIGHT="66" WIDTH="26" VPOS="2361" HPOS="523"/>
            <String HEIGHT="66" WIDTH="236" VPOS="2361" HPOS="444" CONTENT="aîné," ID="tl_48_4" STYLEREFS="FONT0"/>
            <SP HEIGHT="66" WIDTH="26" VPOS="2361" HPOS="680"/>
            <String HEIGHT="66" WIDTH="157" VPOS="2361" HPOS="602" CONTENT="31" ID="tl_48_5" STYLEREFS="FONT0"/>
            <SP HEIGHT="66" WIDTH="26" VPOS="2361" HPOS="759"/>
            <String HEIGHT="66" WIDTH="315" VPOS="2361" HPOS="680" CONTENT="décemhre" ID="tl_48_6" STYLEREFS="FONT0"/>
            <SP HEIGHT="66" WIDTH="26" VPOS="2361" HPOS="995"/>
            <String HEIGHT="66" WIDTH="236" VPOS="2361" HPOS="917" CONTENT="1833." ID="tl_48_7" STYLEREFS="FONT0"/>
            <SP HEIGHT="66" WIDTH="26" VPOS="2361" HPOS="1153"/>
            <String HEIGHT="66" WIDTH="131" VPOS="2361" HPOS="1074" CONTENT="1" ID="tl_48_8" STYLEREFS="FONT0"/>
            <SP HEIGHT="66" WIDTH="26" VPOS="2361" HPOS="1205"/>
            <String HEIGHT="66" WIDTH="157" VPOS="2361" HPOS="1127" CONTENT="p." ID="tl_48_9" STYLEREFS="FONT0"/>
            <SP HEIGHT="66" WIDTH="26" VPOS="2361" HPOS="1284"/>
            <String HEIGHT="66" WIDTH="236" VPOS="2361" HPOS="1205" CONTENT="in-8." ID="tl_48_10" STYLEREFS="FONT0"/>
            <SP HEIGHT="66" WIDTH="26" VPOS="2361" HPOS="1442"/>
            <String HEIGHT="66" WIDTH="131" VPOS="2361" HPOS="1363" CONTENT="1" ID="tl_48_11" STYLEREFS="FONT0"/>
            <SP HEIGHT="66" WIDTH="26" VPOS="2361" HPOS="1494"/>
            <String HEIGHT="66" WIDTH="105" VPOS="2361" HPOS="1389" CONTENT="50" ID="tl_48_12" STYLEREFS="FONT0"/>
          </TextLine>
        </TextBlock>
        <TextBlock ID="r_1_24" HEIGHT="54" WIDTH="1420" VPOS="2417" HPOS="65">
          <TextLine ID="tl_49" BASELINE="2471" HEIGHT="59" WIDTH="1436" VPOS="2412" HPOS="57">
            <String HEIGHT="59" WIDTH="185" VPOS="2412" HPOS="36" CONTENT="3376." ID="tl_49_1" STYLEREFS="FONT0"/>
            <SP HEIGHT="59" WIDTH="21" VPOS="2412" HPOS="221"/>
            <String HEIGHT="59" WIDTH="349" VPOS="2412" HPOS="160" CONTENT="Yvart," ID="tl_49_2" STYLEREFS="FONT1"/>
            <SP HEIGHT="59" WIDTH="21" VPOS="2412" HPOS="508"/>
            <String HEIGHT="59" WIDTH="267" VPOS="2412" HPOS="447" CONTENT="agronome," ID="tl_49_3" STYLEREFS="FONT0"/>
            <SP HEIGHT="59" WIDTH="21" VPOS="2412" HPOS="713"/>
            <String HEIGHT="59" WIDTH="205" VPOS="2412" HPOS="652" CONTENT="membre" ID="tl_49_4" STYLEREFS="FONT0"/>
            <SP HEIGHT="59" WIDTH="21" VPOS="2412" HPOS="857"/>
            <String HEIGHT="59" WIDTH="123" VPOS="2412" HPOS="796" CONTENT="de" ID="tl_49_5" STYLEREFS="FONT0"/>
            <SP HEIGHT="59" WIDTH="21" VPOS="2412" HPOS="919"/>
            <String HEIGHT="59" WIDTH="287" VPOS="2412" HPOS="857" CONTENT="l’Académie" ID="tl_49_6" STYLEREFS="FONT0"/>
            <SP HEIGHT="59" WIDTH="21" VPOS="2412" HPOS="1144"/>
            <String HEIGHT="59" WIDTH="144" VPOS="2412" HPOS="1083" CONTENT="des" ID="tl_49_7" STYLEREFS="FONT0"/>
            <SP HEIGHT="59" WIDTH="21" VPOS="2412" HPOS="1226"/>
            <String HEIGHT="59" WIDTH="267" VPOS="2412" HPOS="1165" CONTENT="sciences." ID="tl_49_8" STYLEREFS="FONT0"/>
            <SP HEIGHT="59" WIDTH="21" VPOS="2412" HPOS="1431"/>
            <String HEIGHT="59" WIDTH="123" VPOS="2412" HPOS="1370" CONTENT="1°" ID="tl_49_9" STYLEREFS="FONT0"/>
            <SP HEIGHT="59" WIDTH="21" VPOS="2412" HPOS="1493"/>
            <String HEIGHT="59" WIDTH="82" VPOS="2412" HPOS="1411" CONTENT="L." ID="tl_49_10" STYLEREFS="FONT0"/>
          </TextLine>
        </TextBlock>
        <TextBlock ID="r_1_25" HEIGHT="102" WIDTH="1376" VPOS="2465" HPOS="110">
          <TextLine ID="tl_50" BASELINE="2544" HEIGHT="72" WIDTH="1391" VPOS="2472" HPOS="103">
            <String HEIGHT="72" WIDTH="182" VPOS="2472" HPOS="80" CONTENT="aut." ID="tl_50_1" STYLEREFS="FONT0"/>
            <SP HEIGHT="72" WIDTH="23" VPOS="2472" HPOS="263"/>
            <String HEIGHT="72" WIDTH="182" VPOS="2472" HPOS="194" CONTENT="sig." ID="tl_50_2" STYLEREFS="FONT0"/>
            <SP HEIGHT="72" WIDTH="23" VPOS="2472" HPOS="377"/>
            <String HEIGHT="72" WIDTH="342" VPOS="2472" HPOS="308" CONTENT="Seine-Port," ID="tl_50_3" STYLEREFS="FONT0"/>
            <SP HEIGHT="72" WIDTH="23" VPOS="2472" HPOS="650"/>
            <String HEIGHT="72" WIDTH="137" VPOS="2472" HPOS="582" CONTENT="29" ID="tl_50_4" STYLEREFS="FONT0"/>
            <SP HEIGHT="72" WIDTH="23" VPOS="2472" HPOS="719"/>
            <String HEIGHT="72" WIDTH="160" VPOS="2472" HPOS="650" CONTENT="mai" ID="tl_50_5" STYLEREFS="FONT0"/>
            <SP HEIGHT="72" WIDTH="23" VPOS="2472" HPOS="810"/>
            <String HEIGHT="72" WIDTH="205" VPOS="2472" HPOS="741" CONTENT="1423." ID="tl_50_6" STYLEREFS="FONT0"/>
            <SP HEIGHT="72" WIDTH="23" VPOS="2472" HPOS="947"/>
            <String HEIGHT="72" WIDTH="114" VPOS="2472" HPOS="878" CONTENT="2" ID="tl_50_7" STYLEREFS="FONT0"/>
            <SP HEIGHT="72" WIDTH="23" VPOS="2472" HPOS="992"/>
            <String HEIGHT="72" WIDTH="114" VPOS="2472" HPOS="924" CONTENT="p" ID="tl_50_8" STYLEREFS="FONT0"/>
            <SP HEIGHT="72" WIDTH="23" VPOS="2472" HPOS="1038"/>
            <String HEIGHT="72" WIDTH="160" VPOS="2472" HPOS="970" CONTENT="pl." ID="tl_50_9" STYLEREFS="FONT0"/>
            <SP HEIGHT="72" WIDTH="23" VPOS="2472" HPOS="1129"/>
            <String HEIGHT="72" WIDTH="205" VPOS="2472" HPOS="1061" CONTENT="in-4." ID="tl_50_10" STYLEREFS="FONT0"/>
            <SP HEIGHT="72" WIDTH="23" VPOS="2472" HPOS="1266"/>
            <String HEIGHT="72" WIDTH="114" VPOS="2472" HPOS="1198" CONTENT="—" ID="tl_50_11" STYLEREFS="FONT0"/>
            <SP HEIGHT="72" WIDTH="23" VPOS="2472" HPOS="1312"/>
            <String HEIGHT="72" WIDTH="137" VPOS="2472" HPOS="1243" CONTENT="2°" ID="tl_50_12" STYLEREFS="FONT0"/>
            <SP HEIGHT="72" WIDTH="23" VPOS="2472" HPOS="1380"/>
            <String HEIGHT="72" WIDTH="137" VPOS="2472" HPOS="1312" CONTENT="L." ID="tl_50_13" STYLEREFS="FONT0"/>
            <SP HEIGHT="72" WIDTH="23" VPOS="2472" HPOS="1448"/>
            <String HEIGHT="72" WIDTH="137" VPOS="2472" HPOS="1357" CONTENT="aut." ID="tl_50_14" STYLEREFS="FONT0"/>
          </TextLine>
          <TextLine ID="tl_51" BASELINE="2587" HEIGHT="81" WIDTH="1391" VPOS="2506" HPOS="101">
            <String HEIGHT="81" WIDTH="348" VPOS="2506" HPOS="58" CONTENT="sig." ID="tl_51_1" STYLEREFS="FONT0"/>
            <SP HEIGHT="81" WIDTH="43" VPOS="2506" HPOS="405"/>
            <String HEIGHT="81" WIDTH="217" VPOS="2506" HPOS="275" CONTENT="6" ID="tl_51_2" STYLEREFS="FONT0"/>
            <SP HEIGHT="81" WIDTH="43" VPOS="2506" HPOS="492"/>
            <String HEIGHT="81" WIDTH="348" VPOS="2506" HPOS="362" CONTENT="nov." ID="tl_51_3" STYLEREFS="FONT0"/>
            <SP HEIGHT="81" WIDTH="43" VPOS="2506" HPOS="710"/>
            <String HEIGHT="81" WIDTH="391" VPOS="2506" HPOS="579" CONTENT="1823." ID="tl_51_4" STYLEREFS="FONT0"/>
            <SP HEIGHT="81" WIDTH="43" VPOS="2506" HPOS="970"/>
            <String HEIGHT="81" WIDTH="217" VPOS="2506" HPOS="840" CONTENT="1" ID="tl_51_5" STYLEREFS="FONT0"/>
            <SP HEIGHT="81" WIDTH="43" VPOS="2506" HPOS="1057"/>
            <String HEIGHT="81" WIDTH="261" VPOS="2506" HPOS="927" CONTENT="p." ID="tl_51_6" STYLEREFS="FONT0"/>
            <SP HEIGHT="81" WIDTH="43" VPOS="2506" HPOS="1188"/>
            <String HEIGHT="81" WIDTH="391" VPOS="2506" HPOS="1057" CONTENT="in-4." ID="tl_51_7" STYLEREFS="FONT0"/>
            <SP HEIGHT="81" WIDTH="43" VPOS="2506" HPOS="1449"/>
            <String HEIGHT="81" WIDTH="217" VPOS="2506" HPOS="1318" CONTENT="3" ID="tl_51_8" STYLEREFS="FONT0"/>
            <SP HEIGHT="81" WIDTH="43" VPOS="2506" HPOS="1535"/>
            <String HEIGHT="81" WIDTH="130" VPOS="2506" HPOS="1362" CONTENT="»" ID="tl_51_9" STYLEREFS="FONT0"/>
          </TextLine>
        </TextBlock>
        <TextBlock ID="r_2_1" HEIGHT="103" WIDTH="1422" VPOS="2706" HPOS="66">
          <TextLine ID="tl_52" BASELINE="2758" HEIGHT="57" WIDTH="1397" VPOS="2701" HPOS="99">
            <String HEIGHT="57" WIDTH="279" VPOS="2701" HPOS="80" CONTENT="N.B." ID="tl_52_1" STYLEREFS="FONT2"/>
            <SP HEIGHT="57" WIDTH="19" VPOS="2701" HPOS="360"/>
            <String HEIGHT="57" WIDTH="112" VPOS="2701" HPOS="304" CONTENT="M." ID="tl_52_2" STYLEREFS="FONT0"/>
            <SP HEIGHT="57" WIDTH="19" VPOS="2701" HPOS="416"/>
            <String HEIGHT="57" WIDTH="224" VPOS="2701" HPOS="360" CONTENT="LAVERDET" ID="tl_52_3" STYLEREFS="FONT0"/>
            <SP HEIGHT="57" WIDTH="19" VPOS="2701" HPOS="583"/>
            <String HEIGHT="57" WIDTH="130" VPOS="2701" HPOS="527" CONTENT="est" ID="tl_52_4" STYLEREFS="FONT0"/>
            <SP HEIGHT="57" WIDTH="19" VPOS="2701" HPOS="658"/>
            <String HEIGHT="57" WIDTH="149" VPOS="2701" HPOS="602" CONTENT="chez" ID="tl_52_5" STYLEREFS="FONT0"/>
            <SP HEIGHT="57" WIDTH="19" VPOS="2701" HPOS="751"/>
            <String HEIGHT="57" WIDTH="130" VPOS="2701" HPOS="695" CONTENT="lui" ID="tl_52_6" STYLEREFS="FONT0"/>
            <SP HEIGHT="57" WIDTH="19" VPOS="2701" HPOS="825"/>
            <String HEIGHT="57" WIDTH="112" VPOS="2701" HPOS="770" CONTENT="de" ID="tl_52_7" STYLEREFS="FONT0"/>
            <SP HEIGHT="57" WIDTH="19" VPOS="2701" HPOS="881"/>
            <String HEIGHT="57" WIDTH="93" VPOS="2701" HPOS="825" CONTENT="1" ID="tl_52_8" STYLEREFS="FONT0"/>
            <SP HEIGHT="57" WIDTH="19" VPOS="2701" HPOS="919"/>
            <String HEIGHT="57" WIDTH="168" VPOS="2701" HPOS="863" CONTENT="heure" ID="tl_52_9" STYLEREFS="FONT0"/>
            <SP HEIGHT="57" WIDTH="19" VPOS="2701" HPOS="1030"/>
            <String HEIGHT="57" WIDTH="93" VPOS="2701" HPOS="974" CONTENT="à" ID="tl_52_10" STYLEREFS="FONT0"/>
            <SP HEIGHT="57" WIDTH="19" VPOS="2701" HPOS="1068"/>
            <String HEIGHT="57" WIDTH="112" VPOS="2701" HPOS="1012" CONTENT="4," ID="tl_52_11" STYLEREFS="FONT0"/>
            <SP HEIGHT="57" WIDTH="19" VPOS="2701" HPOS="1123"/>
            <String HEIGHT="57" WIDTH="130" VPOS="2701" HPOS="1068" CONTENT="les" ID="tl_52_12" STYLEREFS="FONT0"/>
            <SP HEIGHT="57" WIDTH="19" VPOS="2701" HPOS="1198"/>
            <String HEIGHT="57" WIDTH="242" VPOS="2701" HPOS="1142" CONTENT="dimanches" ID="tl_52_13" STYLEREFS="FONT0"/>
            <SP HEIGHT="57" WIDTH="19" VPOS="2701" HPOS="1384"/>
            <String HEIGHT="57" WIDTH="112" VPOS="2701" HPOS="1328" CONTENT="et" ID="tl_52_14" STYLEREFS="FONT0"/>
            <SP HEIGHT="57" WIDTH="19" VPOS="2701" HPOS="1440"/>
            <String HEIGHT="57" WIDTH="130" VPOS="2701" HPOS="1366" CONTENT="fêtes" ID="tl_52_15" STYLEREFS="FONT0"/>
          </TextLine>
          <TextLine ID="tl_53" BASELINE="2824" HEIGHT="78" WIDTH="1395" VPOS="2746" HPOS="58">
            <String HEIGHT="78" WIDTH="242" VPOS="2746" HPOS="39" CONTENT="exceptés," ID="tl_53_1" STYLEREFS="FONT0"/>
            <SP HEIGHT="78" WIDTH="19" VPOS="2746" HPOS="281"/>
            <String HEIGHT="78" WIDTH="112" VPOS="2746" HPOS="225" CONTENT="et" ID="tl_53_2" STYLEREFS="FONT0"/>
            <SP HEIGHT="78" WIDTH="19" VPOS="2746" HPOS="337"/>
            <String HEIGHT="78" WIDTH="112" VPOS="2746" HPOS="281" CONTENT="du" ID="tl_53_3" STYLEREFS="FONT0"/>
            <SP HEIGHT="78" WIDTH="19" VPOS="2746" HPOS="393"/>
            <String HEIGHT="78" WIDTH="112" VPOS="2746" HPOS="337" CONTENT="15" ID="tl_53_4" STYLEREFS="FONT0"/>
            <SP HEIGHT="78" WIDTH="19" VPOS="2746" HPOS="449"/>
            <String HEIGHT="78" WIDTH="167" VPOS="2746" HPOS="393" CONTENT="avril" ID="tl_53_5" STYLEREFS="FONT0"/>
            <SP HEIGHT="78" WIDTH="19" VPOS="2746" HPOS="560"/>
            <String HEIGHT="78" WIDTH="112" VPOS="2746" HPOS="504" CONTENT="au" ID="tl_53_6" STYLEREFS="FONT0"/>
            <SP HEIGHT="78" WIDTH="19" VPOS="2746" HPOS="616"/>
            <String HEIGHT="78" WIDTH="112" VPOS="2746" HPOS="560" CONTENT="13" ID="tl_53_7" STYLEREFS="FONT0"/>
            <SP HEIGHT="78" WIDTH="19" VPOS="2746" HPOS="672"/>
            <String HEIGHT="78" WIDTH="223" VPOS="2746" HPOS="616" CONTENT="octobre," ID="tl_53_8" STYLEREFS="FONT0"/>
            <SP HEIGHT="78" WIDTH="19" VPOS="2746" HPOS="839"/>
            <String HEIGHT="78" WIDTH="130" VPOS="2746" HPOS="783" CONTENT="les" ID="tl_53_9" STYLEREFS="FONT0"/>
            <SP HEIGHT="78" WIDTH="19" VPOS="2746" HPOS="914"/>
            <String HEIGHT="78" WIDTH="242" VPOS="2746" HPOS="858" CONTENT="mercredis" ID="tl_53_10" STYLEREFS="FONT0"/>
            <SP HEIGHT="78" WIDTH="19" VPOS="2746" HPOS="1100"/>
            <String HEIGHT="78" WIDTH="112" VPOS="2746" HPOS="1044" CONTENT="et" ID="tl_53_11" STYLEREFS="FONT0"/>
            <SP HEIGHT="78" WIDTH="19" VPOS="2746" HPOS="1155"/>
            <String HEIGHT="78" WIDTH="205" VPOS="2746" HPOS="1100" CONTENT="samedis" ID="tl_53_12" STYLEREFS="FONT0"/>
            <SP HEIGHT="78" WIDTH="19" VPOS="2746" HPOS="1304"/>
            <String HEIGHT="78" WIDTH="223" VPOS="2746" HPOS="1230" CONTENT="seulement." ID="tl_53_13" STYLEREFS="FONT0"/>
          </TextLine>
        </TextBlock>
        <GraphicalElement ID="r_3" HEIGHT="10" WIDTH="1065" VPOS="2628" HPOS="119"/>
      </PrintSpace>
    </Page>
  </Layout>
</alto>
