1572 2656
814 213 96 82 2

441 295 166 49 général
562 295 90 49 de
607 295 166 49 l’armée
727 295 241 49 assiégeante,
924 295 196 49 contenant
1074 295 106 49 lés
1135 295 211 49 réponseszà
1285 295 106 49 l'en-

439 335 82 39 voi
486 335 94 39 d’un
545 335 211 39 parlementaire,
721 335 106 39 a.
791 335 106 39 s
861 335 82 39 des
908 335 141 39 généraux
1014 335 246 39 Beauregard
1225 335 70 39 et
1249 335 152 39 Fer

445 369 188 46 rand
598 369 106 46 1793,
669 369 71 46 L.
704 369 71 46 a.
739 369 71 46 s.
775 369 71 46 du
810 369 129 46 général
904 369 247 46 Beauregard
1116 369 71 46 au
1151 369 129 46 général
1233 369 153 46 Fer

439 406 215 43 rand
613 406 107 43 dans
680 406 161 43 laquelle
801 406 81 43 il
841 406 81 43 se
882 406 134 43 plaint
975 406 174 43 amèrement
1110 406 81 43 de
1150 406 81 43 ce
1190 406 94 43 que
1244 406 94 43 les
1284 406 121 43 troupes

438 441 117 43 sous
511 441 102 43 ses
570 441 146 43 ordres
672 441 175 43 refusent
803 441 88 43 de
847 441 88 43 se
891 441 146 43 rendre
993 441 73 43 à
1022 441 117 43 leur
1095 441 146 43 poste,
1197 441 146 43 lettre
1284 441 117 43 signée

433 473 99 50 des
489 473 225 50 commissaires
672 473 253 50 Bellegarde,
883 473 141 50 Dubois
982 473 211 50 Dubais
1151 473 84 50 et
1179 473 225 50 Delmas

436 513 145 38 datée
532 513 97 38 de
581 513 273 38 Valenciennes,
806 513 97 38 an
854 513 97 38 IV
902 513 97 38 et
951 513 97 38 le
999 513 177 38 rapport
1128 513 97 38 de
1176 513 129 38 leur
1240 513 161 38 mission.

445 549 205 51 Ampliation
607 549 88 51 du
651 549 147 51 décrêt
753 549 88 51 de
797 549 88 51 la
841 549 205 51 Convention
1003 549 88 51 du
1047 549 103 51 1er
1106 549 220 51 vendémiaire
1282 549 88 51 an
1311 549 88 51 III,

446 582 119 42 pour
520 582 89 42 la
565 582 223 42 restitution
744 582 89 42 de
788 582 253 42 Valenciènnes,
996 582 223 42 Landrecies,
1175 582 134 42 etc.,
1264 582 74 42 à
1294 582 89 42 la
1324 582 74 42 Ré-

443 616 192 43 publique,
591 616 163 43 réunion
709 616 118 43 très
783 616 177 43 curieuse
916 616 89 43 de
961 616 148 43 pièces
1064 616 222 43 historiques
1241 616 103 43 sur
1286 616 118 43 ladité

441 653 127 51 ville.
530 653 76 51 14
568 653 127 51 pièces
657 653 76 51 et
695 653 102 51 vol.
759 653 114 51 in-8a
835 653 76 51 et
873 653 127 51 in-f°,
962 653 76 51 et
1000 653 63 51 à
1025 653 216 51 ’autographes.
1203 653 76 51 28
1228 653 38 51 »

379 683 86 45 6.
422 683 258 45 ARTOIS
637 683 72 45 —
665 683 358 45 Pas-de-Calais
980 683 143 45 Voyagé
1081 683 129 45 'dans
1167 683 86 45 ce
1195 683 201 45 département,

439 720 143 55 in-8°,
539 720 129 55 carte
625 720 86 55 et
668 720 129 55 fig.,
753 720 86 55 la
796 720 157 55 Société
911 720 186 55 pôpulairé
1054 720 86 55 de
1097 720 157 55 Béthune
1211 720 72 55 à
1240 720 86 55 la
1268 720 129 55 Conven-

437 757 141 39 tion,
531 757 204 39 situation
688 757 204 39 politique
844 757 94 39 de
891 757 94 39 la
938 757 172 39 commune
1064 757 94 39 de
1111 757 235 39 Saint-Omer,
1298 757 94 39 an
1330 757 78 39 II,

438 789 90 44 la
483 789 164 44 Société
603 789 194 44 populaire
752 789 179 44 d’Arras,
887 789 179 44 victimés
1021 789 90 44 du
1066 789 164 44 système
1186 789 90 44 de
1231 789 135 44 sang,
1305 789 90 44 ina-

440 828 140 40 ximum
534 828 171 40 décrété
658 828 155 40 contre
767 828 311 40 révolutionnaire,
1031 828 124 40 fête
1109 828 171 40 funèbré
1233 828 186 40 célébrée
1357 828 47 40 à

440 863 130 39 Arras
526 863 87 39 en
570 863 188 39 l’honneur
715 863 87 39 de
758 863 101 39 Mei
816 863 261 39 Lepetetier.
1034 863 217 39 Delelys
1208 863 87 39 de
1251 863 159 39 Gonchem
1353 863 43 39 à

437 898 96 43 la
485 898 240 43 Convention,
677 898 192 43 adresses
821 898 112 43 des
885 898 192 43 citoyens
1030 898 96 43 dé
1078 898 192 43 Bapaume,
1206 898 192 43 Saint

438 937 89 42 et
483 937 133 42 Aire,
572 937 74 42 2
601 937 148 42 pièces
705 937 119 42 sig.
779 937 104 42 des
838 937 296 42 administrateurs,
1090 937 133 42 1792,
1179 937 89 42 et
1223 937 89 42 an
1268 937 104 42 VI,
1312 937 89 42 deux

441 966 171 47 lettres
566 966 109 47 des
628 966 171 47 Députés
752 966 93 47 du
799 966 233 47 département
985 966 93 47 en
1031 966 140 47 4820,
1125 966 202 47 relatives
1280 966 109 47 aux
1326 966 78 47 ap-

443 1003 309 44 provisionnements
705 1003 93 44 de
751 1003 139 44 siège
844 1003 170 44 fournis
967 1003 108 44 par
1029 1003 93 44 ce
1075 1003 231 44 département
1260 1003 93 44 en
1291 1003 108 44 1815,

434 1041 246 53 observations
633 1041 92 53 en
680 1041 138 53 marge
772 1041 92 53 de
818 1041 108 53 ces
879 1041 184 53 lettres,
1018 1041 138 53 etc.,
1110 1041 92 53 40
1156 1041 154 53 pièces
1264 1041 138 53 in-8°
1341 1041 61 53 et

447 1070 63 41 in-4°.
491 1070 38 41 18
503 1070 25 41 50

700 1108 62 44 7.
731 1108 177 44 PICARDIE.
877 1108 52 44 —
897 1108 177 44 Somme
1043 1108 104 44 Voyage
1116 1108 83 44 dans
1168 1108 62 44 ce
1199 1108 167 44 département,
1324 1108 73 44 1792,

426 1142 140 54 in-8e
520 1142 140 54 carte
613 1142 93 54 et
659 1142 140 54 fig.,
753 1142 93 54 le
799 1142 171 54 conseil
924 1142 202 54 épiscopal
1079 1142 78 54 à
1110 1142 93 54 la
1156 1142 233 54 Convention,
1327 1142 78 54 les

439 1176 146 48 députés
545 1176 66 48 à
572 1176 120 48 leurs
651 1176 213 48 commettants,
824 1176 133 48 lettre
917 1176 80 48 de
957 1176 266 48 Scellier
1183 1176 146 48 adrèsse
1290 1176 93 48 des
1330 1176 66 48 ha-

434 1211 169 42 bitants
556 1211 92 42 de
602 1211 184 42 Beauval,
740 1211 184 42 conduité
878 1211 107 42 dés
939 1211 322 42 adminfistrateurs,
1200 1211 199 42 réclamation

444 1247 87 60 de
487 1247 303 60 Devérité,
747 1247 159 60 adresse
862 1247 101 60 des
920 1247 173 60 citoyens
1050 1247 188 60 d’Amiens,
1194 1247 144 60 éxposé
1281 1247 115 60 contre

436 1282 171 44 Muraine
561 1282 93 44 et
607 1282 109 44 ses
670 1282 202 44 complices
825 1282 109 44 par
887 1282 109 44 les
949 1282 202 44 patriotes
1105 1282 93 44 de
1151 1282 202 44 Rozières,
1291 1282 109 44 etc.,

439 1320 120 40 plus
514 1320 150 40 quatre
619 1320 150 40 pièces
724 1320 165 40 signéés
844 1320 105 40 des
904 1320 285 40 administrateurs
1143 1320 90 40 en
1188 1320 120 40 l’an
1263 1320 90 40 II
1308 1320 90 40 et
1338 1320 60 40 en

440 1352 102 48 l’an
504 1352 76 48 y,
542 1352 76 48 en
580 1352 102 48 tout
643 1352 76 48 24
682 1352 127 48 pièces
770 1352 114 48 in-8°
847 1352 76 48 et
885 1352 127 48 in-4°.
974 1352 76 48 11
999 1352 38 48 »

757 1375 56 55 8.
785 1375 185 55 NORMANDIÉ
942 1375 46 55 —
960 1375 259 55 Seine-Inférieure
1192 1375 93 55 Vovagé
1256 1375 74 55 dans
1303 1375 56 55 ce
1321 1375 74 55 dépar-

444 1419 157 48 tement,
558 1419 128 48 1792,
643 1419 142 48 in-8°,
743 1419 128 48 carte
828 1419 85 48 et
871 1419 128 48 fig.,
956 1419 171 48 rélation
1084 1419 85 48 de
1127 1419 171 48 l’émeute
1255 1419 157 48 arrivée
1354 1419 43 48 à

439 1456 147 48 Rouen,
542 1456 220 48 intrépidité
718 1456 88 48 de
762 1456 117 48 onze
835 1456 220 48 volontaires
1012 1456 88 48 de
1056 1456 88 48 la
1100 1456 132 48 ville
1188 1456 191 48 d’Elbeuf,
1320 1456 73 48 ré-

438 1486 182 52 volution
575 1486 91 52 de
620 1486 152 52 Rouen,
726 1486 228 52 réclamation
909 1486 91 52 de
954 1486 91 52 la
1000 1486 167 52 Société
1122 1486 198 52 populaire
1273 1486 91 52 de
1304 1486 91 52 Cau-

436 1521 160 50 debec,
548 1521 176 50 revêtue
676 1521 96 50 de
724 1521 128 50 sept
804 1521 240 50 signatures,
995 1521 176 50 mémoire
1123 1521 112 50 des
1187 1521 208 50 habitants
1331 1521 64 50 de

437 1564 196 43 Gournai,
583 1564 196 43 adresses
730 1564 98 43 du
779 1564 261 43 département,
991 1564 98 43 de
1040 1564 98 43 la
1088 1564 147 43 yille
1186 1564 98 43 de
1235 1564 163 43 Rouen,
1333 1564 65 43 de

445 1597 170 47 Dièppe,
568 1597 93 47 du
614 1597 154 47 Havre,
722 1597 108 47 les
784 1597 170 47 parents
907 1597 93 47 de
954 1597 154 47 Bréard
1062 1597 93 47 et
1108 1597 185 47 Bucaille
1247 1597 93 47 de
1278 1597 123 47 Thion-

443 1631 153 39 ville,
550 1631 138 39 1793,
642 1631 122 39 etc.
718 1631 153 39 Lettre
825 1631 153 39 signée
933 1631 92 39 du
978 1631 168 39 Conseil
1101 1631 92 39 de
1147 1631 92 39 la
1193 1631 168 39 commune
1300 1631 107 39 révo-

438 1662 205 54 lutionnaire
602 1662 82 54 de
643 1662 137 54 Rouen,
739 1662 68 54 2
766 1662 123 54 L.
848 1662 123 54 a
930 1662 96 54 s
985 1662 82 54 de
1026 1662 109 54 Cam.
1094 1662 164 54 Thommyre
1217 1662 82 54 de
1258 1662 137 54 Dieppe
1340 1662 55 54 au

437 1702 154 42 Comité
545 1702 93 42 de
591 1702 139 42 Salut
684 1702 170 42 public,
807 1702 108 42 sur
869 1702 108 42 les
931 1702 247 42 dispositions
1131 1702 77 42 à
1162 1702 139 42 faire
1255 1702 124 42 pour
1317 1702 77 42 dé-

438 1739 155 55 truire
547 1739 109 55 les
609 1739 155 55 aimées
718 1739 109 55 des
780 1739 155 55 tyrans
889 1739 186 55 coalisés
1029 1739 155 55 contre
1138 1739 93 55 la
1184 1739 233 55 République,
1355 1739 47 55 9

441 1774 130 43 pages
527 1774 159 43 in-fol.
643 1774 231 43 (curieuses),
831 1774 87 43 et
874 1774 130 43 trois
961 1774 144 43 aûtres
1062 1774 144 43 pièces
1163 1774 159 43 signées
1278 1774 101 43 des
1322 1774 72 43 ad-

440 1816 229 54 ministrateurs
628 1816 81 54 de
669 1816 135 54 Rouen,
763 1816 81 54 le
803 1816 121 54 Havre
884 1816 81 54 et
925 1816 243 54 Montivilliers,
1127 1816 121 54 1791,
1208 1816 94 54 ans
1248 1816 54 54 II

442 1839 68 48 et
476 1839 80 48 VI,
521 1839 68 48 39
555 1839 114 48 pièces
635 1839 114 48 in-8°.
715 1839 68 48 18
737 1839 46 48 50

431 1861 80 61 9.
471 1861 120 61 EURE.
551 1861 134 61 Voyage
644 1861 107 61 dans
711 1861 80 61 ce
751 1861 214 61 départeméni,
925 1861 120 61 1792,
1005 1861 120 61 in-80
1086 1861 120 61 carte
1166 1861 80 61 et
1192 1861 94 61 fig.,

437 1912 154 62 mémoire
549 1912 112 62 pour
619 1912 84 62 la
661 1912 126 62 ville
745 1912 84 62 de
787 1912 154 62 Vernon,
899 1912 168 62 discours
1024 1912 84 62 de
1066 1912 84 62 M.
1108 1912 238 62 Dièrès
1290 1912 112 62 contre

445 1948 90 63 les
497 1948 154 63 factieux
612 1948 77 63 de
651 1948 244 63 Vernon,
857 1948 154 63 adhésion
973 1948 77 63 au
1011 1948 141 63 mémoire
1114 1948 77 63 de
1153 1948 232 63 Dières,
1333 1948 64 63 mé-

442 1976 128 57 moire
527 1976 113 57 pour
598 1976 170 57 David
725 1976 184 57 Pain,
867 1976 255 57 administrateur
1080 1976 85 57 de
1123 1976 156 57 l’Eure,
1236 1976 156 57 réponse
1335 1976 57 57 au

440 2022 152 54 Libelle
551 2022 83 54 de
592 2022 248 54 Savarre
799 2022 179 54 défenseur
937 2022 97 54 des
992 2022 179 54 ôfficiers
1130 2022 207 54 jpunicipaux
1296 2022 83 54 de
1323 2022 83 54 Con-

437 2053 139 48 ches,
529 2053 170 48 rapport
653 2053 93 48 de
699 2053 170 48 Prière,
823 2053 155 48 envoyé
931 2053 124 48 dans
1009 2053 93 48 ce
1055 2053 247 48 département,
1240 2053 155 48 pétition

441 2096 111 50 par
505 2096 95 50 le
552 2096 175 50 premier
679 2096 206 50 bataillon
838 2096 95 50 de
885 2096 159 50 Paris,
996 2096 127 50 levé
1076 2096 127 50 pour
1155 2096 254 50 l’expédition
1346 2096 63 50 de

372 2115 184 67 l’Euré,
506 2115 200 67 adresses
656 2115 100 67 du
706 2115 267 67 département,
924 2115 200 67 pétition
1074 2115 100 67 (à
1124 2115 100 67 la
1174 2115 234 67 Convention
1341 2115 67 67 en

436 2163 136 49 faveur
532 2163 82 49 de
572 2163 122 49 seize
654 2163 163 49 citoyens
776 2163 82 49 du
817 2163 136 49 canton
912 2163 82 49 de
953 2163 245 49 Routot,
1157 2163 122 49 etc.;
1239 2163 109 49 deux
1293 2163 109 49 pièces

438 2195 136 58 signées
537 2195 87 58 des
586 2195 235 58 administrateurs
784 2195 74 58 en
821 2195 99 58 l’an
883 2195 99 58 tiet
945 2195 74 58 en
982 2195 99 58 l’an
1044 2195 111 58 VIII,
1118 2195 74 58 et
1155 2195 87 58 une
1205 2195 111 58 L.
1279 2195 124 58 a
1353 2195 50 58 s.

439 2230 87 50 de
482 2230 275 50 Crochon
714 2230 217 50 commissaire
888 2230 87 50 du
931 2230 217 50 département
1105 2230 87 50 de
1149 2230 145 50 l’Eure
1250 2230 130 50 (très
1323 2230 72 50 cu-

447 2253 133 59 rieuse),
546 2253 66 59 22
579 2253 121 59 pièces.
668 2253 66 59 12
690 2253 33 59 »

434 2286 106 70 10.
495 2286 197 70 CALVADOS.
646 2286 152 70 Voyage
753 2286 122 70 dans
829 2286 91 70 ce
874 2286 243 70 département,
1072 2286 152 70 in-8°,
1178 2286 137 70 1792,
1269 2286 137 70 carte
1345 2286 61 70 et

426 2329 125 61 fig.
504 2329 172 61 Rapport
629 2329 94 61 de
676 2329 203 61 Laplanche
833 2329 94 61 en
879 2329 172 61 mission
1004 2329 125 61 dans
1083 2329 94 61 ce
1129 2329 250 61 département,
1317 2329 78 61 mo
