1572 2656
787 217 94 57 10

321 257 110 73 47.
384 257 268 73 BOURGOGNE.
605 257 79 73 —
637 257 237 73 Ain
826 257 158 73 Voyage
937 257 126 73 dans
1016 257 95 73 ce
1063 257 253 73 département,
1253 257 110 73 1792.

398 298 134 75 in-8,
487 298 134 75 carte
576 298 89 75 et
621 298 134 75 fig.,
710 298 178 75 discours
843 298 104 75 sur
903 298 89 75 la
947 298 148 75 Bresse
1051 298 178 75 ancienne
1185 298 89 75 et
1215 298 148 75 moderne,

390 328 140 70 arrêté
488 328 84 70 du
530 328 211 70 (Directoire
699 328 84 70 de
741 328 140 70 l’Ain,
839 328 84 70 an
882 328 98 70 II,
938 328 225 70 observations
1120 328 98 70 des
1176 328 126 70 trois
1247 328 112 70 ordres

400 365 82 74 de
441 365 151 74 Bresse,
551 365 96 74 vié
606 365 260 74 révolutionnaire
825 365 82 74 de
866 365 164 74 Blanq
989 365 219 74 Desiste
1167 365 110 74 dans
1222 365 137 74 laquelle

389 401 100 72 on
439 401 167 72 trouve
556 401 100 72 da
606 401 167 72 marche
723 401 100 72 du
773 401 250 72 fédéralisme
973 401 133 72 dans
1057 401 100 72 le
1107 401 250 72 départément
1290 401 67 72 de

383 439 156 74 l’Ain,
493 439 172 74 réponse
618 439 109 74 aux
681 439 203 74 calomnies
837 439 188 74 dirigées
978 439 156 74 contre
1087 439 94 74 ce
1134 439 235 74 département
1306 439 47 74 à

391 469 81 80 la
432 469 149 80 tribune
541 469 95 80 des
595 469 176 80 Jacohins,
730 469 95 80 dix
785 469 230 80 proclamations
974 469 285 80 d'Atbitte
1205 469 149 80 proclama-

396 513 135 70 tions;
490 513 176 70 discours,
625 513 162 70 rapport,
747 513 149 70 arrêtés
855 513 81 70 et
895 513 243 70 comptes-rendus
1098 513 81 70 de
1125 513 230 70 Boisset

390 546 197 71 Prieur,
545 546 141 71 Amari
644 546 85 71 et
686 546 254 71 Mertino
898 546 85 71 en
940 546 155 71 mission
1053 546 113 71 dans
1123 546 85 71 ce
1152 546 197 71 département,

397 577 254 71 Deydier,
610 577 80 71 de
650 577 133 71 l’Ain,
744 577 67 71 à
770 577 93 71 ses
824 577 200 71 commettans,
984 577 160 71 arrêtés,
1104 577 160 71 adresses
1224 577 80 71 et
1251 577 93 71 déli-

380 613 214 78 bérations
544 613 99 78 du
593 613 263 78 département,
807 613 296 78 procès-verbaux
1054 613 99 78 de
1103 613 247 78 l’assemblée
1284 613 66 78 de

349 648 154 76 l’Ain;
457 648 93 76 an
503 648 123 76 VII,
580 648 154 76 Morand
688 648 93 76 de
734 648 139 76 l’Ain
827 648 77 76 à
858 648 108 76 ses
919 648 247 76 concitoyens,
1120 648 201 76 discours,
1259 648 77 76 rap

388 683 116 64 ports
465 683 77 64 et
504 683 155 64 opinions
620 683 77 64 de
659 683 180 64 Riboun,
801 683 116 64 Vézu,
878 683 206 64 Merlino
1046 683 168 64 Girod,
1162 683 180 64 Gauthier

381 722 242 72 Deydier,
574 722 193 72 Ferrand,
719 722 145 72 Royer
816 722 97 72 et
864 722 451 72 Grocassant-Dorimont
1250 722 97 72 tous

375 754 150 65 députés
485 754 82 65 de
526 754 137 65 l’Ain,
621 754 82 65 àù
662 754 191 65 brochures,
813 754 123 65 etc.;
895 754 150 65 lettres
1004 754 82 65 de
1045 754 205 65 Riboud,
1196 754 150 65 Gros

379 793 351 64 cassand-Dorimond,
686 793 205 64 Royer
847 793 88 64 et
891 793 219 64 différentes
1066 793 146 64 pièces
1169 793 161 64 signées
1271 793 73 64 des

384 824 286 75 administrateurs
625 824 121 75 sous
700 824 90 75 la
745 824 226 75 révolution,
926 824 90 75 en
971 824 136 75 tout,
1062 824 105 75 121
1122 824 151 75 pièces
1227 824 121 75 in-8
1288 824 60 75 et

368 855 254 58 in-4.
537 855 169 58 35
593 855 85 58 »

308 889 123 77 48.
378 889 175 77 BOURG,
500 889 175 77 BELLEY
623 889 105 77 et
675 889 210 77 TRÉVOUX.
833 889 140 77 Coup
920 889 158 77 d’œil
1025 889 123 77 sur
1095 889 123 77 les
1148 889 193 77 mantuvres

377 928 105 72 des
437 928 195 72 intrigans
587 928 90 72 de
632 928 150 72 Bourg,
737 928 105 72 les
797 928 120 72 sans
871 928 180 72 culottes
1006 928 90 72 de
1051 928 135 72 Bourg
1141 928 75 72 à
1171 928 90 72 la
1201 928 135 72 Conven-

376 964 126 74 tion,
460 964 252 74 Albant
670 964 126 74 maire
754 964 84 74 de
796 964 140 74 Bourg.
893 964 70 74 à
921 964 98 74 ses
977 964 224 74 concitoyens,
1159 964 140 74 compte
1243 964 98 74 rendu

380 1005 106 60 par
441 1005 106 60 les
501 1005 289 60 administrateûrs
744 1005 91 60 de
790 1005 122 60 leur
866 1005 182 60 conduite
1003 1005 182 60 civique,
1139 1005 137 60 1793,
1215 1005 122 60 dénon-

371 1040 139 67 ciation
472 1040 88 67 des
523 1040 151 67 citoyens
636 1040 76 67 de
674 1040 113 67 Bourg
749 1040 126 67 contre
838 1040 189 67 Amar
989 1040 252 67 Javogues,
1203 1040 76 67 et
1228 1040 101 67 obser-

371 1075 169 72 vations
493 1075 107 72 sur
555 1075 92 72 la
601 1075 138 72 ville
693 1075 92 72 de
739 1075 153 72 Bourg,
846 1075 123 72 fête
923 1075 184 72 célébrée
1061 1075 123 72 dans
1138 1075 138 72 cette
1214 1075 123 72 ville,

363 1099 88 69 an
407 1099 103 69 II,
466 1099 132 69 etc.;
554 1099 88 69 la
598 1099 161 69 société
715 1099 190 69 populaire
861 1099 88 69 de
905 1099 146 69 Belley
1008 1099 73 69 à
1037 1099 88 69 la
1081 1099 220 69 Convention,
1242 1099 88 69 dis-

364 1148 137 68 cours
455 1148 199 68 prononcés
608 1148 107 68 aux
669 1148 137 68 fêtes
761 1148 199 68 célébrées
913 1148 76 68 à
944 1148 168 68 Belley,
1066 1148 168 68 tableau
1173 1148 168 68 indicatif

364 1179 107 67 des
425 1179 152 67 crimes
531 1179 152 67 commis
638 1179 122 67 dans
714 1179 91 67 le
760 1179 183 67 district
897 1179 91 67 de
943 1179 168 67 Belley,
1065 1179 137 67 etc.;
1156 1179 168 67 société
1263 1179 76 67 des

365 1208 125 77 amis
443 1208 94 77 dé
490 1208 94 77 la
537 1208 250 77 constitution
740 1208 94 77 de
787 1208 187 77 Trévoux,
927 1208 187 77 discours
1068 1208 187 77 prônoncé
1208 1208 125 77 dans
1271 1208 62 77 le

368 1244 143 72 femple
468 1244 86 72 de
511 1244 86 72 la
553 1244 143 72 raison
653 1244 71 72 à
682 1244 171 72 Trévoux,
811 1244 143 72 Al.
911 1244 157 72 Ruf
1025 1244 86 72 de
1068 1244 157 72 Trévoux
1182 1244 100 72 aux
1225 1244 100 72 auto-

364 1286 129 69 rités
450 1286 230 69 constituées,
636 1286 158 69 diplome
751 1286 129 69 signé
837 1286 86 69 de
880 1286 86 69 la
923 1286 158 69 société
1038 1286 187 69 populaire
1182 1286 86 69 de
1210 1286 115 69 Bourg,

367 1313 77 65 3
397 1313 154 65 pièces
505 1313 108 65 des
567 1313 293 65 administrateurs
813 1313 92 65 de
860 1313 154 65 Bourg,
968 1313 108 65 Gex
1029 1313 92 65 et
1075 1313 185 65 Trévoux,
1199 1313 123 65 obser-

302 1352 179 73 vations
432 1352 114 73 des
497 1352 179 73 prêtres
627 1352 98 73 du
676 1352 195 73 district
822 1352 98 73 de
871 1352 163 73 Bourg,
985 1352 98 73 et
1034 1352 179 73 réponse
1164 1352 163 73 autôg.
1262 1352 81 73 du-

356 1389 229 66 représentant
542 1389 86 66 du
585 1389 157 66 peuple,
699 1389 143 66 copies
799 1389 200 66 certifiées
957 1389 86 66 de
1000 1389 157 66 lettres
1114 1389 115 66 très
1172 1389 157 66 curieuses

354 1424 160 67 rèlatives
477 1424 61 67 à
501 1424 74 67 un
538 1424 111 67 nommé
612 1424 197 67 Guyet
771 1424 74 67 de
808 1424 123 67 Bourg,
894 1424 74 67 an
931 1424 98 67 III,
992 1424 111 67 B.
1066 1424 74 67 a.
1103 1424 74 67 s.
1140 1424 74 67 de
1164 1424 160 67 Ber

363 1459 160 71 nard
480 1459 218 71 Perrot,
654 1459 189 71 président
799 1459 87 71 de
842 1459 87 71 la
886 1459 160 71 société
1002 1459 189 71 populaire
1147 1459 87 71 de
1190 1459 145 71 Bourg,
1277 1459 44 71 à

358 1488 255 72 Boissèt,
572 1488 174 72 contenant
707 1488 94 72 des
760 1488 228 72 félicitations
948 1488 81 72 et
988 1488 148 72 l’envoi
1096 1488 81 72 de
1136 1488 107 72 deux
1190 1488 134 72 diplomes

354 1522 122 76 pour
430 1522 122 76 deux
507 1522 260 76 réprésentants
721 1522 92 76 du
766 1522 168 76 peuple,
889 1522 76 76 2
919 1522 138 76 pages
1011 1522 199 76 lin-fol.,
1164 1522 92 76 31
1194 1522 138 76 pièces.

362 1559 109 47 in-8
431 1559 82 47 et
472 1559 123 47 in-4.
554 1559 82 47 17
581 1559 41 47 »

349 1594 103 72 49.
408 1594 147 72 YONNE.
511 1594 147 72 Voyage
614 1594 117 72 dans
687 1594 88 72 ce
731 1594 235 72 département,
922 1594 132 72 1793,
1010 1594 132 72 in-8,
1098 1594 132 72 carté
1186 1594 88 72 et
1215 1594 103 72 fig.,

352 1628 164 76 rapports
476 1628 96 76 des
530 1628 219 76 commissaires
709 1628 233 76 Rovère
900 1628 82 76 et
941 1628 247 76 Fauchet
1147 1628 151 76 mémoire
1243 1628 82 76 pour

353 1662 72 77 la
389 1662 108 77 ville
461 1662 72 77 de
497 1662 156 77 Tonnerre,
617 1662 144 77 rapports
725 1662 72 77 de
761 1662 192 77 Boret
917 1662 72 77 et
953 1662 216 77 Bordas
1133 1662 84 77 sur
1181 1662 84 77 les
1217 1662 96 77 événe-

349 1703 141 64 ments
443 1703 172 64 arrivés
569 1703 78 64 à
600 1703 188 64 Auxerre,
741 1703 188 64 adresses
882 1703 94 64 du
929 1703 251 64 département,
1133 1703 188 64 rapports
1258 1703 63 64 et

345 1738 161 65 comptes
463 1738 146 65 rendus
565 1738 88 65 de
609 1738 234 65 Maure
799 1738 88 65 de
843 1738 176 65 l’Yonne,
975 1738 161 65 mémoire
1092 1738 117 65 pour
1166 1738 103 65 six
1209 1738 103 65 habi-

352 1772 106 72 tans
418 1772 186 72 d’Auxerre,
564 1772 146 72 détails
671 1772 93 72 sur
724 1772 213 72 l’assassinat
897 1772 80 72 de
937 1772 293 72 Lepeletier
1176 1772 133 72 adressés

284 1810 91 67 au
329 1810 227 67 département
511 1810 91 67 de
557 1810 182 67 l’Yonne,
693 1810 258 67 justification
905 1810 91 67 de
950 1810 91 67 J.
996 1810 258 67 Boilleauetc.;
1193 1810 121 67 lettre

336 1842 151 71 signée
442 1842 106 71 des
502 1842 287 71 administrateurs
744 1842 91 71 en
790 1842 121 71 l’an
865 1842 76 71 v
896 1842 91 71 30
941 1842 151 71 pièces
1047 1842 121 71 in-8
1122 1842 91 71 et
1153 1842 166 71 in

279 1871 113 75 50.
343 1871 226 75 COTE-D’OR.
521 1871 162 75 Voyage
634 1871 129 75 dans
715 1871 97 75 ce
764 1871 259 75 département,
974 1871 145 75 1793,
1071 1871 145 75 carte
1168 1871 97 75 et
1200 1871 113 75 fig.,

343 1916 269 70 procès-verbal
565 1916 95 70 de
612 1916 95 70 la
660 1916 190 70 noblesse
802 1916 95 70 de
850 1916 206 70 Bourgogne
1008 1916 206 70 assemblée
1167 1916 79 70 à
1182 1916 127 70 Dijon,

342 1954 250 67 dénonciation
545 1954 94 67 de
592 1954 187 67 l’arrêté
733 1954 94 67 du
780 1954 250 67 département,
983 1954 94 67 la
1030 1954 172 67 société
1139 1954 172 67 populaire

348 1981 86 73 de
391 1981 130 73 Dijon
477 1981 72 73 à
506 1981 86 73 la
549 1981 216 73 Convention,
722 1981 159 73 tableau
838 1981 86 73 de
881 1981 130 73 notre
967 1981 187 73 situation
1111 1981 202 73 politique,
1255 1981 58 73 lu

344 2014 67 74 à
370 2014 80 74 la
411 2014 147 74 société
518 2014 174 74 populaire
652 2014 80 74 de
692 2014 134 74 Dijon,
786 2014 94 74 par
840 2014 241 74 Basire
1041 2014 121 74 1793,
1108 2014 201 74 justification

348 2052 88 74 de
392 2052 279 74 Bonnard
627 2052 220 74 commissaire
803 2052 88 74 du
847 2052 147 74 canton
950 2052 88 74 de
994 2052 176 74 Saulieu,
1126 2052 176 74 adresses
1244 2052 73 74 des

341 2091 172 77 fédérés
467 2091 94 77 de
514 2091 172 77 Beaune,
639 2091 110 77 dès
702 2091 298 77 administrateurs
953 2091 94 77 du
1000 2091 251 77 département,
1188 2091 125 77 arrêté

281 2120 93 70 du
327 2120 247 70 département,
528 2120 139 70 1793,
620 2120 185 70 pétition
759 2120 93 70 de
806 2120 201 70 Sainte
960 2120 216 70 Maure
1130 2120 93 70 de
1176 2120 93 70 la
1207 2120 93 70 com-

334 2152 132 80 mune
416 2152 99 80 de
466 2152 116 80 Flé
532 2152 83 80 à
565 2152 99 80 la
614 2152 248 80 Convention,
812 2152 264 80 dénonciation
1027 2152 83 80 à
1060 2152 99 80 la
1093 2152 215 80 Convention,

339 2188 126 74 falte
423 2188 98 74 par
479 2188 98 74 les
535 2188 168 74 sections
660 2188 84 74 de
702 2188 140 74 Dijon,
800 2188 98 74 des
856 2188 140 74 crimes
954 2188 140 74 commis
1052 2188 98 74 par
1093 2188 210 74 Léonard

338 2226 238 76 Bourdo
536 2226 79 76 et
575 2226 185 76 Bernard
720 2226 79 76 de
760 2226 198 76 Saintes
918 2226 145 76 pendant
1024 2226 106 76 leur
1090 2226 145 76 mission
1195 2226 106 76 dans
1248 2226 53 76 cé

329 2267 235 67 département,
520 2267 132 67 étc.;
608 2267 147 67 lettre
711 2267 147 67 signée
814 2267 103 67 des
873 2267 294 67 administrateurs,
1123 2267 88 67 en
1167 2267 118 67 l’an
1226 2267 73 67 VI,

337 2297 92 82 et
383 2297 122 82 état
459 2297 107 82 des
520 2297 122 82 fers
596 2297 198 82 provenant
749 2297 107 82 des
810 2297 183 82 églises,
947 2297 168 82 déposés
1069 2297 229 82 au’district
1237 2297 61 82 de
