1572 2656
803 247 106 67 16

373 295 117 59 relli
451 295 156 59 relative
568 295 65 59 à
594 295 182 59 Olivièr
738 295 78 59 de
777 295 208 59 Serres;
946 295 78 59 L.
985 295 104 59 a.s.
1050 295 78 59 de
1089 295 247 59 Rouvièré
1285 295 104 59 envoyé

427 343 90 37 du
472 343 225 37 département
652 343 90 37 de
696 343 195 37 l’Ardèche
846 343 75 37 à
876 343 165 37 Carnot;
996 343 135 37 pièce
1086 343 150 37 signée
1190 343 105 37 des
1235 343 150 37 adminis-

386 380 162 35 trateurs
507 380 81 35 en
547 380 108 35 l’an
614 380 94 35 VI;
668 380 229 35 procès-verbal
857 380 81 35 de
897 380 81 35 là
938 380 148 35 Société
1045 380 175 35 populaire
1167 380 215 35 d'Aube

416 415 202 44 nas;
577 415 175 44 contenant
712 415 94 44 des
766 415 148 44 détails
874 415 135 44 locaux
968 415 108 44 très
1036 415 162 44 curieux,
1157 415 81 44 il
1197 415 94 44 est
1251 415 121 44 signé
1319 415 67 44 par

421 449 243 42 Cornuscte
628 449 73 42 et
664 449 219 42 Mestre
847 449 61 42 6
871 449 110 42 pages
944 449 73 42 et
981 449 110 42 demie
1054 449 146 42 in-fol.;
1163 449 170 42 trente-six
1285 449 97 42 pièces

421 485 101 43 in-8e
488 485 67 43 et
522 485 112 43 in-4e.
600 485 67 43 20
622 485 34 43 «

413 509 101 57 86.
470 509 260 57 LANGUEDOC.
687 509 72 57 —
716 509 188 57 Gard
860 509 144 57 Voyage
961 509 116 57 dans
1033 509 87 57 ce
1077 509 231 57 déparfément,
1264 509 87 57 an
1293 509 87 57 VII,

370 555 141 43 in-8e,
468 555 127 43 carte
553 555 84 43 et
595 555 127 43 figiy
679 555 183 43 rapports,
820 555 225 43 compte-rendu
1003 555 84 43 et
1045 555 155 43 arrétés
1158 555 84 43 de
1186 555 197 43 Borie

422 588 94 44 en
469 588 173 44 mission
595 588 126 44 dans
674 588 94 44 le
721 588 252 44 département,
926 588 157 44 pièces
1036 588 173 44 quifont
1162 588 205 44 connaître
1303 588 79 44 les

410 625 230 44 fédéralistesodu
604 625 109 44 Gard,
677 625 85 44 113
725 625 85 44 p.;
774 625 194 44 Altut
931 625 61 44 à
956 625 85 44 ses
1004 625 170 44 collègues,
1137 625 206 44 Leyris
1307 625 61 44 à
1319 625 61 44 ses

365 666 245 43 commettants,
564 666 138 43 etc.;
655 666 168 43 lettres
778 666 168 43 signées
900 666 107 43 par
961 666 107 43 les
1022 666 291 43 administratéuis
1267 666 92 43 du
1298 666 76 43 dé-

420 692 159 49 parfement
542 692 73 49 et
578 692 73 49 du
615 692 146 49 district
725 692 146 49 d’Alais,
834 692 85 49 ans
883 692 73 49 II
920 692 98 49 etvi
981 692 73 49 et
1017 692 110 49 L.
1091 692 73 49 ai
1127 692 110 49 s
1200 692 73 49 dé
1225 692 146 49 Le

412 731 199 46 ris,
573 731 112 46 datée
648 731 174 46 deuNismès,
784 731 75 46 an
822 731 87 46 II;
871 731 62 46 à
896 731 224 46 Boissêt
1083 731 224 46 réprésentafit,
1257 731 124 46 relative

414 763 90 38 aux
466 763 167 38 massacres
594 763 129 38 commis
685 763 64 38 à
710 763 116 38 Nîmes
788 763 90 38 sur
839 763 245 38 Courbis
1045 763 232 38 Moutlin
1238 763 77 38 et
1264 763 103 38 autres

415 804 68 42 4
443 804 109 42 page
511 804 137 42 in-4°,
607 804 82 42 47
648 804 137 42 pièces
744 804 123 42 in-89
826 804 96 42 et4
881 804 219 42 autographes.
1059 804 82 42 13
1086 804 41 42 »

418 826 90 53 87.
470 826 129 53 NIMES.
560 826 141 53 Rapport
663 826 270 53 d'Alquier;
894 826 141 53 précis,
997 826 167 53 mémoires,
1126 826 154 53 détails,
1229 826 141 53 tableaux,

411 873 184 44 réponses
549 873 184 44 relatifs
687 873 77 44 à
718 873 200 44 l’affaire
872 873 92 44 de
918 873 154 44 Nîmes,
1025 873 184 44 discours
1164 873 215 44 prononcé’à
1318 873 61 44 la

411 904 211 46 convention
576 904 105 46 par
637 904 105 46 uné
697 904 211 46 députation
862 904 90 46 de
908 904 90 46 la
953 904 166 46 société
1073 904 196 46 populairé
1224 904 90 46 de
1254 904 120 46 Nîmes,

419 940 139 45 rapport
521 940 76 45 de
559 940 241 45 Voutlanc
762 940 89 45 sur
812 940 254 45 l’emprisonnement
1028 940 76 45 de
1066 940 241 45 Courbis
1256 940 114 45 réponse

417 976 74 52 du
454 976 98 52 club
515 976 74 52 de
552 976 123 52 Nîmes,
637 976 110 52 Math.
711 976 221 52 Riffard
895 976 74 52 de
932 976 110 52 Nîmes
1005 976 147 52 déstitué
1116 976 98 52 par-
1165 976 208 52 Boisset

412 1011 128 45 etc.;
497 1011 142 45 copies
596 1011 199 45 certifiées
752 1011 85 45 de
795 1011 156 45 lettres
908 1011 156 45 écrites
1022 1011 71 45 à
1050 1011 213 45 l'assemblée
1206 1011 170 45 nationale,

412 1045 106 44 par
472 1045 91 44 la
518 1045 167 44 société
639 1045 106 44 des
700 1045 121 44 amis
776 1045 91 44 de
821 1045 91 44 la
867 1045 243 44 constitution
1064 1045 91 44 de
1109 1045 152 44 Nîmes,
1215 1045 91 44 36
1246 1045 121 44 pièces

423 1083 95 44 in-8e
487 1083 63 44 et
518 1083 106 44 in-5e.
592 1083 63 44 15
613 1083 32 44 »

343 1110 100 49 88.
400 1110 200 49 BEAUCAIRE.
557 1110 157 49 Rapport
671 1110 86 49 de
714 1110 271 49 Courtois
943 1110 100 49 sur
1000 1110 100 49 les
1057 1110 200 49 véritables
1214 1110 143 49 causes
1300 1110 71 49 des

360 1159 73 44 .
390 1159 176 44 troubles
521 1159 88 44 de
565 1159 205 44 Beaucaire,
727 1159 132 44 4793;
814 1159 146 44 projet
917 1159 308 44 autographe
1181 1159 88 44 du
1210 1159 161 44 précédent

389 1186 186 46 fapport
524 1186 135 46 dans
609 1186 169 46 lequel
727 1186 101 46 on
778 1186 203 46 remarque
930 1186 118 46 des
997 1186 253 46 changements
1183 1186 186 46 sensibles

415 1228 122 42 avec
491 1228 138 42 celui
583 1228 183 42 imprimé,
721 1228 76 42 5
751 1228 138 42 pages
843 1228 138 42 in-fo
935 1228 168 42 mémoiré
1057 1228 122 42 pour
1133 1228 107 42 les
1195 1228 183 42 cifdyens
1317 1228 61 42 de

414 1259 87 41 la
457 1259 159 41 commune
573 1259 87 41 de
616 1259 203 41 Beaucaire,
776 1259 130 41 signé
863 1259 159 41 parèles
979 1259 159 41 députés
1095 1259 275 41 Noailles
1312 1259 58 41 et

412 1292 263 47 Achardy
634 1292 125 47 écrit
717 1292 83 47 en
758 1292 138 47 entier
855 1292 97 47 par
910 1292 83 47 ce
952 1292 166 47 derniér;
1076 1292 83 47 ce
1118 1292 166 47 document
1229 1292 138 47 original

411 1331 144 45 d’une
507 1331 144 45 haute
604 1331 241 45 importance,
796 1331 112 45 qui
860 1331 161 45 serait
973 1331 241 45 susceptible
1165 1331 144 45 d’une
1246 1331 128 45 longue

415 1366 160 44 analyse;
535 1366 67 44 à
562 1366 80 44 18
602 1366 120 44 pages
682 1366 80 44 et
723 1366 120 44 demie
803 1366 120 44 in-f°
883 1366 94 44 les
936 1366 67 44 3
963 1366 147 44 pièces.
1070 1366 80 44 20
1097 1366 40 44 »

346 1394 105 42 89.
406 1394 210 42 UZÈS.Récit
571 1394 105 42 des
631 1394 210 42 événements
796 1394 105 42 qui
856 1394 120 42 s’yt
930 1394 120 42 sont
1005 1394 165 42 passés;
1125 1394 150 42 précis
1230 1394 90 42 de
1260 1394 105 42 l’af-

407 1433 127 43 faire
492 1433 85 43 de
534 1433 85 43 la
577 1433 241 43 municipalité,
789 1433 113 43 mine
860 1433 226 43 patriotique,
1044 1433 99 43 par
1100 1433 85 43 A.
1128 1433 241 43 Génsout

380 1466 123 44 d’Uzès;
469 1466 112 44 lettre
548 1466 67 44 de
581 1466 168 44 Gide
716 1466 56 44 à
738 1466 213 44 Bethisy
917 1466 101 44 etc.;
984 1466 56 44 5
1007 1466 179 44 piècesin-8e.
1152 1466 56 44 2
1163 1466 45 44 50

339 1498 98 60 90.
395 1498 168 60 HÉRAUET.
521 1498 140 60 Xoyage
620 1498 112 60 dans
690 1498 84 60 ce
732 1498 225 60 département,
914 1498 154 60 an-ViI,
1027 1498 140 60 in-86,
1125 1498 126 60 carte
1195 1498 56 60 et

414 1541 137 44 fig.,
505 1541 167 44 mémoire
627 1541 213 44 historique
794 1541 106 44 sur
854 1541 91 44 la
900 1541 137 44 horde
991 1541 106 44 des
1052 1541 182 44 brigands
1189 1541 91 44 de
1219 1541 152 44 Montpel-

408 1570 115 46 lier
480 1570 87 46 et
523 1570 101 46 sur
581 1570 101 46 les
638 1570 144 46 crimes
739 1570 159 46 qu’elle
855 1570 188 46 a’comhis,
999 1570 159 46 Aigoin,
1114 1570 144 46 hiômme
1215 1570 144 46 libre,
1302 1570 72 46 ci-

379 1608 127 47 toyen
463 1608 84 47 de
506 1608 225 47 Montpellier;
688 1608 141 47 précis
787 1608 197 47 historiqué
941 1608 84 47 et
984 1608 127 47 narré
1068 1608 169 47 succinet
1195 1608 84 47 de
1223 1608 56 47 ce

398 1643 105 46 qui
458 1643 135 46 s’est
548 1643 135 46 passé
638 1643 75 46 à
669 1643 241 46 Montpellier,
864 1643 150 46 grande
969 1643 241 46 conspifation
1165 1643 210 46 anarchique
1315 1643 60 46 de

413 1679 182 46 l’oratoire,
558 1679 85 46 par
607 1679 194 46 Bach;
764 1679 121 46 Brunel
849 1679 121 46 détenu
934 1679 61 46 à
958 1679 73 46 la
994 1679 121 46 maison
1079 1679 73 46 de
1115 1679 133 46 Lazare,
1200 1679 85 46 etc.,

410 1714 134 48 lettre
503 1714 134 48 signée
597 1714 94 48 des
651 1714 254 48 administrateurs
865 1714 80 48 en
905 1714 107 48 l’an
972 1714 94 48 II,
1026 1714 80 48 17
1066 1714 147 48 pièces.
1173 1714 67 48 6
1186 1714 54 48 50

403 1757 100 39 91.
460 1757 128 39 AUDE.
545 1757 143 39 Voyage
645 1757 114 39 dans
717 1757 86 39 ce
759 1757 228 39 département,
945 1757 157 39 au’VII,
1059 1757 143 39 in-8°,
1159 1757 128 39 carte
1245 1757 86 39 et
1273 1757 100 39 fig..

400 1786 125 45 ettre
483 1786 83 45 de
525 1786 277 45 Guilhermy
760 1786 69 45 à
788 1786 97 45 ses
844 1786 208 45 commettants
1010 1786 194 45 Satomon
1162 1786 222 45 Méricamp
1328 1786 42 45 à

406 1818 103 39 lan
465 1818 221 39 convention,
642 1818 133 39 etc.,
730 1818 133 39 pièce
819 1818 147 39 signée
922 1818 103 39 par
981 1818 339 39 lés-administrateurs
1261 1818 59 39 en

405 1855 177 39 l’anay,
534 1855 145 39 etc.,
630 1855 96 39 9.
678 1855 209 39 brochures
839 1855 96 39 et
887 1855 80 39 2
919 1855 257 39 autographes.
1128 1855 80 39 »
1161 1855 80 39 3
1177 1855 64 39 50

336 1884 116 54 92.
403 1884 300 54 HAUTE-GARONNE.
653 1884 166 54 Voyagé
769 1884 133 54 dans
852 1884 100 54 ce
902 1884 366 54 département;’auVi,
1218 1884 150 54 éarte
1301 1884 67 54 et

402 1925 136 49 fig.;
493 1925 181 49 discours
629 1925 91 49 de
674 1925 166 49 Destrêm
795 1925 106 49 sur
855 1925 106 49 les
916 1925 212 49 évènements
1082 1925 91 49 de
1127 1925 91 49 ce
1157 1925 212 49 département,

403 1958 160 50 Daris,
515 1958 176 50 premier
643 1958 208 50 suppiéant
804 1958 96 50 du
852 1958 241 50 département
1044 1958 80 50 à
1076 1958 96 50 la
1124 1958 241 50 Convention,
1301 1958 64 50 la

403 1996 154 42 vérité
510 1996 107 42 sur
572 1996 276 42 l’insurrection
802 1996 92 42 de
848 1996 92 42 la
894 1996 261 42 Haute-Garonne
1109 1996 107 42 par
1170 1996 169 42 Hinard,
1278 1996 92 42 avec

354 2029 96 55 une
409 2029 110 55 note
478 2029 137 55 autog.
573 2029 82 55 de
614 2029 287 55 Fauteutr,
861 2029 151 55 rapport
970 2029 82 55 de
1011 2029 233 55 Baudot
1203 2029 137 55 procès
1285 2029 96 55 ver-

406 2068 131 38 beaux
494 2068 87 38 de
537 2068 218 38 l’assemblée
711 2068 218 38 électorale,
886 2068 131 38 etc.,
973 2068 145 38 lettre
1075 2068 145 38 signée
1176 2068 102 38 des
1220 2068 145 38 adminis-

410 2102 141 40 trateurs
516 2102 70 40 en
551 2102 94 40 l’an
610 2102 82 40 VI,
657 2102 70 40 35
692 2102 129 40 pièces.
786 2102 70 40 10
809 2102 47 40 50

341 2128 102 50 93.
400 2128 189 50 TOULOUSE.
545 2128 160 50 Rapport
662 2128 87 50 de
705 2128 247 50 Baudot
909 2128 102 50 sur
967 2128 87 50 la
1011 2128 175 50 éonduite
1142 2128 102 50 des
1185 2128 175 50 autorités,

406 2178 198 37 pétitions
558 2178 244 37 desscitoyens
756 2178 91 37 de
802 2178 198 37 Toulouse,
954 2178 167 37 rapport
1076 2178 91 37 de
1121 2178 167 37 Saladin
1243 2178 107 37 sur
1289 2178 76 37 les

399 2212 183 38 élections
540 2212 84 38 de
582 2212 183 38 Toulouse,
723 2212 141 38 lettre
821 2212 84 38 de
863 2212 211 38 Chaudron
1032 2212 239 38 Rousseaut
1229 2212 84 38 au
1257 2212 113 38 comité

405 2244 88 37 de
449 2244 132 37 salut
538 2244 147 37 public
641 2244 177 37 relative
773 2244 88 37 àà
817 2244 191 37 Poulouse;
965 2244 162 37 rapport
1082 2244 88 37 de
1127 2244 162 37 Bioglie
1244 2244 103 37 sur
1288 2244 74 37 les

398 2278 173 42 troubles
527 2278 86 42 de
570 2278 130 42 cette
657 2278 144 42 ville;
757 2278 144 42 compte
858 2278 130 42 moral
945 2278 86 42 de
988 2278 245 42 Barus;
1189 2278 173 42 rapports
1304 2278 58 42 de

405 2313 192 41 Aailhe
563 2313 90 41 etde
619 2313 203 41 Buuiôt
789 2313 68 41 la
823 2313 102 41 veûve
891 2313 203 41 Dubarry
1060 2313 68 41 au
1094 2313 102 41 corps
1162 2313 169 41 législatif,
1286 2313 79 41 etc.,

390 2347 100 56 133
447 2347 143 56 pièces
547 2347 114 56 in-8
618 2347 86 56 et
661 2347 128 56 in-4,
746 2347 86 56 13
775 2347 57 56 50
