1626 2593
666 211 135 53 7

327 249 94 74 de
374 249 219 74 Strasbourg
546 249 203 74 adressées
702 249 109 74 des
765 249 172 74 prisons
890 249 94 74 de
936 249 125 74 Metz
1015 249 78 74 à
1046 249 94 74 la
1077 249 203 74 Convention,

338 302 194 51 conténant
488 302 179 51 l’exposé
622 302 90 51 de
667 302 120 51 leur
742 302 179 51 conduite
876 302 90 51 et
921 302 90 51 la
966 302 164 51 demande
1086 302 90 51 dé
1130 302 90 51 la
1160 302 120 51 cassa-

340 340 89 52 tion
395 340 67 52 de
429 340 133 52 l’arrête
529 340 67 52 de
562 340 234 52 Saint-Just
762 340 67 52 et
796 340 189 52 Lebas
952 340 111 52 lettre
1029 340 122 52 d’envoi
1118 340 56 52 à
1129 340 145 52 Bou

334 372 237 51 chôtté,
531 372 79 51 et
571 372 145 51 réponse
676 372 132 51 autog.
768 372 79 51 de
808 372 79 51 ce
847 372 158 51 dernier,
966 372 119 51 l’une
1045 372 79 51 de
1084 372 92 51 ces
1137 372 132 51 pièces
1216 372 66 51 est

331 411 123 52 écrite
417 411 86 52 par
466 411 221 52 Obertin
650 411 86 52 qui
699 411 86 52 les
748 411 61 52 a
773 411 135 52 signées
871 411 110 52 ainsi
945 411 184 52 qu'André
1092 411 160 52 Rosaz
1215 411 74 52 et
1239 411 37 52 9

326 448 154 50 autres
433 448 215 50 (documents
602 448 169 50 curieux
725 448 123 50 pour
802 448 246 50 l’histoire),
1002 448 92 50 en
1048 448 123 50 tout
1125 448 92 50 24
1156 448 123 50 pièces

325 478 95 47 in-8°
389 478 63 47 et
420 478 95 47 in-4.
483 478 63 47 27
504 478 32 47 »

324 510 101 57 30.
381 510 159 57 ALSACE.
497 510 72 57 —
526 510 304 57 Haut-Rhin
787 510 145 57 Voyage
889 510 116 57 dans
961 510 87 57 ce
1005 510 232 57 département,
1179 510 101 57 1792,

326 550 116 47 carte
404 550 78 47 et
442 550 116 47 fig.,
520 550 155 47 rapports
636 550 78 47 de
675 550 245 47 Phclinés
882 550 78 47 et
920 550 181 47 Hérault
1062 550 220 47 Sechelles
1230 550 52 47 en

325 587 171 47 mission
450 587 124 47 dans
527 587 93 47 ce
574 587 249 47 déparfement,
776 587 186 47 rapports
916 587 109 47 sur
978 587 109 47 les
1040 587 217 47 évènements
1195 587 78 47 ar-

324 619 131 54 Fivés
412 619 73 54 à
441 619 146 54 Béfort
543 619 88 54 et
587 619 73 54 à
616 619 161 54 Colmar,
733 619 234 54 dénonciation
923 619 146 54 contre
1025 619 102 54 les
1069 619 204 54 aristocrates

331 651 226 54 d’Huningue,
512 651 196 54 faussetés
663 651 90 54 de
708 651 271 54 l’aristocratie
934 651 226 54 d’Huningue,
1115 651 90 54 la
1145 651 136 54 commune

334 691 300 51 d'Andolsheim
595 691 65 51 à
621 691 78 51 la
660 691 195 51 Couvention,
816 691 143 51 adresse
920 691 78 51 de
959 691 78 51 la
998 691 117 51 ville
1077 691 78 51 de
1103 691 182 51 Neuf

338 721 236 48 Brisack
537 721 124 48 lettre
624 721 75 48 au
661 721 87 48 roi
711 721 87 48 sur
761 721 75 48 lé
798 721 112 48 comte
873 721 75 48 de
910 721 224 48 Latour
1097 721 75 48 et
1134 721 87 48 les
1171 721 100 48 évène-

335 760 131 39 mients
426 760 78 39 de
466 760 144 39 Béfort,
570 760 118 39 1790,
648 760 144 39 adresse
753 760 65 39 d
779 760 248 39 Schwartz
988 760 78 39 et
1027 760 235 39 Bargum
1210 760 65 39 dé-

332 793 132 63 tenus
420 793 73 63 à
450 793 191 63 Huningue,
597 793 132 63 etc.,
685 793 88 63 et
729 793 73 63 2
758 793 147 63 pièces
861 793 162 63 signées
978 793 103 63 des
1022 793 250 63 administrateurs

328 828 83 53 ans
376 828 71 53 I1
411 828 71 53 et
447 828 83 53 VI,
494 828 71 53 20
530 828 119 53 pièces
613 828 107 53 in-8°
684 828 71 53 et
720 828 107 53 in-4°
791 828 83 53 br.
839 828 71 53 13
863 828 48 53 50

316 855 108 48 31.
377 855 201 48 BRETAGNE.
532 855 77 48 —
563 855 386 48 Côles-du-Nord
902 855 154 48 Voyage
1010 855 124 48 dans
1088 855 93 48 ce
1119 855 154 48 départe-

323 898 109 47 ment
391 898 122 47 1794,
473 898 122 47 iu-8e
554 898 122 47 carte
636 898 81 47 et
676 898 122 47 fig.,
758 898 95 47 les
812 898 163 47 citoyens
935 898 81 47 de
975 898 299 47 Port-Bricuc
1220 898 54 47 au

322 932 131 56 corps
410 932 219 56 législatif,
585 932 175 56 discours
716 932 102 56 sur
774 932 87 56 la
818 932 204 56 répression
978 932 87 56 du
1022 932 219 56 brigandage,
1183 932 87 56 etc.

324 972 116 59 une
391 972 149 59 pièce
490 972 165 59 signée
605 972 116 59 des
671 972 297 59 administrateus
919 972 99 59 en
968 972 132 59 l’an
1051 972 116 59 VI,
1117 972 99 59 10
1150 972 132 59 pièces

331 1002 99 44 in-8°
397 1002 66 44 et
430 1002 99 44 in-4.
495 1002 55 44 4
506 1002 33 44 »

315 1027 109 62 32.
378 1027 310 62 ILLE-ET-VILAINE.
641 1027 155 62 Voyage
750 1027 124 62 dans
828 1027 93 62 ce
874 1027 248 62 département,
1076 1027 140 62 1794,
1154 1027 124 62 in

327 1070 118 49 carte
406 1070 79 49 et
445 1070 118 49 fig.,
524 1070 144 49 rapport
628 1070 79 49 de
668 1070 223 49 Bazire
851 1070 92 49 sur
904 1070 79 49 la
943 1070 197 49 conjuration
1101 1070 79 49 de
1127 1070 144 49 Bretagne,

318 1108 160 55 adresse
435 1108 73 55 à
464 1108 248 55 la’Couvention
668 1108 102 55 par
727 1108 102 55 des
785 1108 175 55 sociétés
916 1108 88 55 de
960 1108 175 55 Bretons,
1077 1108 204 55 protestation

325 1141 94 61 de
372 1141 94 61 la
420 1141 189 61 noblesse
561 1141 94 61 et
608 1141 94 61 du
656 1141 157 61 clergé
766 1141 94 61 de
813 1141 204 61 Bretagne,
970 1141 189 61 discours
1112 1141 110 61 sur
1175 1141 94 61 la
1206 1141 63 61 no

324 1177 136 53 blèsse
420 1177 82 53 du
460 1177 191 53 Parlement,
610 1177 150 53 adresse
719 1177 95 53 aux
773 1177 163 53 Bretons,
896 1177 150 53 adresse
1005 1177 82 53 de
1032 1177 245 53 Phélippes

328 1214 109 50 dit
397 1214 233 50 Tronjoly
588 1214 123 50 etc.,
670 1214 150 50 adresse
780 1214 178 50 originale
916 1214 137 50 signéé
1012 1214 96 50 des
1067 1214 164 50 meinbres
1190 1214 82 50 de
1217 1214 55 50 la

325 1247 168 54 société
447 1247 107 54 des
508 1247 122 54 amis
584 1247 92 54 de
630 1247 92 54 la
676 1247 244 54 Constitution
874 1247 92 54 de
920 1247 214 54 Saint-Malo
1088 1247 76 54 à
1118 1247 92 54 M.
1149 1247 122 54 Dupor-

326 1281 137 55 tail,
417 1281 122 55 pour
493 1281 91 55 le
539 1281 198 55 féliciter
690 1281 91 55 de
736 1281 106 55 son
797 1281 198 55 avènement
949 1281 91 55 au
994 1281 213 55 ministère,
1161 1281 76 55 2
1177 1281 106 55 pages

324 1315 178 48 in-fol.,
458 1315 89 48 et
502 1315 74 48 2
532 1315 148 48 pièces
636 1315 163 48 signées
755 1315 104 48 des
814 1315 282 48 administrateurs
1051 1315 89 48 du
1081 1315 193 48 département

324 1354 81 36 ans
371 1354 69 36 II
405 1354 69 36 et
440 1354 81 36 VI.
486 1354 69 36 42
521 1354 115 36 pièces
601 1354 115 36 in-8°.
682 1354 69 36 11
705 1354 35 36 »

310 1384 105 58 33.
370 1384 210 58 FINISTÈRE.
535 1384 150 58 Voyage
640 1384 120 58 dans
715 1384 90 58 ce
760 1384 240 58 département,
956 1384 135 58 in-8e
1046 1384 135 58 carte
1136 1384 90 58 et
1166 1384 105 58 fig.,

325 1423 158 50 rapport
439 1423 86 50 de
482 1423 86 50 la
525 1423 172 50 inission
654 1423 86 50 de
697 1423 158 50 Jean
812 1423 100 50 Bon
869 1423 272 50 Saint-André
1098 1423 72 50 à
1127 1423 143 50 Brest,
1212 1423 72 50 les

323 1459 180 50 Brestois
458 1459 105 50 aux
518 1459 210 50 Parisiens,
684 1459 165 50 adresse
804 1459 105 50 des
864 1459 120 50 amis
939 1459 90 50 de
984 1459 90 50 la
1029 1459 241 50 Constitution
1210 1459 60 50 de

320 1489 154 57 Brest,
428 1489 93 57 le
474 1489 139 57 diner
566 1489 93 57 du
613 1489 201 57 grénadier
767 1489 77 57 à
798 1489 154 57 Brest,
906 1489 170 57 rapport
1029 1489 93 57 et
1060 1489 216 57 compte

324 1525 80 52 de
364 1525 252 52 Scvestre
576 1525 80 52 eù
616 1525 146 52 missjon
722 1525 66 52 à
748 1525 133 52 Brest,
841 1525 186 52 impostures
987 1525 80 52 de
1027 1525 173 52 Sevestre,
1160 1525 93 52 les
1200 1525 66 52 ci-

329 1560 148 50 toyelis
436 1560 202 50 Castelneau,
598 1560 175 50 Trouille,
732 1560 121 50 etc.,
813 1560 67 50 à
840 1560 81 50 la
880 1560 202 50 Convention,
1041 1560 121 50 N.
1109 1560 161 50 Cambaz

332 1593 103 46 uré
391 1593 88 46 au
435 1593 176 46 fribunal
567 1593 88 46 de
611 1593 147 46 Brest,
713 1593 161 46 mémoire
830 1593 117 46 pour
904 1593 234 46 Buhot
1094 1593 88 46 de
1123 1593 147 46 Quimper,

318 1636 191 44 jugement
461 1636 96 44 du
509 1636 191 44 tribunal
653 1636 303 44 révolutionnaire
908 1636 96 44 de
955 1636 143 44 Brest
1051 1636 96 44 du
1099 1636 80 44 3
1115 1636 159 44 prairial

317 1675 86 44 an
360 1675 100 44 II,
417 1675 229 44 dénonciation
603 1675 86 44 de
646 1675 86 44 la
689 1675 172 44 conduite
817 1675 143 44 atrocé
917 1675 86 44 de
960 1675 86 44 ce
1003 1675 186 44 tribunal,
1146 1675 100 44 ses
1189 1675 86 44 cri-

316 1700 108 55 més
377 1700 185 55 dénoncés
516 1700 92 55 au
562 1700 154 55 peuple
670 1700 108 55 par
732 1700 108 55 les
793 1700 170 55 députés
917 1700 92 55 de
963 1700 154 55 Brest,
1071 1700 139 55 pièce
1148 1700 123 55 signée

323 1739 84 43 par
371 1739 84 43 les
419 1739 228 43 administrateurs
610 1739 72 43 en
646 1739 96 43 l’an
706 1739 84 43 VI,
754 1739 72 43 et
790 1739 108 43 L.
862 1739 72 43 a.
898 1739 120 43 s.
982 1739 72 43 de
1018 1739 239 43 Verteuil
1209 1739 60 43 ac-

321 1779 176 45 cusateur
453 1779 146 45 public
556 1779 88 45 au
600 1779 176 45 tribunal
731 1779 88 45 de
775 1779 146 45 Brest,
878 1779 132 45 datée
966 1779 88 45 de
1009 1779 88 45 la
1053 1779 146 45 maison
1141 1779 132 45 d’arrêt

318 1804 175 48 (PEvreux,
452 1804 81 48 an
493 1804 81 48 J,
533 1804 94 48 par
587 1804 162 48 laquelle
708 1804 81 48 il
748 1804 175 48 sollicite
883 1804 81 48 sa
923 1804 108 48 mise
991 1804 81 48 en
1031 1804 162 48 liberté,
1139 1804 67 48 une

327 1841 99 50 pâge
389 1841 149 50 in-fol.,
501 1841 75 50 en
538 1841 99 50 fout
600 1841 75 50 20
637 1841 124 50 pièces
724 1841 112 50 in-8°
799 1841 75 50 et
836 1841 124 50 in-4°.
923 1841 75 50 16
948 1841 37 50 »

319 1871 99 51 34.
375 1871 197 51 MORBIIIAN.
530 1871 141 51 Voyage
629 1871 113 51 dans
699 1871 84 51 ce
741 1871 225 51 département,
924 1871 127 51 in-8,
1009 1871 127 51 carte
1093 1871 84 51 et
1135 1871 127 51 fig.,
1206 1871 70 51 re-

325 1911 150 50 lation
430 1911 90 50 dé
475 1911 90 50 ce
520 1911 105 50 qui
580 1911 135 50 s’est
670 1911 135 50 passé
760 1911 75 50 à
790 1911 165 50 Lorient
911 1911 105 50 aux
971 1911 180 50 citoyens
1106 1911 90 50 de
1136 1911 135 50 Vannes,

326 1949 94 43 par
379 1949 269 43 Lequinio
608 1949 148 43 mémoire
715 1949 107 43 pour
782 1949 242 43 Verlac
984 1949 188 43 professeur
1132 1949 67 43 à
1145 1949 121 43 Vannes,

320 1984 167 46 lêttre,
441 1984 167 46 mémoiré
562 1984 91 46 et
608 1984 167 46 adresse
729 1984 106 46 des
789 1984 167 46 députés
911 1984 91 46 de
956 1984 167 46 Lorient
1077 1984 76 46 à
1107 1984 91 46 la
1138 1984 136 46 Conven-

325 2013 130 63 tion,
411 2013 130 63 etc.,
498 2013 115 63 deux
570 2013 144 63 pièces
671 2013 159 63 signées
786 2013 101 63 par
844 2013 101 63 les
902 2013 289 63 administrateurs,
1147 2013 101 63 ans
1205 2013 72 63 v
1219 2013 58 63 et

325 2048 85 49 VI,
373 2048 73 49 20
410 2048 122 49 pièces
495 2048 97 49 in-8
556 2048 73 49 et
592 2048 109 49 in-4.
665 2048 61 49 7
677 2048 49 49 50

328 2077 107 56 35.
389 2077 137 56 LOIRE
480 2077 228 56 INFÉRIEURE.
663 2077 152 56 Voyage
769 2077 122 56 dans
846 2077 91 56 ce
891 2077 244 56 département,
1089 2077 137 56 1794,
1165 2077 107 56 in

325 2125 128 42 carte
410 2125 85 42 et
453 2125 128 42 fig.,
538 2125 100 42 vie
595 2125 270 42 révolutionnaire
823 2125 100 42 des
880 2125 242 42 sans-culottes
1079 2125 85 42 de
1122 2125 85 42 la
1150 2125 128 42 société

326 2156 183 48 populaire
467 2156 296 48 d'Ancenis
721 2156 155 48 rappert
834 2156 99 48 des
890 2156 226 48 commissaires
1074 2156 85 48 de
1116 2156 85 48 la
1144 2156 127 48 conven-

322 2193 133 47 tion,
411 2193 163 47 envoyés
530 2193 119 47 dans
604 2193 89 47 ce
648 2193 237 47 département,
841 2193 237 47 obseryations
1034 2193 104 47 sur
1093 2193 89 47 le
1123 2193 148 47 prétendu

324 2224 239 53 fédéralisine
518 2224 90 53 du
563 2224 239 53 départemenf,
757 2224 104 53 les
816 2224 239 53 républicains
1010 2224 90 53 de
1055 2224 90 53 la
1100 2224 164 53 société
1204 2224 75 53 po-

332 2253 89 52 pulaire
397 2253 48 52 de
421 2253 81 52 Nantes
477 2253 40 52 à
494 2253 48 52 la
518 2253 121 52 convention,
615 2253 97 52 pétition
687 2253 57 52 dés
720 2253 81 52 gardes
768 2253 81 52 nationa-

324 2295 101 58 les
381 2295 86 58 de
424 2295 144 58 Nantes
525 2295 86 58 en
568 2295 144 58 faveur
669 2295 86 58 de
712 2295 86 58 la
755 2295 129 58 veuva
841 2295 288 58 Bonchamp
1086 2295 173 58 féponses
1201 2295 72 58 des
