1779 2207
1468 21 261 79 JAPON

350 474 227 44 Commissaire
531 474 166 44 Général
652 474 76 44 :
682 474 211 44 Toshiro
833 474 136 44 Uno

347 494 245 66 Secrétaire
539 494 262 66 d’Ambassade
749 494 175 66 chargé
871 494 122 66 des
941 494 210 66 Affaires
1081 494 227 66 Culturelles

348 541 147 49 près
439 541 275 49 l’Ambassade
659 541 110 49 du
714 541 165 49 Japon
824 541 92 49 à
842 541 147 49 Paris.

188 807 117 62 Il
246 807 136 62 est
324 807 156 62 bien
421 807 117 62 de
480 807 175 62 notre
597 807 195 62 époque
733 807 136 62 que
811 807 136 62 des
889 807 234 62 artistes
1064 807 117 62 se
1123 807 292 62 rencontrent
1356 807 156 62 d’un
1454 807 156 62 bout
1532 807 58 62 à

149 856 212 59 l’autre
303 856 115 59 du
360 856 173 59 monde
476 856 154 59 dans
572 856 115 59 un
630 856 231 59 concours
803 856 250 59 stimulant
995 856 115 59 et
1053 856 250 59 fructueux
1246 856 173 59 comme
1361 856 173 59 celui
1477 856 115 59 de
1515 856 77 59 la

151 914 93 57 «
189 914 224 57 Biennale
357 914 112 57 de
413 914 168 57 Paris
525 914 112 57 ».
581 914 112 57 Je
637 914 150 57 suis
731 914 150 57 très
824 914 206 57 heureux
974 914 112 57 de
1030 914 243 57 présenter
1217 914 150 57 dans
1311 914 168 57 cette
1404 914 187 57 confron-

149 953 178 64 tation
274 953 320 64 internationale
541 953 125 64 nos
612 953 178 64 jeunes
736 953 302 64 représentants
985 953 89 64 —
1021 953 160 64 trois
1128 953 213 64 peintres
1288 953 107 64 et
1341 953 142 64 sept
1412 953 178 64 graveurs

148 1013 100 49 —
188 1013 140 49 qui
268 1013 161 49 sont
369 1013 181 49 comme
489 1013 140 49 des
569 1013 261 49 messagers
770 1013 221 49 envoyés
931 1013 120 49 en
991 1013 221 49 mission
1151 1013 241 49 spéciale
1332 1013 161 49 pour
1412 1013 181 49 montrer

150 1057 214 57 combien
305 1057 136 57 les
383 1057 351 57 préoccupations
676 1057 136 57 des
754 1057 195 57 jeunes
890 1057 234 57 artistes
1066 1057 117 57 au
1124 1057 175 57 Japon
1241 1057 156 57 sont
1339 1057 273 57 identiques
1534 1057 58 57 à

151 1093 183 68 celles
279 1093 110 68 de
333 1093 164 68 leurs
443 1093 237 68 confrères
625 1093 274 68 occidentaux
844 1093 110 68 et
899 1093 219 68 pourtant
1064 1093 201 68 combien
1210 1093 128 68 les
1283 1093 237 68 solutions
1447 1093 146 68 qu’ils

151 1141 250 57 proposent
343 1141 154 57 sont
439 1141 308 57 différentes.
690 1141 115 57 En
747 1141 212 57 Europe,
901 1141 115 57 on
959 1141 250 57 s’imagine
1151 1141 212 57 souvent
1305 1141 173 57 qu’au
1421 1141 173 57 Japon
1517 1141 77 57 de

148 1197 188 49 jeunes
280 1197 225 49 peintres
448 1197 113 49 de
505 1197 113 49 la
561 1197 225 49 nouvelle
730 1197 263 49 génération
936 1197 150 49 sont
1030 1197 131 49 mal
1105 1197 94 49 à
1142 1197 206 49 l’aise,
1292 1197 244 49 écartelés
1461 1197 131 49 comme

152 1236 128 58 ils
225 1236 146 58 sont
316 1236 164 58 entre
426 1236 128 58 les
499 1236 146 58 deux
590 1236 183 58 excès:
718 1236 164 58 celui
828 1236 110 58 de
883 1236 292 58 l’esthétique
1120 1236 329 58 traditionnelle
1394 1236 164 58 d’une
1485 1236 110 58 part

152 1287 107 56 et
206 1287 160 56 celui
312 1287 107 56 de
366 1287 267 56 l’influence
579 1287 267 56 occidentale
793 1287 107 56 de
846 1287 213 56 l’autre.
1006 1287 107 56 Ce
1059 1287 160 56 point
1166 1287 107 56 de
1219 1287 125 56 vue
1291 1287 125 56 est
1362 1287 107 56 la
1415 1287 142 56 fois
1486 1287 107 56 vrai

152 1338 108 51 et
206 1338 162 51 faux.
314 1338 108 51 Il
368 1338 126 51 est
440 1338 162 51 vrai,
548 1338 108 51 en
602 1338 108 51 ce
656 1338 162 51 sens,
764 1338 162 51 qu’il
872 1338 180 51 existe
999 1338 108 51 au
1053 1338 162 51 Japon
1161 1338 126 51 une
1233 1338 234 51 puissante
1395 1338 198 51 tradition

150 1369 273 60 artistique
365 1369 195 60 encore
502 1369 215 60 vivante
658 1369 98 60 —
697 1369 313 60 heureusement
951 1369 98 60 —
990 1369 117 60 et
1049 1369 176 60 qu’en
1166 1369 156 60 même
1264 1369 176 60 temps
1381 1369 137 60 nos
1440 1369 156 60 jeunes

150 1419 231 62 artistes
323 1419 154 62 sont
419 1419 289 62 extrêmement
650 1419 250 62 sensibles
843 1419 96 62 à
881 1419 154 62 tout
977 1419 115 62 ce
1035 1419 135 62 qui
1112 1419 115 62 se
1170 1419 173 62 passe
1285 1419 115 62 en
1343 1419 192 62 Europe
1478 1419 115 62 et
1516 1419 77 62 en

152 1473 250 52 Amérique.
344 1473 173 52 Mais,
460 1473 154 52 loin
556 1473 270 52 d’entraver
768 1473 173 52 leurs
884 1473 270 52 activités,
1095 1473 135 52 ces
1172 1473 173 52 excès
1288 1473 270 52 chaotiques
1480 1473 116 52 sont

157 1514 228 55 d’heureux
333 1514 246 55 stimulants
526 1514 140 55 pour
614 1514 123 55 nos
684 1514 175 55 jeunes
807 1514 228 55 peintres,
982 1514 123 55 qui
1052 1514 88 55 y
1087 1514 193 55 puisent
1228 1514 175 55 chacun
1350 1514 105 55 la
1385 1514 211 55 nourriture

152 1560 270 56 convenable
364 1560 154 56 pour
460 1560 270 56 développer
672 1560 270 56 pleinement
884 1560 154 56 leur
980 1560 327 56 personnalité.
1249 1560 135 56 Car
1326 1560 173 56 c’est
1442 1560 154 56 bien
1519 1560 77 56 la

155 1613 285 50 personnalité
386 1613 231 50 originale
564 1613 125 50 des
635 1613 213 50 artistes
796 1613 125 50 qui
867 1613 196 50 compte.
1009 1613 213 50 Laissons
1169 1613 142 50 donc
1258 1613 107 50 de
1311 1613 142 50 côté
1400 1613 107 50 de
1436 1613 160 50 faciles

153 1654 263 50 imitations
360 1654 131 50 que
435 1654 150 50 l’on
528 1654 188 50 trouve
660 1654 225 50 toujours
828 1654 225 50 partout;
997 1654 225 50 laissons
1166 1654 244 50 également
1353 1654 131 50 cet
1410 1654 188 50 exotisme

154 1693 114 61 un
211 1693 133 61 peu
287 1693 209 61 pompeux
439 1693 133 61 qui
515 1693 228 61 convient
685 1693 152 61 plus
780 1693 114 61 au
837 1693 228 61 tourisme
1008 1693 152 61 qu’à
1103 1693 190 61 l’art.
1236 1693 190 61 Alors,
1368 1693 152 61 vous
1444 1693 152 61 verrez

155 1752 135 50 que
232 1752 135 50 nos
309 1752 231 50 artistes
482 1752 154 50 sont
578 1752 173 50 aussi
693 1752 192 50 hardis
828 1752 154 50 dans
924 1752 154 50 leur
1020 1752 250 50 aventure,
1212 1752 173 50 aussi
1328 1752 231 50 sincères
1482 1752 115 50 dans

155 1793 164 59 leurs
264 1793 256 59 recherches
465 1793 110 59 et
520 1793 164 59 aussi
630 1793 238 59 créateurs
812 1793 146 59 dans
904 1793 146 59 leur
995 1793 201 59 travail
1141 1793 128 59 que
1214 1793 128 59 les
1287 1793 219 59 artistes
1434 1793 164 59 contem-

153 1841 227 57 porains
318 1841 124 57 de
359 1841 268 57 l’Occident.

1319 1929 236 98 Toshiro
1469 1929 129 98 Uno.

1422 2121 96 62 71
