1818 2207
264 15 281 76 IRLANDE

578 832 231 70 Commissaire
762 832 185 70 Général:
901 832 185 70 James
1024 832 169 70 White

575 885 286 45 Conservateur
808 885 107 45 en
844 885 107 45 Chef

575 909 109 63 du
629 909 164 63 Musée
738 909 164 63 d’Art
848 909 200 63 Moderne
993 909 109 63 de
1029 909 164 63 Dublin.

421 1192 102 61 En
472 1192 256 61 choisissant
677 1192 171 61 quatre
796 1192 222 61 peintres,
967 1192 102 61 un
1018 1192 188 61 graveur
1154 1192 102 61 et
1205 1192 136 61 deux
1291 1192 239 61 sculpteurs
1478 1192 136 61 pour
1546 1192 222 61 représenter

385 1247 214 68 l’Irlande
549 1247 82 68 à
582 1247 99 68 la
632 1247 198 68 Biennale
780 1247 99 68 de
830 1247 165 68 Paris,
945 1247 148 68 notre
1044 1247 115 68 but
1110 1247 82 68 a
1143 1247 115 68 été
1209 1247 99 68 de
1258 1247 181 68 montrer
1390 1247 165 68 quelle
1505 1247 115 68 est
1571 1247 99 68 la
1604 1247 165 68 tendance

381 1305 231 50 dominante
559 1305 249 50 culturelle
755 1305 125 50 des
826 1305 178 50 jeunes
951 1305 214 50 artistes
1111 1305 249 50 irlandais.
1307 1305 125 50 Ils
1378 1305 267 50 s’efforcent
1592 1305 107 50 de
1628 1305 142 50 rendre

381 1356 125 48 des
452 1356 178 48 thèmes
577 1356 267 48 figuratifs,
791 1356 89 48 à
826 1356 178 48 l’aide
951 1356 160 48 d’une
1058 1356 231 48 technique
1236 1356 338 48 expressionniste
1521 1356 107 48 et
1574 1356 196 48 fluide,
1699 1356 71 48 le

379 1410 167 53 sujet
491 1410 222 53 occupant
657 1410 222 53 toujours
824 1410 111 53 la
880 1410 222 53 première
1046 1410 167 53 place
1158 1410 148 53 dans
1250 1410 148 53 leur
1343 1410 204 53 esprit.
1491 1410 111 53 En
1547 1410 148 53 même
1621 1410 148 53 temps,

379 1452 107 56 la
433 1452 196 56 matière
575 1452 107 56 et
629 1452 107 56 le
683 1452 250 56 traitement
879 1452 107 56 de
932 1452 161 56 cette
1039 1452 196 56 matière
1182 1452 232 56 demeurent
1361 1452 107 56 le
1414 1452 161 56 souci
1521 1452 250 56 primordial
1700 1452 71 56 de

379 1497 256 61 l’artiste.
580 1497 183 61 Autant
708 1497 146 61 dire
800 1497 128 61 que
873 1497 128 61 les
946 1497 256 61 recherches
1148 1497 183 61 faites
1276 1497 146 61 dans
1367 1497 110 61 le
1422 1497 201 61 domaine
1569 1497 183 61 obscur
1678 1497 92 61 des

377 1548 236 82 couleurs
554 1548 118 82 ou
613 1548 196 82 autres
751 1548 236 82 matières
927 1548 118 82 ne
986 1548 157 82 sont
1085 1548 196 82 qu’une
1222 1548 255 82 tentative
1418 1548 157 82 pour
1517 1548 255 82 découvrir
1693 1548 79 82 un

376 1601 250 62 spécimen
564 1601 229 62 nouveau
730 1601 125 62 et
772 1601 146 62 rare.

415 1655 239 65 L’artiste
598 1655 239 65 irlandais
782 1655 92 65 a
818 1655 220 65 toujours
984 1655 110 65 vu
1039 1655 110 65 le
1094 1655 165 65 monde
1204 1655 92 65 à
1241 1655 202 65 travers
1388 1655 110 65 le
1443 1655 184 65 rythme
1553 1655 220 65 mystérieux

379 1700 172 78 d’une
494 1700 210 78 mélodie
646 1700 306 78 mélancolique
895 1700 115 78 ou
952 1700 172 78 d’une
1067 1700 172 78 piété
1182 1700 248 78 médiévale
1373 1700 287 78 désespérée.
1602 1700 115 78 Le
1640 1700 134 78 poète

379 1748 109 74 et
433 1748 109 74 le
488 1748 163 74 moine
597 1748 145 74 sont
688 1748 218 74 invoqués
851 1748 145 74 tour
942 1748 91 74 à
978 1748 163 74 tour.
1087 1748 163 74 Cette
1196 1748 236 74 situation
1378 1748 127 74 n’a
1450 1748 163 74 guère
1559 1748 182 74 évolué
1668 1748 109 74 mais

382 1814 147 68 s’est
480 1814 180 68 libérée
611 1814 98 68 de
660 1814 164 68 toutes
775 1814 115 68 les
840 1814 262 68 restrictions
1053 1814 246 68 théâtrales.
1250 1814 213 68 L’artiste
1414 1814 262 68 contemporain
1627 1814 82 68 a
1643 1814 131 68 rejeté

378 1858 138 59 tous
464 1858 121 59 les
533 1858 224 59 artifices
706 1858 104 59 de
758 1858 104 59 la
809 1858 259 59 rhétorique.
1016 1858 104 59 Il
1068 1858 138 59 peut
1155 1858 242 59 maintenant
1344 1858 224 59 s’adonner
1517 1858 86 59 à
1552 1858 104 59 la
1586 1858 190 59 recherche

381 1906 140 83 d’un
468 1906 227 83 équilibre
643 1906 227 83 approprié
817 1906 157 83 entre
922 1906 105 83 la
974 1906 157 83 forme
1079 1906 105 83 et
1132 1906 105 83 la
1184 1906 210 83 matière,
1341 1906 157 83 entre
1446 1906 279 83 l’expression
1673 1906 105 83 et
1708 1906 70 83 la

361 1950 255 63 découverte.

422 2094 100 70 60
