1818 2207
237 19 346 83 URUGUAV

602 718 250 54 Commissaire
803 718 184 54 Général
936 718 83 54 :
970 718 234 54 Alberto
1137 718 250 54 Vigouroux

598 761 255 44 Président
794 761 117 44 de
853 761 117 44 la
892 761 235 44 Commission

603 795 227 56 Nationale
777 795 122 56 des
830 795 227 56 Beaux

446 1175 230 77 L’Uruguay
623 1175 159 77 vient
730 1175 142 77 pour
818 1175 106 77 la
871 1175 212 77 première
1031 1175 142 77 fois
1119 1175 89 77 à
1155 1175 106 77 la
1208 1175 212 77 Biennale
1367 1175 106 77 de
1420 1175 159 77 Paris
1526 1175 142 77 pour
1597 1175 195 77 présenter

413 1233 200 62 l’œuvre
558 1233 109 62 de
613 1233 145 62 deux
703 1233 109 62 de
758 1233 127 62 ses
831 1233 218 62 artistes
994 1233 127 62 les
1067 1233 145 62 plus
1157 1233 163 62 doués
1266 1233 109 62 de
1321 1233 109 62 la
1375 1233 218 62 dernière
1539 1233 254 62 promotion,
1720 1233 73 62 le

413 1288 207 73 peintre
564 1288 151 73 José
658 1288 207 73 Gamarra
809 1288 113 73 et
865 1288 113 73 le
922 1288 207 73 graveur
1073 1288 188 73 Glauco
1186 1288 226 73 Capozzoli.

443 1329 154 61 Tous
539 1329 154 61 deux
635 1329 135 61 ont
713 1329 135 61 été
790 1329 135 61 les
867 1329 231 61 lauréats
1040 1329 116 61 du
1098 1329 231 61 concours
1272 1329 231 61 effectué
1445 1329 135 61 par
1522 1329 116 61 la
1561 1329 231 61 Commission

417 1386 239 66 Nationale
600 1386 129 66 des
674 1386 276 66 Beaux-Arts,
894 1386 147 66 pour
986 1386 294 66 sélectionner
1225 1386 129 66 les
1299 1386 202 66 auteurs
1446 1386 221 66 destinés
1611 1386 92 66 à
1630 1386 165 66 figurer

415 1442 144 59 dans
505 1442 162 59 cette
613 1442 252 59 importante
811 1442 306 59 manifestation
1046 1442 306 59 internationale.

448 1478 247 78 Capozzoli
638 1478 133 78 est
714 1478 114 78 un
771 1478 285 78 infatigable
999 1478 247 78 chercheur
1188 1478 114 78 de
1245 1478 266 78 vocations,
1454 1478 114 78 de
1511 1478 228 78 matières
1682 1478 114 78 et
1720 1478 76 78 de

417 1548 304 61 possibilités.
668 1548 107 61 Il
722 1548 251 61 renouvelle
919 1548 107 61 ou
972 1548 107 61 il
1026 1548 143 61 crée
1116 1548 125 61 des
1187 1548 269 61 techniques,
1402 1548 107 61 ou
1456 1548 179 61 encore
1581 1548 125 61 ses
1635 1548 161 61 propres

417 1587 249 65 méthodes,
609 1587 153 65 dans
704 1587 115 65 le
762 1587 134 65 but
839 1587 115 65 de
896 1587 192 65 donner
1030 1587 96 65 à
1069 1587 134 65 ses
1145 1587 230 65 gravures
1318 1587 115 65 ou
1375 1587 96 65 à
1414 1587 134 65 ses
1490 1587 307 65 impressions,
1720 1587 77 65 le

419 1650 197 50 maximum
562 1650 107 50 de
616 1650 197 50 qualité
759 1650 143 50 dans
849 1650 287 50 l’exécution,
1082 1650 107 50 en
1135 1650 215 50 essayant
1297 1650 107 50 de
1350 1650 197 50 trouver
1494 1650 215 50 toujours
1655 1650 107 50 le
1691 1650 107 50 pro-

418 1685 175 74 cessus
540 1685 122 74 qui
610 1685 227 74 convienne
784 1685 105 74 le
837 1685 157 74 mieux
942 1685 87 74 à
977 1685 297 74 l’orientation
1221 1685 105 74 de
1274 1685 122 74 son
1344 1685 175 74 œuvre.
1466 1685 157 74 C’est
1571 1685 105 74 un
1606 1685 192 74 excellent

418 1739 280 70 dessinateur
642 1739 131 70 qui
717 1739 149 70 rend
810 1739 112 70 la
866 1739 205 70 réalité
1015 1739 149 70 dans
1108 1739 131 70 des
1183 1739 261 70 dimensions
1388 1739 261 70 poétiques,
1593 1739 112 70 en
1630 1739 168 70 animant

420 1805 313 63 d’expressives
678 1805 221 63 estampes
825 1805 203 63 lyriques.

451 1840 195 68 Gamarra
593 1840 124 68 est
664 1840 106 68 la
717 1840 142 68 plus
806 1840 195 68 récente
948 1840 248 68 révélation
1143 1840 106 68 de
1196 1840 160 68 cette
1302 1840 231 68 nombreuse
1480 1840 195 68 pléiade
1622 1840 124 68 qui
1675 1840 124 68 écrit

418 1893 110 58 la
473 1893 147 58 plus
565 1893 166 58 jeune
675 1893 147 58 page
767 1893 110 58 de
823 1893 110 58 la
878 1893 221 58 peinture
1043 1893 294 58 uruguayenne.
1283 1893 202 58 Peintre
1430 1893 221 58 sérieux,
1596 1893 110 58 il
1632 1893 166 58 insiste

419 1952 197 70 depuis
557 1952 237 70 quelques
735 1952 197 70 années
873 1952 158 70 dans
972 1952 118 70 la
1031 1952 335 70 consolidation
1307 1952 178 70 d’une
1425 1952 276 70 expression
1622 1952 178 70 pouvant

465 2120 107 64 116
