1818 2207
264 9 536 65 GRANDE

424 98 218 91 constant,
592 98 117 91 les
659 98 184 91 moitiés
793 98 201 91 jumelles
943 98 100 91 de
994 98 117 91 ses
1061 98 218 91 tableaux.
1228 98 117 91 Une
1295 98 201 91 relation
1446 98 167 91 active
1546 98 201 91 comparable

424 171 151 63 entre
525 171 100 63 le
575 171 151 63 geste
675 171 100 63 du
726 171 184 63 peintre
860 171 100 63 et
910 171 184 63 l’image
1044 171 151 63 créée
1144 171 100 63 se
1194 171 218 63 rencontre
1362 171 218 63 également
1529 171 134 63 dans
1596 171 151 63 l’œutie

423 210 111 76 de
478 210 203 76 Richard
625 210 184 76 Smith.
754 210 147 76 Bien
846 210 129 76 que
920 210 129 76 ses
994 210 184 76 images
1123 210 184 76 soient
1252 210 203 76 peintes
1399 210 147 76 avec
1491 210 129 76 une
1546 210 203 76 sensualté

425 270 215 68 nerveuse,
591 270 99 68 sa
641 270 166 68 touche
757 270 182 68 définit
889 270 116 68 des
956 270 166 68 formes
1072 270 149 68 d’une
1171 270 249 68 remarquable
1370 270 249 68 régularité.
1569 270 99 68 Il
1602 270 149 68 établit

423 322 120 71 des
492 322 189 71 figures
629 322 258 71 symétriques
836 322 103 71 ou
887 322 224 71 répétées,
1060 322 103 71 en
1111 322 172 71 partie
1232 322 207 71 enlevées
1387 322 120 71 par
1455 322 103 71 la
1507 322 189 71 facture
1645 322 103 71 et
1679 322 69 71 en

426 372 158 69 partie
537 372 126 69 vues
615 372 79 69 à
647 372 173 69 travers
773 372 95 69 la
820 372 173 69 touche.
946 372 268 69 L’interaction
1167 372 95 69 du
1214 372 142 69 geste
1309 372 95 69 et
1356 372 95 69 de
1403 372 221 69 l’illusion
1577 372 126 69 est,
1640 372 110 69 encor

423 424 119 72 une
491 424 153 72 fois,
593 424 102 72 un
644 424 153 72 signe
746 424 102 72 de
798 424 187 72 l’éveil
934 424 102 72 du
985 424 204 72 jugement
1138 424 204 72 pictural
1291 424 119 72 des
1359 424 204 72 peintres
1496 424 255 72 britanniques.

457 466 182 76 L’image
590 466 149 76 qu’on
689 466 99 76 se
739 466 149 76 forme
839 466 83 76 à
872 466 232 76 l’étranger
1054 466 99 76 de
1104 466 149 76 l’art
1203 466 182 76 anglais
1336 466 83 76 a
1369 466 215 76 tellement
1535 466 199 76 souligné
1667 466 83 76 les

423 533 219 66 relations
591 533 101 66 de
642 533 151 66 notre
743 533 118 66 art
810 533 134 66 avec
894 533 101 66 la
944 533 84 66 «
978 533 252 66 littérature
1180 533 84 66 »
1213 533 101 66 ou
1264 533 134 66 avec
1348 533 101 66 la
1398 533 185 66 nature,
1533 533 118 66 que
1583 533 168 66 d’autres

422 578 192 61 aspects
561 578 122 61 des
631 578 192 61 travaux
771 578 192 61 récents
911 578 140 61 sont
998 578 157 61 moins
1103 578 245 61 familiers.
1296 578 105 61 Il
1348 578 87 61 y
1383 578 87 61 a
1418 578 122 61 eu,
1488 578 122 61 par
1558 578 210 61 exemple,
1698 578 52 61 à

419 632 195 58 travers
561 632 177 58 toutes
685 632 124 58 les
756 632 177 58 années
881 632 160 58 1950,
987 632 106 58 un
1040 632 177 58 emploi
1164 632 248 58 persistant
1360 632 106 58 et
1413 632 213 58 inventif
1573 632 106 58 du
1608 632 142 58 colage

423 688 180 54 utilisé
554 688 98 54 de
603 688 197 54 diverses
750 688 180 54 façons.
881 688 98 54 La
931 688 197 54 fonction
1078 688 98 54 et
1127 688 246 54 l’apparence
1324 688 246 54 originelles
1521 688 115 54 des
1570 688 180 54 matériaux

420 729 177 62 collés
544 729 160 62 étant
651 729 160 62 moins
757 729 266 62 importantes
970 729 124 62 que
1041 729 142 62 leur
1129 729 319 62 transformation
1395 729 266 62 esthétique.
1590 729 160 62 Guythet

423 791 157 53 Irwin
527 791 210 53 emprunte
685 791 105 53 le
737 791 175 53 papier
860 791 192 53 destiné
1000 791 87 53 à
1035 791 122 53 ses
1105 791 210 53 collages
1262 791 122 53 aux
1332 791 350 53 panneaux-réclame
1630 791 105 53 et
1665 791 87 53 aux

418 830 120 60 tas
486 830 239 60 d’affiches
674 830 137 60 hors
760 830 205 60 d’usage,
914 830 137 60 puis
999 830 103 60 il
1051 830 188 60 utilise
1188 830 103 60 le
1239 830 120 60 dos
1307 830 103 60 de
1359 830 120 60 ces
1427 830 205 60 bouchons
1581 830 103 60 de
1615 830 137 60 papier

417 882 128 60 aux
490 882 238 60 multiples
673 882 220 60 niveaux,
838 882 275 60 déchiquetés
1057 882 110 60 et
1112 882 256 60 assemblés.
1314 882 110 60 Il
1369 882 256 60 transforme
1570 882 110 60 le
1607 882 146 60 papier

415 946 111 57 en
471 946 130 57 une
545 946 241 57 substance
731 946 241 57 homogène,
916 946 185 57 fondue
1046 946 111 57 et
1102 946 223 57 modifiée
1269 946 167 57 d’une
1380 946 204 57 manière
1510 946 241 57 puissamment

417 997 245 53 picturale,
610 997 210 53 obtenant
768 997 123 53 une
838 997 193 53 surface
978 997 158 53 aussi
1083 997 210 53 délicate
1241 997 105 53 et
1293 997 210 53 flexible
1451 997 123 53 que
1521 997 105 53 de
1574 997 105 53 la
1609 997 140 53 chair.

416 1048 220 53 L’emploi
580 1048 128 53 par
654 1048 183 53 Harold
782 1048 183 53 Cohen,
910 1048 146 53 dans
1001 1048 128 53 ses
1075 1048 238 53 tableaux,
1258 1048 110 53 de
1313 1048 183 53 bandes
1441 1048 110 53 de
1496 1048 183 53 toile,
1606 1048 146 53 débuta

415 1094 163 52 comme
523 1094 108 52 un
578 1094 163 52 moyen
686 1094 235 52 empirique
867 1094 235 52 d’effacer
1047 1094 126 52 des
1120 1094 217 52 surfaces
1282 1094 126 52 non
1354 1094 343 52 satisfaisantes,
1626 1094 126 52 maisl

415 1146 160 58 s’est
522 1146 250 58 maintenant
718 1146 232 58 développé
896 1146 107 58 en
950 1146 196 58 élément
1093 1146 267 58 constitutif
1306 1146 107 58 de
1360 1146 214 58 l’œuvre.
1520 1146 125 58 Les
1574 1146 178 58 morceaux

418 1197 171 57 peints
538 1197 103 57 et
589 1197 120 57 les
657 1197 205 57 rangées,
811 1197 222 57 pareilles
982 1197 86 57 à
1017 1197 120 57 des
1085 1197 205 57 strates,
1239 1197 120 57 des
1307 1197 171 57 bandes
1427 1197 205 57 collées,
1581 1197 137 57 sont
1649 1197 103 57 unis

416 1244 147 62 dans
507 1244 110 62 un
562 1244 220 62 contexte
709 1244 202 62 pictural.

447 1305 149 52 Seul
541 1305 168 52 parmi
652 1305 130 52 ces
727 1305 242 52 peintres,
913 1305 130 52 Joe
988 1305 186 52 Tilson
1118 1305 186 52 semble
1249 1305 242 52 préoccupé
1435 1305 130 52 par
1510 1305 112 52 la
1547 1305 205 52 condifion

417 1354 184 54 d’objet
551 1354 100 54 de
601 1354 117 54 son
668 1354 133 54 art;
751 1354 117 54 ses
818 1354 200 54 reliefs,
968 1354 117 54 que
1035 1354 117 54 les
1101 1354 200 54 planches
1251 1354 100 54 et
1302 1354 117 54 les
1368 1354 150 54 blocs
1468 1354 167 54 soient
1568 1354 184 54 éclatants

416 1403 100 56 ou
466 1403 217 56 discrets,
634 1403 134 56 sont
717 1403 251 56 tributaires
918 1403 100 56 de
968 1403 100 56 la
1018 1403 301 56 substantialité
1269 1403 117 56 des
1336 1403 217 56 matériaux
1503 1403 201 56 employés
1654 1403 100 56 et
1687 1403 67 56 de

415 1455 137 58 leur
501 1455 137 58 mise
586 1455 103 58 en
638 1455 154 58 place
741 1455 223 58 physique,
912 1455 120 58 non
981 1455 103 58 de
1032 1455 257 58 l’évocation
1238 1455 103 58 de
1290 1455 206 58 l’espace
1444 1455 103 58 ou
1496 1455 103 58 de
1547 1455 103 58 la
1581 1455 172 58 lumière.

415 1501 160 57 Comme
522 1501 125 57 l’a
593 1501 143 57 noté
683 1501 196 57 William
825 1501 196 57 Tucker,
968 1501 107 57 et
1021 1501 143 57 ceci
1110 1501 89 57 a
1146 1501 160 57 trait
1253 1501 125 57 aux
1324 1501 196 57 reliefs
1467 1501 107 57 de
1520 1501 178 57 Tilson
1627 1501 125 57 aussi

415 1556 147 63 bien
506 1556 183 63 qu’aux
635 1556 257 63 sculptures
837 1556 110 63 en
892 1556 128 63 fer
965 1556 110 63 de
1020 1556 183 63 Tucker
1149 1556 220 63 lui-même
1314 1556 92 63 :
1350 1556 92 63 «
1387 1556 110 63 En
1442 1556 257 63 sculpture,
1644 1556 110 63 on
1681 1556 73 63 ne

414 1609 176 59 quitte
538 1609 176 59 jamais
661 1609 106 59 le
714 1609 159 59 monde
820 1609 123 59 des
891 1609 194 59 choses.
1032 1609 88 59 »
1067 1609 106 59 La
1120 1609 229 59 sculpture
1296 1609 106 59 de
1349 1609 159 59 David
1455 1609 229 59 Annesley,
1614 1609 141 59 Tucker

414 1662 104 60 et
466 1662 157 60 Brian
570 1662 139 60 Wall
657 1662 122 60 est
727 1662 331 60 caractéristique
1005 1662 157 60 d’une
1110 1662 209 60 attitude
1267 1662 209 60 partagée
1423 1662 122 60 par
1493 1662 122 60 les
1545 1662 209 60 sculpteurs

414 1708 109 56 de
468 1708 163 56 moins
577 1708 109 56 de
631 1708 272 56 trente-cinq
849 1708 127 56 ans
921 1708 109 56 en
975 1708 272 56 Angleterre.
1193 1708 145 56 Leur
1283 1708 235 56 attention
1464 1708 163 56 s’est
1555 1708 199 56 détournée

413 1760 109 54 du
467 1760 254 54 linéarisme
667 1760 109 54 en
721 1760 236 54 sculpture
903 1760 109 54 et
957 1760 109 54 du
1011 1760 200 54 bronze.
1156 1760 109 54 La
1211 1760 254 54 sculpture,
1410 1760 145 54 pour
1501 1760 145 54 eux,
1592 1760 127 54 est
1646 1760 109 54 dans

414 1812 99 55 le
464 1812 215 55 contraste
630 1812 149 55 entre
729 1812 116 55 les
795 1812 232 55 matériaux,
977 1812 132 55 dans
1060 1812 99 55 le
1110 1812 149 55 poids
1209 1812 99 55 et
1259 1812 248 55 l’équilibre
1457 1812 116 55 des
1523 1812 166 55 masses
1623 1812 132 55 plutôt

412 1865 125 53 que
484 1865 143 53 dans
573 1865 143 53 leur
662 1865 179 53 fondu.
788 1865 125 53 Ils
859 1865 232 53 utilisent
1038 1865 125 53 les
1109 1865 250 53 techniques
1306 1865 107 53 du
1360 1865 215 53 soudage,
1521 1865 215 53 motivées
1664 1865 89 53 non

410 1919 140 71 par
490 1919 120 71 un
550 1919 181 71 désir
671 1919 120 71 de
731 1919 261 71 légèreté,
932 1919 161 71 mais
1032 1919 120 71 de
1072 1919 261 71 monumental.

447 1958 145 66 Dans
538 1958 109 66 la
592 1958 200 66 section
738 1958 164 66 d’art
847 1958 254 66 graphique,
1046 1958 127 66 les
1119 1958 273 66 eaux-fortes
1337 1958 109 66 de
1392 1958 164 66 David
1501 1958 218 66 Hockney,
1646 1958 109 66 avec

452 2125 90 56 44
