1747 2207
1379 28 326 51 HONGRIE

323 426 283 79 Commissaire
550 426 227 79 Général:
720 426 189 79 Sandor
833 426 208 79 Hemberger

325 497 224 39 Directeur
497 497 121 39 des
566 497 259 39 Expositions
773 497 86 39 à
790 497 207 39 l’Institut

325 537 124 56 des
396 537 230 56 Relations
573 537 265 56 Culturelles
785 537 106 56 de
820 537 195 56 Budapest.

163 785 162 70 C’est
271 785 108 70 la
325 785 216 70 deuxième
487 785 144 70 fois
577 785 126 70 que
649 785 108 70 la
703 785 198 70 Hongrie
847 785 126 70 est
919 785 270 70 représentée
1135 785 90 70 à
1171 785 108 70 la
1225 785 216 70 Biennale
1387 785 108 70 de
1423 785 144 70 Paris.

125 852 160 62 Bien
225 852 241 62 entendu,
406 852 140 62 ces
486 852 241 62 quelques
666 852 261 62 tableaux,
867 852 281 62 sculptures
1088 852 120 62 et
1148 852 201 62 œuvres
1288 852 281 62 graphiques
1489 852 80 62 ne

128 894 201 68 donnent
274 894 183 68 qu’une
402 894 146 68 idée
493 894 146 68 très
584 894 219 68 sommaire
749 894 110 68 de
804 894 274 68 l’activité,
1023 894 128 68 des
1096 894 274 68 aspirations
1315 894 256 68 créatrices
1498 894 73 68 et

125 946 252 58 humaines
314 946 147 58 des
398 946 210 58 jeunes
545 946 252 58 artistes
713 946 231 58 hongrois.

166 985 126 70 Une
238 985 343 70 caractéristique
527 985 325 70 traditionnelle
797 985 108 70 de
851 985 108 70 la
906 985 216 70 totalité
1068 985 126 70 des
1140 985 253 70 beaux-arts
1338 985 216 70 hongrois
1483 985 90 70 est

126 1043 114 62 la
183 1043 228 62 tendance
354 1043 114 62 au
411 1043 247 62 réalisme.
601 1043 171 62 C’est
715 1043 114 62 de
772 1043 171 62 cette
886 1043 228 62 tendance
1057 1043 152 62 dont
1152 1043 266 62 témoignent
1361 1043 133 62 les
1418 1043 152 62 œuvres

125 1101 262 54 exposées
322 1101 109 54 à
365 1101 131 54 la
409 1101 240 54 Biennale.

167 1153 135 58 Les
244 1153 289 58 différentes
475 1153 270 58 recherches
687 1153 231 58 modernes
860 1153 116 58 ne
918 1153 154 58 sont
1014 1153 154 58 pas,
1111 1153 154 58 bien
1207 1153 231 58 entendu,
1361 1153 212 58 inconnues

130 1201 103 56 en
181 1201 206 56 Hongrie.
336 1201 137 56 Tout
422 1201 155 56 aussi
525 1201 189 56 naturel
662 1201 120 56 est
731 1201 103 56 le
783 1201 137 56 fait
869 1201 206 56 qu’elles
1023 1201 206 56 exercent
1178 1201 120 56 une
1247 1201 206 56 certaine
1384 1201 189 56 influence

128 1247 131 57 sur
203 1247 131 57 nos
278 1247 244 57 artistes.
466 1247 150 57 Mais
560 1247 281 57 l’essentiel
785 1247 113 57 de
841 1247 169 57 leurs
954 1247 206 57 efforts
1104 1247 225 57 déployés
1273 1247 113 57 au
1329 1247 169 57 cours
1442 1247 113 57 de
1479 1247 94 57 ces

129 1310 250 48 dernières
321 1310 192 48 années
456 1310 154 48 peut
552 1310 154 48 être
648 1310 192 48 résumé
783 1310 192 48 ainsi:
918 1310 154 48 tout
1014 1310 115 48 en
1072 1310 269 48 conservant
1283 1310 135 48 les
1341 1310 231 48 précieuses

125 1349 267 65 traditions
335 1349 286 65 nationales,
564 1349 134 65 ils
640 1349 286 65 s’attachent
870 1349 95 65 à
908 1349 172 65 créer
1022 1349 134 65 des
1099 1349 191 65 formes
1232 1349 248 65 nouvelles
1404 1349 172 65 suscep-

128 1396 183 60 tibles
256 1396 256 60 d’exprimer
457 1396 165 60 d’une
567 1396 201 60 manière
713 1396 256 60 suggestive
914 1396 128 60 les
988 1396 238 60 exigences
1171 1396 183 60 posées
1299 1396 128 60 par
1372 1396 110 60 le
1408 1396 165 60 nouveau

128 1451 199 62 régime
247 1451 179 62 social.

170 1493 128 60 Les
243 1493 183 60 grands
371 1493 274 60 précurseurs
590 1493 110 60 de
645 1493 164 60 l’art
754 1493 292 60 contemporain
992 1493 237 60 hongrois,
1174 1493 146 60 dont
1266 1493 256 60 l’activité
1448 1493 128 60 n’est

132 1542 361 65 malheureusement
436 1542 133 65 que
512 1542 152 65 très
607 1542 133 65 peu
683 1542 190 65 connue
816 1542 95 65 à
854 1542 285 65 l’étranger,
1081 1542 133 65 ont
1157 1542 228 65 toujours
1328 1542 114 65 eu
1385 1542 133 65 des
1442 1542 133 65 liens

129 1608 270 59 organiques
341 1608 154 59 avec
437 1608 135 59 les
515 1608 251 59 tendances
708 1608 289 59 artistiques
939 1608 116 59 de
997 1608 154 59 leur
1094 1608 212 59 époque,
1248 1608 154 59 mais
1344 1608 135 59 peu
1402 1608 174 59 d’entre

128 1650 146 56 eux
212 1650 146 56 ont
295 1650 188 56 suivi
421 1650 146 56 des
504 1650 272 56 tendances
713 1650 251 56 poussées
901 1650 104 56 à
922 1650 230 56 outrance.

170 1702 112 61 Et
226 1702 150 61 cela
320 1702 131 61 est
395 1702 225 61 logique,
564 1702 112 61 si
620 1702 150 61 l’on
714 1702 169 61 tient
826 1702 187 61 compte
957 1702 112 61 du
1014 1702 150 61 fait
1107 1702 131 61 que
1182 1702 112 61 la
1239 1702 337 61 représentation
1501 1702 75 61 de

130 1758 215 62 l’homme
287 1758 98 62 —
326 1758 215 62 qualité
482 1758 254 62 maîtresse
677 1758 117 62 de
736 1758 156 62 tout
834 1758 254 62 humanisme
1029 1758 273 62 artistique
1244 1758 137 62 et,
1322 1758 98 62 à
1361 1758 156 62 plus
1439 1758 137 62 forte

131 1803 221 55 raison,
292 1803 141 55 des
372 1803 282 55 beaux-arts
593 1803 241 55 hongrois
774 1803 241 55 modernes
956 1803 101 55 —
996 1803 201 55 exige,
1137 1803 181 55 outre
1257 1803 121 55 la
1318 1803 282 55 conformité
1519 1803 60 55 à

132 1862 222 51 l’esprit
299 1862 111 51 du
355 1862 185 51 temps,
485 1862 130 51 une
559 1862 352 51 intelligibilité
855 1862 130 51 des
929 1862 185 51 formes
1059 1862 297 51 d’expression
1300 1862 93 51 à
1337 1862 111 51 la
1393 1862 185 51 portée
1504 1862 74 51 de

129 1907 161 53 tous.
237 1907 125 53 Les
308 1907 179 53 grands
434 1907 215 53 peintres
595 1907 107 53 et
649 1907 251 53 sculpteurs
846 1907 143 53 qui,
935 1907 125 53 par
1007 1907 143 53 leur
1096 1907 125 53 vie
1168 1907 107 53 et
1222 1907 143 53 leur
1311 1907 179 53 œuvre,
1419 1907 161 53 servent

132 1953 263 57 d’exemples
339 1953 94 57 à
377 1953 132 57 nos
452 1953 188 57 jeunes
583 1953 226 57 artistes
753 1953 132 57 ont
828 1953 226 57 toujours
997 1953 282 57 représenté,
1223 1953 150 57 avec
1317 1953 132 57 une
1373 1953 207 57 sincérité
