1758 2207
1562 8 161 83 INDE

338 438 241 79 Commissaire
531 438 177 79 Général
660 438 80 79 :
692 438 145 79 E.
788 438 177 79 Pouchpa
901 438 161 79 Dass

335 505 187 64 Attaché
471 505 204 64 culturel
623 505 136 64 près
708 505 254 64 l’Ambassade
912 505 102 64 de
963 505 170 64 l’Inde
1081 505 85 64 à
1098 505 136 64 Paris.

174 729 131 72 Dix
249 729 244 72 peintres,
437 729 150 72 deux
531 729 225 72 artistes
700 729 225 72 graveurs
869 729 113 72 et
925 729 113 72 un
981 729 244 72 sculpteur
1169 729 282 72 constituent
1394 729 113 72 la
1432 729 150 72 parti-

140 793 228 58 cipation
311 793 228 58 indienne
482 793 95 58 à
520 793 114 58 la
577 793 228 58 deuxième
748 793 228 58 Biennale
919 793 114 58 de
976 793 190 58 Paris.
1109 793 114 58 Le
1166 793 171 58 choix
1280 793 133 58 des
1356 793 228 58 artistes
1508 793 76 58 et

140 848 111 50 de
196 848 167 50 leurs
307 848 185 50 œuvres
437 848 93 50 a
474 848 130 50 été
548 848 222 50 effectué
715 848 167 50 selon
826 848 130 50 les
900 848 259 50 conditions
1104 848 241 50 stipulées
1289 848 130 50 par
1364 848 130 50 les
1419 848 167 50 organi-

140 876 238 76 sateurs.
318 876 139 76 Les
398 876 317 76 participants
655 876 158 76 sont
754 876 158 76 âgés
853 876 119 76 de
912 876 178 76 moins
1031 876 119 76 de
1090 876 297 76 trente-cinq
1328 876 139 76 ans
1407 876 119 76 et
1446 876 139 76 leurs

141 950 189 48 œuvres
274 950 246 48 expriment
463 950 265 48 réellement
671 950 132 48 les
747 950 246 48 tendances
936 950 246 48 actuelles
1125 950 114 48 de
1182 950 170 48 l’art
1296 950 114 48 en
1334 950 132 48 Inde.

178 963 155 87 Deux
274 963 213 87 d’entre
429 963 155 87 eux,
525 963 193 87 Laxman
661 963 135 87 Pai
738 963 116 87 et
796 963 174 87 Akbar
912 963 251 87 Padamsee,
1105 963 232 87 résident
1279 963 97 87 à
1318 963 174 87 Paris
1433 963 116 87 et
1472 963 116 87 sont

143 1047 266 48 considérés
352 1047 171 48 comme
466 1047 133 48 des
542 1047 228 48 peintres
713 1047 114 48 de
770 1047 209 48 talent.
923 1047 209 48 Avinash
1075 1047 228 48 Chandra,
1246 1047 152 48 lui,
1341 1047 171 48 s’est
1436 1047 152 48 acquis

144 1088 128 56 une
217 1088 165 56 place
327 1088 110 56 de
382 1088 201 56 peintre
528 1088 183 56 réputé
656 1088 91 56 à
693 1088 220 56 Londres,
857 1088 110 56 où
912 1088 110 56 il
967 1088 91 56 a
1004 1088 183 56 établi
1132 1088 110 56 sa
1187 1088 256 56 résidence.
1388 1088 128 56 Les
1443 1088 146 56 autres

142 1147 238 50 artistes
320 1147 218 50 choisis
479 1147 158 50 sont
578 1147 297 50 extrêmement
815 1147 178 50 doués
934 1147 158 50 bien
1033 1147 198 50 qu’ils
1171 1147 198 50 soient
1310 1147 139 50 peu
1389 1147 198 50 connus
1508 1147 79 50 en

145 1188 193 65 dehors
280 1188 116 65 de
337 1188 154 65 leur
434 1188 193 65 sphère
569 1188 289 65 d’activité.
800 1188 135 65 Ils
877 1188 251 65 possèdent
1070 1188 154 65 tous
1166 1188 135 65 une
1243 1188 231 65 profonde
1397 1188 193 65 maîtrise

145 1239 110 56 de
200 1239 165 56 l’art
309 1239 201 56 indien,
456 1239 146 56 tout
547 1239 110 56 en
602 1239 165 56 étant
712 1239 201 56 ouverts
858 1239 91 56 à
895 1239 183 56 toutes
1023 1239 238 56 nouvelles
1206 1239 201 56 valeurs
1334 1239 256 56 esthétiques.

144 1299 124 50 Ce
206 1299 165 50 sont
310 1299 145 50 des
392 1299 413 50 expérimentateurs
743 1299 248 50 ardents,
929 1299 310 50 constamment
1177 1299 103 50 à
1218 1299 124 50 la
1280 1299 268 50 recherche
1466 1299 124 50 d’un

145 1348 198 56 idiome
284 1348 277 56 artistique
502 1348 139 56 qui
581 1348 159 56 soit
680 1348 119 56 de
740 1348 277 56 conception
958 1348 238 56 moderne,
1136 1348 159 56 tout
1235 1348 119 56 en
1295 1348 277 56 conservant
1493 1348 99 56 les

149 1388 198 69 sources
293 1388 306 69 d’inspiration
546 1388 108 69 de
600 1388 162 69 l’art
690 1388 162 69 indien.

182 1452 105 46 Il
234 1452 122 46 est
304 1452 174 46 encore
426 1452 227 46 difficile
600 1452 227 46 d’établir
774 1452 140 46 dans
862 1452 174 46 quelle
984 1452 174 46 mesure
1106 1452 122 46 ils
1176 1452 87 46 y
1210 1452 262 46 réussissent
1420 1452 105 46 et
1455 1452 140 46 encore

-31 1491 171 66 trop
75 1491 150 66 tôt
161 1491 171 66 pour
268 1491 321 66 prophétiser
524 1491 192 66 s’ils
653 1491 214 66 seront
802 1491 256 66 désignés
995 1491 150 66 par
1080 1491 150 66 les
1166 1491 321 66 générations
1401 1491 192 66 futures

150 1546 136 54 pour
235 1546 187 54 prendre
371 1546 153 54 place
473 1546 136 54 dans
558 1546 238 54 l’histoire
745 1546 102 54 de
796 1546 170 54 l’art.
916 1546 136 54 Leur
1001 1546 238 54 sincérité,
1188 1546 136 54 leur
1273 1546 136 54 foi,
1358 1546 136 54 leur
1426 1546 170 54 habileté

149 1592 116 67 de
207 1592 212 67 peintre
361 1592 154 67 sont
458 1592 270 67 évidentes.
670 1592 154 67 Leur
767 1592 232 67 maîtrise
940 1592 154 67 dans
1037 1592 135 67 les
1114 1592 193 67 autres
1249 1592 232 67 domaines
1423 1592 135 67 des
1481 1592 116 67 arts

150 1646 270 59 plastiques
362 1646 135 59 est
439 1646 251 59 également
632 1646 289 59 indéniable.
863 1646 174 59 Leurs
979 1646 193 59 toiles
1114 1646 251 59 englobent
1307 1646 135 59 les
1384 1646 193 59 sujets
1500 1646 96 59 les

150 1706 152 48 plus
245 1706 209 48 divers;
397 1706 190 48 toiles
530 1706 285 48 abstraites,
758 1706 380 48 expressionnistes
1082 1706 114 48 et
1139 1706 247 48 ensembles
1329 1706 266 48 décoratifs
1519 1706 76 48 en

149 1742 157 60 sont
247 1742 137 60 les
326 1742 196 60 traits
463 1742 274 60 dominants.
678 1742 117 60 La
737 1742 254 60 sculpture
932 1742 235 60 présente
1109 1742 137 60 une
1187 1742 196 60 grande
1324 1742 274 60 simplicité
1520 1742 78 60 de

126 1801 197 61 formes.

187 1852 113 56 En
244 1852 189 56 raison
376 1852 113 56 de
432 1852 226 56 l’espace
602 1852 189 56 limité
734 1852 207 56 accordé
885 1852 132 56 aux
960 1852 245 56 exposants
1149 1852 226 56 indiens,
1318 1852 132 56 une
1375 1852 226 56 participa-

149 1897 153 70 tion
244 1897 153 70 plus
340 1897 210 70 étendue
492 1897 172 70 s’est
607 1897 191 70 avérée
740 1897 286 70 impossible,
969 1897 153 70 mais
1065 1897 134 70 les
1141 1897 229 70 artistes
1313 1897 210 70 choisis
1446 1897 153 70 repré-

153 1949 199 65 sentent
298 1949 109 65 un
352 1949 181 65 aspect
479 1949 344 65 caractéristique
769 1949 109 65 de
824 1949 163 65 l’art
932 1949 181 65 indien
1041 1949 290 65 d’aujourd’hui.

1420 2108 104 50 55
