1818 2197
263 11 404 73 MANIFESTATIONS
590 11 250 73 ANNEXES

913 171 177 56 JAN
1012 171 315 56 LEBENSTEIN

652 209 146 60 Prix
743 209 109 60 de
798 209 109 60 la
852 209 164 60 Ville
962 209 109 60 de
1017 209 182 60 Paris,
1144 209 219 60 Biennale
1308 209 109 60 de
1363 209 164 60 Paris
1454 209 128 60 1959.

892 253 250 57 Gouaches
1079 253 125 57 et
1121 253 208 57 dessins.

444 324 113 64 La
501 324 207 64 Galerie
651 324 207 64 Lambert
802 324 94 64 a
839 324 188 64 offert
971 324 94 64 à
1009 324 132 64 Jan
1084 324 263 64 Lebenstein
1291 324 245 64 d’exposer
1479 324 132 64 ses
1554 324 226 64 tableaux
1705 324 94 64 dès

407 366 172 59 1958,
521 366 114 59 un
579 366 114 59 an
636 366 172 59 avant
750 366 172 59 qu’il
865 366 133 59 fût
941 366 229 59 consacré
1113 366 133 59 par
1189 366 114 59 le
1246 366 153 59 Prix
1341 366 114 59 de
1399 366 114 59 la
1456 366 172 59 Ville
1570 366 114 59 de
1627 366 191 59 Paris,
1742 366 57 59 à

410 405 104 55 la
462 405 208 55 Première
618 405 208 55 Biennale
774 405 104 55 de
826 405 156 55 1959.
931 405 104 55 La
983 405 208 55 présente
1139 405 243 55 exposition
1330 405 104 55 de
1382 405 122 55 ses
1452 405 208 55 gouaches
1608 405 104 55 et
1643 405 156 55 dessins

408 447 229 53 récents,
579 447 114 53 en
637 447 172 53 marge
751 447 114 53 de
808 447 133 53 son
884 447 267 53 exposition
1094 447 324 53 rétrospective
1361 447 114 53 au
1418 447 172 53 Musée
1532 447 172 53 d’Art
1628 447 172 53 moderne

409 485 104 56 de
461 485 104 56 la
513 485 156 56 Ville
617 485 104 56 de
669 485 174 56 Paris,
791 485 122 56 est
860 485 174 56 ainsi,
982 485 104 56 en
1034 485 191 56 premier
1173 485 156 56 lieu,
1278 485 104 56 un
1330 485 243 56 témoignage
1521 485 226 56 d’amitié.
1677 485 122 56 C’est

406 527 167 48 aussi
518 527 260 48 l’occasion
722 527 111 48 de
777 527 260 48 contribuer
981 527 93 48 à
1018 527 167 48 faire
1130 527 241 48 connaître
1315 527 111 48 un
1371 527 241 48 processus
1556 527 111 48 de
1593 527 204 48 création:

408 555 125 59 les
479 555 214 59 gouaches
640 555 107 59 et
693 555 125 59 les
765 555 196 59 dessins
907 555 107 59 de
961 555 249 59 Lebenstein
1157 555 160 59 étant
1263 555 214 59 toujours
1424 555 125 59 des
1495 555 214 59 ébauches
1638 555 160 59 variées

407 595 214 52 d’idées
562 595 117 52 et
620 595 117 52 de
679 595 292 52 conceptions
912 595 253 52 réalisées
1107 595 156 52 dans
1204 595 136 52 ses
1262 595 214 52 tableaux.

445 632 105 58 La
498 632 193 58 Galerie
639 632 193 58 Lambert
779 632 158 58 s’est
884 632 351 58 particulièrement
1183 632 211 58 attachée
1341 632 88 58 à
1376 632 158 58 faire
1481 632 228 58 connaître
1657 632 88 58 à
1674 632 123 58 Paris

408 672 126 51 des
480 672 217 51 artistes
643 672 235 51 étrangers
823 672 108 51 de
877 672 162 51 moins
985 672 108 51 de
1039 672 217 51 quarante
1184 672 108 51 ans.

893 726 291 74 GALERIE
1078 726 238 74 LAMBERT

574 757 134 89 14,
650 757 134 89 rue
727 757 496 89 Saint-Louis-en-l’Isle,
1166 757 172 89 Paris
1280 757 153 89 (4e)
1376 757 95 89 —
1414 757 153 89 DAN.
1490 757 153 89 51

765 856 269 55 Exposition
976 856 115 55 du
1034 856 96 55 6
1072 856 115 55 au
1130 856 115 55 31
1188 856 212 55 octobre
1322 856 135 55 1961.

666 899 258 50 Vernissage
869 899 111 50 le
924 899 222 50 vendredi
1090 899 92 50 6
1127 899 203 50 octobre
1275 899 111 50 de
1330 899 111 50 17
1385 899 92 50 h
1422 899 92 50 à
1459 899 111 50 21
1496 899 74 50 h.

406 925 145 71 Tous
496 925 127 71 les
569 925 181 71 jours,
695 925 145 71 sauf
786 925 109 71 le
840 925 217 71 dimanche
1003 925 109 71 et
1057 925 109 71 le
1112 925 181 71 lundi,
1238 925 109 71 de
1292 925 109 71 10
1347 925 90 71 h
1383 925 109 71 30
1437 925 90 71 à
1473 925 109 71 12
1528 925 90 71 h
1564 925 109 71 et
1618 925 109 71 de
1672 925 109 71 14
1709 925 90 71 n30

995 973 105 62 à
1037 973 125 62 18
1100 973 105 62 h
1121 973 105 62 30.

452 1287 326 59 ATELIER
708 1287 140 59 DE
778 1287 256 59 L’ÉCOLE
964 1287 303 59 NATIONALE
1196 1287 163 59 DES
1290 1287 186 59 ARTS
1383 1287 372 59 DÉCORATIFS

440 1356 113 79 En
497 1356 264 79 présentant
705 1356 132 79 les
780 1356 189 79 œuvres
912 1356 113 79 de
969 1356 189 79 jeunes
1101 1356 227 79 peintres
1271 1356 208 79 formant
1422 1356 113 79 un
1479 1356 189 79 groupe
1592 1356 208 79 homogène,

405 1406 102 56 la
456 1406 187 56 Galerie
592 1406 136 56 Jean
677 1406 170 56 Cailac
796 1406 187 56 propose
932 1406 204 56 quelques
1085 1406 272 56 perspectives
1306 1406 119 56 sur
1374 1406 204 56 l’avenir
1527 1406 102 56 de
1578 1406 102 56 la
1612 1406 187 56 peinture.

406 1449 103 51 Ce
457 1449 120 51 qui
526 1449 189 51 marque,
664 1449 103 51 en
716 1449 172 51 effet,
836 1449 120 51 ces
905 1449 172 51 jeunes
1025 1449 224 51 peintres,
1198 1449 155 51 c’est
1301 1449 138 51 que,
1387 1449 224 51 dépassant
1559 1449 120 51 les
1611 1449 189 51 doctrines

404 1482 100 56 et
454 1482 116 56 les
521 1482 166 56 écoles
637 1482 249 56 figuratives
836 1482 100 56 ou
886 1482 249 56 abstraites,
1085 1482 133 56 mais
1168 1482 249 56 recueillant
1367 1482 100 56 au
1416 1482 182 56 passage
1549 1482 149 56 leurs
1632 1482 166 56 apports,

404 1524 127 42 ils
476 1524 199 42 situent
621 1524 163 42 leurs
730 1524 254 42 recherches
930 1524 199 42 au-delà
1075 1524 127 42 des
1147 1524 272 42 expériences
1365 1524 145 42 déjà
1456 1524 199 42 faites.
1601 1524 109 42 Ce
1655 1524 127 42 qui
1709 1524 91 42 les

403 1564 205 51 réunit,
552 1564 167 51 c’est
664 1564 167 51 leurs
776 1564 167 51 goûts
887 1564 205 51 communs
1036 1564 149 51 pour
1129 1564 130 51 les
1204 1564 205 51 valeurs
1352 1564 316 51 fondamentales
1613 1564 112 51 du
1650 1564 149 51 dessin

404 1602 107 50 et
458 1602 107 50 de
512 1602 107 50 la
565 1602 233 50 peinture,
744 1602 143 50 leur
834 1602 197 50 passion
977 1602 143 50 pour
1067 1602 107 50 le
1120 1602 215 50 travail,
1282 1602 143 50 leur
1371 1602 287 50 enthousiasme
1604 1602 179 50 devant
1711 1602 90 50 les

401 1632 280 62 problèmes
617 1632 108 62 à
638 1632 237 62 résoudre.

784 1703 284 57 GALERIE
991 1703 232 57 D’ART
1120 1703 310 57 MIROMESNIL

685 1749 126 69 19,
757 1749 126 69 rue
829 1749 108 69 de
884 1749 271 69 Miromesnil,
1100 1749 163 69 Paris
1209 1749 145 69 (8e)
1299 1749 90 69 -
1335 1749 145 69 ANJ.
1407 1749 145 69 24

692 1811 262 65 Exposition
898 1811 112 65 du
954 1811 94 65 4
992 1811 206 65 octobre
1141 1811 112 65 au
1197 1811 112 65 15
1253 1811 224 65 novembre
1403 1811 131 65 1961.

689 1863 244 53 Vernissage
880 1863 105 53 le
933 1863 209 53 mercredi
1090 1863 87 53 4
1125 1863 192 53 octobre
1264 1863 105 53 de
1316 1863 105 53 17
1369 1863 87 53 h
1404 1863 87 53 à
1438 1863 105 53 22
1473 1863 70 53 h.

404 1887 151 68 Tous
499 1887 132 68 les
574 1887 189 68 jours,
706 1887 151 68 sauf
801 1887 113 68 le
857 1887 245 68 dimanche,
1046 1887 113 68 de
1103 1887 113 68 10
1159 1887 94 68 h
1197 1887 113 68 30
1254 1887 94 68 à
1291 1887 113 68 12
1348 1887 94 68 h
1386 1887 113 68 et
1442 1887 113 68 de
1499 1887 113 68 14
1556 1887 94 68 h
1593 1887 113 68 30
1650 1887 94 68 à
1688 1887 113 68 19
1725 1887 76 68 h.

450 2110 110 50 146
