1818 2218
215 114 159 64 Nous
314 114 178 64 avons
433 114 258 64 notamment
632 114 178 64 donné
751 114 139 64 une
830 114 278 64 importance
1048 114 159 64 plus
1147 114 198 64 grande
1286 114 99 64 à
1326 114 119 64 la
1385 114 218 64 gravure
1544 114 119 64 et
1584 114 59 64 à

215 174 128 66 son
288 174 275 66 application
508 174 110 66 au
563 174 165 66 livre
672 174 238 66 illustré.
856 174 146 66 Nous
947 174 165 66 avons
1057 174 220 66 commencé
1222 174 92 66 à
1258 174 165 66 faire
1368 174 165 66 place
1478 174 110 66 au
1515 174 128 66 livre

216 226 127 54 sur
288 226 181 54 l’art,
415 226 163 54 ainsi
523 226 163 54 qu’au
632 226 145 54 film
722 226 127 54 sur
795 226 181 54 l’art.
921 226 145 54 Nous
1012 226 163 54 avons
1120 226 199 54 ébauché
1265 226 127 54 une
1337 226 199 54 section
1482 226 109 54 de
1518 226 127 54 déco-

216 278 188 58 ration
348 278 263 58 théâtrale,
555 278 113 58 en
611 278 207 58 liaison
761 278 113 58 et
818 278 113 58 en
874 278 188 58 accord
1006 278 150 58 avec
1100 278 113 58 le
1156 278 207 58 Théâtre
1307 278 132 58 des
1382 278 226 58 Nations.
1532 278 113 58 Nous

217 332 171 52 avons
331 332 228 52 surtout,
502 332 152 52 avec
598 332 114 52 le
655 332 228 52 concours
826 332 114 52 de
883 332 114 52 la
940 332 552 52 Radiodiffusion-Télévision
1416 332 228 52 Française,

219 384 186 56 ouvert
350 384 112 56 la
406 384 224 56 Biennale
574 384 93 56 à
611 384 112 56 la
667 384 224 56 musique,
834 384 149 56 dans
928 384 130 56 ses
1002 384 280 56 expressions
1226 384 130 56 les
1300 384 149 56 plus
1375 384 205 56 diverses.

247 443 205 55 Ainsi,
391 443 308 55 rapidement,
638 443 185 55 notre
761 443 267 55 programme
966 443 185 55 prend
1089 443 144 55 des
1172 443 288 55 dimensions
1398 443 144 55 qui
1459 443 185 55 corres-

218 489 212 59 pondent
372 489 135 59 aux
449 489 347 59 préoccupations
738 489 251 59 actuelles
931 489 116 59 et
989 489 193 59 répond
1124 489 96 59 à
1163 489 116 59 ce
1221 489 193 59 besoin
1356 489 289 59 d’échanges,
1568 489 77 59 de

219 544 219 58 liaisons
383 544 110 58 de
438 544 146 58 plus
529 544 110 58 en
584 544 146 58 plus
675 544 219 58 étroites
840 544 164 58 entre
949 544 128 58 les
1022 544 274 58 différentes
1241 544 183 58 formes
1369 544 110 58 de
1424 544 110 58 la
1460 544 183 58 création

203 592 220 60 artistique.

252 642 151 58 Pour
346 642 188 58 toutes
478 642 132 58 ces
554 642 302 58 innovations,
799 642 151 58 nous
893 642 170 58 avons
1006 642 245 58 rencontré
1195 642 245 58 l’accueil
1383 642 113 58 et
1440 642 132 58 les
1496 642 151 58 appro-

222 687 201 61 bations
368 687 128 61 les
441 687 146 61 plus
532 687 329 61 encourageants.
806 687 110 61 La
861 687 183 61 limite
989 687 164 61 d’âge
1098 687 91 61 a
1135 687 128 61 été
1208 687 347 61 scrupuleusement
1482 687 164 61 respec-

217 735 139 69 tée
296 735 139 69 par
376 735 159 69 tous
475 735 139 69 les
554 735 178 69 pays,
673 735 119 69 et
733 735 159 69 même
832 735 258 69 plusieurs
1030 735 218 69 d’entre
1189 735 139 69 eux
1268 735 139 69 ont
1348 735 238 69 accepté,
1506 735 139 69 comme

221 793 131 59 ble
296 793 244 59 suggérait
484 793 112 59 la
540 793 318 59 participation
802 793 262 59 française,
1008 793 112 59 de
1064 793 206 59 laisser
1214 793 244 59 également
1401 793 131 59 aux
1476 793 169 59 moins
1570 793 75 59 de

220 835 274 70 trente-cinq
439 835 128 70 ans
512 835 109 70 la
566 835 146 70 plus
658 835 164 70 large
767 835 328 70 responsabilité
1041 835 109 70 du
1077 835 146 70 choix.

256 896 188 64 L’aide
388 896 113 64 la
444 896 150 64 plus
538 896 244 64 efficace,
725 896 113 64 la
781 896 319 64 collaboration
1044 896 113 64 la
1100 896 150 64 plus
1194 896 188 64 active
1325 896 150 64 nous
1419 896 150 64 sont
1494 896 150 64 venues

222 946 117 59 de
280 946 156 59 tous
377 946 195 59 côtés,
514 946 136 59 non
592 946 253 59 seulement
787 946 136 59 des
865 946 195 59 hautes
1001 946 331 59 personnalités
1274 946 136 59 qui
1352 946 136 59 ont
1430 946 156 59 bien
1508 946 136 59 voulu

225 1001 156 64 nous
322 1001 253 64 témoigner
517 1001 136 64 une
595 1001 156 64 fois
692 1001 195 64 encore
829 1001 156 64 leur
926 1001 273 64 confiance,
1140 1001 136 64 non
1218 1001 253 64 seulement
1413 1001 117 64 de
1452 1001 195 64 l’équipe

226 1055 124 61 qui
297 1055 89 61 a
333 1055 178 61 assumé
457 1055 107 61 la
510 1055 160 61 tâche
617 1055 231 61 difficile
795 1055 107 61 de
848 1055 178 61 donner
972 1055 124 61 une
1043 1055 195 61 réalité
1185 1055 195 61 vivante
1327 1055 107 61 au
1381 1055 195 61 projet,
1505 1055 142 61 équipe

226 1104 127 58 qui
299 1104 91 58 a
335 1104 182 58 montré
462 1104 109 58 en
517 1104 182 58 toutes
644 1104 309 58 circonstances
898 1104 109 58 un
953 1104 182 58 esprit
1080 1104 291 58 d’initiative
1316 1104 109 58 et
1370 1104 109 58 de
1407 1104 236 58 coopération

225 1149 156 60 dont
322 1149 156 60 nous
419 1149 117 60 ne
478 1149 234 60 saurions
653 1149 156 60 trop
750 1149 253 60 féliciter
945 1149 117 60 et
1003 1149 253 60 remercier
1197 1149 214 60 chacun,
1353 1149 156 60 mais
1450 1149 175 60 aussi
1548 1149 97 60 des

227 1209 273 66 organismes
441 1209 117 66 ou
499 1209 292 66 entreprises
733 1209 156 66 avec
830 1209 136 66 qui
908 1209 156 66 nous
1005 1209 175 66 avons
1122 1209 117 66 eu
1181 1209 97 66 à
1220 1209 273 66 travailler
1434 1209 117 66 et
1492 1209 136 66 qui
1551 1209 97 66 ont

228 1256 192 76 montré
362 1256 115 76 un
419 1256 383 76 désintéressement
745 1256 153 76 dans
841 1256 192 76 lequel
975 1256 153 76 nous
1071 1256 211 76 voulons
1224 1256 153 76 voir
1320 1256 249 76 l’intérêt
1493 1256 153 76 qu’ils

230 1296 130 65 ont
305 1296 222 65 témoigné
471 1296 93 65 à
508 1296 167 65 notre
601 1296 296 65 manifestation.

261 1344 112 83 La
317 1344 243 83 direction
504 1344 112 83 de
560 1344 112 83 la
616 1344 542 83 Radiodiffusion-Télévision
1102 1344 243 83 Française
1289 1344 93 83 a
1326 1344 149 83 mis,
1420 1344 112 83 de
1476 1344 112 83 la
1513 1344 131 83 façon

233 1397 103 83 la
284 1397 138 83 plus
371 1397 172 83 large,
491 1397 121 83 ses
560 1397 207 83 services
715 1397 86 83 à
750 1397 155 83 notre
853 1397 259 83 disposition
1060 1397 138 83 pour
1146 1397 207 83 réaliser
1301 1397 103 83 la
1353 1397 190 83 section
1474 1397 172 83 musicale

234 1440 107 102 et
288 1440 232 102 organiser
466 1440 125 102 les
538 1440 197 102 séances
681 1440 125 102 qui
752 1440 179 102 auront
878 1440 143 102 lieu
967 1440 143 102 tous
1056 1440 125 102 les
1128 1440 161 102 jours
1235 1440 197 102 pendant
1378 1440 161 102 toute
1485 1440 107 102 la
1521 1440 125 102 durée

235 1491 104 61 de
269 1491 261 61 l’exposition.

265 1533 265 88 L’Institut
473 1533 322 88 Intemnational
738 1533 114 88 du
795 1533 227 88 Théâtre,
965 1533 114 88 le
1022 1533 189 88 Centre
1154 1533 227 88 Français
1324 1533 114 88 du
1381 1533 208 88 Théâtre
1533 1533 114 88 et
1570 1533 76 88 le

235 1596 207 85 Théâtre
386 1596 132 85 des
461 1596 207 85 Nations
612 1596 151 85 nous
706 1596 132 85 ont
781 1596 207 85 apporté
932 1596 113 85 un
988 1596 226 85 concours
1158 1596 151 85 sans
1252 1596 207 85 réserve
1402 1596 151 85 pour
1478 1596 169 85 l’orga-

239 1642 222 79 bnisation
410 1642 103 79 de
461 1642 103 79 la
513 1642 188 79 section
649 1642 103 79 de
701 1642 239 79 décoration
872 1642 205 79 théâtrale.

270 1686 153 82 Pour
365 1686 115 82 la
423 1686 210 82 section
576 1686 115 82 de
633 1686 229 82 gravure,
805 1686 153 82 nous
901 1686 172 82 avons
1015 1686 191 82 trouvé
1149 1686 191 82 auprès
1283 1686 115 82 de
1340 1686 115 82 M.
1398 1686 191 82 Julien
1512 1686 134 82 Cain,

240 1737 254 80 Directeur
436 1737 215 80 Général
592 1737 137 80 des
670 1737 332 80 Bibliothèques
944 1737 117 80 de
1002 1737 195 80 France
1139 1737 117 80 et
1198 1737 352 80 Administrateur
1471 1737 176 80 Général

239 1782 111 92 de
295 1782 111 92 la
351 1782 296 92 Bibliothèque
591 1782 259 92 Nationale,
795 1782 111 92 et
850 1782 111 92 de
906 1782 130 92 ses
980 1782 352 92 collaborateurs,
1276 1782 167 92 ainsi
1387 1782 241 92 qu’auprès
1553 1782 93 92 des

244 1833 188 78 Membres
381 1833 103 78 du
432 1833 171 78 Comité
552 1833 205 78 National
706 1833 103 78 du
757 1833 154 78 Livre
859 1833 205 78 illustré
1013 1833 222 78 français,
1184 1833 171 78 l’aide
1304 1833 103 78 et
1355 1833 103 78 la
1390 1833 256 78 bienveillance

243 1891 185 84 qu’ils
372 1891 240 84 accordent
556 1891 92 84 à
593 1891 148 84 tout
685 1891 111 84 ce
741 1891 129 84 qui
815 1891 148 84 peut
907 1891 185 84 servir
1036 1891 203 84 l’amour
1184 1891 111 84 du
1239 1891 148 84 beau
1331 1891 185 84 livre.
1460 1891 111 84 En
1497 1891 148 84 outre,

243 1937 114 84 M.
300 1937 209 84 Jacques
452 1937 171 84 Rigal
566 1937 95 84 a
604 1937 133 84 mis
680 1937 304 84 gratuitement
927 1937 95 84 à
964 1937 171 84 notre
1078 1937 285 84 disposition
1306 1937 114 84 un
1363 1937 209 84 ouvrier
1515 1937 114 84 et
1553 1937 95 84 une

303 2095 107 56 VIII
