1818 2197
225 15 225 67 LIBAN

575 421 234 82 Commissaire
762 421 171 82 Général
887 421 78 82 :
918 421 203 82 Joseph
1074 421 125 82 Abou
1136 421 156 82 Rizk

574 493 153 43 Chef
669 493 115 43 du
727 493 287 43 Département
956 493 134 43 des
1014 493 229 43 Beaux

575 495 102 85 au
626 495 221 85 Ministère
796 495 102 85 de
848 495 256 85 l’Education
1052 495 221 85 Nationale
1222 495 119 85 des
1274 495 221 85 Beaux

422 792 108 80 Si
476 792 108 80 de
530 792 144 80 1959
620 792 90 80 à
656 792 162 80 1961,
764 792 162 80 notre
871 792 216 80 peinture
1033 792 126 80 n’a
1105 792 126 80 pas
1177 792 270 80 apparemment
1393 792 180 80 changé
1518 792 108 80 de
1554 792 216 80 caractère,

385 858 131 56 son
460 858 243 56 évolution
647 858 150 56 n’en
741 858 169 56 reste
853 858 131 56 pas
928 858 150 56 pour
1022 858 187 56 autant
1153 858 337 56 incontestable.
1434 858 318 56 Consciemment,
1677 858 94 56 nos

384 916 180 59 jeunes
510 916 216 59 peintres
673 916 108 59 se
727 916 144 59 sont
817 916 216 59 employés
979 916 162 59 entre
1087 916 162 59 temps
1196 916 90 59 à
1232 916 253 59 développer
1430 916 144 59 leur
1520 916 271 59 expérience,
1719 916 54 59 à

388 969 284 56 perfectionner
622 969 134 56 leur
706 969 217 56 technique
872 969 100 56 et
923 969 83 56 à
956 969 184 56 élargir
1090 969 117 56 les
1156 969 200 56 horizons
1307 969 100 56 de
1357 969 134 56 leur
1440 969 184 56 vision.
1557 969 217 56 Maintenant,

389 1014 112 52 ils
453 1014 127 52 sont
532 1014 175 52 maîtres
660 1014 96 52 de
708 1014 127 52 leur
787 1014 159 52 style.
899 1014 143 52 S’ils
994 1014 207 52 hésitent,
1154 1014 143 52 c’est
1249 1014 159 52 qu’ils
1361 1014 223 52 cherchent.
1536 1014 143 52 S’ils
1616 1014 159 52 imitent,

386 1065 167 53 c’est
498 1065 185 53 qu’ils
627 1065 222 53 trouvent
794 1065 148 53 dans
886 1065 111 53 un
942 1065 185 53 modèle
1071 1065 130 53 une
1146 1065 278 53 possibilité
1368 1065 111 53 de
1423 1065 296 53 dépassement.
1645 1065 130 53 Créer

388 1115 110 61 de
443 1115 219 61 nouveaux
607 1115 164 61 modes
717 1115 292 61 d’expression
954 1115 164 61 n’est
1064 1115 128 61 pas
1137 1115 146 61 leur
1228 1115 164 61 souci
1338 1115 237 61 exclusif.
1520 1115 146 61 Etre
1593 1115 183 61 original

389 1160 219 59 signifie
553 1160 146 59 pour
645 1160 128 59 eux
718 1160 219 59 fouiller
882 1160 347 59 silencieusement
1175 1160 128 59 les
1248 1160 274 59 profondeurs
1467 1160 110 59 de
1522 1160 110 59 la
1559 1160 219 59 conscience

388 1214 207 56 humaine
539 1214 113 56 en
595 1214 132 56 vue
670 1214 113 56 de
727 1214 263 56 normaliser
933 1214 132 56 ses
1008 1214 301 56 singularités
1253 1214 113 56 et
1309 1214 113 56 de
1366 1214 132 56 les
1441 1214 188 56 rendre
1553 1214 226 56 facilement

388 1268 339 56 communicables.
670 1268 113 56 Le
727 1268 207 56 langage
877 1268 113 56 de
934 1268 132 56 nos
1009 1268 226 56 peintres
1178 1268 132 56 est
1253 1268 113 56 un
1310 1268 207 56 langage
1460 1268 207 56 simple.
1611 1268 169 56 Point
1705 1268 75 56 de

389 1321 297 57 prédilection
631 1321 149 57 chez
724 1321 130 57 eux
798 1321 149 57 pour
891 1321 130 57 une
965 1321 260 57 expression
1169 1321 279 57 occidentale
1392 1321 111 57 ou
1448 1321 260 57 orientale.
1633 1321 149 57 Jouant

389 1369 141 51 avec
478 1369 123 51 une
548 1369 159 51 égale
654 1369 212 51 maîtrise
812 1369 123 51 sur
883 1369 123 51 les
953 1369 141 51 deux
1042 1369 194 51 gammes,
1183 1369 123 51 ils
1253 1369 264 51 réussissent
1465 1369 212 51 toujours
1623 1369 88 51 à
1641 1369 141 51 rendre

392 1421 122 59 les
461 1421 191 59 nuances
600 1421 122 59 les
670 1421 139 59 plus
757 1421 313 59 imperceptibles
1018 1421 104 59 de
1070 1421 139 59 leur
1157 1421 278 59 sensibilité.
1383 1421 157 59 C’est
1487 1421 191 59 surtout
1626 1421 139 59 dans
1696 1421 87 59 les

391 1473 334 62 développements
670 1473 260 62 mystérieux
875 1473 111 62 de
930 1473 167 62 leurs
1042 1473 186 62 œuvres
1172 1473 167 62 qu’il
1283 1473 223 62 faudrait
1451 1473 130 62 les
1525 1473 260 62 comprendre
1711 1473 74 62 et

393 1525 229 56 peut-être
570 1525 141 56 plus
658 1525 353 56 particulièrement
957 1525 141 56 dans
1046 1525 282 56 l’élasticité
1275 1525 123 56 des
1345 1525 247 56 dimensions
1522 1525 264 56 métaphysiques

393 1576 110 59 de
448 1576 147 59 leur
521 1576 183 59 univers.

1434 1944 200 72 Joseph
1574 1944 160 72 Abou
1654 1944 140 72 Rizk.

444 2108 98 56 74
