1875 2207
1478 8 302 86 URUGUAV

201 99 316 87 l’identifier.
462 99 111 87 De
517 99 130 87 ton
592 99 204 87 austère
740 99 111 87 et
796 99 223 87 profond,
963 99 111 87 il
1019 99 93 87 a
1056 99 186 87 réussi
1186 99 93 87 à
1223 99 223 87 combiner
1390 99 93 87 —
1428 99 111 87 en
1465 99 167 87 faisant

204 170 126 61 une
276 170 216 61 peinture
438 170 108 61 de
493 170 162 61 haute
601 170 198 61 qualité
745 170 90 61 —
781 170 307 61 l’élaboration
1034 170 126 61 des
1106 170 216 61 surfaces
1268 170 271 61 intensément
1467 170 162 61 vêcues,

202 239 154 51 avec
298 239 135 51 les
375 239 270 51 structures
588 239 154 51 d’un
684 239 193 51 dessin
819 239 270 51 pénétrant,
1032 239 154 51 avec
1128 239 193 51 lequel
1263 239 116 51 il
1321 239 251 51 développe
1495 239 135 51 toute

202 286 139 50 une
282 286 99 50 «
321 286 318 50 signographie
579 286 99 50 »
619 286 119 50 ou
678 286 99 50 «
718 286 278 50 symbologie
936 286 99 50 »
976 286 238 50 d’énorme
1155 286 298 50 suggestion,
1393 286 119 50 au
1452 286 179 50 moyen
1552 286 79 50 de

200 331 229 52 laquelle
372 331 114 52 il
429 331 191 52 arrive
562 331 95 52 à
600 331 153 52 nous
696 331 286 52 transmettre
925 331 114 52 un
982 331 229 52 étonnant
1153 331 210 52 message
1287 331 343 52 d’identification

202 388 367 51 afro-américaine.
513 388 128 51 Son
587 388 202 51 retour,
733 388 165 51 après
843 388 110 51 la
898 388 183 51 bourse
1027 388 220 51 d’études
1192 388 128 51 qui
1265 388 128 51 lui
1339 388 128 51 fut
1412 388 202 51 confiée
1540 388 92 51 par

201 426 112 62 le
257 426 297 62 gouvernement
499 426 260 62 brésilien,
703 426 112 62 le
759 426 223 62 surprend
927 426 112 62 en
982 426 167 62 plein
1094 426 205 62 progrès
1243 426 112 62 et
1298 426 149 62 dans
1391 426 112 62 la
1428 426 205 62 certitude

200 478 205 63 d’avoir
349 478 186 63 trouvé
479 478 112 63 un
535 478 186 63 chemin
665 478 93 63 à
702 478 242 63 parcourir
888 478 149 63 avec
981 478 149 63 foi,
1074 478 167 63 étant
1186 478 167 63 donné
1297 478 130 63 que
1372 478 130 63 ses
1446 478 149 63 dons
1520 478 112 63 nous

201 537 210 61 placent
354 537 191 61 devant
487 537 115 61 un
545 537 172 61 jeune
659 537 153 61 déjà
755 537 306 61 expérimenté,
1003 537 210 61 sachant
1156 537 115 61 ce
1213 537 172 61 qu’il
1327 537 153 61 veut
1423 537 115 61 et
1480 537 134 61 qui
1538 537 95 61 est

202 578 189 64 appelé
335 578 95 64 à
372 578 189 64 monter
505 578 151 64 très
600 578 151 64 haut
694 578 151 64 dans
789 578 114 64 le
846 578 227 64 panorama
997 578 246 64 artistique.

1255 743 179 60 Jorge
1374 743 159 60 Paez
1454 743 179 60 Vilaro,

623 792 202 53 Membre
764 792 121 53 de
825 792 121 53 la
885 792 283 53 Commission
1108 792 263 53 Nationale
1310 792 141 53 des
1370 792 263 53 Beaux

681 1487 242 64 SECTION
857 1487 176 64 ARTS
945 1487 286 64 LPLASTIQUES

748 1540 264 95 PEINTURE
946 1540 132 95 ET
990 1540 176 95 DESSIN

277 1627 211 70 José
430 1627 307 70 GAMARRA
680 1627 115 70 né
738 1627 115 70 en
795 1627 211 70 Uruguay
949 1627 115 70 en
988 1627 134 70 1934.

225 1692 198 52 1
373 1692 165 52 Nature
488 1692 165 52 morte,
604 1692 132 52 1960
686 1692 181 52 (huile,
818 1692 99 52 98
851 1692 148 52 x142)*.

223 1736 202 43 2
375 1736 168 43 Nature
493 1736 168 43 morte,
611 1736 135 43 1961
695 1736 185 43 (huile,
829 1736 118 43 68x
880 1736 101 43 89).

227 1776 197 53 3
374 1776 164 53 Nature
489 1776 164 53 morte,
604 1776 131 53 1961
686 1776 181 53 (huile,
818 1776 131 53 120x
883 1776 99 53 84).

827 1818 234 65 GRAVURE

277 1912 245 47 Glauco
466 1912 339 47 CAPOZZOLI
749 1912 113 47 né
805 1912 94 47 à
843 1912 264 47 Montevideo
1050 1912 113 47 en
1088 1912 132 47 1929.

226 1963 198 55 4
374 1963 99 55 La
424 1963 198 55 fiancée,
572 1963 132 55 1961
655 1963 264 55 (xylographie
869 1963 99 55 et
919 1963 264 55 sérigraphie,
1117 1963 149 55 82x70).

1456 2082 110 76 117
