1818 2207
530 444 277 51 Commissaire
751 444 203 51 Général
899 444 92 51 :
935 444 258 51 Charles-F.
1120 444 166 51 Comfort

530 479 229 63 Directeur
707 479 106 63 de
760 479 106 63 la
813 479 194 63 Galerie
954 479 229 63 Nationale
1130 479 106 63 du
1183 479 176 63 Canada
1307 479 88 63 à
1324 479 159 63 Ottawa.

372 764 317 70 L’après-guerre
636 764 88 70 a
671 764 106 70 vu
724 764 123 70 les
795 764 141 70 arts
883 764 106 70 au
935 764 194 70 Canada,
1076 764 106 70 la
1129 764 211 70 peinture
1287 764 106 70 en
1340 764 281 70 particulier,
1569 764 106 70 se
1604 764 123 70 déve-

335 813 170 61 lopper
454 813 102 61 de
505 813 153 61 façon
606 813 322 61 extraordinaire.
878 813 102 61 Il
929 813 85 61 y
963 813 85 61 a
997 813 136 61 plus
1081 813 102 61 de
1132 813 221 61 peintres,
1302 813 102 61 de
1353 813 170 61 musées
1472 813 102 61 et
1522 813 102 61 de
1556 813 170 61 galeries

332 873 132 51 que
407 873 188 51 jamais
539 873 113 51 et
596 873 113 51 le
652 873 188 51 nombre
784 873 264 51 d’amateurs
991 873 113 51 et
1047 873 113 51 de
1104 873 358 51 collectionneurs
1405 873 169 51 s’est
1518 873 169 51 accru
1631 873 94 51 à
1650 873 75 51 un

331 913 199 65 rythme
471 913 139 65 que
550 913 259 65 plusieurs
750 913 159 65 pays
849 913 159 65 nous
949 913 239 65 envient.
1128 913 139 65 Les
1208 913 199 65 jeunes
1347 913 239 65 peintres
1507 913 219 65 canadiens

330 962 321 70 d’aujourd’hui
594 962 226 70 prennent
764 962 151 70 rang
858 962 94 70 à
896 962 151 70 leur
990 962 151 70 tour
1085 962 151 70 dans
1179 962 113 70 ce
1236 962 245 70 renouveau
1424 962 245 70 culturel.
1594 962 132 70 Leurs

329 1015 236 71 activités
510 1015 145 71 sont
601 1015 272 71 importantes
818 1015 199 71 surtout
963 1015 91 71 à
1000 1015 236 71 Montréal,
1181 1015 199 71 Québec,
1326 1015 199 71 Toronto
1471 1015 109 71 et
1507 1015 218 71 Vancouver,

328 1062 112 92 où
384 1062 131 92 les
459 1062 187 92 écoles
590 1062 131 92 des
664 1062 280 92 Beaux-Arts,
888 1062 224 92 devenues
1056 1062 149 92 vite
1149 1062 224 92 exigués,
1317 1062 187 92 furent
1448 1062 93 92 à
1485 1062 243 92 l’origine
1653 1062 75 92 en

326 1124 214 60 grande
476 1124 214 60 partie
626 1124 343 60 responsables
904 1124 129 60 de
969 1124 129 60 ce
1012 1124 257 60 mouvement.

364 1166 140 58 Pour
451 1166 105 58 la
503 1166 157 58 jeune
608 1166 245 58 génération
800 1166 122 58 des
870 1166 210 58 artistes
1027 1166 245 58 canadiens,
1219 1166 105 58 la
1272 1166 210 58 peinture
1429 1166 157 58 n’est
1534 1166 122 58 pas
1586 1166 140 58 régio-

328 1215 147 61 nale
420 1215 111 61 ou
475 1215 147 61 même
567 1215 258 61 nationale,
770 1215 147 61 elle
862 1215 129 61 est
936 1215 184 61 plutôt
1065 1215 111 61 un
1120 1215 166 61 moyen
1230 1215 111 61 de
1286 1215 166 61 créer
1396 1215 129 61 une
1470 1215 166 61 œuvre
1562 1215 166 61 person-

325 1272 189 68 nelle.
458 1272 151 68 Même
552 1272 114 68 si
609 1272 114 68 au
666 1272 170 68 début
779 1272 246 68 plusieurs
969 1272 208 68 d’entre
1120 1272 133 68 eux
1196 1272 114 68 se
1253 1272 246 68 réclament
1442 1272 114 68 de
1480 1272 246 68 différentes

326 1315 200 75 écoles,
472 1315 128 75 ils
544 1315 146 75 s’en
636 1315 219 75 dégagent
800 1315 128 75 tôt
872 1315 109 75 ou
927 1315 146 75 tard
1018 1315 146 75 pour
1109 1315 273 75 approfondir
1328 1315 109 75 un
1383 1315 164 75 style
1492 1315 128 75 qui
1565 1315 146 75 leur
1638 1315 91 75 est

303 1370 176 53 propre.

361 1420 109 84 Il
415 1420 128 84 est
488 1420 128 84 par
561 1420 255 84 conséquent
762 1420 182 84 normal
889 1420 182 84 qu’une
1017 1420 164 84 telle
1126 1420 237 84 diversité
1309 1420 109 84 de
1363 1420 182 84 points
1491 1420 109 84 de
1546 1420 146 84 vue,
1619 1420 109 84 dans

325 1472 104 80 un
377 1472 139 80 pays
463 1472 104 80 où
515 1472 121 80 les
585 1472 191 80 centres
723 1472 156 80 d’art
827 1472 139 80 sont
914 1472 139 80 fort
1000 1472 208 80 éloignés
1156 1472 121 80 les
1226 1472 121 80 uns
1295 1472 121 80 des
1364 1472 191 80 autres,
1503 1472 156 80 rende
1589 1472 139 80 impos-

322 1517 169 62 sible
435 1517 131 62 une
510 1517 262 62 uniformité
716 1517 112 62 de
753 1517 150 62 style.

359 1565 107 86 La
413 1565 231 86 diversité
590 1565 125 86 est
662 1565 142 86 donc
751 1565 107 86 la
804 1565 142 86 note
893 1565 231 86 dominante
1071 1565 125 86 des
1142 1565 231 86 peintures
1320 1565 142 86 qu’a
1409 1565 231 86 choisies,
1587 1565 142 86 pour
1658 1565 71 86 la

322 1615 222 74 Biennale
489 1615 111 74 de
545 1615 185 74 Paris,
674 1615 111 74 la
730 1615 204 74 Galerie
878 1615 241 74 Nationale
1063 1615 111 74 du
1118 1615 185 74 Canada
1248 1615 111 74 et
1303 1615 130 74 qui
1377 1615 259 74 représente
1562 1615 167 74 l’œuvre

321 1672 114 103 de
378 1672 304 103 quelques-uns
625 1672 133 103 des
701 1672 228 103 artistes
872 1672 133 103 les
948 1672 152 103 plus
1043 1672 285 103 prometteurs
1271 1672 133 103 des
1347 1672 285 103 différentes
1556 1672 171 103 régions

300 1716 280 66 canadiennes.

1445 1952 181 64 J.-R.
1546 1952 181 64 Harper.
