1818 2207
181 9 207 76 CHILI

525 370 223 58 Commissaire
703 370 163 58 Général
822 370 74 58 :
852 370 178 58 Jorge
986 370 193 58 Caballero
1120 370 178 58 Cristi

527 419 198 43 Directeur
679 419 91 43 de
709 419 183 43 l’Institut

525 441 134 60 pour
609 441 251 60 l’Extension
809 441 117 60 des
876 441 134 60 Arts
943 441 217 60 Plastiques.

364 663 261 88 L’Institut
569 663 149 88 pour
662 663 279 88 l’Extension
886 663 130 88 des
960 663 149 88 Arts
1054 663 261 88 Plastiques
1258 663 112 88 de
1314 663 298 88 l’Université
1556 663 112 88 du
1594 663 130 88 Chili

329 736 132 60 est
405 736 283 60 l’organisme
631 736 226 60 officiel
800 736 207 60 chargé,
951 736 151 60 dans
1045 736 113 60 le
1102 736 207 60 domaine
1253 736 283 60 artistique,
1479 736 132 60 des
1536 736 188 60 échanges

329 793 236 48 culturels
510 793 145 48 avec
601 793 272 48 l’étranger.
818 793 181 48 Ainsi,
945 793 145 48 pour
1036 793 109 48 la
1090 793 199 48 seconde
1235 793 163 48 fois,
1344 793 254 48 l’Institut
1544 793 91 48 a
1580 793 145 48 reçu
1652 793 73 48 la

331 843 213 50 mission
486 843 116 50 de
544 843 213 50 choisir
699 843 136 50 les
776 843 194 50 œuvres
912 843 136 50 qui
990 843 349 50 représenteront
1280 843 116 50 le
1338 843 174 50 Chili
1455 843 97 50 à
1493 843 116 50 la
1532 843 194 50 deuxième

330 884 223 57 Biennale
498 884 112 57 de
535 884 149 57 Paris.

362 907 108 99 Un
416 907 144 99 jury
506 907 90 99 a
542 907 126 99 été
614 907 252 99 constitué,
811 907 198 99 composé
955 907 108 99 du
1009 907 234 99 Directeur
1189 907 108 99 de
1243 907 162 99 notre
1351 907 234 99 Institut,
1530 907 108 99 le
1566 907 162 99 peintre

328 990 168 62 Jorge
440 990 261 62 Caballero,
646 990 112 62 du
702 990 205 62 peintre
851 990 187 62 Sergio
982 990 261 62 Montecino,
1187 990 261 62 Secrétaire
1392 990 112 62 de
1448 990 112 62 la
1504 990 205 62 Faculté
1635 990 93 62 des

329 1043 276 50 Beaux-Arts,
549 1043 166 50 ainsi
660 1043 129 50 que
733 1043 129 50 des
807 1043 313 50 représentants
1065 1043 129 50 des
1138 1043 276 50 différentes
1359 1043 294 50 associations
1580 1043 147 50 artis-

327 1090 184 68 tiques
456 1090 111 68 du
511 1090 166 68 Chili
622 1090 92 68 :
658 1090 111 68 M.
714 1090 166 68 Pedro
824 1090 221 68 Labowitz
990 1090 148 68 pour
1083 1090 111 68 le
1138 1090 92 68 «
1175 1090 184 68 Cercle
1304 1090 129 68 des
1378 1090 240 68 Critiques
1562 1090 166 68 d’Art
1654 1090 74 68 »,

327 1132 115 76 M.
384 1132 154 76 José
481 1132 211 76 Caracci
634 1132 154 76 pour
730 1132 115 76 la
788 1132 96 76 «
827 1132 211 76 Société
980 1132 250 76 Nationale
1173 1132 135 76 des
1249 1132 269 76 Beaux-Arts
1461 1132 115 76 »,
1519 1132 135 76 Mme
1576 1132 154 76 Maruja

330 1185 184 69 Pinedo
459 1185 148 69 pour
551 1185 129 69 l’«
625 1185 277 69 Association
846 1185 129 69 des
920 1185 221 69 Peintres
1086 1185 111 69 et
1141 1185 258 69 Sculpteurs
1325 1185 74 69 ».

359 1245 113 63 Ce
416 1245 150 63 jury
510 1245 94 63 a
547 1245 226 63 organisé
716 1245 113 63 un
773 1245 226 63 concours
942 1245 207 63 public,
1092 1245 188 63 ouvert
1224 1245 94 63 à
1261 1245 150 63 tous
1355 1245 132 63 les
1430 1245 188 63 jeunes
1543 1245 188 63 artistes

328 1301 234 63 répondant
508 1301 126 63 aux
580 1301 252 63 conditions
777 1301 180 63 posées
903 1301 126 63 par
975 1301 108 63 le
1029 1301 234 63 règlement
1209 1301 108 63 de
1263 1301 108 63 la
1317 1301 234 63 Biennale:
1496 1301 126 63 120
1550 1301 180 63 peintres

327 1345 91 67 y
363 1345 128 67 ont
436 1345 237 67 participé
619 1345 146 67 avec
710 1345 128 67 223
783 1345 201 67 œuvres.
929 1345 164 67 L’art
1039 1345 219 67 abstrait
1203 1345 110 67 et
1258 1345 128 67 non
1331 1345 237 67 figuratif
1495 1345 237 67 l’emportait

326 1399 247 60 nettement
516 1399 152 60 dans
611 1399 133 60 ces
687 1399 190 60 envois
819 1399 133 60 sur
895 1399 133 60 les
971 1399 190 60 autres
1104 1399 266 60 tendances,
1313 1399 190 60 allant
1445 1399 114 60 du
1502 1399 228 60 réalisme
1654 1399 76 60 le

327 1448 146 61 plus
418 1448 183 61 strict
546 1448 110 61 au
601 1448 439 61 post-impressionnisme
985 1448 110 61 et
1021 1448 183 61 au

358 1486 136 77 Les
435 1486 194 77 œuvres
571 1486 232 77 retenues
745 1486 271 77 traduisent
958 1486 136 77 les
1035 1486 252 77 problèmes
1229 1486 290 77 esthétiques
1461 1486 136 77 qui
1538 1486 116 77 se
1577 1486 155 77 posent

327 1549 260 73 aujourd’hui
535 1549 87 73 à
570 1549 156 73 notre
674 1549 226 73 jeunesse;
847 1549 156 73 elles
951 1549 139 73 sont
1038 1549 104 73 le
1090 1549 174 73 reflet
1212 1549 104 73 de
1264 1549 278 73 l’inquiétude
1489 1549 121 73 qui
1559 1549 121 73 lui
1611 1549 121 73 dicte

327 1593 107 84 la
381 1593 232 84 diversité
559 1593 107 84 de
612 1593 125 84 son
683 1593 196 84 langage
826 1593 196 84 formel.
968 1593 142 84 Bien
1057 1593 125 84 que
1129 1593 125 84 non
1200 1593 285 84 figuratives,
1431 1593 107 84 on
1485 1593 160 84 voit,
1592 1593 125 84 par
1645 1593 89 84 les

326 1649 281 63 différences
551 1649 131 63 qui
626 1649 131 63 les
701 1649 244 63 séparent,
889 1649 225 63 qu’elles
1058 1649 113 63 ne
1114 1649 225 63 relèvent
1283 1649 113 63 ni
1339 1649 150 63 d’un
1433 1649 150 63 même
1527 1649 206 63 concept
1658 1649 75 63 ni

326 1691 174 62 d’une
442 1691 213 62 formule
578 1691 174 62 unique.

357 1740 189 82 Toutes
489 1740 151 82 sont
584 1740 302 82 l’expression
829 1740 113 82 la
886 1740 151 82 plus
980 1740 189 82 exacte
1112 1740 113 82 de
1169 1740 113 82 la
1225 1740 227 82 position
1395 1740 227 82 actuelle
1565 1740 113 82 de
1603 1740 132 82 l’art

327 1799 217 62 chilien,
489 1799 126 62 tel
562 1799 126 62 que
634 1799 126 62 nos
706 1799 181 62 jeunes
832 1799 217 62 artistes
995 1799 108 62 le
1049 1799 253 62 conçoivent
1248 1799 108 62 et
1302 1799 108 62 le
1356 1799 199 62 créent.
1500 1799 108 62 Le
1554 1799 144 62 fait
1627 1799 108 62 même

330 1849 129 64 que
403 1849 240 64 plusieurs
588 1849 203 64 d’entre
736 1849 129 64 eux
810 1849 314 64 appartiennent
1069 1849 92 64 à
1106 1849 203 64 l’Ecole
1254 1849 129 64 des
1328 1849 259 64 Beaux-Arts
1532 1849 92 64 à
1569 1849 166 64 titre
1661 1849 74 64 de

329 1898 270 73 professeurs
545 1898 108 73 ou
599 1898 288 73 d’assistants
834 1898 126 73 est
906 1898 108 73 la
960 1898 180 73 preuve
1086 1898 108 73 de
1140 1898 108 73 la
1194 1898 216 73 vitalité
1356 1898 126 73 qui
1429 1898 180 73 anime,
1555 1898 108 73 de
1591 1898 144 73 maître

330 1946 87 82 à
364 1946 175 82 élève,
487 1946 157 82 l’art
592 1946 105 82 de
644 1946 157 82 notre
732 1946 122 82 pays.

369 2099 100 63 26
