1818 2197
278 15 406 71 MANIFESTATIONS
607 15 251 71 ANNEXES

784 468 250 97 LIVRES
959 468 150 97 ET
1034 468 250 97 REVUES
1210 468 175 97 SUR
1285 468 175 97 L’ART

459 578 104 58 Un
511 578 155 58 choix
614 578 104 58 de
666 578 173 58 livres
787 578 104 58 et
838 578 173 58 revues
959 578 121 58 sur
1028 578 155 58 l’art
1132 578 276 58 contemporain
1356 578 138 58 sera
1443 578 121 58 mis
1512 578 86 58 à
1546 578 104 58 la
1581 578 224 58 disposition

418 632 125 52 du
481 632 208 52 public
626 632 167 52 dans
731 632 125 52 un
793 632 187 52 salon
918 632 125 52 de
960 632 208 52 lecture.

458 627 105 102 En
510 627 175 102 outre,
633 627 105 102 un
685 627 210 102 comptoir
843 627 105 102 de
895 627 175 102 vente,
1018 627 210 102 organisé
1175 627 123 102 par
1245 627 105 102 la
1298 627 228 102 librairie
1473 627 105 102 La
1525 627 158 102 Hune,
1613 627 193 102 permettra

418 695 300 54 d’acquérir
653 695 129 54 ou
718 695 129 54 de
782 695 279 54 commander
996 695 150 54 les
1082 695 257 54 ouvrages
1254 695 214 54 exposés.

870 776 299 93 EDITION
1087 776 163 93 DE
1141 776 272 93 GRAVURES

452 865 157 68 Cinq
551 865 236 68 graveurs
727 865 137 68 ont
806 865 137 68 été
884 865 236 68 désignés
1061 865 157 68 pour
1159 865 236 68 exécuter
1336 865 196 68 chacun
1473 865 137 68 une
1552 865 236 68 planche,
1709 865 98 68 qui

416 933 150 50 sera
510 933 169 50 tirée
623 933 113 50 au
679 933 169 50 cours
792 933 113 50 de
848 933 113 50 la
905 933 226 50 Biennale
1074 933 188 50 devant
1206 933 113 50 le
1262 933 207 50 public,
1412 933 150 50 sous
1506 933 113 50 la
1563 933 244 50 direction
1732 933 75 50 de

412 956 247 70 Jacques
591 956 247 70 Riggal.
771 956 135 70 Ce
816 956 157 70 sont:

419 1014 205 61 Paolo
573 1014 223 61 BONI
744 1014 103 61 né
796 1014 86 61 à
830 1014 205 61 Florence
984 1014 103 61 en
1018 1014 120 61 1926.

416 1051 278 71 Barbara
634 1051 396 71 KWASNIEWSKA
971 1051 139 71 née
1051 1051 99 71 à
1090 1051 238 71 Varsovie
1269 1051 119 71 en
1308 1051 139 71 1931.

415 1131 256 58 Voshiko
616 1131 237 58 NOMA
798 1131 128 58 née
871 1131 91 58 à
908 1131 183 58 Tokyo,
1036 1131 110 58 en
1072 1131 128 58 1934.

414 1177 205 56 Jean
563 1177 316 56 PESCHARD
824 1177 112 56 né
880 1177 93 56 à
917 1177 167 56 Flers
1029 1177 112 56 en
1066 1177 130 56 1928.

414 1212 242 72 Arthur
601 1212 242 72 PIZA
787 1212 112 72 né
843 1212 93 72 à
881 1212 242 72 Sao-Paulo
1067 1212 112 72 en
1104 1212 131 72 1928.

451 1300 127 49 Ces
523 1300 217 49 gravures
686 1300 181 49 seront
813 1300 181 49 tirées
939 1300 90 49 à
975 1300 127 49 150
1048 1300 271 49 exemplaires
1265 1300 253 49 numérotés,
1463 1300 145 49 dont
1554 1300 127 49 140
1626 1300 127 49 sur
1680 1300 127 49 vélin

414 1351 118 40 de
473 1351 236 40 Hollande
650 1351 137 40 des
728 1351 275 40 papeteries
944 1351 216 40 Royales
1101 1351 137 40 Van
1180 1351 196 40 Gelder
1317 1351 177 40 Zonen
1435 1351 294 40 d’Amsterdam
1651 1351 157 40 (pape-

412 1378 179 58 teries
537 1378 107 58 de
591 1378 287 58 Montevrain),
824 1378 233 58 numérotés
1003 1378 107 58 de
1057 1378 90 58 1
1093 1378 90 58 à
1128 1378 143 58 140;
1218 1378 107 58 et
1272 1378 107 58 10
1325 1378 197 58 tirages
1469 1378 107 58 de
1522 1378 143 58 tête
1612 1378 125 58 sur
1666 1378 143 58 papier

414 1427 119 41 du
474 1427 198 41 Moulin
612 1427 119 41 de
671 1427 217 41 Richard
829 1427 119 41 de
888 1427 158 41 Bas,
987 1427 257 41 numérotés
1185 1427 119 41 de
1244 1427 99 41 A
1283 1427 99 41 à
1303 1427 79 41 d.

450 1460 132 43 Ces
526 1460 226 43 gravures
695 1460 189 43 seront
828 1460 208 43 vendues
979 1460 94 43 à
1016 1460 113 43 la
1073 1460 226 43 Biennale
1243 1460 113 43 au
1299 1460 151 43 prix
1394 1460 208 43 spécial
1545 1460 113 43 de
1601 1460 113 43 30
1658 1460 113 43 NF
1696 1460 113 43 pour

415 1489 123 51 les
486 1489 212 51 gravures
645 1489 247 51 numérotées
839 1489 106 51 de
892 1489 88 51 1
927 1489 88 51 à
962 1489 141 51 140;
1050 1489 106 51 et
1103 1489 106 51 de
1156 1489 106 51 60
1209 1489 106 51 NF
1262 1489 141 51 pour
1350 1489 123 51 les
1421 1489 194 51 tirages
1562 1489 106 51 de
1615 1489 141 51 tête
1686 1489 123 51 numé-

416 1528 159 54 rotés
522 1528 106 54 de
575 1528 88 54 A
610 1528 88 54 à
646 1528 106 54 J.
698 1528 176 54 Celles
822 1528 123 54 qui
892 1528 212 54 n’auront
1051 1528 123 54 pas
1122 1528 123 54 été
1192 1528 194 54 vendues
1333 1528 194 54 pendant
1474 1528 106 54 la
1527 1528 212 54 Biennale
1668 1528 141 54 seront

417 1573 163 51 mises
525 1573 90 51 à
562 1573 108 51 la
616 1573 271 51 disposition
833 1573 108 51 du
887 1573 181 51 public
1014 1573 90 51 à
1050 1573 108 51 la
1104 1573 235 51 librairie
1285 1573 108 51 La
1339 1573 163 51 Hune,
1447 1573 90 51 à
1484 1573 145 51 leur
1574 1573 145 51 prix
1646 1573 163 51 normal.

451 1611 129 68 Ces
524 1611 221 68 artistes
690 1611 129 68 ont
763 1611 147 68 été,
856 1611 110 68 en
911 1611 184 68 outre,
1040 1611 202 68 invités
1187 1611 92 68 à
1224 1611 202 68 exposer
1371 1611 184 68 chacun
1500 1611 129 68 une
1555 1611 184 68 gravure.

417 1675 199 65 Paolo
567 1675 199 65 BONI
716 1675 298 65 Pétrification,
965 1675 133 65 1961
1047 1675 199 65 (gravure
1197 1675 99 65 en
1246 1675 182 65 relief,
1379 1675 182 65 65x50).
1512 1675 199 65 Editions
1661 1675 99 65 Le
1694 1675 116 65 Point

397 1725 204 54 Cardinal.

415 1777 273 51 Barbara
630 1777 371 51 KWASNIEWSKA
942 1777 98 51 :
981 1777 234 51 Persane,
1157 1777 156 51 1961
1255 1777 254 51 (gravure,
1430 1777 176 51 76x57).

411 1826 275 48 Voshiko
627 1826 196 48 NOMA
765 1826 98 48 :
804 1826 177 48 Champ
922 1826 118 48 I,
980 1826 157 48 1960
1079 1826 294 48 (eau-forte,
1294 1826 177 48 43x33).

414 1872 194 49 Jean
556 1872 282 49 PESCHARD
785 1872 88 49 :
820 1872 177 49 Projet
944 1872 335 49 d’illustrations
1226 1872 141 49 pour
1315 1872 88 49 «
1350 1872 124 49 Les
1421 1872 230 49 richesses
1580 1872 230 49 naturelles»

412 1917 121 49 de
472 1917 162 49 René
573 1917 121 49 de
634 1917 243 49 Obaldia,
816 1917 263 49 1959-1961
1018 1917 263 49 (gravure,
1200 1917 182 49 30x21).

414 1947 232 94 Arthur
593 1947 215 94 PIZA
754 1947 89 94 :
790 1947 179 94 Grande
915 1947 232 94 Cosmique,
1094 1947 143 94 1961
1183 1947 232 94 (gravure,
1362 1947 197 94 87x60).
1505 1947 197 94 Galerie
1648 1947 107 94 La
1684 1947 125 94 Hune.

460 2123 105 60 140
