1818 2207
263 6 282 69 ORÉE
468 6 154 69 DU
520 6 231 69 SUD

557 445 233 63 Commissaire
744 445 171 63 Général
869 445 78 63 :
900 445 156 63 Kin
1009 445 140 63 Byung
1087 445 124 63 Ki

556 496 215 60 Président
722 496 99 60 de
772 496 281 60 l’Association
1003 496 116 60 des
1053 496 182 60 Peintres.

393 767 188 76 Brûler
525 767 113 76 de
581 767 207 76 longues
732 767 188 76 étapes
864 767 245 76 jalonnées
1052 767 132 76 par
1127 767 113 76 la
1183 767 245 76 nécessité
1372 767 263 76 implacable
1579 767 113 76 de
1616 767 132 76 l’ait

361 823 201 69 moderne
507 823 274 69 occidental,
726 823 146 69 cela
817 823 164 69 exige
927 823 110 69 un
981 823 201 69 courage
1127 823 183 69 inouï,
1255 823 128 69 une
1328 823 292 69 clairvoyance
1547 823 201 69 perçante)

359 882 114 64 on
416 882 95 64 y
454 882 191 64 risque
588 882 152 64 trop
683 882 229 64 souvent,
854 882 114 64 ou
912 882 114 64 de
969 882 191 64 gagner
1102 882 114 64 de
1159 882 210 64 fausses
1312 882 229 64 monnaies
1464 882 286 64 fastueusement

361 919 270 71 brillantes,
577 919 108 71 ou
631 919 108 71 de
685 919 108 71 se
739 919 234 71 contenter
919 919 144 71 d’un
1009 919 234 71 ascétisme
1189 919 288 71 fâcheusement
1423 919 270 71 défaitiste.
1621 919 126 71 Néan-

359 987 188 52 moins,
491 987 169 52 cette
603 987 225 52 exigence
772 987 131 52 est
847 987 206 52 absolue
997 987 113 52 et
1053 987 188 52 fatale
1184 987 150 52 chez
1278 987 150 52 tous
1372 987 131 52 les
1447 987 188 52 jeunes
1559 987 188 52 artistes

356 1039 223 53 coréens.
523 1039 260 53 Déshérités
728 1039 297 53 volontaires,
969 1039 111 53 et
1024 1039 111 53 se
1080 1039 223 53 trouvant
1247 1039 148 53 pour
1340 1039 148 53 cela
1433 1039 148 53 même
1525 1039 186 53 jetés,
1637 1039 111 53 tout

355 1074 223 69 éblouis,
522 1074 111 69 au
578 1074 148 69 sein
671 1074 278 69 d’aventures
894 1074 223 69 humaines
1061 1074 315 69 universelles,
1320 1074 130 69 ils
1394 1074 278 69 s’adonnent,
1617 1074 93 69 à
1636 1074 111 69 leur

356 1119 161 67 tour,
464 1119 90 67 à
499 1119 179 67 toutes
625 1119 125 67 les
696 1119 269 67 expériences
893 1119 215 67 possibles.

388 1167 262 94 Incrédulité
597 1167 192 94 presque
737 1167 175 94 totale
859 1167 87 94 à
894 1167 192 94 l’égard
1033 1167 105 94 de
1086 1167 140 94 tout
1173 1167 105 94 ce
1225 1167 122 94 qui
1295 1167 140 94 peut
1382 1167 140 94 être
1470 1167 227 94 considéré
1627 1167 122 94 comme

354 1234 301 60 autoritaire,
599 1234 170 60 voilà
712 1234 113 60 un
769 1234 132 60 des
844 1234 188 60 signes
976 1234 132 60 les
1051 1234 151 60 plus
1145 1234 377 60 caractéristiques
1465 1234 113 60 de
1522 1234 170 60 notre
1616 1234 132 60 jeune

354 1289 279 64 génération.
578 1289 149 64 Pour
671 1289 130 64 les
745 1289 223 64 artistes
913 1289 112 64 de
968 1289 167 64 cette
1080 1289 279 64 génération,
1303 1289 149 64 tout
1396 1289 130 64 est
1471 1289 93 64 à
1489 1289 261 64 recommencer.

357 1329 105 77 Il
409 1329 139 77 leur
496 1329 139 77 faut
583 1329 139 77 tout
670 1329 157 77 oser.
775 1329 157 77 Aussi
879 1329 314 77 n’hésitent-ils
1141 1329 157 77 plus,
1246 1329 122 77 par
1315 1329 209 77 exemple,
1472 1329 87 77 à
1507 1329 139 77 être
1577 1329 174 77 peintres

354 1379 254 73 abstraits,
553 1379 109 73 si
608 1379 236 73 téméraire
789 1379 127 73 que
862 1379 145 73 cela
952 1379 236 73 paraisse.
1134 1379 127 73 Ils
1206 1379 145 73 sont
1297 1379 145 73 même
1387 1379 236 73 persuadés
1569 1379 145 73 d’en
1641 1379 109 73 être

354 1421 318 79 d’authentiques
620 1421 106 79 et
673 1421 141 79 cela
761 1421 88 79 à
796 1421 159 79 juste
902 1421 177 79 titre.
1026 1421 124 79 Car
1097 1421 106 79 il
1150 1421 177 79 s’agit
1274 1421 141 79 pour
1362 1421 124 79 eux
1433 1421 124 79 qui
1503 1421 177 79 vivent
1610 1421 141 79 chaque

352 1470 138 92 jour
438 1470 104 92 le
490 1470 225 92 tragique,
663 1470 121 92 non
732 1470 155 92 d’une
835 1470 190 92 réalité
974 1470 259 92 extérieure,
1181 1470 225 92 éphémère,
1354 1470 155 92 telle
1457 1470 190 92 qu’elle
1578 1470 173 92 s’offre,

355 1538 145 75 mais
446 1538 163 75 d’une
554 1538 145 75 voix
645 1538 254 75 intérieure
844 1538 109 75 la
899 1538 145 75 plus
989 1538 218 75 secrète,
1153 1538 109 75 la
1207 1538 145 75 plus
1298 1538 272 75 révélatrice
1515 1538 109 75 de
1570 1538 163 75 l’âme
1660 1538 91 75 qui

337 1579 183 59 souffre.

386 1631 105 89 En
439 1631 175 89 effet,
562 1631 158 89 notre
667 1631 140 89 pays
755 1631 228 89 reconnaît
930 1631 105 89 en
983 1631 123 89 ces
1053 1631 175 89 toutes
1175 1631 228 89 dernières
1351 1631 193 89 années,
1491 1631 105 89 et
1544 1631 140 89 très
1614 1631 140 89 tardi-

352 1690 180 72 vement
478 1690 144 72 bien
568 1690 144 72 sûr,
657 1690 126 72 les
729 1690 216 72 peintres
891 1690 233 72 abstraits
1070 1690 108 72 de
1124 1690 144 72 plus
1214 1690 108 72 en
1268 1690 144 72 plus
1358 1690 233 72 nombreux,
1537 1690 108 72 si
1591 1690 144 72 bien
1663 1690 90 72 que

352 1731 111 92 la
407 1731 222 92 peinture
573 1731 240 92 abstraite
758 1731 203 92 devient
906 1731 222 92 l’unique
1072 1731 240 92 mouvement
1256 1731 332 92 d’avant-garde,
1533 1731 111 92 la
1570 1731 185 92 tendance

352 1783 262 76 directrice
558 1783 112 76 de
614 1783 168 76 l’art
726 1783 187 76 coréen
857 1783 206 76 actuel.
1006 1783 168 76 C’est
1119 1783 150 76 que,
1212 1783 150 76 pour
1305 1783 131 76 les
1380 1783 206 76 jeunes,
1530 1783 112 76 la
1567 1783 187 76 peinture

355 1839 254 69 d’académie
555 1839 127 69 des
627 1839 254 69 Beaux-Arts
827 1839 109 69 et
882 1839 109 69 de
936 1839 309 69 contemplation
1191 1839 291 69 complaisante
1427 1839 109 69 ne
1481 1839 145 69 leur
1554 1839 200 69 suffisait

353 1888 173 86 plus.
468 1888 154 86 S’il
564 1888 134 86 est
641 1888 154 86 vrai
737 1888 134 86 que
814 1888 154 86 nous
910 1888 173 86 avons
1025 1888 115 86 eu
1083 1888 154 86 déjà
1179 1888 231 86 quelques
1352 1888 231 86 peintres
1505 1888 250 86 précurseurs

356 1939 145 82 dits
447 1939 255 82 abstraits,
647 1939 109 82 il
701 1939 145 82 n’en
792 1939 127 82 est
865 1939 127 82 pas
938 1939 164 82 moins
1047 1939 145 82 vrai
1138 1939 164 82 qu’il
1247 1939 145 82 leur
1338 1939 164 82 avait
1447 1939 200 82 presque
1574 1939 182 82 toujours

394 2090 96 60 30
