1833 2197
1473 -17 299 70 POLOGNE

182 91 222 98 acharnée
349 91 93 98 à
386 91 222 98 laquelle
553 91 130 98 les
627 91 222 98 artistes
793 91 222 98 prennent
960 91 167 98 part,
1071 91 130 98 non
1145 91 130 98 pas
1219 91 130 98 par
1293 91 130 98 des
1367 91 259 98 manifestes
1552 91 74 98 et

186 145 134 74 des
263 145 154 74 mots
359 145 230 74 d’ordre,
531 145 154 74 mais
627 145 134 74 par
704 145 173 74 leurs
819 145 211 74 œuvres.
973 145 154 74 Bien
1069 145 134 74 que
1146 145 173 74 cette
1261 145 269 74 exposition
1453 145 173 74 reflète

187 197 129 69 une
260 197 166 69 nette
371 197 259 69 différence
574 197 166 69 entre
685 197 129 69 les
759 197 222 69 diverses
925 197 240 69 attitudes
1110 197 295 69 artistiques,
1350 197 111 69 on
1405 197 148 69 peut
1498 197 92 69 y
1516 197 111 69 voir

185 241 250 74 certaines
377 241 231 74 qualités
550 241 231 74 communes
724 241 96 74 à
762 241 192 74 toutes
897 241 135 74 les
974 241 192 74 œuvres
1108 241 289 74 présentées,
1339 241 115 74 un
1378 241 250 74 renoncement

184 280 148 80 très
277 280 185 80 poussé
407 280 93 80 à
444 280 148 80 tout
537 280 93 80 «
574 280 259 80 esthétisme
778 280 111 80 »,
833 280 130 80 une
907 280 222 80 tendance
1074 280 148 80 très
1167 280 204 80 visible
1315 280 93 80 à
1352 280 222 80 procéder
1519 280 93 80 à
1537 280 93 80 une

187 326 225 82 synthèse
356 326 113 82 de
412 326 244 82 l’élément
600 326 263 82 émotionnel
806 326 113 82 et
862 326 319 82 intellectuel.
1125 326 131 82 Ces
1200 326 206 82 valeurs
1350 326 113 82 se
1387 326 244 82 manifestent

187 371 96 76 à
225 371 192 76 divers
360 371 212 76 degrés,
514 371 173 76 elles
629 371 231 76 existent
803 371 96 76 —
841 371 289 76 semble-t-il
1072 371 96 76 —
1110 371 115 76 en
1168 371 192 76 dehors
1303 371 115 76 de
1361 371 115 76 la
1399 371 231 76 convention

188 425 124 74 cho
259 425 142 74 isie
348 425 107 74 ou
402 425 213 74 inventée
562 425 124 74 par
633 425 249 74 l’artiste,
828 425 107 74 en
881 425 178 74 dehors
1006 425 107 74 du
1059 425 231 74 stimulant
1237 425 196 74 portant
1379 425 89 74 à
1415 425 107 74 la
1450 425 178 74 création

189 471 114 78 de
246 471 228 78 l’œuvre.
417 471 114 78 Ce
474 471 133 78 qui
550 471 133 78 lie
626 471 190 78 encore
759 471 171 78 mieux
873 471 133 78 ces
950 471 190 78 jeunes
1083 471 247 78 peintres,
1273 471 285 78 sculpteurs,
1482 471 152 78 dessi-

191 511 144 85 nate
281 511 144 85 urs,
371 511 234 85 cinéastes
552 511 108 85 et
606 511 307 85 compositeurs,
858 511 162 85 c’est
967 511 144 85 leur
1057 511 216 85 vitalité
1219 511 108 85 et
1273 511 144 85 leur
1363 511 198 85 passion
1508 511 126 85 qui
1562 511 72 85 ne

189 556 212 85 peuvent
343 556 289 85 s’expliquer
574 556 135 85 que
652 556 135 85 par
729 556 116 85 la
787 556 270 85 conscience
999 556 116 85 de
1056 556 174 85 toute
1172 556 309 85 l’importance
1423 556 135 85 des
1481 556 154 85 tâches

191 604 133 81 qui
267 604 152 81 leur
362 604 266 81 incombent,
571 604 133 81 par
647 604 152 81 leur
742 604 209 81 volonté
894 604 304 81 irrésistible
1141 604 114 81 de
1198 604 209 81 marquer
1350 604 152 81 leur
1426 604 209 81 présence,

193 658 156 74 leur
290 658 253 74 existence
485 658 117 74 et
543 658 117 74 la
602 658 234 74 justesse
777 658 117 74 de
835 658 156 74 leur
933 658 195 74 propre
1050 658 136 74 voie.

1233 1865 226 60 Ryszard
1377 1865 288 60 Stanislawski

-69 1920 778 58 Historien
529 1920 359 58 et
709 1920 718 58 Critique
1187 1920 479 58 d’Art.

1483 2062 112 63 95
