1833 2207
1349 12 399 75 PHILIPPINES

207 111 96 90 A
245 111 191 90 Paris,
379 111 325 90 actuellement,
646 111 229 90 Zalameda
818 111 134 90 est
895 111 115 90 un
952 111 210 90 peintre
1105 111 248 90 abstrait;
1296 111 115 90 né
1354 111 96 90 à
1392 111 210 90 Manille
1526 111 76 90 en

174 177 152 70 1930,
275 177 101 70 il
326 177 84 70 a
359 177 135 70 fait
443 177 118 70 ses
511 177 168 70 études
629 177 84 70 à
662 177 269 70 l’Université
881 177 101 70 de
932 177 152 70 Santo
1033 177 152 70 Tomas
1134 177 101 70 (à
1184 177 202 70 Manille,
1336 177 101 70 il
1386 177 118 70 est
1437 177 168 70 licencié

174 219 127 70 des
246 219 271 70 Beaux-Arts)
463 219 109 70 et
518 219 90 70 à
554 219 163 70 l’Art
662 219 181 70 League
789 219 109 70 of
843 219 253 70 California
1042 219 90 70 à
1078 219 127 70 San
1151 219 253 70 Francisco.
1332 219 271 70 L’abstraction

173 278 115 55 de
230 278 229 55 Zalameda
402 278 172 55 n’est
517 278 210 55 presque
670 278 191 55 jamais
803 278 210 55 totale,
956 278 153 55 elle
1052 278 134 55 est
1128 278 325 55 transparente,
1396 278 115 55 en
1453 278 115 55 ce
1491 278 115 55 sens

175 322 163 55 qu’il
284 322 235 55 construit
465 322 127 55 ses
537 322 181 55 œuvres
664 322 109 55 en
718 322 199 55 partant
863 322 253 55 d’éléments
1062 322 272 55 figuratifs,
1279 322 109 55 de
1333 322 181 55 thèmes
1460 322 109 55 si
1496 322 109 55 l’on

174 359 223 78 préfère,
342 359 167 78 qu’il
453 359 242 78 transpose
639 359 260 78 d’ailleurs
844 359 149 78 avec
937 359 130 78 une
1011 359 205 78 extrême
1160 359 205 78 pudeur.
1309 359 112 78 La
1346 359 260 78 construction

175 415 129 54 est
248 415 276 54 rigoureuse,
469 415 239 54 classique
653 415 166 54 comme
763 415 166 54 l’art
873 415 110 54 de
929 415 110 54 la
984 415 184 54 fugue;
1112 415 221 54 ajoutons
1278 415 92 54 à
1315 415 147 54 cela
1407 415 129 54 une
1462 415 147 54 grande

178 448 218 70 richesse
341 448 109 70 de
395 448 218 70 coloris,
559 448 181 70 telles
685 448 145 70 sont
776 448 127 70 les
849 448 363 70 caractéristiques
1157 448 290 70 essentielles
1392 448 109 70 de
1447 448 127 70 son
1501 448 109 70 art.

1215 664 259 57 Esperanza
1394 664 219 57 Zacarias.

666 978 249 63 SECTION
848 978 181 63 ARTS
938 978 272 63 PLASTIQUES

727 1029 265 61 PEINTURE
925 1029 132 61 ET
970 1029 176 61 DESSIN

261 1121 196 61 Nena
404 1121 268 61 SAGUIL
618 1121 125 61 née
689 1121 89 61 à
725 1121 196 61 Manille
868 1121 107 61 en
903 1121 125 61 1926.

206 1170 197 57 1
353 1170 181 57 Paysage
485 1170 164 57 blanc,
600 1170 131 57 1961
682 1170 181 57 (huile,
797 1170 181 57 135x200).

259 1217 223 82 Oscar
427 1217 316 82 ZALAMEDA
687 1217 112 82 né
743 1217 93 82 à
780 1217 205 82 Manille
929 1217 112 82 en
966 1217 130 82 1930.

206 1276 212 76 2
365 1276 159 76 Amour
471 1276 212 76 baroque,
630 1276 141 76 1960
718 1276 194 76 (huile,
842 1276 212 76 114x146)*.

1462 2095 102 63 93
