1818 2207
228 9 196 85 GRÈCE

375 111 146 83 bien
466 111 256 83 renseignés
667 111 128 83 sur
740 111 128 83 les
813 111 237 83 problèmes
995 111 310 83 contemporains
1251 111 110 83 et
1306 111 110 83 ne
1361 111 146 83 sont
1452 111 164 83 point
1543 111 201 83 étrangers

371 178 111 67 au
427 178 241 67 psychisme
613 178 223 67 moderne.
780 178 130 67 Ils
854 178 111 67 ne
910 178 204 67 veulent
1058 178 186 67 point,
1188 178 260 67 cependant,
1392 178 204 67 devenir
1541 178 111 67 de
1578 178 167 67 simples

374 222 264 78 imitateurs.
585 222 105 78 Il
638 222 105 78 ne
691 222 141 78 faut
779 222 123 78 pas
849 222 193 78 oublier
989 222 123 78 que
1060 222 141 78 dans
1148 222 141 78 leur
1235 222 141 78 sang
1323 222 176 78 survit
1446 222 105 78 un
1499 222 158 78 culte
1587 222 158 78 antique

372 275 141 64 pour
460 275 123 64 les
531 275 194 64 formes,
672 275 106 64 le
724 275 264 64 contrepoint
936 275 106 64 de
988 275 106 64 la
1041 275 282 64 composition,
1270 275 106 64 la
1323 275 246 64 simplicité
1516 275 106 64 et
1569 275 106 64 la
1604 275 141 64 clarté

371 328 110 77 de
426 328 312 77 l’expression.
683 328 220 77 Personne
848 328 129 77 n’a
922 328 184 77 jamais
1050 328 129 77 mis
1124 328 110 77 en
1179 328 165 77 doute
1289 328 110 77 la
1344 328 165 77 vertu
1454 328 129 77 qui
1528 328 184 77 existe
1638 328 110 77 dans

372 370 100 60 ce
422 370 151 60 vieil
506 370 184 60 héritage.

403 419 136 81 Bien
488 419 153 81 qu’il
590 419 85 81 y
624 419 119 81 ait
692 419 119 81 des
761 419 204 81 peintres
914 419 238 81 excellents
1101 419 102 81 de
1152 419 153 81 l’art
1254 419 221 81 abstrait,
1425 419 102 81 il
1476 419 119 81 est
1544 419 85 81 à
1561 419 187 81 remarquer

369 479 130 61 que
444 479 130 61 nos
518 479 186 61 jeunes
648 479 112 61 ne
704 479 205 61 suivent
853 479 130 61 pas
927 479 149 61 tous
1020 479 149 61 sans
1114 479 223 61 réserves
1281 479 112 61 un
1337 479 260 61 extrémisme
1541 479 186 61 outré.
1653 479 93 61 Ils

366 539 265 58 acceptent,
574 539 246 58 sûrement,
763 539 132 58 des
839 539 284 58 influences,
1066 539 151 58 mais
1161 539 132 58 ils
1236 539 227 58 refusent
1407 539 114 58 de
1463 539 114 58 se
1520 539 246 58 soumettre
1690 539 57 58 à

368 578 125 64 des
440 578 197 64 ordres.
583 578 107 64 On
637 578 107 64 ne
690 578 215 64 pourrait
852 578 125 64 pas
923 578 125 64 non
995 578 143 64 plus
1084 578 233 64 qualifier
1263 578 107 64 de
1317 578 304 64 conservatisme
1568 578 125 64 une
1622 578 125 64 chose

366 635 131 57 qui
441 635 131 57 est
516 635 149 57 tout
609 635 261 57 simplement
814 635 112 57 de
870 635 112 57 la
926 635 205 57 sagesse
1076 635 168 57 innée
1188 635 112 57 et
1244 635 224 57 inavouée
1412 635 93 57 :
1449 635 112 57 ne
1505 635 131 57 pas
1561 635 187 57 vouloir-

366 682 245 67 abandonner
558 682 192 67 l’objet
698 682 157 67 avant
802 682 192 67 d’avoir
942 682 175 67 épuisé
1065 682 140 67 tout
1152 682 192 67 rapport
1292 682 210 67 possible
1449 682 140 67 avec
1536 682 105 67 ce
1571 682 175 67 dernier,

364 732 166 63 avant
474 732 111 63 de
530 732 203 63 l’avoir
677 732 258 63 absolument
880 732 203 63 soumis.
1028 732 332 63 Naturellement,
1304 732 166 63 aucun
1415 732 203 63 d’entre
1563 732 129 63 eux
1618 732 129 63 n’est

364 778 266 80 naturaliste
577 778 106 80 et
630 778 142 80 tous
719 778 195 80 tendent
861 778 142 80 vers
950 778 106 80 la
1003 778 319 80 simplification
1269 778 106 80 et
1322 778 319 80 l’abstraction.
1588 778 142 80 Mais
1659 778 89 80 ils

363 836 173 69 savent
484 836 121 69 que
553 836 139 69 l’on
640 836 208 69 abstrait
796 836 139 69 bien
883 836 104 69 ce
935 836 121 69 que
1004 836 139 69 l’on
1090 836 191 69 connaît
1229 836 156 69 bien.
1333 836 104 69 Et
1385 836 121 69 ils
1454 836 173 69 savent
1576 836 156 69 aussi
1662 836 87 69 que

361 890 107 72 si
415 890 142 72 l’on
503 890 160 72 passe
610 890 142 72 vite
699 890 107 72 et
752 890 142 72 sans
841 890 213 72 maturité
1001 890 89 72 à
1036 890 284 72 l’expression
1267 890 231 72 abstraite
1445 890 107 72 ce
1498 890 160 72 n’est
1605 890 124 72 pas
1658 890 89 72 une

361 934 185 70 preuve
490 934 296 70 convaincante
730 934 166 70 qu’on
841 934 92 70 a
878 934 129 70 été
952 934 185 70 libéré
1081 934 111 70 du
1137 934 259 70 bavardage.
1340 934 111 70 On
1396 934 148 70 peut
1488 934 222 70 bavarder
1636 934 111 70 avec

359 984 129 70 les
432 984 202 70 simples
579 984 184 70 lignes
708 984 110 70 ou
763 984 147 70 avec
855 984 129 70 les
928 984 202 70 simples
1075 984 184 70 taches
1204 984 110 70 de
1241 984 202 70 couleurs.

1436 1974 184 63 Yannis
1546 1974 203 63 Miliadis.

382 2097 102 60 48
