1694 2218
133 105 127 67 Les
205 105 181 67 livres
332 105 127 67 sur
405 105 181 67 l’art,
532 105 127 67 les
604 105 181 67 revues
731 105 272 67 artistiques
949 105 109 67 et
1003 105 127 67 les
1076 105 308 67 reproductions
1329 105 109 67 de
1366 105 181 67 tableaux

102 162 154 56 sont
198 162 212 56 exposés
352 162 96 56 à
391 162 308 56 Johannesburg
641 162 231 56 quelques
815 162 173 56 jours
930 162 96 56 à
969 162 173 56 peine
1085 162 173 56 après
1200 162 173 56 avoir
1316 162 135 56 été
1374 162 173 56 exposés

99 205 99 59 à
139 205 198 59 Paris,
278 205 99 59 à
317 205 218 59 Londres
476 205 119 59 ou
536 205 99 59 à
575 205 258 59 New-York.
774 205 119 59 On
834 205 139 59 les
913 205 198 59 achète
1052 205 119 59 et
1111 205 119 59 on
1171 205 139 59 les
1250 205 218 59 étudie.
1389 205 159 59 Musées

102 257 110 55 et
157 257 220 55 galeries
322 257 202 55 privées
468 257 202 55 prêtent
615 257 128 55 les
688 257 183 55 œuvres
817 257 183 55 qu’ils
945 257 238 55 possèdent
1128 257 128 55 aux
1202 257 275 55 expositions
1403 257 147 55 inter-

102 306 278 59 nationales
320 306 317 59 itinérantes.
578 306 238 59 Nombreux
757 306 159 59 sont
856 306 139 59 les
935 306 198 59 jeunes
1074 306 238 59 artistes
1253 306 139 59 qui
1332 306 119 59 se
1372 306 179 59 rendent

101 352 337 62 régulièrement
379 352 119 62 en
419 352 179 62 Europe.

136 389 132 60 Les
212 389 189 60 jeunes
344 389 226 60 artistes
513 389 320 60 sud-africains
777 389 151 60 sont
871 389 264 60 conscients
1079 389 113 60 de
1135 389 283 60 l’existence
1361 389 151 60 d’un
1437 389 113 60 mou-

103 433 179 62 vement
228 433 322 62 international.
497 433 107 62 Il
550 433 161 62 n’est
658 433 125 62 pas
729 433 143 62 rare
819 433 125 62 que
890 433 125 62 des
962 433 179 62 motifs
1087 433 161 62 tirés
1194 433 107 62 de
1248 433 161 62 l’art
1337 433 215 62 autochtone

102 485 235 58 figurent
279 485 157 58 dans
377 485 176 58 leurs
494 485 215 58 œuvres.
651 485 176 58 Mais,
768 485 118 58 en
827 485 157 58 plus
925 485 118 58 de
984 485 176 58 cela,
1101 485 118 58 le
1160 485 215 58 profane
1317 485 118 58 ne
1376 485 157 58 sera
1454 485 98 58 pas

106 529 260 55 embarrassé
311 529 149 55 pour
404 529 241 55 discerner
589 529 111 55 ce
645 529 149 55 qui,
738 529 149 55 dans
831 529 167 55 leurs
942 529 260 55 peintures,
1146 529 149 55 peut
1239 529 149 55 être
1314 529 241 55 spécifique-

107 585 154 61 ment
184 585 289 61 sud

140 601 113 82 La
197 601 320 82 participation
461 601 320 82 suf-africaine
725 601 94 82 à
762 601 113 82 la
819 601 207 82 seconde
970 601 226 82 Biennale
1139 601 113 82 de
1196 601 170 82 Paris
1309 601 94 82 a
1347 601 132 82 été
1403 601 151 82 rendue

107 673 244 65 possible
290 673 183 65 grâce
412 673 122 65 au
473 673 244 65 concours
657 673 244 65 matériel
840 673 122 65 de
901 673 122 65 la
962 673 306 65 Schlesinger
1207 673 346 65 Organisation,
1472 673 81 65 un

107 714 188 91 groupe
239 714 244 91 financier
427 714 320 91 sud-africain.
690 714 113 91 Il
746 714 244 91 convenait
935 714 113 91 de
991 714 132 91 lui
1066 714 113 91 en
1123 714 188 91 porter
1254 714 263 91 témoignage
1442 714 113 91 ici.

1213 1877 125 75 P.
1276 1877 125 75 A.
1317 1877 249 75 Hendricks,

605 1947 250 66 Directeur
797 1947 115 66 de
855 1947 115 66 la
913 1947 154 66 City
1009 1947 135 66 Art
1086 1947 212 66 Gallery
1240 1947 115 66 de
1278 1947 289 66 Johannesburg.
