1818 2218
70 13 513 67 EXTRAITS
480 13 205 67 DU
549 13 445 67 RÉGLEMENT

224 378 225 83 Article
387 378 102 83 1
428 378 102 83 —
448 378 123 83 But.

227 437 288 78 L’Association
464 437 220 78 Française
633 437 135 78 pour
718 437 102 78 la
769 437 288 78 Manifestation
1006 437 203 78 Biennale
1158 437 102 78 et
1209 437 305 78 Internationale
1463 437 118 78 des
1514 437 135 78 Jeunes

226 488 188 60 Artistes
367 488 78 60 —
398 488 203 60 intitulée
555 488 203 60 «Biennale
711 488 94 60 de
758 488 141 60 Paris
852 488 78 60 »
883 488 78 60 —
915 488 94 60 se
962 488 188 60 propose,
1102 488 125 60 dans
1181 488 188 60 l’esprit
1321 488 94 60 le
1368 488 125 60 plus
1431 488 219 60 indépendant,

226 526 96 54 de
274 526 160 54 donner
386 526 80 54 à
418 526 112 54 des
482 526 192 54 artistes
626 526 96 54 de
674 526 128 54 tous
754 526 112 54 les
818 526 144 54 pays,
914 526 96 54 de
961 526 96 54 20
1009 526 80 54 à
1041 526 96 54 35
1089 526 128 54 ans,
1169 526 224 54 l’occasion
1345 526 96 54 de
1393 526 208 54 présenter
1553 526 96 54 et
1585 526 64 54 de

227 554 209 60 confronter
391 554 135 60 leurs
481 554 179 60 travaux.
616 554 120 60 Elle
690 554 120 60 doit
765 554 149 60 rester
870 554 194 60 largement
1019 554 164 60 ouverte
1139 554 105 60 aux
1199 554 224 60 initiatives
1378 554 105 60 les
1438 554 120 60 plus
1498 554 149 60 diverses

226 590 112 61 et,
290 590 128 61 dans
370 590 96 61 un
418 590 160 61 esprit
530 590 96 61 de
578 590 144 61 haute
674 590 288 61 compréhension,
914 590 224 61 s’attacher
1089 590 80 61 à
1121 590 224 61 accueillir
1297 590 160 61 toutes
1409 590 112 61 les
1457 590 192 61 tendances.

225 620 135 70 Elle
310 620 203 70 souhaite
462 620 135 70 que,
547 620 135 70 dans
631 620 152 70 toute
733 620 102 70 la
784 620 169 70 mesure
902 620 102 70 du
953 620 220 70 possible,
1122 620 118 70 les
1190 620 169 70 jeunes
1308 620 203 70 artistes
1461 620 102 70 se
1495 620 152 70 sentent

223 658 199 64 associés
372 658 83 64 à
406 658 99 64 la
455 658 298 64 représentation
703 658 99 64 de
753 658 132 64 leur
836 658 132 64 pays
919 658 99 64 et
968 658 99 64 se
1018 658 281 64 reconnaissent
1250 658 99 64 en
1299 658 132 64 tant
1382 658 116 64 que
1448 658 149 64 jeune
1531 658 116 64 géné-

224 691 175 58 ration
346 691 140 58 dans
433 691 122 58 les
503 691 244 58 sélections
695 691 105 58 de
747 691 105 58 la
782 691 192 58 Biennale.

223 741 203 66 Article
370 741 92 66 2
407 741 92 66 —
444 741 240 66 Programme
629 741 111 66 de
684 741 111 66 la
740 741 203 66 seconde
869 741 203 66 Biennale.

225 793 101 74 La
276 793 186 74 seconde
411 793 203 74 Biennale
563 793 101 74 de
614 793 152 74 Paris
716 793 135 74 aura
800 793 135 74 lieu
885 793 101 74 au
936 793 152 74 Musée
1037 793 152 74 d’Art
1139 793 186 74 moderne
1274 793 101 74 de
1325 793 101 74 la
1375 793 152 74 Ville
1477 793 101 74 de
1511 793 135 74 Paris,

221 834 113 55 du
278 834 113 55 29
334 834 246 55 septembre
523 834 113 55 au
580 834 94 55 5
618 834 227 55 novembre
769 834 132 55 1961.

225 864 129 81 Elle
306 864 242 81 s’adressera
499 864 113 81 aux
564 864 194 81 artistes
709 864 113 81 nés
773 864 145 81 entre
870 864 97 81 le
919 864 113 81 1er
983 864 177 81 janvier
1112 864 129 81 1926
1193 864 97 81 et
1241 864 97 81 le
1290 864 97 81 31
1338 864 194 81 décembre
1467 864 113 81 1940.

222 911 161 80 Toutes
335 911 113 80 les
399 911 161 80 œuvres
512 911 226 80 présentées
690 911 161 80 auront
803 911 113 80 été
867 911 210 80 exécutées
1029 911 97 80 au
1077 911 145 80 cours
1174 911 113 80 des
1239 911 161 80 quatre
1352 911 210 80 dernières
1497 911 145 80 années.

223 944 109 67 La
277 944 199 67 seconde
422 944 217 67 Biennale
585 944 109 67 de
639 944 163 67 Paris
748 944 217 67 comptera
911 944 127 67 les
983 944 217 67 sections
1146 944 235 67 suivantes
1309 944 54 67 :

220 989 85 63 —
254 989 136 63 arts
339 989 237 63 plastiques
525 989 237 63 (peinture,
712 989 237 63 sculpture,
898 989 186 63 dessin,
1017 989 186 63 gravure);

264 1026 280 84 composition
488 1026 224 84 musicale
656 1026 224 84 (musique
824 1026 112 84 de
880 1026 224 84 chambre,
1048 1026 205 84 musique
1179 1026 280 84 d’orchestre);

220 1056 81 53 —
252 1056 258 53 illustration
462 1056 97 53 de
494 1056 145 53 livres;

220 1087 80 53 —
252 1087 160 53 livres
364 1087 112 53 sur
412 1087 128 53 l’art;

218 1127 82 43 —
250 1127 148 43 films
349 1127 115 43 sur
398 1127 132 43 l’art;

219 1152 85 60 —
253 1152 239 60 décoration
423 1152 205 60 théâtrale.

219 1199 191 86 Article
358 1199 87 86 3
393 1199 87 86 —
427 1199 261 86 Composition
636 1199 122 86 des
688 1199 296 86 participations.

220 1251 173 107 Chaque
341 1251 138 107 pays
427 1251 207 107 étranger
583 1251 121 107 est
652 1251 259 107 responsable
859 1251 104 107 de
911 1251 104 107 sa
963 1251 242 107 sélection,
1153 1251 138 107 sans
1239 1251 173 107 aucune
1360 1251 277 107 intervention
1568 1251 69 107 de

218 1294 104 53 la
252 1294 190 53 Biennale.
