<alto xmlns:xsi="http://www.w3.org/2001/XMLSchema-instance" xmlns="http://www.loc.gov/standards/alto/ns-v2#" xmlns:page="http://schema.primaresearch.org/PAGE/gts/pagecontent/2013-07-15" xsi:schemaLocation="http://www.loc.gov/standards/alto/ns-v2# http://www.loc.gov/standards/alto/alto.xsd">
  <Description>
    <MeasurementUnit>mm10</MeasurementUnit>
    <sourceImageInformation>
         <fileName>Cat_Paris_1961-0128.jpg</fileName>
      </sourceImageInformation>
    <OCRProcessing ID="IdOcr">
      <ocrProcessingStep>
        <processingDateTime>2020-11-16T10:46:01.646+01:00</processingDateTime>
        <processingSoftware>
               <softwareCreator>CONTRIBUTORS</softwareCreator>
               <softwareName>pdfalto</softwareName>
               <softwareVersion>0.1</softwareVersion>
            </processingSoftware>
      </ocrProcessingStep>
    </OCRProcessing>
  </Description>
  <Styles>
     <TextStyle ID="FONT0" FONTFAMILY="unknown" FONTSIZE="unknown" FONTSTYLE=""/>
     <TextStyle ID="FONT1" FONTFAMILY="unknown" FONTSIZE="unknown" FONTSTYLE="bold"/>
     <TextStyle ID="FONT2" FONTFAMILY="unknown" FONTSIZE="unknown" FONTSTYLE="italics"/>
</Styles>
  <Tags/>
  <Layout>
    <Page ID="Page1" PHYSICAL_IMG_NR="1" HEIGHT="2207" WIDTH="1875">
      <PrintSpace HEIGHT="2207" WIDTH="1833" VPOS="0" HPOS="12">
        <TextBlock ID="r_1_1" HEIGHT="41" WIDTH="277" VPOS="23" HPOS="1467">
          <TextLine ID="tl_1" BASELINE="82" HEIGHT="75" WIDTH="294" VPOS="7" HPOS="1458">
            <String HEIGHT="75" WIDTH="336" VPOS="7" HPOS="1416" CONTENT="TURQUIE" ID="tl_1_1" STYLEREFS="FONT1"/>
          </TextLine>
        </TextBlock>
        <TextBlock ID="r_2_1" HEIGHT="69" WIDTH="874" VPOS="474" HPOS="397">
          <TextLine ID="tl_2" BASELINE="511" HEIGHT="62" WIDTH="702" VPOS="449" HPOS="389">
            <String HEIGHT="62" WIDTH="263" VPOS="449" HPOS="371" CONTENT="Commissaire" ID="tl_2_1" STYLEREFS="FONT0"/>
            <SP HEIGHT="62" WIDTH="18" VPOS="449" HPOS="635"/>
            <String HEIGHT="62" WIDTH="211" VPOS="449" HPOS="582" CONTENT="Général:" ID="tl_2_2" STYLEREFS="FONT0"/>
            <SP HEIGHT="62" WIDTH="18" VPOS="449" HPOS="793"/>
            <String HEIGHT="62" WIDTH="263" VPOS="449" HPOS="740" CONTENT="Nurullah" ID="tl_2_3" STYLEREFS="FONT1"/>
            <SP HEIGHT="62" WIDTH="18" VPOS="449" HPOS="1003"/>
            <String HEIGHT="62" WIDTH="158" VPOS="449" HPOS="933" CONTENT="Berk" ID="tl_2_4" STYLEREFS="FONT1"/>
          </TextLine>
          <TextLine ID="tl_3" BASELINE="554" HEIGHT="64" WIDTH="888" VPOS="490" HPOS="391">
            <String HEIGHT="64" WIDTH="249" VPOS="490" HPOS="373" CONTENT="Professeur" ID="tl_3_1" STYLEREFS="FONT0"/>
            <SP HEIGHT="64" WIDTH="18" VPOS="490" HPOS="622"/>
            <String HEIGHT="64" WIDTH="89" VPOS="490" HPOS="569" CONTENT="à" ID="tl_3_2" STYLEREFS="FONT0"/>
            <SP HEIGHT="64" WIDTH="18" VPOS="490" HPOS="657"/>
            <String HEIGHT="64" WIDTH="249" VPOS="490" HPOS="604" CONTENT="l’Académie" ID="tl_3_3" STYLEREFS="FONT0"/>
            <SP HEIGHT="64" WIDTH="18" VPOS="490" HPOS="853"/>
            <String HEIGHT="64" WIDTH="124" VPOS="490" HPOS="799" CONTENT="des" ID="tl_3_4" STYLEREFS="FONT0"/>
            <SP HEIGHT="64" WIDTH="18" VPOS="490" HPOS="924"/>
            <String HEIGHT="64" WIDTH="249" VPOS="490" HPOS="871" CONTENT="Beaux-Arts" ID="tl_3_5" STYLEREFS="FONT0"/>
            <SP HEIGHT="64" WIDTH="18" VPOS="490" HPOS="1119"/>
            <String HEIGHT="64" WIDTH="231" VPOS="490" HPOS="1048" CONTENT="d’Istanbul." ID="tl_3_6" STYLEREFS="FONT0"/>
          </TextLine>
        </TextBlock>
        <TextBlock ID="r_5_1" HEIGHT="240" WIDTH="1402" VPOS="796" HPOS="207">
          <TextLine ID="tl_4" BASELINE="849" HEIGHT="77" WIDTH="1383" VPOS="772" HPOS="229">
            <String HEIGHT="77" WIDTH="117" VPOS="772" HPOS="210" CONTENT="Il" ID="tl_4_1" STYLEREFS="FONT0"/>
            <SP HEIGHT="77" WIDTH="19" VPOS="772" HPOS="326"/>
            <String HEIGHT="77" WIDTH="117" VPOS="772" HPOS="268" CONTENT="ne" ID="tl_4_2" STYLEREFS="FONT0"/>
            <SP HEIGHT="77" WIDTH="19" VPOS="772" HPOS="385"/>
            <String HEIGHT="77" WIDTH="156" VPOS="772" HPOS="326" CONTENT="faut" ID="tl_4_3" STYLEREFS="FONT0"/>
            <SP HEIGHT="77" WIDTH="19" VPOS="772" HPOS="482"/>
            <String HEIGHT="77" WIDTH="136" VPOS="772" HPOS="424" CONTENT="pas" ID="tl_4_4" STYLEREFS="FONT0"/>
            <SP HEIGHT="77" WIDTH="19" VPOS="772" HPOS="560"/>
            <String HEIGHT="77" WIDTH="195" VPOS="772" HPOS="502" CONTENT="croire" ID="tl_4_5" STYLEREFS="FONT0"/>
            <SP HEIGHT="77" WIDTH="19" VPOS="772" HPOS="696"/>
            <String HEIGHT="77" WIDTH="136" VPOS="772" HPOS="638" CONTENT="que" ID="tl_4_6" STYLEREFS="FONT0"/>
            <SP HEIGHT="77" WIDTH="19" VPOS="772" HPOS="774"/>
            <String HEIGHT="77" WIDTH="136" VPOS="772" HPOS="716" CONTENT="les" ID="tl_4_7" STYLEREFS="FONT0"/>
            <SP HEIGHT="77" WIDTH="19" VPOS="772" HPOS="852"/>
            <String HEIGHT="77" WIDTH="351" VPOS="772" HPOS="794" CONTENT="préoccupations" ID="tl_4_8" STYLEREFS="FONT0"/>
            <SP HEIGHT="77" WIDTH="19" VPOS="772" HPOS="1145"/>
            <String HEIGHT="77" WIDTH="136" VPOS="772" HPOS="1086" CONTENT="non" ID="tl_4_9" STYLEREFS="FONT0"/>
            <SP HEIGHT="77" WIDTH="19" VPOS="772" HPOS="1222"/>
            <String HEIGHT="77" WIDTH="292" VPOS="772" HPOS="1164" CONTENT="figuratives" ID="tl_4_10" STYLEREFS="FONT0"/>
            <SP HEIGHT="77" WIDTH="19" VPOS="772" HPOS="1456"/>
            <String HEIGHT="77" WIDTH="136" VPOS="772" HPOS="1398" CONTENT="des" ID="tl_4_11" STYLEREFS="FONT0"/>
            <SP HEIGHT="77" WIDTH="19" VPOS="772" HPOS="1534"/>
            <String HEIGHT="77" WIDTH="156" VPOS="772" HPOS="1456" CONTENT="jeunes" ID="tl_4_12" STYLEREFS="FONT0"/>
          </TextLine>
          <TextLine ID="tl_5" BASELINE="897" HEIGHT="60" WIDTH="1414" VPOS="837" HPOS="200">
            <String HEIGHT="60" WIDTH="226" VPOS="837" HPOS="181" CONTENT="artistes" ID="tl_5_1" STYLEREFS="FONT0"/>
            <SP HEIGHT="60" WIDTH="19" VPOS="837" HPOS="407"/>
            <String HEIGHT="60" WIDTH="189" VPOS="837" HPOS="351" CONTENT="turcs," ID="tl_5_2" STYLEREFS="FONT0"/>
            <SP HEIGHT="60" WIDTH="19" VPOS="837" HPOS="539"/>
            <String HEIGHT="60" WIDTH="151" VPOS="837" HPOS="483" CONTENT="dont" ID="tl_5_3" STYLEREFS="FONT0"/>
            <SP HEIGHT="60" WIDTH="19" VPOS="837" HPOS="634"/>
            <String HEIGHT="60" WIDTH="151" VPOS="837" HPOS="577" CONTENT="nous" ID="tl_5_4" STYLEREFS="FONT0"/>
            <SP HEIGHT="60" WIDTH="19" VPOS="837" HPOS="728"/>
            <String HEIGHT="60" WIDTH="264" VPOS="837" HPOS="671" CONTENT="présentons" ID="tl_5_5" STYLEREFS="FONT0"/>
            <SP HEIGHT="60" WIDTH="19" VPOS="837" HPOS="935"/>
            <String HEIGHT="60" WIDTH="283" VPOS="837" HPOS="879" CONTENT="aujourd’hui" ID="tl_5_6" STYLEREFS="FONT0"/>
            <SP HEIGHT="60" WIDTH="19" VPOS="837" HPOS="1162"/>
            <String HEIGHT="60" WIDTH="113" VPOS="837" HPOS="1105" CONTENT="un" ID="tl_5_7" STYLEREFS="FONT0"/>
            <SP HEIGHT="60" WIDTH="19" VPOS="837" HPOS="1218"/>
            <String HEIGHT="60" WIDTH="207" VPOS="837" HPOS="1162" CONTENT="nouveau" ID="tl_5_8" STYLEREFS="FONT0"/>
            <SP HEIGHT="60" WIDTH="19" VPOS="837" HPOS="1369"/>
            <String HEIGHT="60" WIDTH="207" VPOS="837" HPOS="1312" CONTENT="groupe," ID="tl_5_9" STYLEREFS="FONT0"/>
            <SP HEIGHT="60" WIDTH="19" VPOS="837" HPOS="1520"/>
            <String HEIGHT="60" WIDTH="170" VPOS="837" HPOS="1444" CONTENT="découle" ID="tl_5_10" STYLEREFS="FONT0"/>
          </TextLine>
          <TextLine ID="tl_6" BASELINE="941" HEIGHT="55" WIDTH="1413" VPOS="886" HPOS="201">
            <String HEIGHT="55" WIDTH="283" VPOS="886" HPOS="181" CONTENT="uniquement" ID="tl_6_1" STYLEREFS="FONT0"/>
            <SP HEIGHT="55" WIDTH="20" VPOS="886" HPOS="463"/>
            <String HEIGHT="55" WIDTH="121" VPOS="886" HPOS="403" CONTENT="de" ID="tl_6_2" STYLEREFS="FONT0"/>
            <SP HEIGHT="55" WIDTH="20" VPOS="886" HPOS="524"/>
            <String HEIGHT="55" WIDTH="121" VPOS="886" HPOS="463" CONTENT="la" ID="tl_6_3" STYLEREFS="FONT0"/>
            <SP HEIGHT="55" WIDTH="20" VPOS="886" HPOS="585"/>
            <String HEIGHT="55" WIDTH="262" VPOS="886" HPOS="524" CONTENT="puissance" ID="tl_6_4" STYLEREFS="FONT0"/>
            <SP HEIGHT="55" WIDTH="20" VPOS="886" HPOS="786"/>
            <String HEIGHT="55" WIDTH="121" VPOS="886" HPOS="726" CONTENT="de" ID="tl_6_5" STYLEREFS="FONT0"/>
            <SP HEIGHT="55" WIDTH="20" VPOS="886" HPOS="847"/>
            <String HEIGHT="55" WIDTH="283" VPOS="886" HPOS="786" CONTENT="conviction" ID="tl_6_6" STYLEREFS="FONT0"/>
            <SP HEIGHT="55" WIDTH="20" VPOS="886" HPOS="1069"/>
            <String HEIGHT="55" WIDTH="141" VPOS="886" HPOS="1008" CONTENT="des" ID="tl_6_7" STYLEREFS="FONT0"/>
            <SP HEIGHT="55" WIDTH="20" VPOS="886" HPOS="1150"/>
            <String HEIGHT="55" WIDTH="242" VPOS="886" HPOS="1089" CONTENT="courants" ID="tl_6_8" STYLEREFS="FONT0"/>
            <SP HEIGHT="55" WIDTH="20" VPOS="886" HPOS="1331"/>
            <String HEIGHT="55" WIDTH="323" VPOS="886" HPOS="1271" CONTENT="occidentaux." ID="tl_6_9" STYLEREFS="FONT0"/>
            <SP HEIGHT="55" WIDTH="20" VPOS="886" HPOS="1594"/>
            <String HEIGHT="55" WIDTH="101" VPOS="886" HPOS="1513" CONTENT="Car" ID="tl_6_10" STYLEREFS="FONT0"/>
          </TextLine>
          <TextLine ID="tl_7" BASELINE="993" HEIGHT="72" WIDTH="1414" VPOS="921" HPOS="201">
            <String HEIGHT="72" WIDTH="159" VPOS="921" HPOS="183" CONTENT="c’est" ID="tl_7_1" STYLEREFS="FONT0"/>
            <SP HEIGHT="72" WIDTH="18" VPOS="921" HPOS="342"/>
            <String HEIGHT="72" WIDTH="124" VPOS="921" HPOS="289" CONTENT="une" ID="tl_7_2" STYLEREFS="FONT0"/>
            <SP HEIGHT="72" WIDTH="18" VPOS="921" HPOS="413"/>
            <String HEIGHT="72" WIDTH="177" VPOS="921" HPOS="360" CONTENT="vérité" ID="tl_7_3" STYLEREFS="FONT0"/>
            <SP HEIGHT="72" WIDTH="18" VPOS="921" HPOS="537"/>
            <String HEIGHT="72" WIDTH="124" VPOS="921" HPOS="484" CONTENT="que" ID="tl_7_4" STYLEREFS="FONT0"/>
            <SP HEIGHT="72" WIDTH="18" VPOS="921" HPOS="608"/>
            <String HEIGHT="72" WIDTH="265" VPOS="921" HPOS="555" CONTENT="l’Oriental," ID="tl_7_5" STYLEREFS="FONT0"/>
            <SP HEIGHT="72" WIDTH="18" VPOS="921" HPOS="820"/>
            <String HEIGHT="72" WIDTH="141" VPOS="921" HPOS="767" CONTENT="dans" ID="tl_7_6" STYLEREFS="FONT0"/>
            <SP HEIGHT="72" WIDTH="18" VPOS="921" HPOS="908"/>
            <String HEIGHT="72" WIDTH="106" VPOS="921" HPOS="855" CONTENT="ce" ID="tl_7_7" STYLEREFS="FONT0"/>
            <SP HEIGHT="72" WIDTH="18" VPOS="921" HPOS="961"/>
            <String HEIGHT="72" WIDTH="194" VPOS="921" HPOS="908" CONTENT="domaine" ID="tl_7_8" STYLEREFS="FONT0"/>
            <SP HEIGHT="72" WIDTH="18" VPOS="921" HPOS="1102"/>
            <String HEIGHT="72" WIDTH="230" VPOS="921" HPOS="1049" CONTENT="poétique," ID="tl_7_9" STYLEREFS="FONT0"/>
            <SP HEIGHT="72" WIDTH="18" VPOS="921" HPOS="1279"/>
            <String HEIGHT="72" WIDTH="247" VPOS="921" HPOS="1226" CONTENT="littéraire" ID="tl_7_10" STYLEREFS="FONT0"/>
            <SP HEIGHT="72" WIDTH="18" VPOS="921" HPOS="1474"/>
            <String HEIGHT="72" WIDTH="106" VPOS="921" HPOS="1421" CONTENT="et" ID="tl_7_11" STYLEREFS="FONT0"/>
            <SP HEIGHT="72" WIDTH="18" VPOS="921" HPOS="1527"/>
            <String HEIGHT="72" WIDTH="159" VPOS="921" HPOS="1456" CONTENT="surtout" ID="tl_7_12" STYLEREFS="FONT0"/>
          </TextLine>
          <TextLine ID="tl_8" BASELINE="1042" HEIGHT="61" WIDTH="476" VPOS="981" HPOS="202">
            <String HEIGHT="61" WIDTH="256" VPOS="981" HPOS="184" CONTENT="plastique," ID="tl_8_1" STYLEREFS="FONT0"/>
            <SP HEIGHT="61" WIDTH="18" VPOS="981" HPOS="440"/>
            <String HEIGHT="61" WIDTH="165" VPOS="981" HPOS="385" CONTENT="pense" ID="tl_8_2" STYLEREFS="FONT0"/>
            <SP HEIGHT="61" WIDTH="18" VPOS="981" HPOS="550"/>
            <String HEIGHT="61" WIDTH="201" VPOS="981" HPOS="477" CONTENT="abstrait." ID="tl_8_3" STYLEREFS="FONT0"/>
          </TextLine>
        </TextBlock>
        <TextBlock ID="r_5_2" HEIGHT="284" WIDTH="1401" VPOS="1027" HPOS="210">
          <TextLine ID="tl_9" BASELINE="1086" HEIGHT="63" WIDTH="1383" VPOS="1023" HPOS="233">
            <String HEIGHT="63" WIDTH="111" VPOS="1023" HPOS="215" CONTENT="Ce" ID="tl_9_1" STYLEREFS="FONT0"/>
            <SP HEIGHT="63" WIDTH="18" VPOS="1023" HPOS="325"/>
            <String HEIGHT="63" WIDTH="166" VPOS="1023" HPOS="270" CONTENT="n’est" ID="tl_9_2" STYLEREFS="FONT0"/>
            <SP HEIGHT="63" WIDTH="18" VPOS="1023" HPOS="436"/>
            <String HEIGHT="63" WIDTH="129" VPOS="1023" HPOS="381" CONTENT="pas" ID="tl_9_3" STYLEREFS="FONT0"/>
            <SP HEIGHT="63" WIDTH="18" VPOS="1023" HPOS="510"/>
            <String HEIGHT="63" WIDTH="148" VPOS="1023" HPOS="454" CONTENT="pour" ID="tl_9_4" STYLEREFS="FONT0"/>
            <SP HEIGHT="63" WIDTH="18" VPOS="1023" HPOS="602"/>
            <String HEIGHT="63" WIDTH="148" VPOS="1023" HPOS="546" CONTENT="rien" ID="tl_9_5" STYLEREFS="FONT0"/>
            <SP HEIGHT="63" WIDTH="18" VPOS="1023" HPOS="694"/>
            <String HEIGHT="63" WIDTH="129" VPOS="1023" HPOS="639" CONTENT="que" ID="tl_9_6" STYLEREFS="FONT0"/>
            <SP HEIGHT="63" WIDTH="18" VPOS="1023" HPOS="768"/>
            <String HEIGHT="63" WIDTH="129" VPOS="1023" HPOS="712" CONTENT="les" ID="tl_9_7" STYLEREFS="FONT0"/>
            <SP HEIGHT="63" WIDTH="18" VPOS="1023" HPOS="842"/>
            <String HEIGHT="63" WIDTH="295" VPOS="1023" HPOS="786" CONTENT="glossateurs," ID="tl_9_8" STYLEREFS="FONT0"/>
            <SP HEIGHT="63" WIDTH="18" VPOS="1023" HPOS="1081"/>
            <String HEIGHT="63" WIDTH="184" VPOS="1023" HPOS="1026" CONTENT="jadis," ID="tl_9_9" STYLEREFS="FONT0"/>
            <SP HEIGHT="63" WIDTH="18" VPOS="1023" HPOS="1210"/>
            <String HEIGHT="63" WIDTH="203" VPOS="1023" HPOS="1155" CONTENT="avaient" ID="tl_9_10" STYLEREFS="FONT0"/>
            <SP HEIGHT="63" WIDTH="18" VPOS="1023" HPOS="1358"/>
            <String HEIGHT="63" WIDTH="184" VPOS="1023" HPOS="1303" CONTENT="défini" ID="tl_9_11" STYLEREFS="FONT0"/>
            <SP HEIGHT="63" WIDTH="18" VPOS="1023" HPOS="1487"/>
            <String HEIGHT="63" WIDTH="111" VPOS="1023" HPOS="1432" CONTENT="la" ID="tl_9_12" STYLEREFS="FONT0"/>
            <SP HEIGHT="63" WIDTH="18" VPOS="1023" HPOS="1542"/>
            <String HEIGHT="63" WIDTH="148" VPOS="1023" HPOS="1468" CONTENT="repré" SUBS_TYPE="HypPart1" SUBS_CONTENT="représentation" ID="tl_9_13" STYLEREFS="FONT0"/>
            <HYP CONTENT="-"/>
          </TextLine>
          <TextLine ID="tl_10" BASELINE="1125" HEIGHT="51" WIDTH="1413" VPOS="1074" HPOS="202">
            <String HEIGHT="51" WIDTH="262" VPOS="1074" HPOS="182" CONTENT="sentation" SUBS_TYPE="HypPart2" SUBS_CONTENT="représentation" ID="tl_10_1" STYLEREFS="FONT0"/>
            <SP HEIGHT="51" WIDTH="20" VPOS="1074" HPOS="444"/>
            <String HEIGHT="51" WIDTH="222" VPOS="1074" HPOS="384" CONTENT="humaine" ID="tl_10_2" STYLEREFS="FONT0"/>
            <SP HEIGHT="51" WIDTH="20" VPOS="1074" HPOS="606"/>
            <String HEIGHT="51" WIDTH="182" VPOS="1074" HPOS="545" CONTENT="comme" ID="tl_10_3" STYLEREFS="FONT0"/>
            <SP HEIGHT="51" WIDTH="20" VPOS="1074" HPOS="727"/>
            <String HEIGHT="51" WIDTH="121" VPOS="1074" HPOS="666" CONTENT="un" ID="tl_10_4" STYLEREFS="FONT0"/>
            <SP HEIGHT="51" WIDTH="20" VPOS="1074" HPOS="787"/>
            <String HEIGHT="51" WIDTH="161" VPOS="1074" HPOS="727" CONTENT="défi" ID="tl_10_5" STYLEREFS="FONT0"/>
            <SP HEIGHT="51" WIDTH="20" VPOS="1074" HPOS="888"/>
            <String HEIGHT="51" WIDTH="121" VPOS="1074" HPOS="828" CONTENT="au" ID="tl_10_6" STYLEREFS="FONT0"/>
            <SP HEIGHT="51" WIDTH="20" VPOS="1074" HPOS="949"/>
            <String HEIGHT="51" WIDTH="262" VPOS="1074" HPOS="888" CONTENT="créateur." ID="tl_10_7" STYLEREFS="FONT0"/>
            <SP HEIGHT="51" WIDTH="20" VPOS="1074" HPOS="1151"/>
            <String HEIGHT="51" WIDTH="242" VPOS="1074" HPOS="1090" CONTENT="«Dessine" ID="tl_10_8" STYLEREFS="FONT0"/>
            <SP HEIGHT="51" WIDTH="20" VPOS="1074" HPOS="1332"/>
            <String HEIGHT="51" WIDTH="141" VPOS="1074" HPOS="1272" CONTENT="des" ID="tl_10_9" STYLEREFS="FONT0"/>
            <SP HEIGHT="51" WIDTH="20" VPOS="1074" HPOS="1413"/>
            <String HEIGHT="51" WIDTH="283" VPOS="1074" HPOS="1332" CONTENT="personnages," ID="tl_10_10" STYLEREFS="FONT0"/>
          </TextLine>
          <TextLine ID="tl_11" BASELINE="1170" HEIGHT="56" WIDTH="1416" VPOS="1114" HPOS="202">
            <String HEIGHT="56" WIDTH="168" VPOS="1114" HPOS="183" CONTENT="avait" ID="tl_11_1" STYLEREFS="FONT0"/>
            <SP HEIGHT="56" WIDTH="19" VPOS="1114" HPOS="351"/>
            <String HEIGHT="56" WIDTH="130" VPOS="1114" HPOS="295" CONTENT="dit" ID="tl_11_2" STYLEREFS="FONT0"/>
            <SP HEIGHT="56" WIDTH="19" VPOS="1114" HPOS="426"/>
            <String HEIGHT="56" WIDTH="242" VPOS="1114" HPOS="370" CONTENT="Ibn-Abbas" ID="tl_11_3" STYLEREFS="FONT0"/>
            <SP HEIGHT="56" WIDTH="19" VPOS="1114" HPOS="612"/>
            <String HEIGHT="56" WIDTH="93" VPOS="1114" HPOS="556" CONTENT="à" ID="tl_11_4" STYLEREFS="FONT0"/>
            <SP HEIGHT="56" WIDTH="19" VPOS="1114" HPOS="649"/>
            <String HEIGHT="56" WIDTH="112" VPOS="1114" HPOS="593" CONTENT="un" ID="tl_11_5" STYLEREFS="FONT0"/>
            <SP HEIGHT="56" WIDTH="19" VPOS="1114" HPOS="705"/>
            <String HEIGHT="56" WIDTH="168" VPOS="1114" HPOS="649" CONTENT="jeune" ID="tl_11_6" STYLEREFS="FONT0"/>
            <SP HEIGHT="56" WIDTH="19" VPOS="1114" HPOS="817"/>
            <String HEIGHT="56" WIDTH="205" VPOS="1114" HPOS="761" CONTENT="peintre" ID="tl_11_7" STYLEREFS="FONT0"/>
            <SP HEIGHT="56" WIDTH="19" VPOS="1114" HPOS="966"/>
            <String HEIGHT="56" WIDTH="224" VPOS="1114" HPOS="910" CONTENT="iranien," ID="tl_11_8" STYLEREFS="FONT0"/>
            <SP HEIGHT="56" WIDTH="19" VPOS="1114" HPOS="1134"/>
            <String HEIGHT="56" WIDTH="149" VPOS="1114" HPOS="1078" CONTENT="mais" ID="tl_11_9" STYLEREFS="FONT0"/>
            <SP HEIGHT="56" WIDTH="19" VPOS="1114" HPOS="1227"/>
            <String HEIGHT="56" WIDTH="149" VPOS="1114" HPOS="1171" CONTENT="vois" ID="tl_11_10" STYLEREFS="FONT0"/>
            <SP HEIGHT="56" WIDTH="19" VPOS="1114" HPOS="1320"/>
            <String HEIGHT="56" WIDTH="186" VPOS="1114" HPOS="1264" CONTENT="qu’ils" ID="tl_11_11" STYLEREFS="FONT0"/>
            <SP HEIGHT="56" WIDTH="19" VPOS="1114" HPOS="1450"/>
            <String HEIGHT="56" WIDTH="242" VPOS="1114" HPOS="1376" CONTENT="ressemblent" ID="tl_11_12" STYLEREFS="FONT0"/>
          </TextLine>
          <TextLine ID="tl_12" BASELINE="1217" HEIGHT="49" WIDTH="1414" VPOS="1168" HPOS="203">
            <String HEIGHT="49" WIDTH="96" VPOS="1168" HPOS="184" CONTENT="à" ID="tl_12_1" STYLEREFS="FONT0"/>
            <SP HEIGHT="49" WIDTH="19" VPOS="1168" HPOS="279"/>
            <String HEIGHT="49" WIDTH="134" VPOS="1168" HPOS="222" CONTENT="des" ID="tl_12_2" STYLEREFS="FONT0"/>
            <SP HEIGHT="49" WIDTH="19" VPOS="1168" HPOS="356"/>
            <String HEIGHT="49" WIDTH="210" VPOS="1168" HPOS="299" CONTENT="fleurs." ID="tl_12_3" STYLEREFS="FONT0"/>
            <SP HEIGHT="49" WIDTH="19" VPOS="1168" HPOS="509"/>
            <String HEIGHT="49" WIDTH="96" VPOS="1168" HPOS="451" CONTENT="»" ID="tl_12_4" STYLEREFS="FONT0"/>
            <SP HEIGHT="49" WIDTH="19" VPOS="1168" HPOS="547"/>
            <String HEIGHT="49" WIDTH="134" VPOS="1168" HPOS="490" CONTENT="Les" ID="tl_12_5" STYLEREFS="FONT0"/>
            <SP HEIGHT="49" WIDTH="19" VPOS="1168" HPOS="623"/>
            <String HEIGHT="49" WIDTH="191" VPOS="1168" HPOS="566" CONTENT="gloses" ID="tl_12_6" STYLEREFS="FONT0"/>
            <SP HEIGHT="49" WIDTH="19" VPOS="1168" HPOS="757"/>
            <String HEIGHT="49" WIDTH="134" VPOS="1168" HPOS="700" CONTENT="ont" ID="tl_12_7" STYLEREFS="FONT0"/>
            <SP HEIGHT="49" WIDTH="19" VPOS="1168" HPOS="834"/>
            <String HEIGHT="49" WIDTH="248" VPOS="1168" HPOS="776" CONTENT="forcément" ID="tl_12_8" STYLEREFS="FONT0"/>
            <SP HEIGHT="49" WIDTH="19" VPOS="1168" HPOS="1025"/>
            <String HEIGHT="49" WIDTH="210" VPOS="1168" HPOS="967" CONTENT="conduit" ID="tl_12_9" STYLEREFS="FONT0"/>
            <SP HEIGHT="49" WIDTH="19" VPOS="1168" HPOS="1178"/>
            <String HEIGHT="49" WIDTH="172" VPOS="1168" HPOS="1120" CONTENT="l’art" ID="tl_12_10" STYLEREFS="FONT0"/>
            <SP HEIGHT="49" WIDTH="19" VPOS="1168" HPOS="1292"/>
            <String HEIGHT="49" WIDTH="134" VPOS="1168" HPOS="1235" CONTENT="des" ID="tl_12_11" STYLEREFS="FONT0"/>
            <SP HEIGHT="49" WIDTH="19" VPOS="1168" HPOS="1369"/>
            <String HEIGHT="49" WIDTH="153" VPOS="1168" HPOS="1311" CONTENT="pays" ID="tl_12_12" STYLEREFS="FONT0"/>
            <SP HEIGHT="49" WIDTH="19" VPOS="1168" HPOS="1464"/>
            <String HEIGHT="49" WIDTH="229" VPOS="1168" HPOS="1388" CONTENT="islamiques" ID="tl_12_13" STYLEREFS="FONT0"/>
          </TextLine>
          <TextLine ID="tl_13" BASELINE="1266" HEIGHT="60" WIDTH="1414" VPOS="1206" HPOS="204">
            <String HEIGHT="60" WIDTH="93" VPOS="1206" HPOS="185" CONTENT="à" ID="tl_13_1" STYLEREFS="FONT0"/>
            <SP HEIGHT="60" WIDTH="19" VPOS="1206" HPOS="278"/>
            <String HEIGHT="60" WIDTH="316" VPOS="1206" HPOS="223" CONTENT="l’éloignement" ID="tl_13_2" STYLEREFS="FONT0"/>
            <SP HEIGHT="60" WIDTH="19" VPOS="1206" HPOS="539"/>
            <String HEIGHT="60" WIDTH="112" VPOS="1206" HPOS="483" CONTENT="de" ID="tl_13_3" STYLEREFS="FONT0"/>
            <SP HEIGHT="60" WIDTH="19" VPOS="1206" HPOS="595"/>
            <String HEIGHT="60" WIDTH="112" VPOS="1206" HPOS="539" CONTENT="la" ID="tl_13_4" STYLEREFS="FONT0"/>
            <SP HEIGHT="60" WIDTH="19" VPOS="1206" HPOS="651"/>
            <String HEIGHT="60" WIDTH="260" VPOS="1206" HPOS="595" CONTENT="figuration" ID="tl_13_5" STYLEREFS="FONT0"/>
            <SP HEIGHT="60" WIDTH="19" VPOS="1206" HPOS="855"/>
            <String HEIGHT="60" WIDTH="242" VPOS="1206" HPOS="799" CONTENT="intégrale" ID="tl_13_6" STYLEREFS="FONT0"/>
            <SP HEIGHT="60" WIDTH="19" VPOS="1206" HPOS="1041"/>
            <String HEIGHT="60" WIDTH="112" VPOS="1206" HPOS="985" CONTENT="au" ID="tl_13_7" STYLEREFS="FONT0"/>
            <SP HEIGHT="60" WIDTH="19" VPOS="1206" HPOS="1097"/>
            <String HEIGHT="60" WIDTH="186" VPOS="1206" HPOS="1041" CONTENT="profit" ID="tl_13_8" STYLEREFS="FONT0"/>
            <SP HEIGHT="60" WIDTH="19" VPOS="1206" HPOS="1227"/>
            <String HEIGHT="60" WIDTH="167" VPOS="1206" HPOS="1171" CONTENT="d’une" ID="tl_13_9" STYLEREFS="FONT0"/>
            <SP HEIGHT="60" WIDTH="19" VPOS="1206" HPOS="1339"/>
            <String HEIGHT="60" WIDTH="279" VPOS="1206" HPOS="1283" CONTENT="stylisation" ID="tl_13_10" STYLEREFS="FONT0"/>
            <SP HEIGHT="60" WIDTH="19" VPOS="1206" HPOS="1562"/>
            <String HEIGHT="60" WIDTH="130" VPOS="1206" HPOS="1488" CONTENT="quasi" ID="tl_13_11" STYLEREFS="FONT0"/>
          </TextLine>
          <TextLine ID="tl_14" BASELINE="1310" HEIGHT="44" WIDTH="1313" VPOS="1266" HPOS="203">
            <String HEIGHT="44" WIDTH="252" VPOS="1266" HPOS="185" CONTENT="abstraite," ID="tl_14_1" STYLEREFS="FONT0"/>
            <SP HEIGHT="44" WIDTH="18" VPOS="1266" HPOS="437"/>
            <String HEIGHT="44" WIDTH="108" VPOS="1266" HPOS="383" CONTENT="où" ID="tl_14_2" STYLEREFS="FONT0"/>
            <SP HEIGHT="44" WIDTH="18" VPOS="1266" HPOS="491"/>
            <String HEIGHT="44" WIDTH="108" VPOS="1266" HPOS="437" CONTENT="la" ID="tl_14_3" STYLEREFS="FONT0"/>
            <SP HEIGHT="44" WIDTH="18" VPOS="1266" HPOS="545"/>
            <String HEIGHT="44" WIDTH="180" VPOS="1266" HPOS="491" CONTENT="ligne," ID="tl_14_4" STYLEREFS="FONT0"/>
            <SP HEIGHT="44" WIDTH="18" VPOS="1266" HPOS="671"/>
            <String HEIGHT="44" WIDTH="162" VPOS="1266" HPOS="617" CONTENT="selon" ID="tl_14_5" STYLEREFS="FONT0"/>
            <SP HEIGHT="44" WIDTH="18" VPOS="1266" HPOS="779"/>
            <String HEIGHT="44" WIDTH="108" VPOS="1266" HPOS="725" CONTENT="la" ID="tl_14_6" STYLEREFS="FONT0"/>
            <SP HEIGHT="44" WIDTH="18" VPOS="1266" HPOS="833"/>
            <String HEIGHT="44" WIDTH="252" VPOS="1266" HPOS="779" CONTENT="définition" ID="tl_14_7" STYLEREFS="FONT0"/>
            <SP HEIGHT="44" WIDTH="18" VPOS="1266" HPOS="1030"/>
            <String HEIGHT="44" WIDTH="108" VPOS="1266" HPOS="976" CONTENT="de" ID="tl_14_8" STYLEREFS="FONT0"/>
            <SP HEIGHT="44" WIDTH="18" VPOS="1266" HPOS="1084"/>
            <String HEIGHT="44" WIDTH="108" VPOS="1266" HPOS="1030" CONTENT="M." ID="tl_14_9" STYLEREFS="FONT0"/>
            <SP HEIGHT="44" WIDTH="18" VPOS="1266" HPOS="1138"/>
            <String HEIGHT="44" WIDTH="198" VPOS="1266" HPOS="1084" CONTENT="Ingres," ID="tl_14_10" STYLEREFS="FONT0"/>
            <SP HEIGHT="44" WIDTH="18" VPOS="1266" HPOS="1282"/>
            <String HEIGHT="44" WIDTH="180" VPOS="1266" HPOS="1228" CONTENT="devint" ID="tl_14_11" STYLEREFS="FONT0"/>
            <SP HEIGHT="44" WIDTH="18" VPOS="1266" HPOS="1408"/>
            <String HEIGHT="44" WIDTH="180" VPOS="1266" HPOS="1336" CONTENT="musique." ID="tl_14_12" STYLEREFS="FONT0"/>
          </TextLine>
        </TextBlock>
        <TextBlock ID="r_5_3" HEIGHT="285" WIDTH="1403" VPOS="1303" HPOS="213">
          <TextLine ID="tl_15" BASELINE="1357" HEIGHT="66" WIDTH="1385" VPOS="1291" HPOS="236">
            <String HEIGHT="66" WIDTH="168" VPOS="1291" HPOS="217" CONTENT="C’est" ID="tl_15_1" STYLEREFS="FONT0"/>
            <SP HEIGHT="66" WIDTH="19" VPOS="1291" HPOS="386"/>
            <String HEIGHT="66" WIDTH="112" VPOS="1291" HPOS="330" CONTENT="en" ID="tl_15_2" STYLEREFS="FONT0"/>
            <SP HEIGHT="66" WIDTH="19" VPOS="1291" HPOS="442"/>
            <String HEIGHT="66" WIDTH="206" VPOS="1291" HPOS="386" CONTENT="pensant" ID="tl_15_3" STYLEREFS="FONT0"/>
            <SP HEIGHT="66" WIDTH="19" VPOS="1291" HPOS="592"/>
            <String HEIGHT="66" WIDTH="94" VPOS="1291" HPOS="535" CONTENT="à" ID="tl_15_4" STYLEREFS="FONT0"/>
            <SP HEIGHT="66" WIDTH="19" VPOS="1291" HPOS="629"/>
            <String HEIGHT="66" WIDTH="168" VPOS="1291" HPOS="573" CONTENT="cette" ID="tl_15_5" STYLEREFS="FONT0"/>
            <SP HEIGHT="66" WIDTH="19" VPOS="1291" HPOS="741"/>
            <String HEIGHT="66" WIDTH="187" VPOS="1291" HPOS="685" CONTENT="vérité" ID="tl_15_6" STYLEREFS="FONT0"/>
            <SP HEIGHT="66" WIDTH="19" VPOS="1291" HPOS="872"/>
            <String HEIGHT="66" WIDTH="112" VPOS="1291" HPOS="816" CONTENT="de" ID="tl_15_7" STYLEREFS="FONT0"/>
            <SP HEIGHT="66" WIDTH="19" VPOS="1291" HPOS="928"/>
            <String HEIGHT="66" WIDTH="168" VPOS="1291" HPOS="872" CONTENT="l’art" ID="tl_15_8" STYLEREFS="FONT0"/>
            <SP HEIGHT="66" WIDTH="19" VPOS="1291" HPOS="1041"/>
            <String HEIGHT="66" WIDTH="112" VPOS="1291" HPOS="985" CONTENT="de" ID="tl_15_9" STYLEREFS="FONT0"/>
            <SP HEIGHT="66" WIDTH="19" VPOS="1291" HPOS="1097"/>
            <String HEIGHT="66" WIDTH="243" VPOS="1291" HPOS="1041" CONTENT="l’Orient," ID="tl_15_10" STYLEREFS="FONT0"/>
            <SP HEIGHT="66" WIDTH="19" VPOS="1291" HPOS="1284"/>
            <String HEIGHT="66" WIDTH="131" VPOS="1291" HPOS="1228" CONTENT="que" ID="tl_15_11" STYLEREFS="FONT0"/>
            <SP HEIGHT="66" WIDTH="19" VPOS="1291" HPOS="1359"/>
            <String HEIGHT="66" WIDTH="150" VPOS="1291" HPOS="1303" CONTENT="nous" ID="tl_15_12" STYLEREFS="FONT0"/>
            <SP HEIGHT="66" WIDTH="19" VPOS="1291" HPOS="1453"/>
            <String HEIGHT="66" WIDTH="150" VPOS="1291" HPOS="1396" CONTENT="nous" ID="tl_15_13" STYLEREFS="FONT0"/>
            <SP HEIGHT="66" WIDTH="19" VPOS="1291" HPOS="1546"/>
            <String HEIGHT="66" WIDTH="150" VPOS="1291" HPOS="1471" CONTENT="expli" SUBS_TYPE="HypPart1" SUBS_CONTENT="expliquons" ID="tl_15_14" STYLEREFS="FONT0"/>
            <HYP CONTENT="-"/>
          </TextLine>
          <TextLine ID="tl_16" BASELINE="1408" HEIGHT="68" WIDTH="1417" VPOS="1340" HPOS="206">
            <String HEIGHT="68" WIDTH="175" VPOS="1340" HPOS="187" CONTENT="quons" SUBS_TYPE="HypPart2" SUBS_CONTENT="expliquons" ID="tl_16_1" STYLEREFS="FONT0"/>
            <SP HEIGHT="68" WIDTH="19" VPOS="1340" HPOS="361"/>
            <String HEIGHT="68" WIDTH="252" VPOS="1340" HPOS="303" CONTENT="l’aisance" ID="tl_16_2" STYLEREFS="FONT0"/>
            <SP HEIGHT="68" WIDTH="19" VPOS="1340" HPOS="555"/>
            <String HEIGHT="68" WIDTH="116" VPOS="1340" HPOS="497" CONTENT="et" ID="tl_16_3" STYLEREFS="FONT0"/>
            <SP HEIGHT="68" WIDTH="19" VPOS="1340" HPOS="614"/>
            <String HEIGHT="68" WIDTH="175" VPOS="1340" HPOS="555" CONTENT="aussi" ID="tl_16_4" STYLEREFS="FONT0"/>
            <SP HEIGHT="68" WIDTH="19" VPOS="1340" HPOS="730"/>
            <String HEIGHT="68" WIDTH="116" VPOS="1340" HPOS="672" CONTENT="la" ID="tl_16_5" STYLEREFS="FONT0"/>
            <SP HEIGHT="68" WIDTH="19" VPOS="1340" HPOS="788"/>
            <String HEIGHT="68" WIDTH="155" VPOS="1340" HPOS="730" CONTENT="joie" ID="tl_16_6" STYLEREFS="FONT0"/>
            <SP HEIGHT="68" WIDTH="19" VPOS="1340" HPOS="885"/>
            <String HEIGHT="68" WIDTH="116" VPOS="1340" HPOS="827" CONTENT="de" ID="tl_16_7" STYLEREFS="FONT0"/>
            <SP HEIGHT="68" WIDTH="19" VPOS="1340" HPOS="944"/>
            <String HEIGHT="68" WIDTH="116" VPOS="1340" HPOS="885" CONTENT="la" ID="tl_16_8" STYLEREFS="FONT0"/>
            <SP HEIGHT="68" WIDTH="19" VPOS="1340" HPOS="1002"/>
            <String HEIGHT="68" WIDTH="233" VPOS="1340" HPOS="944" CONTENT="peinture" ID="tl_16_9" STYLEREFS="FONT0"/>
            <SP HEIGHT="68" WIDTH="19" VPOS="1340" HPOS="1177"/>
            <String HEIGHT="68" WIDTH="214" VPOS="1340" HPOS="1118" CONTENT="moderne" ID="tl_16_10" STYLEREFS="FONT0"/>
            <SP HEIGHT="68" WIDTH="19" VPOS="1340" HPOS="1332"/>
            <String HEIGHT="68" WIDTH="214" VPOS="1340" HPOS="1274" CONTENT="turque," ID="tl_16_11" STYLEREFS="FONT0"/>
            <SP HEIGHT="68" WIDTH="19" VPOS="1340" HPOS="1487"/>
            <String HEIGHT="68" WIDTH="116" VPOS="1340" HPOS="1429" CONTENT="de" ID="tl_16_12" STYLEREFS="FONT0"/>
            <SP HEIGHT="68" WIDTH="19" VPOS="1340" HPOS="1545"/>
            <String HEIGHT="68" WIDTH="155" VPOS="1340" HPOS="1468" CONTENT="manier" ID="tl_16_13" STYLEREFS="FONT0"/>
          </TextLine>
          <TextLine ID="tl_17" BASELINE="1452" HEIGHT="64" WIDTH="1418" VPOS="1388" HPOS="204">
            <String HEIGHT="64" WIDTH="187" VPOS="1388" HPOS="185" CONTENT="lignes" ID="tl_17_1" STYLEREFS="FONT0"/>
            <SP HEIGHT="64" WIDTH="19" VPOS="1388" HPOS="372"/>
            <String HEIGHT="64" WIDTH="112" VPOS="1388" HPOS="316" CONTENT="et" ID="tl_17_2" STYLEREFS="FONT0"/>
            <SP HEIGHT="64" WIDTH="19" VPOS="1388" HPOS="428"/>
            <String HEIGHT="64" WIDTH="224" VPOS="1388" HPOS="372" CONTENT="couleurs" ID="tl_17_3" STYLEREFS="FONT0"/>
            <SP HEIGHT="64" WIDTH="19" VPOS="1388" HPOS="596"/>
            <String HEIGHT="64" WIDTH="336" VPOS="1388" HPOS="540" CONTENT="abstraitement," ID="tl_17_4" STYLEREFS="FONT0"/>
            <SP HEIGHT="64" WIDTH="19" VPOS="1388" HPOS="876"/>
            <String HEIGHT="64" WIDTH="93" VPOS="1388" HPOS="820" CONTENT="«" ID="tl_17_5" STYLEREFS="FONT0"/>
            <SP HEIGHT="64" WIDTH="19" VPOS="1388" HPOS="913"/>
            <String HEIGHT="64" WIDTH="112" VPOS="1388" HPOS="857" CONTENT="en" ID="tl_17_6" STYLEREFS="FONT0"/>
            <SP HEIGHT="64" WIDTH="19" VPOS="1388" HPOS="969"/>
            <String HEIGHT="64" WIDTH="168" VPOS="1388" HPOS="913" CONTENT="l’air" ID="tl_17_7" STYLEREFS="FONT0"/>
            <SP HEIGHT="64" WIDTH="19" VPOS="1388" HPOS="1081"/>
            <String HEIGHT="64" WIDTH="112" VPOS="1388" HPOS="1025" CONTENT="»," ID="tl_17_8" STYLEREFS="FONT0"/>
            <SP HEIGHT="64" WIDTH="19" VPOS="1388" HPOS="1137"/>
            <String HEIGHT="64" WIDTH="168" VPOS="1388" HPOS="1081" CONTENT="selon" ID="tl_17_9" STYLEREFS="FONT0"/>
            <SP HEIGHT="64" WIDTH="19" VPOS="1388" HPOS="1249"/>
            <String HEIGHT="64" WIDTH="131" VPOS="1388" HPOS="1193" CONTENT="une" ID="tl_17_10" STYLEREFS="FONT0"/>
            <SP HEIGHT="64" WIDTH="19" VPOS="1388" HPOS="1323"/>
            <String HEIGHT="64" WIDTH="261" VPOS="1388" HPOS="1268" CONTENT="expression" ID="tl_17_11" STYLEREFS="FONT0"/>
            <SP HEIGHT="64" WIDTH="19" VPOS="1388" HPOS="1529"/>
            <String HEIGHT="64" WIDTH="112" VPOS="1388" HPOS="1473" CONTENT="de" ID="tl_17_12" STYLEREFS="FONT0"/>
            <SP HEIGHT="64" WIDTH="19" VPOS="1388" HPOS="1585"/>
            <String HEIGHT="64" WIDTH="112" VPOS="1388" HPOS="1510" CONTENT="chez" ID="tl_17_13" STYLEREFS="FONT0"/>
          </TextLine>
          <TextLine ID="tl_18" BASELINE="1498" HEIGHT="69" WIDTH="1416" VPOS="1429" HPOS="206">
            <String HEIGHT="69" WIDTH="157" VPOS="1429" HPOS="189" CONTENT="nous," ID="tl_18_1" STYLEREFS="FONT0"/>
            <SP HEIGHT="69" WIDTH="17" VPOS="1429" HPOS="346"/>
            <String HEIGHT="69" WIDTH="122" VPOS="1429" HPOS="293" CONTENT="qui" ID="tl_18_2" STYLEREFS="FONT0"/>
            <SP HEIGHT="69" WIDTH="17" VPOS="1429" HPOS="416"/>
            <String HEIGHT="69" WIDTH="192" VPOS="1429" HPOS="363" CONTENT="définit" ID="tl_18_3" STYLEREFS="FONT0"/>
            <SP HEIGHT="69" WIDTH="17" VPOS="1429" HPOS="556"/>
            <String HEIGHT="69" WIDTH="140" VPOS="1429" HPOS="503" CONTENT="bien" ID="tl_18_4" STYLEREFS="FONT0"/>
            <SP HEIGHT="69" WIDTH="17" VPOS="1429" HPOS="643"/>
            <String HEIGHT="69" WIDTH="105" VPOS="1429" HPOS="591" CONTENT="ce" ID="tl_18_5" STYLEREFS="FONT0"/>
            <SP HEIGHT="69" WIDTH="17" VPOS="1429" HPOS="695"/>
            <String HEIGHT="69" WIDTH="192" VPOS="1429" HPOS="643" CONTENT="qu’elle" ID="tl_18_6" STYLEREFS="FONT0"/>
            <SP HEIGHT="69" WIDTH="17" VPOS="1429" HPOS="835"/>
            <String HEIGHT="69" WIDTH="140" VPOS="1429" HPOS="783" CONTENT="veut" ID="tl_18_7" STYLEREFS="FONT0"/>
            <SP HEIGHT="69" WIDTH="17" VPOS="1429" HPOS="923"/>
            <String HEIGHT="69" WIDTH="157" VPOS="1429" HPOS="870" CONTENT="dire:" ID="tl_18_8" STYLEREFS="FONT0"/>
            <SP HEIGHT="69" WIDTH="17" VPOS="1429" HPOS="1028"/>
            <String HEIGHT="69" WIDTH="105" VPOS="1429" HPOS="975" CONTENT="en" ID="tl_18_9" STYLEREFS="FONT0"/>
            <SP HEIGHT="69" WIDTH="17" VPOS="1429" HPOS="1080"/>
            <String HEIGHT="69" WIDTH="175" VPOS="1429" HPOS="1028" CONTENT="l’air," ID="tl_18_10" STYLEREFS="FONT0"/>
            <SP HEIGHT="69" WIDTH="17" VPOS="1429" HPOS="1202"/>
            <String HEIGHT="69" WIDTH="280" VPOS="1429" HPOS="1150" CONTENT="c’est-à-dire" ID="tl_18_11" STYLEREFS="FONT0"/>
            <SP HEIGHT="69" WIDTH="17" VPOS="1429" HPOS="1430"/>
            <String HEIGHT="69" WIDTH="140" VPOS="1429" HPOS="1377" CONTENT="dans" ID="tl_18_12" STYLEREFS="FONT0"/>
            <SP HEIGHT="69" WIDTH="17" VPOS="1429" HPOS="1517"/>
            <String HEIGHT="69" WIDTH="175" VPOS="1429" HPOS="1447" CONTENT="l’espace" ID="tl_18_13" STYLEREFS="FONT0"/>
          </TextLine>
          <TextLine ID="tl_19" BASELINE="1539" HEIGHT="50" WIDTH="1418" VPOS="1489" HPOS="206">
            <String HEIGHT="50" WIDTH="249" VPOS="1489" HPOS="187" CONTENT="abstrait," ID="tl_19_1" STYLEREFS="FONT0"/>
            <SP HEIGHT="50" WIDTH="19" VPOS="1489" HPOS="436"/>
            <String HEIGHT="50" WIDTH="115" VPOS="1489" HPOS="378" CONTENT="en" ID="tl_19_2" STYLEREFS="FONT0"/>
            <SP HEIGHT="50" WIDTH="19" VPOS="1489" HPOS="493"/>
            <String HEIGHT="50" WIDTH="192" VPOS="1489" HPOS="436" CONTENT="dehors" ID="tl_19_3" STYLEREFS="FONT0"/>
            <SP HEIGHT="50" WIDTH="19" VPOS="1489" HPOS="628"/>
            <String HEIGHT="50" WIDTH="134" VPOS="1489" HPOS="570" CONTENT="des" ID="tl_19_4" STYLEREFS="FONT0"/>
            <SP HEIGHT="50" WIDTH="19" VPOS="1489" HPOS="704"/>
            <String HEIGHT="50" WIDTH="307" VPOS="1489" HPOS="647" CONTENT="contingences" ID="tl_19_5" STYLEREFS="FONT0"/>
            <SP HEIGHT="50" WIDTH="19" VPOS="1489" HPOS="953"/>
            <String HEIGHT="50" WIDTH="172" VPOS="1489" HPOS="896" CONTENT="ayant" ID="tl_19_6" STYLEREFS="FONT0"/>
            <SP HEIGHT="50" WIDTH="19" VPOS="1489" HPOS="1068"/>
            <String HEIGHT="50" WIDTH="211" VPOS="1489" HPOS="1011" CONTENT="rapport" ID="tl_19_7" STYLEREFS="FONT0"/>
            <SP HEIGHT="50" WIDTH="19" VPOS="1489" HPOS="1222"/>
            <String HEIGHT="50" WIDTH="153" VPOS="1489" HPOS="1164" CONTENT="avec" ID="tl_19_8" STYLEREFS="FONT0"/>
            <SP HEIGHT="50" WIDTH="19" VPOS="1489" HPOS="1317"/>
            <String HEIGHT="50" WIDTH="287" VPOS="1489" HPOS="1260" CONTENT="l’équilibre" ID="tl_19_9" STYLEREFS="FONT0"/>
            <SP HEIGHT="50" WIDTH="19" VPOS="1489" HPOS="1547"/>
            <String HEIGHT="50" WIDTH="153" VPOS="1489" HPOS="1471" CONTENT="stable" ID="tl_19_10" STYLEREFS="FONT0"/>
          </TextLine>
          <TextLine ID="tl_20" BASELINE="1592" HEIGHT="57" WIDTH="1416" VPOS="1535" HPOS="206">
            <String HEIGHT="57" WIDTH="101" VPOS="1535" HPOS="189" CONTENT="de" ID="tl_20_1" STYLEREFS="FONT0"/>
            <SP HEIGHT="57" WIDTH="17" VPOS="1535" HPOS="290"/>
            <String HEIGHT="57" WIDTH="101" VPOS="1535" HPOS="240" CONTENT="la" ID="tl_20_2" STYLEREFS="FONT0"/>
            <SP HEIGHT="57" WIDTH="17" VPOS="1535" HPOS="341"/>
            <String HEIGHT="57" WIDTH="169" VPOS="1535" HPOS="290" CONTENT="terre," ID="tl_20_3" STYLEREFS="FONT0"/>
            <SP HEIGHT="57" WIDTH="17" VPOS="1535" HPOS="459"/>
            <String HEIGHT="57" WIDTH="101" VPOS="1535" HPOS="408" CONTENT="où" ID="tl_20_4" STYLEREFS="FONT0"/>
            <SP HEIGHT="57" WIDTH="17" VPOS="1535" HPOS="509"/>
            <String HEIGHT="57" WIDTH="135" VPOS="1535" HPOS="459" CONTENT="tout" ID="tl_20_5" STYLEREFS="FONT0"/>
            <SP HEIGHT="57" WIDTH="17" VPOS="1535" HPOS="594"/>
            <String HEIGHT="57" WIDTH="101" VPOS="1535" HPOS="543" CONTENT="se" ID="tl_20_6" STYLEREFS="FONT0"/>
            <SP HEIGHT="57" WIDTH="17" VPOS="1535" HPOS="644"/>
            <String HEIGHT="57" WIDTH="185" VPOS="1535" HPOS="594" CONTENT="dispose" ID="tl_20_7" STYLEREFS="FONT0"/>
            <SP HEIGHT="57" WIDTH="17" VPOS="1535" HPOS="779"/>
            <String HEIGHT="57" WIDTH="152" VPOS="1535" HPOS="729" CONTENT="selon" ID="tl_20_8" STYLEREFS="FONT0"/>
            <SP HEIGHT="57" WIDTH="17" VPOS="1535" HPOS="880"/>
            <String HEIGHT="57" WIDTH="118" VPOS="1535" HPOS="830" CONTENT="les" ID="tl_20_9" STYLEREFS="FONT0"/>
            <SP HEIGHT="57" WIDTH="17" VPOS="1535" HPOS="948"/>
            <String HEIGHT="57" WIDTH="135" VPOS="1535" HPOS="897" CONTENT="lois" ID="tl_20_10" STYLEREFS="FONT0"/>
            <SP HEIGHT="57" WIDTH="17" VPOS="1535" HPOS="1032"/>
            <String HEIGHT="57" WIDTH="101" VPOS="1535" HPOS="981" CONTENT="de" ID="tl_20_11" STYLEREFS="FONT0"/>
            <SP HEIGHT="57" WIDTH="17" VPOS="1535" HPOS="1083"/>
            <String HEIGHT="57" WIDTH="101" VPOS="1535" HPOS="1032" CONTENT="la" ID="tl_20_12" STYLEREFS="FONT0"/>
            <SP HEIGHT="57" WIDTH="17" VPOS="1535" HPOS="1133"/>
            <String HEIGHT="57" WIDTH="253" VPOS="1535" HPOS="1083" CONTENT="perspective" ID="tl_20_13" STYLEREFS="FONT0"/>
            <SP HEIGHT="57" WIDTH="17" VPOS="1535" HPOS="1335"/>
            <String HEIGHT="57" WIDTH="101" VPOS="1535" HPOS="1285" CONTENT="et" ID="tl_20_14" STYLEREFS="FONT0"/>
            <SP HEIGHT="57" WIDTH="17" VPOS="1535" HPOS="1386"/>
            <String HEIGHT="57" WIDTH="101" VPOS="1535" HPOS="1335" CONTENT="de" ID="tl_20_15" STYLEREFS="FONT0"/>
            <SP HEIGHT="57" WIDTH="17" VPOS="1535" HPOS="1437"/>
            <String HEIGHT="57" WIDTH="101" VPOS="1535" HPOS="1386" CONTENT="la" ID="tl_20_16" STYLEREFS="FONT0"/>
            <SP HEIGHT="57" WIDTH="17" VPOS="1535" HPOS="1487"/>
            <String HEIGHT="57" WIDTH="202" VPOS="1535" HPOS="1420" CONTENT="pesanteur." ID="tl_20_17" STYLEREFS="FONT0"/>
          </TextLine>
        </TextBlock>
        <TextBlock ID="r_5_4" HEIGHT="287" WIDTH="1404" VPOS="1580" HPOS="216">
          <TextLine ID="tl_21" BASELINE="1632" HEIGHT="63" WIDTH="1385" VPOS="1569" HPOS="239">
            <String HEIGHT="63" WIDTH="114" VPOS="1569" HPOS="220" CONTENT="La" ID="tl_21_1" STYLEREFS="FONT0"/>
            <SP HEIGHT="63" WIDTH="19" VPOS="1569" HPOS="334"/>
            <String HEIGHT="63" WIDTH="209" VPOS="1569" HPOS="277" CONTENT="Turquie" ID="tl_21_2" STYLEREFS="FONT0"/>
            <SP HEIGHT="63" WIDTH="19" VPOS="1569" HPOS="486"/>
            <String HEIGHT="63" WIDTH="228" VPOS="1569" HPOS="429" CONTENT="présente" ID="tl_21_3" STYLEREFS="FONT0"/>
            <SP HEIGHT="63" WIDTH="19" VPOS="1569" HPOS="656"/>
            <String HEIGHT="63" WIDTH="285" VPOS="1569" HPOS="599" CONTENT="aujourd’hui" ID="tl_21_4" STYLEREFS="FONT0"/>
            <SP HEIGHT="63" WIDTH="19" VPOS="1569" HPOS="884"/>
            <String HEIGHT="63" WIDTH="95" VPOS="1569" HPOS="827" CONTENT="à" ID="tl_21_5" STYLEREFS="FONT0"/>
            <SP HEIGHT="63" WIDTH="19" VPOS="1569" HPOS="922"/>
            <String HEIGHT="63" WIDTH="114" VPOS="1569" HPOS="865" CONTENT="la" ID="tl_21_6" STYLEREFS="FONT0"/>
            <SP HEIGHT="63" WIDTH="19" VPOS="1569" HPOS="979"/>
            <String HEIGHT="63" WIDTH="209" VPOS="1569" HPOS="922" CONTENT="seconde" ID="tl_21_7" STYLEREFS="FONT0"/>
            <SP HEIGHT="63" WIDTH="19" VPOS="1569" HPOS="1131"/>
            <String HEIGHT="63" WIDTH="228" VPOS="1569" HPOS="1074" CONTENT="Biennale" ID="tl_21_8" STYLEREFS="FONT0"/>
            <SP HEIGHT="63" WIDTH="19" VPOS="1569" HPOS="1301"/>
            <String HEIGHT="63" WIDTH="133" VPOS="1569" HPOS="1245" CONTENT="six" ID="tl_21_9" STYLEREFS="FONT0"/>
            <SP HEIGHT="63" WIDTH="19" VPOS="1569" HPOS="1377"/>
            <String HEIGHT="63" WIDTH="190" VPOS="1569" HPOS="1320" CONTENT="jeunes" ID="tl_21_10" STYLEREFS="FONT0"/>
            <SP HEIGHT="63" WIDTH="19" VPOS="1569" HPOS="1510"/>
            <String HEIGHT="63" WIDTH="190" VPOS="1569" HPOS="1434" CONTENT="peintres" ID="tl_21_11" STYLEREFS="FONT0"/>
          </TextLine>
          <TextLine ID="tl_22" BASELINE="1683" HEIGHT="53" WIDTH="1416" VPOS="1630" HPOS="209">
            <String HEIGHT="53" WIDTH="115" VPOS="1630" HPOS="190" CONTENT="et" ID="tl_22_1" STYLEREFS="FONT0"/>
            <SP HEIGHT="53" WIDTH="19" VPOS="1630" HPOS="305"/>
            <String HEIGHT="53" WIDTH="153" VPOS="1630" HPOS="247" CONTENT="deux" ID="tl_22_2" STYLEREFS="FONT0"/>
            <SP HEIGHT="53" WIDTH="19" VPOS="1630" HPOS="400"/>
            <String HEIGHT="53" WIDTH="287" VPOS="1630" HPOS="343" CONTENT="sculpteurs," ID="tl_22_3" STYLEREFS="FONT0"/>
            <SP HEIGHT="53" WIDTH="19" VPOS="1630" HPOS="630"/>
            <String HEIGHT="53" WIDTH="153" VPOS="1630" HPOS="573" CONTENT="dont" ID="tl_22_4" STYLEREFS="FONT0"/>
            <SP HEIGHT="53" WIDTH="19" VPOS="1630" HPOS="726"/>
            <String HEIGHT="53" WIDTH="134" VPOS="1630" HPOS="668" CONTENT="les" ID="tl_22_5" STYLEREFS="FONT0"/>
            <SP HEIGHT="53" WIDTH="19" VPOS="1630" HPOS="802"/>
            <String HEIGHT="53" WIDTH="230" VPOS="1630" HPOS="745" CONTENT="talents," ID="tl_22_6" STYLEREFS="FONT0"/>
            <SP HEIGHT="53" WIDTH="19" VPOS="1630" HPOS="974"/>
            <String HEIGHT="53" WIDTH="134" VPOS="1630" HPOS="917" CONTENT="qui" ID="tl_22_7" STYLEREFS="FONT0"/>
            <SP HEIGHT="53" WIDTH="19" VPOS="1630" HPOS="1051"/>
            <String HEIGHT="53" WIDTH="230" VPOS="1630" HPOS="994" CONTENT="semblent" ID="tl_22_8" STYLEREFS="FONT0"/>
            <SP HEIGHT="53" WIDTH="19" VPOS="1630" HPOS="1223"/>
            <String HEIGHT="53" WIDTH="96" VPOS="1630" HPOS="1166" CONTENT="à" ID="tl_22_9" STYLEREFS="FONT0"/>
            <SP HEIGHT="53" WIDTH="19" VPOS="1630" HPOS="1261"/>
            <String HEIGHT="53" WIDTH="230" VPOS="1630" HPOS="1204" CONTENT="première" ID="tl_22_10" STYLEREFS="FONT0"/>
            <SP HEIGHT="53" WIDTH="19" VPOS="1630" HPOS="1434"/>
            <String HEIGHT="53" WIDTH="134" VPOS="1630" HPOS="1376" CONTENT="vue" ID="tl_22_11" STYLEREFS="FONT0"/>
            <SP HEIGHT="53" WIDTH="19" VPOS="1630" HPOS="1510"/>
            <String HEIGHT="53" WIDTH="191" VPOS="1630" HPOS="1434" CONTENT="modestes" ID="tl_22_12" STYLEREFS="FONT0"/>
          </TextLine>
          <TextLine ID="tl_23" BASELINE="1724" HEIGHT="62" WIDTH="1418" VPOS="1662" HPOS="209">
            <String HEIGHT="62" WIDTH="117" VPOS="1662" HPOS="190" CONTENT="et" ID="tl_23_1" STYLEREFS="FONT0"/>
            <SP HEIGHT="62" WIDTH="19" VPOS="1662" HPOS="306"/>
            <String HEIGHT="62" WIDTH="253" VPOS="1662" HPOS="248" CONTENT="réservés," ID="tl_23_2" STYLEREFS="FONT0"/>
            <SP HEIGHT="62" WIDTH="19" VPOS="1662" HPOS="500"/>
            <String HEIGHT="62" WIDTH="155" VPOS="1662" HPOS="442" CONTENT="n’en" ID="tl_23_3" STYLEREFS="FONT0"/>
            <SP HEIGHT="62" WIDTH="19" VPOS="1662" HPOS="597"/>
            <String HEIGHT="62" WIDTH="155" VPOS="1662" HPOS="539" CONTENT="sont" ID="tl_23_4" STYLEREFS="FONT0"/>
            <SP HEIGHT="62" WIDTH="19" VPOS="1662" HPOS="695"/>
            <String HEIGHT="62" WIDTH="136" VPOS="1662" HPOS="636" CONTENT="pas" ID="tl_23_5" STYLEREFS="FONT0"/>
            <SP HEIGHT="62" WIDTH="19" VPOS="1662" HPOS="772"/>
            <String HEIGHT="62" WIDTH="175" VPOS="1662" HPOS="714" CONTENT="moins" ID="tl_23_6" STYLEREFS="FONT0"/>
            <SP HEIGHT="62" WIDTH="19" VPOS="1662" HPOS="889"/>
            <String HEIGHT="62" WIDTH="330" VPOS="1662" HPOS="831" CONTENT="authentiques." ID="tl_23_7" STYLEREFS="FONT0"/>
            <SP HEIGHT="62" WIDTH="19" VPOS="1662" HPOS="1161"/>
            <String HEIGHT="62" WIDTH="175" VPOS="1662" HPOS="1103" CONTENT="Leurs" ID="tl_23_8" STYLEREFS="FONT0"/>
            <SP HEIGHT="62" WIDTH="19" VPOS="1662" HPOS="1277"/>
            <String HEIGHT="62" WIDTH="233" VPOS="1662" HPOS="1219" CONTENT="travaux," ID="tl_23_9" STYLEREFS="FONT0"/>
            <SP HEIGHT="62" WIDTH="19" VPOS="1662" HPOS="1452"/>
            <String HEIGHT="62" WIDTH="155" VPOS="1662" HPOS="1394" CONTENT="sans" ID="tl_23_10" STYLEREFS="FONT0"/>
            <SP HEIGHT="62" WIDTH="19" VPOS="1662" HPOS="1549"/>
            <String HEIGHT="62" WIDTH="155" VPOS="1662" HPOS="1472" CONTENT="éclats" ID="tl_23_11" STYLEREFS="FONT0"/>
          </TextLine>
          <TextLine ID="tl_24" BASELINE="1769" HEIGHT="56" WIDTH="1418" VPOS="1713" HPOS="209">
            <String HEIGHT="56" WIDTH="300" VPOS="1713" HPOS="189" CONTENT="fulgurants," ID="tl_24_1" STYLEREFS="FONT0"/>
            <SP HEIGHT="56" WIDTH="20" VPOS="1713" HPOS="489"/>
            <String HEIGHT="56" WIDTH="240" VPOS="1713" HPOS="429" CONTENT="révèlent" ID="tl_24_2" STYLEREFS="FONT0"/>
            <SP HEIGHT="56" WIDTH="20" VPOS="1713" HPOS="668"/>
            <String HEIGHT="56" WIDTH="140" VPOS="1713" HPOS="608" CONTENT="une" ID="tl_24_3" STYLEREFS="FONT0"/>
            <SP HEIGHT="56" WIDTH="20" VPOS="1713" HPOS="748"/>
            <String HEIGHT="56" WIDTH="340" VPOS="1713" HPOS="688" CONTENT="introspection" ID="tl_24_4" STYLEREFS="FONT0"/>
            <SP HEIGHT="56" WIDTH="20" VPOS="1713" HPOS="1028"/>
            <String HEIGHT="56" WIDTH="280" VPOS="1713" HPOS="968" CONTENT="absolument" ID="tl_24_5" STYLEREFS="FONT0"/>
            <SP HEIGHT="56" WIDTH="20" VPOS="1713" HPOS="1248"/>
            <String HEIGHT="56" WIDTH="240" VPOS="1713" HPOS="1188" CONTENT="sincère," ID="tl_24_6" STYLEREFS="FONT0"/>
            <SP HEIGHT="56" WIDTH="20" VPOS="1713" HPOS="1427"/>
            <String HEIGHT="56" WIDTH="140" VPOS="1713" HPOS="1367" CONTENT="une" ID="tl_24_7" STYLEREFS="FONT0"/>
            <SP HEIGHT="56" WIDTH="20" VPOS="1713" HPOS="1507"/>
            <String HEIGHT="56" WIDTH="180" VPOS="1713" HPOS="1447" CONTENT="sorte" ID="tl_24_8" STYLEREFS="FONT0"/>
            <SP HEIGHT="56" WIDTH="20" VPOS="1713" HPOS="1627"/>
            <String HEIGHT="56" WIDTH="80" VPOS="1713" HPOS="1547" CONTENT="de" ID="tl_24_9" STYLEREFS="FONT0"/>
          </TextLine>
          <TextLine ID="tl_25" BASELINE="1831" HEIGHT="66" WIDTH="1418" VPOS="1765" HPOS="208">
            <String HEIGHT="66" WIDTH="233" VPOS="1765" HPOS="190" CONTENT="timidité," ID="tl_25_1" STYLEREFS="FONT0"/>
            <SP HEIGHT="66" WIDTH="18" VPOS="1765" HPOS="423"/>
            <String HEIGHT="66" WIDTH="144" VPOS="1765" HPOS="370" CONTENT="qui," ID="tl_25_2" STYLEREFS="FONT0"/>
            <SP HEIGHT="66" WIDTH="18" VPOS="1765" HPOS="513"/>
            <String HEIGHT="66" WIDTH="108" VPOS="1765" HPOS="459" CONTENT="si" ID="tl_25_3" STYLEREFS="FONT0"/>
            <SP HEIGHT="66" WIDTH="18" VPOS="1765" HPOS="567"/>
            <String HEIGHT="66" WIDTH="144" VPOS="1765" HPOS="513" CONTENT="elle" ID="tl_25_4" STYLEREFS="FONT0"/>
            <SP HEIGHT="66" WIDTH="18" VPOS="1765" HPOS="657"/>
            <String HEIGHT="66" WIDTH="251" VPOS="1765" HPOS="603" CONTENT="n’accroche" ID="tl_25_5" STYLEREFS="FONT0"/>
            <SP HEIGHT="66" WIDTH="18" VPOS="1765" HPOS="854"/>
            <String HEIGHT="66" WIDTH="179" VPOS="1765" HPOS="800" CONTENT="l’œil," ID="tl_25_6" STYLEREFS="FONT0"/>
            <SP HEIGHT="66" WIDTH="18" VPOS="1765" HPOS="980"/>
            <String HEIGHT="66" WIDTH="179" VPOS="1765" HPOS="926" CONTENT="promet" ID="tl_25_7" STYLEREFS="FONT0"/>
            <SP HEIGHT="66" WIDTH="18" VPOS="1765" HPOS="1105"/>
            <String HEIGHT="66" WIDTH="126" VPOS="1765" HPOS="1052" CONTENT="des" ID="tl_25_8" STYLEREFS="FONT0"/>
            <SP HEIGHT="66" WIDTH="18" VPOS="1765" HPOS="1177"/>
            <String HEIGHT="66" WIDTH="323" VPOS="1765" HPOS="1123" CONTENT="développements" ID="tl_25_9" STYLEREFS="FONT0"/>
            <SP HEIGHT="66" WIDTH="18" VPOS="1765" HPOS="1447"/>
            <String HEIGHT="66" WIDTH="179" VPOS="1765" HPOS="1393" CONTENT="futurs" ID="tl_25_10" STYLEREFS="FONT0"/>
            <SP HEIGHT="66" WIDTH="18" VPOS="1765" HPOS="1572"/>
            <String HEIGHT="66" WIDTH="126" VPOS="1765" HPOS="1500" CONTENT="imbus" ID="tl_25_11" STYLEREFS="FONT0"/>
          </TextLine>
          <TextLine ID="tl_26" BASELINE="1875" HEIGHT="59" WIDTH="209" VPOS="1816" HPOS="212">
            <String HEIGHT="59" WIDTH="114" VPOS="1816" HPOS="193" CONTENT="de" ID="tl_26_1" STYLEREFS="FONT0"/>
            <SP HEIGHT="59" WIDTH="19" VPOS="1816" HPOS="307"/>
            <String HEIGHT="59" WIDTH="190" VPOS="1816" HPOS="231" CONTENT="probité." ID="tl_26_2" STYLEREFS="FONT0"/>
          </TextLine>
        </TextBlock>
        <TextBlock ID="r_5_5" HEIGHT="151" WIDTH="1401" VPOS="1855" HPOS="220">
          <TextLine ID="tl_27" BASELINE="1909" HEIGHT="70" WIDTH="1386" VPOS="1839" HPOS="242">
            <String HEIGHT="70" WIDTH="152" VPOS="1839" HPOS="223" CONTENT="Seul" ID="tl_27_1" STYLEREFS="FONT0"/>
            <SP HEIGHT="70" WIDTH="19" VPOS="1839" HPOS="375"/>
            <String HEIGHT="70" WIDTH="209" VPOS="1839" HPOS="318" CONTENT="l’envoi" ID="tl_27_2" STYLEREFS="FONT0"/>
            <SP HEIGHT="70" WIDTH="19" VPOS="1839" HPOS="527"/>
            <String HEIGHT="70" WIDTH="114" VPOS="1839" HPOS="470" CONTENT="de" ID="tl_27_3" STYLEREFS="FONT0"/>
            <SP HEIGHT="70" WIDTH="19" VPOS="1839" HPOS="584"/>
            <String HEIGHT="70" WIDTH="209" VPOS="1839" HPOS="527" CONTENT="Mustafa" ID="tl_27_4" STYLEREFS="FONT0"/>
            <SP HEIGHT="70" WIDTH="19" VPOS="1839" HPOS="736"/>
            <String HEIGHT="70" WIDTH="190" VPOS="1839" HPOS="679" CONTENT="Aslier" ID="tl_27_5" STYLEREFS="FONT0"/>
            <SP HEIGHT="70" WIDTH="19" VPOS="1839" HPOS="869"/>
            <String HEIGHT="70" WIDTH="152" VPOS="1839" HPOS="812" CONTENT="fait" ID="tl_27_6" STYLEREFS="FONT0"/>
            <SP HEIGHT="70" WIDTH="19" VPOS="1839" HPOS="963"/>
            <String HEIGHT="70" WIDTH="247" VPOS="1839" HPOS="907" CONTENT="exception" ID="tl_27_7" STYLEREFS="FONT0"/>
            <SP HEIGHT="70" WIDTH="19" VPOS="1839" HPOS="1153"/>
            <String HEIGHT="70" WIDTH="152" VPOS="1839" HPOS="1096" CONTENT="dans" ID="tl_27_8" STYLEREFS="FONT0"/>
            <SP HEIGHT="70" WIDTH="19" VPOS="1839" HPOS="1248"/>
            <String HEIGHT="70" WIDTH="323" VPOS="1839" HPOS="1191" CONTENT="l’abstraction" ID="tl_27_9" STYLEREFS="FONT0"/>
            <SP HEIGHT="70" WIDTH="19" VPOS="1839" HPOS="1514"/>
            <String HEIGHT="70" WIDTH="190" VPOS="1839" HPOS="1438" CONTENT="générale" ID="tl_27_10" STYLEREFS="FONT0"/>
          </TextLine>
          <TextLine ID="tl_28" BASELINE="1956" HEIGHT="54" WIDTH="1416" VPOS="1902" HPOS="213">
            <String HEIGHT="54" WIDTH="118" VPOS="1902" HPOS="193" CONTENT="du" ID="tl_28_1" STYLEREFS="FONT0"/>
            <SP HEIGHT="54" WIDTH="20" VPOS="1902" HPOS="311"/>
            <String HEIGHT="54" WIDTH="197" VPOS="1902" HPOS="252" CONTENT="groupe" ID="tl_28_2" STYLEREFS="FONT0"/>
            <SP HEIGHT="54" WIDTH="20" VPOS="1902" HPOS="449"/>
            <String HEIGHT="54" WIDTH="177" VPOS="1902" HPOS="390" CONTENT="turc," ID="tl_28_3" STYLEREFS="FONT0"/>
            <SP HEIGHT="54" WIDTH="20" VPOS="1902" HPOS="567"/>
            <String HEIGHT="54" WIDTH="138" VPOS="1902" HPOS="508" CONTENT="car" ID="tl_28_4" STYLEREFS="FONT0"/>
            <SP HEIGHT="54" WIDTH="20" VPOS="1902" HPOS="646"/>
            <String HEIGHT="54" WIDTH="118" VPOS="1902" HPOS="587" CONTENT="il" ID="tl_28_5" STYLEREFS="FONT0"/>
            <SP HEIGHT="54" WIDTH="20" VPOS="1902" HPOS="705"/>
            <String HEIGHT="54" WIDTH="275" VPOS="1902" HPOS="646" CONTENT="représente" ID="tl_28_6" STYLEREFS="FONT0"/>
            <SP HEIGHT="54" WIDTH="20" VPOS="1902" HPOS="921"/>
            <String HEIGHT="54" WIDTH="177" VPOS="1902" HPOS="862" CONTENT="cette" ID="tl_28_7" STYLEREFS="FONT0"/>
            <SP HEIGHT="54" WIDTH="20" VPOS="1902" HPOS="1039"/>
            <String HEIGHT="54" WIDTH="236" VPOS="1902" HPOS="980" CONTENT="tendance" ID="tl_28_8" STYLEREFS="FONT0"/>
            <SP HEIGHT="54" WIDTH="20" VPOS="1902" HPOS="1216"/>
            <String HEIGHT="54" WIDTH="118" VPOS="1902" HPOS="1157" CONTENT="de" ID="tl_28_9" STYLEREFS="FONT0"/>
            <SP HEIGHT="54" WIDTH="20" VPOS="1902" HPOS="1275"/>
            <String HEIGHT="54" WIDTH="236" VPOS="1902" HPOS="1216" CONTENT="quelques" ID="tl_28_10" STYLEREFS="FONT0"/>
            <SP HEIGHT="54" WIDTH="20" VPOS="1902" HPOS="1452"/>
            <String HEIGHT="54" WIDTH="236" VPOS="1902" HPOS="1393" CONTENT="artistes" ID="tl_28_11" STYLEREFS="FONT0"/>
            <SP HEIGHT="54" WIDTH="20" VPOS="1902" HPOS="1629"/>
            <String HEIGHT="54" WIDTH="79" VPOS="1902" HPOS="1550" CONTENT="de" ID="tl_28_12" STYLEREFS="FONT0"/>
          </TextLine>
          <TextLine ID="tl_29" BASELINE="2014" HEIGHT="77" WIDTH="1417" VPOS="1937" HPOS="212">
            <String HEIGHT="77" WIDTH="147" VPOS="1937" HPOS="194" CONTENT="chez" ID="tl_29_1" STYLEREFS="FONT0"/>
            <SP HEIGHT="77" WIDTH="18" VPOS="1937" HPOS="341"/>
            <String HEIGHT="77" WIDTH="166" VPOS="1937" HPOS="286" CONTENT="nous," ID="tl_29_2" STYLEREFS="FONT0"/>
            <SP HEIGHT="77" WIDTH="18" VPOS="1937" HPOS="451"/>
            <String HEIGHT="77" WIDTH="184" VPOS="1937" HPOS="396" CONTENT="jeunes" ID="tl_29_3" STYLEREFS="FONT0"/>
            <SP HEIGHT="77" WIDTH="18" VPOS="1937" HPOS="580"/>
            <String HEIGHT="77" WIDTH="110" VPOS="1937" HPOS="525" CONTENT="et" ID="tl_29_4" STYLEREFS="FONT0"/>
            <SP HEIGHT="77" WIDTH="18" VPOS="1937" HPOS="635"/>
            <String HEIGHT="77" WIDTH="184" VPOS="1937" HPOS="580" CONTENT="ainés," ID="tl_29_5" STYLEREFS="FONT0"/>
            <SP HEIGHT="77" WIDTH="18" VPOS="1937" HPOS="764"/>
            <String HEIGHT="77" WIDTH="92" VPOS="1937" HPOS="709" CONTENT="à" ID="tl_29_6" STYLEREFS="FONT0"/>
            <SP HEIGHT="77" WIDTH="18" VPOS="1937" HPOS="801"/>
            <String HEIGHT="77" WIDTH="221" VPOS="1937" HPOS="746" CONTENT="réaliser" ID="tl_29_7" STYLEREFS="FONT0"/>
            <SP HEIGHT="77" WIDTH="18" VPOS="1937" HPOS="967"/>
            <String HEIGHT="77" WIDTH="110" VPOS="1937" HPOS="911" CONTENT="un" ID="tl_29_8" STYLEREFS="FONT0"/>
            <SP HEIGHT="77" WIDTH="18" VPOS="1937" HPOS="1022"/>
            <String HEIGHT="77" WIDTH="129" VPOS="1937" HPOS="967" CONTENT="art" ID="tl_29_9" STYLEREFS="FONT0"/>
            <SP HEIGHT="77" WIDTH="18" VPOS="1937" HPOS="1095"/>
            <String HEIGHT="77" WIDTH="110" VPOS="1937" HPOS="1040" CONTENT="où" ID="tl_29_10" STYLEREFS="FONT0"/>
            <SP HEIGHT="77" WIDTH="18" VPOS="1937" HPOS="1151"/>
            <String HEIGHT="77" WIDTH="110" VPOS="1937" HPOS="1095" CONTENT="le" ID="tl_29_11" STYLEREFS="FONT0"/>
            <SP HEIGHT="77" WIDTH="18" VPOS="1937" HPOS="1206"/>
            <String HEIGHT="77" WIDTH="92" VPOS="1937" HPOS="1151" CONTENT="«" ID="tl_29_12" STYLEREFS="FONT0"/>
            <SP HEIGHT="77" WIDTH="18" VPOS="1937" HPOS="1243"/>
            <String HEIGHT="77" WIDTH="184" VPOS="1937" HPOS="1187" CONTENT="parfum" ID="tl_29_13" STYLEREFS="FONT0"/>
            <SP HEIGHT="77" WIDTH="18" VPOS="1937" HPOS="1371"/>
            <String HEIGHT="77" WIDTH="110" VPOS="1937" HPOS="1316" CONTENT="du" ID="tl_29_14" STYLEREFS="FONT0"/>
            <SP HEIGHT="77" WIDTH="18" VPOS="1937" HPOS="1427"/>
            <String HEIGHT="77" WIDTH="202" VPOS="1937" HPOS="1371" CONTENT="terroir" ID="tl_29_15" STYLEREFS="FONT0"/>
            <SP HEIGHT="77" WIDTH="18" VPOS="1937" HPOS="1574"/>
            <String HEIGHT="77" WIDTH="110" VPOS="1937" HPOS="1519" CONTENT="»," ID="tl_29_16" STYLEREFS="FONT0"/>
            <SP HEIGHT="77" WIDTH="18" VPOS="1937" HPOS="1629"/>
            <String HEIGHT="77" WIDTH="74" VPOS="1937" HPOS="1555" CONTENT="du" ID="tl_29_17" STYLEREFS="FONT0"/>
          </TextLine>
        </TextBlock>
        <TextBlock ID="r_6_1" HEIGHT="28" WIDTH="51" VPOS="2113" HPOS="1496">
          <TextLine ID="tl_30" BASELINE="2158" HEIGHT="76" WIDTH="68" VPOS="2082" HPOS="1487">
            <String HEIGHT="76" WIDTH="113" VPOS="2082" HPOS="1442" CONTENT="113" ID="tl_30_1" STYLEREFS="FONT0"/>
          </TextLine>
        </TextBlock>
        <GraphicalElement ID="r_7" HEIGHT="3" WIDTH="115" VPOS="0" HPOS="38"/>
        <GraphicalElement ID="r_8" HEIGHT="3" WIDTH="102" VPOS="0" HPOS="189"/>
        <GraphicalElement ID="r_9" HEIGHT="2" WIDTH="94" VPOS="0" HPOS="319"/>
        <GraphicalElement ID="r_10" HEIGHT="2" WIDTH="108" VPOS="0" HPOS="435"/>
        <GraphicalElement ID="r_11" HEIGHT="2" WIDTH="110" VPOS="0" HPOS="563"/>
        <GraphicalElement ID="r_12" HEIGHT="2" WIDTH="108" VPOS="0" HPOS="695"/>
        <GraphicalElement ID="r_13" HEIGHT="2" WIDTH="108" VPOS="0" HPOS="825"/>
        <GraphicalElement ID="r_14" HEIGHT="3" WIDTH="115" VPOS="0" HPOS="954"/>
        <GraphicalElement ID="r_15" HEIGHT="2" WIDTH="107" VPOS="0" HPOS="1086"/>
        <GraphicalElement ID="r_16" HEIGHT="2" WIDTH="109" VPOS="0" HPOS="1214"/>
        <GraphicalElement ID="r_17" HEIGHT="2" WIDTH="95" VPOS="0" HPOS="1358"/>
        <GraphicalElement ID="r_18" HEIGHT="3" WIDTH="99" VPOS="0" HPOS="1496"/>
        <GraphicalElement ID="r_19" HEIGHT="2" WIDTH="90" VPOS="0" HPOS="1624"/>
        <GraphicalElement ID="r_20" HEIGHT="2" WIDTH="91" VPOS="0" HPOS="1753"/>
        <GraphicalElement ID="r_21" HEIGHT="3" WIDTH="124" VPOS="2202" HPOS="1138"/>
        <GraphicalElement ID="r_22" HEIGHT="3" WIDTH="98" VPOS="2202" HPOS="1298"/>
        <GraphicalElement ID="r_23" HEIGHT="4" WIDTH="107" VPOS="2201" HPOS="1552"/>
        <GraphicalElement ID="r_24" HEIGHT="2" WIDTH="250" VPOS="2205" HPOS="1138"/>
        <GraphicalElement ID="r_25" HEIGHT="2" WIDTH="92" VPOS="2203" HPOS="1688"/>
        <GraphicalElement ID="r_26" HEIGHT="2" WIDTH="252" VPOS="2205" HPOS="1534"/>
        <GraphicalElement ID="r_27" HEIGHT="134" WIDTH="5" VPOS="0" HPOS="1829"/>
        <GraphicalElement ID="r_28" HEIGHT="165" WIDTH="5" VPOS="0" HPOS="1840"/>
      </PrintSpace>
    </Page>
  </Layout>
</alto>
