1715 2207
1328 10 376 75 FINLANDE

316 438 247 94 Commissaire
513 438 181 94 Général
645 438 82 94 :
678 438 214 94 Kaarlo
826 438 197 94 Koroma

314 508 265 49 Secrétaire
522 508 208 49 Général
674 508 114 49 de
731 508 114 49 la
769 508 170 49 Société

316 546 118 48 des
384 546 202 48 Artistes
518 546 219 48 Finlandais.

151 815 155 70 Deux
247 815 251 70 peintres,
440 815 213 70 adeptes
595 815 116 70 de
653 815 116 70 la
711 815 232 70 tendance
885 815 290 70 informelle,
1117 815 135 70 qui
1194 815 135 70 ont
1271 815 193 70 débuté
1406 815 135 70 sur
1464 815 97 70 des

117 876 167 57 bases
229 876 370 57 expressionnistes
543 876 111 57 et
599 876 130 57 ont
673 876 148 57 reçu
766 876 130 57 une
840 876 241 57 influence
1025 876 352 57 caractéristique
1321 876 111 57 de
1358 876 204 57 l’expres-

114 929 156 52 sion
212 929 235 52 nordique
388 929 117 52 de
447 929 176 52 cette
564 929 235 52 tendance
740 929 254 52 actuelle,
936 929 352 52 représenteront
1229 929 117 52 la
1288 929 235 52 Finlande
1464 929 98 52 à
1484 929 78 52 la

117 971 241 63 Biennale
297 971 120 63 de
358 971 201 63 Paris.
498 971 120 63 La
558 971 241 63 peinture
739 971 120 63 de
799 971 201 63 Jaakke
939 971 241 63 Sievânen
1120 971 201 63 repose
1260 971 140 63 sur
1340 971 120 63 la
1401 971 160 63 joie
1481 971 80 63 de

113 1021 178 60 vivre
232 1021 317 60 étincelante,
490 1021 159 60 mais
589 1021 337 60 simultanément
866 1021 258 60 discrète,
1065 1021 198 60 tandis
1203 1021 139 60 que
1283 1021 159 60 Esko
1362 1021 198 60 Tirronen

116 1083 270 50 représente
328 1083 154 50 plus
424 1083 328 50 distinctement
695 1083 135 50 une
772 1083 174 50 force
888 1083 289 50 silencieuse
1119 1083 232 50 inspirée
1293 1083 116 50 de
1351 1083 116 50 la
1389 1083 174 50 nature.

151 1121 116 57 Le
209 1121 252 57 sculpteur
402 1121 155 57 Kain
499 1121 193 57 Tapper
634 1121 116 57 se
692 1121 174 57 situe
808 1121 252 57 également
1002 1121 193 57 proche
1137 1121 116 57 de
1195 1121 116 57 la
1253 1121 232 57 tendance
1408 1121 155 57 infor-

118 1178 159 55 melle
224 1178 141 55 dans
312 1178 106 55 sa
365 1178 229 55 sculpture
541 1178 88 55 «
577 1178 176 55 Relief
700 1178 106 55 »,
753 1178 123 55 qui
824 1178 88 55 a
859 1178 176 55 obtenu
982 1178 106 55 le
1035 1178 141 55 prix
1123 1178 106 55 de
1176 1178 176 55 l’Etat
1300 1178 106 55 de
1352 1178 159 55 cette
1441 1178 123 55 année

117 1242 114 49 et
174 1242 133 49 qui
250 1242 267 49 appartient
460 1242 133 49 aux
536 1242 286 49 collections
765 1242 114 49 du
822 1242 172 49 Musée
937 1242 172 49 d’Art
1032 1242 229 49 d’Athénée.

153 1286 116 63 Le
211 1286 213 63 graveur
365 1286 174 63 Meeri
481 1286 251 63 Torvinen,
675 1286 155 63 dans
771 1286 135 63 son
849 1286 174 63 œuvre
965 1286 135 63 sur
1042 1286 193 63 métal,
1177 1286 271 63 représente
1390 1286 135 63 les
1448 1286 116 63 ten-

116 1336 197 73 dances
254 1336 138 73 non
333 1336 295 73 figuratives
569 1336 118 73 de
628 1336 138 73 ces
707 1336 236 73 derniers
864 1336 158 73 temps.

590 1591 254 62 SECTION
775 1591 185 62 ARTS
867 1591 277 62 PLASTIQUES

668 1673 263 80 PEINTURE
866 1673 132 80 ET
909 1673 176 80 DESSIN

193 1749 247 63 Jaakke
383 1749 323 63 SIEVANEN
650 1749 114 63 né
707 1749 95 63 à
745 1749 171 63 Renko
859 1749 114 63 en
897 1749 133 63 1932.

140 1804 190 51 1
283 1804 206 51 Peinture,
441 1804 127 51 1961
521 1804 174 51 (huile,
632 1804 174 51 170x123).

138 1853 192 55 2
282 1853 208 55 Peinture,
442 1853 128 55 1961
522 1853 176 55 (huile,
634 1853 192 55 125x170)*.

196 1909 203 53 ESKO
343 1909 314 53 TIRRONEN
602 1909 111 53 né
658 1909 92 53 à
695 1909 166 53 Harlu
806 1909 111 53 en
843 1909 129 53 1934.

140 1954 203 61 3
292 1954 253 61 Prometheus,
495 1954 135 61 1960
579 1954 186 61 (huile,
697 1954 186 61 114x195).

1396 2103 92 58 41
