1889 2197
1187 -7 419 71 MANIFESTATIONS
1526 -7 259 71 ANNEXES

520 127 315 68 DESSINS
768 127 135 68 DE
836 127 225 68 JEUNES
971 127 360 68 SCULPTEURS

255 216 131 49 Les
330 216 262 49 sculpteurs
536 216 150 49 dont
629 216 131 49 les
704 216 187 49 œuvres
835 216 131 49 ont
910 216 131 49 été
985 216 224 49 retenues
1153 216 131 49 par
1228 216 112 49 le
1284 216 206 49 Conseil
1415 216 224 49 d’Adminis-

219 242 201 57 tration
365 242 109 57 de
419 242 109 57 la
474 242 237 57 Biennale,
656 242 109 57 ou
711 242 219 57 choisies
875 242 128 57 par
948 242 109 57 le
1003 242 146 57 Jury
1094 242 128 57 des
1167 242 182 57 Jeunes
1295 242 255 57 Critiques,
1495 242 128 57 ont
1550 242 91 57 été

220 290 209 59 invités
372 290 95 59 à
410 290 247 59 présenter
600 290 171 59 leurs
714 290 209 59 dessins
865 290 95 59 à
903 290 114 59 la
960 290 209 59 Galerie
1112 290 114 59 de
1150 290 190 59 Varenne.

194 368 179 59 Brusse

197 411 148 46 Clerc

202 446 194 51 Lartigue

197 488 172 42 Lhoste

202 518 199 52 Martinez

195 560 213 51 Neuhaus

731 356 176 52 Oudot

737 398 185 45 Raysse

740 436 205 50 Selinger

737 474 197 46 Sherdin

738 512 186 47 Szekeli

1216 349 230 54 Cardenas

1223 394 179 48 Hiquily

1217 431 188 48 Poncet

1220 469 183 55 Viseux

671 610 299 66 GALERIE
889 610 163 66 DE
943 610 245 66 VARENNE

516 664 130 65 61,
591 664 130 65 rue
665 664 111 65 de
720 664 222 65 Varenne,
887 664 167 65 Paris
998 664 148 65 (7e)
1091 664 93 65 —
1128 664 148 65 SOL.
1202 664 148 65 55

583 716 274 68 Exposition
799 716 117 68 du
857 716 98 68 6
897 716 117 68 au
955 716 117 68 21
1014 716 215 68 octobre
1151 716 137 68 1961.

530 772 275 43 Vernissage
747 772 118 43 le
805 772 236 43 vendredi
982 772 98 43 6
1022 772 216 43 octobre
1179 772 98 43 à
1218 772 118 43 16
1257 772 79 43 h.

226 802 141 77 Tous
314 802 123 77 les
385 802 176 77 jours,
507 802 141 77 sauf
595 802 105 77 le
648 802 211 77 dimanche
806 802 105 77 et
859 802 105 77 le
911 802 158 77 lundi
1017 802 176 77 matin,
1140 802 105 77 de
1192 802 105 77 11
1245 802 88 77 h
1280 802 88 77 à
1315 802 141 77 midi
1403 802 105 77 et
1456 802 105 77 de
1509 802 105 77 14
1561 802 88 77 h
1579 802 70 77 30

812 848 110 58 à
856 848 132 58 18
922 848 110 58 h
944 848 110 58 30.

677 1078 244 77 THÈSE
860 1078 122 77 ET
900 1078 305 77 ANTITHÈSE

265 1158 113 69 Ce
322 1158 169 69 n’est
434 1158 131 69 pas
509 1158 131 69 une
584 1158 282 69 opposition,
810 1158 150 69 mais
904 1158 131 69 une
979 1158 282 69 proposition
1204 1158 150 69 pour
1298 1158 225 69 dissiper
1448 1158 207 69 peut

232 1208 112 63 un
288 1208 206 63 certain
438 1208 131 63 mal
513 1208 94 63 à
550 1208 168 63 voir.
663 1208 243 63 L’univers
850 1208 112 63 de
906 1208 112 63 la
962 1208 299 63 connaissance
1205 1208 131 63 est
1280 1208 224 63 visible,
1448 1208 112 63 ou
1504 1208 150 63 bien
1579 1208 75 63 il

231 1245 178 57 reste
350 1245 99 57 à
390 1245 277 57 découvrir,
607 1245 158 57 mais
706 1245 119 57 sa
766 1245 237 57 présence
944 1245 237 57 demeure:
1122 1245 139 57 les
1201 1245 218 57 chemins
1359 1245 99 57 à
1399 1245 218 57 prendre
1537 1245 119 57 pour

232 1279 237 68 parvenir
410 1279 99 68 à
450 1279 119 68 ce
509 1279 198 68 nouvel
648 1279 257 68 humanisme
846 1279 257 68 diffèrent
1044 1279 277 68 totalement
1261 1279 119 68 et
1301 1279 356 68 individuellement

233 1322 167 55 selon
345 1322 111 55 la
400 1322 148 55 voie
493 1322 222 55 choisie,
659 1322 148 55 mais
752 1322 278 55 l’obscurité
974 1322 167 55 n’est
1085 1322 185 55 totale
1215 1322 130 55 que
1289 1322 204 55 lorsque
1437 1322 130 55 les
1511 1322 148 55 yeux
1585 1322 74 55 se

213 1374 194 47 ferment.

273 1379 99 74 Il
322 1379 115 74 n’y
388 1379 82 74 a
421 1379 99 74 ni
470 1379 198 74 querelle
618 1379 99 74 ni
668 1379 198 74 conflit.
816 1379 181 74 L’homme
948 1379 115 74 est
1014 1379 181 74 présent
1145 1379 132 74 avec
1228 1379 99 74 sa
1277 1379 148 74 force
1376 1379 99 74 et
1425 1379 99 74 sa
1458 1379 198 74 faiblesse.

269 1434 179 58 Qu’il
388 1434 238 58 proclame
567 1434 119 58 ou
627 1434 238 58 suggère,
805 1434 218 58 affirme
964 1434 119 58 ou
1024 1434 238 58 estompe,
1202 1434 199 58 domine
1341 1434 119 58 ou
1401 1434 258 58 subjugue,
1580 1434 79 58 le

234 1487 229 52 peintre
401 1487 188 52 vient
526 1487 104 52 à
547 1487 146 52 nous.

271 1507 226 73 Objectif
441 1507 113 73 ou
498 1507 132 73 non
573 1507 245 73 objectif?
762 1507 245 73 Désormais
950 1507 113 73 il
1007 1507 132 73 n’y
1082 1507 94 73 a
1120 1507 151 73 plus
1214 1507 189 73 aucune
1328 1507 226 73 objection.

206 1566 500 73 Carron
556 1566 649 73 Zucchelli
1005 1566 450 73 Godenne

206 1611 616 73 Padamsee
668 1611 565 73 Gasquet
1027 1611 360 73 Iscan

654 1689 305 71 GALERIE
876 1689 166 71 DE
931 1689 305 71 VENTADOUR

462 1732 120 81 9,
522 1732 140 81 rue
602 1732 140 81 des
682 1732 300 81 Beaux-Arts,
922 1732 180 81 Paris
1043 1732 160 81 (6e)
1143 1732 100 81 —
1183 1732 160 81 ODE.
1263 1732 160 81 00

535 1812 264 64 Exposition
743 1812 113 64 du
799 1812 94 64 6
837 1812 207 64 octobre
988 1812 113 64 au
1044 1812 94 64 6
1082 1812 226 64 novembre
1233 1812 132 64 1961.

472 1889 273 53 Vernissage
686 1889 117 53 le
745 1889 234 53 vendredi
920 1889 98 53 6
959 1889 215 53 octobre
1115 1889 117 53 de
1174 1889 117 53 17
1232 1889 98 53 h
1271 1889 98 53 à
1310 1889 117 53 21
1349 1889 78 53 h.

242 1912 142 72 Tous
331 1912 124 72 les
402 1912 178 72 jours,
527 1912 142 72 sauf
616 1912 107 72 le
669 1912 231 72 dimanche,
847 1912 107 72 de
900 1912 107 72 10
954 1912 89 72 h
989 1912 107 72 30
1043 1912 89 72 à
1078 1912 107 72 12
1131 1912 89 72 h
1167 1912 107 72 30
1220 1912 107 72 et
1274 1912 107 72 de
1327 1912 107 72 14
1380 1912 89 72 n
1416 1912 107 72 30
1469 1912 89 72 à
1505 1912 107 72 19
1558 1912 89 72 h
1576 1912 89 72 30.

1483 2080 113 58 147
