1715 2207
1025 10 396 76 GRANDE-
1307 10 396 76 BRETAGNE

322 439 238 80 Commissaire
513 439 191 80 Général:
656 439 191 80 Roger
783 439 175 80 Hinks

323 482 230 74 Directeur
500 482 106 74 du
553 482 195 74 British
695 482 195 74 Council
836 482 106 74 en
872 482 159 74 France.

164 777 331 76 L’Angleterre
433 777 227 76 partage
598 777 165 76 avec
702 777 124 76 le
764 777 269 76 continent
971 777 269 76 américain
1177 777 124 76 un
1239 777 207 76 commun
1363 777 207 76 langage,

-32 810 127 113 ce
31 810 148 113 qui
116 810 106 113 a
158 810 274 113 contribué
369 810 106 113 à
411 810 211 113 rendre
559 810 295 113 facilement
791 810 317 113 accessibles
1044 810 106 113 à
1087 810 148 113 nos
1171 810 211 113 jeunes
1319 810 253 113 peintres
1488 810 84 113 la

131 874 211 79 critique
290 874 105 79 et
342 874 158 79 l’art
448 874 264 79 américains.
658 874 105 79 Il
711 874 211 79 convient
869 874 105 79 de
922 874 193 79 définir
1063 874 141 79 avec
1150 874 141 79 soin
1238 874 105 79 la
1291 874 176 79 nature
1414 874 141 79 d’un
1484 874 88 79 tel

131 926 225 72 intérêt.
300 926 131 72 Les
375 926 188 72 jeunes
507 926 225 72 peintres
675 926 300 72 britanniques
919 926 281 72 considèrent
1144 926 113 72 la
1201 926 225 72 peinture
1351 926 225 72 américaine

131 983 160 70 d’un
231 983 181 70 point
352 983 120 70 de
412 983 140 70 vue
492 983 361 70 professionnel,
793 983 181 70 comme
913 983 120 70 un
973 983 341 70 développement
1254 983 120 70 de
1314 983 120 70 la
1354 983 221 70 tradition

132 1029 112 75 de
188 1029 112 75 la
245 1029 225 75 peinture
413 1029 225 75 moderne,
582 1029 169 75 telle
694 1029 206 75 qu’elle
844 1029 150 75 prit
938 1029 244 75 naissance
1125 1029 94 75 à
1163 1029 169 75 Paris
1275 1029 112 75 au
1331 1029 150 75 XIXe
1406 1029 169 75 siècle.

135 1080 171 65 Parmi
249 1080 133 65 les
325 1080 228 65 peintres
496 1080 114 65 de
553 1080 114 65 ce
610 1080 209 65 groupe,
762 1080 133 65 par
838 1080 228 65 exemple,
1008 1080 190 65 Harold
1141 1080 171 65 Cohen
1255 1080 114 65 et
1312 1080 209 65 Richard
1445 1080 133 65 Smith

133 1130 133 76 ont
209 1130 248 76 récemment
400 1130 248 76 travaillé
590 1130 95 76 à
628 1130 228 76 New-York
799 1130 114 76 en
856 1130 152 76 tant
952 1130 133 76 que
1028 1130 95 76 «
1066 1130 228 76 Harkness
1237 1130 209 76 Fellows
1390 1130 95 76 »
1409 1130 171 76 pendant

132 1203 175 54 deux
241 1203 218 54 années
372 1203 197 54 chacun.

177 1228 166 71 Grâce
287 1228 92 71 à
324 1228 240 71 l’exemple
509 1228 111 71 de
565 1228 166 71 l’art
675 1228 259 71 américain,
879 1228 129 71 les
953 1228 222 71 peintres
1119 1228 296 71 britanniques
1359 1228 111 71 de
1415 1228 166 71 moins
1507 1228 74 71 de

135 1276 268 70 trente-cinq
350 1276 125 70 ans
421 1276 125 70 ont
493 1276 179 70 renoué
618 1276 125 70 des
689 1276 232 70 relations
868 1276 250 70 confiantes
1065 1276 143 70 avec
1154 1276 125 70 les
1226 1276 250 70 traditions
1422 1276 107 70 de
1458 1276 125 70 l’art

138 1333 228 66 moderne,
309 1333 190 66 qu’ils
442 1333 285 66 n’acceptent
671 1333 171 66 point
785 1333 285 66 passivement
1013 1333 114 66 ni
1070 1333 114 66 ne
1127 1333 266 66 repoussent
1337 1333 152 66 avec
1413 1333 171 66 chauvi-

137 1381 210 71 nisme.
284 1381 252 71 Beaucoup
473 1381 126 71 de
536 1381 210 71 jeunes
683 1381 252 71 peintres
872 1381 231 71 anglais
1040 1381 273 71 admettent
1250 1381 126 71 la
1313 1381 273 71 dimension
1502 1381 84 71 de

140 1431 253 72 l’illusion
339 1431 108 72 et
393 1431 145 72 tout
483 1431 108 72 ce
538 1431 199 72 qu’elle
682 1431 217 72 implique
845 1431 108 72 en
899 1431 108 72 ce
953 1431 127 72 qui
1026 1431 217 72 concerne
1188 1431 127 72 les
1261 1431 181 72 images
1387 1431 108 72 de
1423 1431 163 72 lumière

139 1482 117 76 et
198 1482 254 76 d’espace,
394 1482 156 76 mais
492 1482 156 76 sans
589 1482 196 76 donner
726 1482 98 76 à
765 1482 176 76 cette
883 1482 235 76 illusion
1059 1482 333 76 d’harmoniques
1313 1482 274 76 fantastiques

144 1537 107 68 ou
198 1537 285 68 paysagistes.
429 1537 285 68 C’est-à-dire
661 1537 178 68 qu’ils
785 1537 125 68 ont
857 1537 178 68 rejeté
981 1537 107 68 le
1035 1537 160 68 dogme
1142 1537 107 68 de
1195 1537 107 68 la
1249 1537 196 68 théorie
1373 1537 214 68 originelle

143 1586 110 62 de
198 1586 165 62 l’art
307 1586 220 62 abstrait
472 1586 256 62 concernant
673 1586 110 62 le
728 1586 238 62 caractère
911 1586 201 62 concret
1057 1586 110 62 de
1112 1586 183 62 l’art,
1240 1586 146 62 mais
1332 1586 146 62 sans
1405 1586 183 62 préférer

145 1632 141 80 pour
234 1632 176 80 autant
357 1632 159 80 l’art
463 1632 247 80 figuratif.
657 1632 106 80 Ce
710 1632 123 80 qui
780 1632 123 80 les
851 1632 247 80 intéresse,
1044 1632 159 80 c’est
1150 1632 106 80 un
1203 1632 176 80 espace
1309 1632 282 80 spécifiquement

144 1685 251 84 pictural.
336 1685 212 84 Bernard
491 1685 173 84 Cohen
606 1685 231 84 réprouve
780 1685 135 84 les
857 1685 308 84 compositions
1107 1685 328 84 asymétriques,
1358 1685 231 84 lesquelles

146 1740 148 66 sont
239 1740 222 66 devenues
406 1740 130 66 une
480 1740 241 66 condition
665 1740 204 66 absolue
814 1740 148 66 pour
906 1740 148 66 tant
999 1740 222 66 d’œuvres
1166 1740 167 66 d’art
1277 1740 222 66 abstrait
1425 1740 167 66 conven-

145 1793 228 66 tionnel.
316 1793 171 66 Quand
430 1793 133 66 une
506 1793 171 66 forme
621 1793 285 66 asymétrique
849 1793 114 66 se
906 1793 190 66 trouve
1039 1793 266 66 introduite
1249 1793 152 66 dans
1344 1793 114 66 sa
1382 1793 209 66 peinture,

147 1838 148 62 elle
240 1838 130 62 est
314 1838 222 62 contenue
481 1838 93 62 à
518 1838 278 62 l’intérieur
740 1838 167 62 d’une
851 1838 278 62 disposition
1073 1838 259 62 symétrique
1277 1838 241 62 dominante
1462 1838 93 62 à
1481 1838 111 62 quoi

144 1887 171 74 elle
250 1887 235 74 demeure
421 1887 341 74 subordonnée.
699 1887 235 74 Bernard
869 1887 192 74 Cohen
997 1887 171 74 crée
1104 1887 149 74 son
1189 1887 213 74 schéma
1339 1887 277 74 rigoureux
1531 1887 64 74 à

147 1938 195 77 l’aide
284 1938 117 77 de
343 1938 235 77 couleurs
519 1938 176 77 d’une
636 1938 235 77 vibrante
812 1938 254 77 ambiguité
1008 1938 137 77 qui
1086 1938 235 77 animent,
1262 1938 117 77 en
1320 1938 117 77 un
1379 1938 137 77 jeu
1438 1938 156 77 visuel

1414 2103 108 63 43
