1694 2207
1281 13 353 76 AUSTRALIE

314 441 284 84 Commissaires
545 441 231 84 Généraux:
722 441 195 84 Maya
864 441 177 84 Dyring
989 441 106 84 et
1042 441 160 84 Bryan
1131 441 248 84 Robertson

318 506 233 53 Directeur
497 506 108 53 de
551 506 108 53 la
605 506 269 53 Whitechapel
820 506 125 53 Art
892 506 197 53 Gallery
1035 506 90 53 à
1053 506 179 53 Londres.

153 767 113 87 La
210 767 207 87 brusque
360 767 263 87 apparition
567 767 169 87 d’une
680 767 169 87 école
793 767 301 87 australienne
1037 767 113 87 de
1094 767 226 87 peinture
1263 767 132 87 est
1338 767 150 87 l’un
1432 767 113 87 de
1470 767 94 87 ces

120 833 270 76 événements
332 833 135 76 qui
409 833 270 76 favorisent
621 833 135 76 les
698 833 173 76 arts,
813 833 116 76 en
871 833 135 76 les
948 833 231 76 libérant
1122 833 116 76 de
1180 833 116 76 la
1237 833 193 76 poigne
1372 833 116 76 de
1430 833 135 76 fer
1488 833 77 76 du

121 889 304 61 déterminisme
368 889 285 61 historique.
597 889 304 61 Aujourd’hui,
844 889 152 61 nous
939 889 285 61 l’admettons
1167 889 209 61 presque
1320 889 152 61 sans
1396 889 171 61 discus-

121 931 171 72 sion.
235 931 266 72 Cependant,
444 931 114 72 en
502 931 285 72 Angleterre,
730 931 114 72 il
787 931 95 72 y
825 931 95 72 a
863 931 95 72 à
901 931 171 72 peine
1015 931 114 72 un
1072 931 304 72 demi-siècle,
1320 931 228 72 affirmer
1472 931 95 72 que

123 978 268 71 l’Australie
337 978 161 71 était
444 978 125 71 sur
516 978 107 71 le
569 978 161 71 point
676 978 250 71 d’apporter
872 978 125 71 une
944 978 285 71 contribution
1176 978 268 71 entièrement
1372 978 196 71 originale

122 1032 95 68 à
160 1032 114 68 la
217 1032 229 68 peinture
389 1032 324 68 contemporaine
656 1032 172 68 était
770 1032 172 68 folie
885 1032 153 68 pour
980 1032 133 68 mes
1056 1032 172 68 amis;
1171 1032 114 68 et
1228 1032 172 68 s’ils
1342 1032 153 68 m’en
1418 1032 153 68 deman-

123 1091 198 60 daient
262 1091 139 60 les
341 1091 238 60 raisons,
519 1091 139 60 que
599 1091 277 60 pouvais-je
816 1091 257 60 répondre,
1014 1091 178 60 sinon
1133 1091 238 60 quelques
1312 1091 158 60 mots
1391 1091 178 60 confus:

124 1131 114 77 la
181 1131 228 77 lumière,
352 1131 133 77 les
429 1131 190 77 arbres
562 1131 171 77 morts
676 1131 248 77 blanchis,
867 1131 114 77 la
924 1131 267 77 prescience
1133 1131 152 77 d’un
1228 1131 171 77 mythe
1323 1131 248 77 australien.

161 1182 238 80 Différent
344 1182 128 80 des
417 1182 183 80 autres
546 1182 147 80 pays
638 1182 257 80 lointains,
839 1182 110 80 de
894 1182 128 80 par
968 1182 128 80 les
1041 1182 220 80 nouveaux
1206 1182 202 80 mondes,
1335 1182 238 80 l’Australie

127 1229 204 74 suscite
276 1229 111 74 la
331 1229 223 74 vocation
498 1229 111 74 du
554 1229 223 74 peintre.
721 1229 241 74 Pourtant,
906 1229 148 74 bien
999 1229 130 74 des
1073 1229 185 74 années
1203 1229 241 74 passèrent
1389 1229 167 74 avant
1481 1229 93 74 que

128 1284 123 68 les
199 1284 141 68 yeux
287 1284 106 68 de
340 1284 229 68 l’artiste
516 1284 106 68 ne
569 1284 106 68 la
622 1284 123 68 vit
692 1284 141 68 face
780 1284 88 68 à
815 1284 141 68 face
904 1284 106 68 et
956 1284 123 68 non
1027 1284 123 68 pas
1097 1284 88 68 à
1133 1284 194 68 travers
1274 1284 106 68 la
1326 1284 176 68 fluide
1432 1284 141 68 atmos-

129 1329 163 78 phère
237 1329 145 78 d’un
328 1329 235 78 Daubigny.
508 1329 126 78 Les
581 1329 181 78 belles
707 1329 199 78 vallées
851 1329 181 78 vertes
978 1329 108 78 de
1032 1329 271 78 l’Australie
1249 1329 108 78 ne
1303 1329 253 78 s’étendent
1484 1329 90 78 pas

130 1378 84 77 à
164 1378 218 77 l’infini,
332 1378 101 77 et
382 1378 134 77 tant
466 1378 201 77 qu’elles
617 1378 218 77 restèrent
785 1378 101 77 le
835 1378 151 77 sujet
935 1378 101 77 de
986 1378 101 77 la
1036 1378 201 77 peinture
1187 1378 285 77 australienne,
1422 1378 151 77 elles
1506 1378 67 77 en

130 1433 260 73 marquèrent
334 1433 241 73 également
520 1433 130 73 les
594 1433 223 73 limites.
761 1433 167 73 C’est
872 1433 241 73 seulement
1058 1433 167 73 quand
1169 1433 130 73 les
1243 1433 223 73 peintres
1392 1433 185 73 s’appro-

131 1482 215 75 prièrent
292 1482 107 75 la
346 1482 197 75 matière
489 1482 161 75 rude,
596 1482 250 75 solitaire,
793 1482 322 75 inhospitalière
1061 1482 107 75 de
1114 1482 143 75 leur
1204 1482 161 75 pays,
1311 1482 179 75 qu’ils
1418 1482 161 75 l’appa-

130 1533 265 72 rentèrent
334 1533 143 72 aux
415 1533 245 72 qualités
599 1533 265 72 héroïques
803 1533 122 72 du
864 1533 224 72 peuple.
1027 1533 143 72 Les
1109 1533 184 72 héros
1231 1533 143 72 des
1313 1533 184 72 sagas
1435 1533 122 72 et
1476 1533 102 72 des

129 1592 273 70 anciennes
339 1592 231 70 épopées
508 1592 168 70 sont
613 1592 168 70 plus
718 1592 294 70 farouches,
949 1592 168 70 plus
1054 1592 210 70 rusés,
1201 1592 189 70 moins
1307 1592 273 70 romanesques

129 1646 145 65 que
212 1646 145 65 les
295 1646 186 65 héros
419 1646 145 65 des
502 1646 228 65 marches
668 1646 166 65 vers
771 1646 249 65 l’ouest;
958 1646 124 65 et
1020 1646 124 65 le
1082 1646 228 65 western
1248 1646 166 65 sans
1351 1646 228 65 panache
1496 1646 83 65 de

133 1696 270 58 l’histoire
345 1696 290 58 d’Australie
577 1696 116 58 se
635 1696 212 58 changea
789 1696 116 58 en
847 1696 193 58 mythe,
982 1696 174 58 alors
1098 1696 135 58 que
1175 1696 135 58 ses
1253 1696 232 58 derniers
1407 1696 174 58 témoins

132 1737 322 70 survivaient.
393 1737 201 70 Ainsi,
534 1737 161 70 dans
634 1737 121 70 le
695 1737 221 70 paysage
855 1737 301 70 australien,
1097 1737 181 70 comme
1217 1737 161 70 dans
1318 1737 181 70 toute
1418 1737 161 70 grande

134 1797 235 64 peinture
311 1797 294 64 paysagiste,
546 1797 117 64 le
604 1797 176 64 décor
722 1797 137 64 est
800 1797 117 64 là
859 1797 176 64 comme
976 1797 176 64 toile
1094 1797 117 64 de
1152 1797 157 64 fond
1250 1797 176 64 d’une
1368 1797 215 64 légende
1505 1797 78 64 et

132 1850 227 69 symbole
297 1850 144 69 des
380 1850 227 69 valeurs
524 1850 227 69 humaines.

1272 1941 228 76 Kenneth
1417 1941 166 76 Clark.

1407 2097 100 86 11
