1818 2207
196 8 220 71 CHINE

496 431 222 75 Commissaire
674 431 163 75 Général
792 431 74 75 :
807 431 325 75 Pao

494 491 213 73 Directeur
657 491 98 73 du
706 491 147 73 Musée
805 491 196 73 National
936 491 196 73 d’Histoire

380 728 113 69 La
437 728 207 69 plupart
587 728 132 69 des
662 728 226 69 artistes
832 728 207 69 chinois
982 728 320 69 contemporains
1246 728 151 69 sont
1340 728 207 69 fidèles
1490 728 94 69 à
1528 728 113 69 la
1566 728 169 69 Culture

341 777 335 62 traditionnelle
620 777 112 62 de
676 777 112 62 la
732 777 186 62 Chine.
862 777 149 62 Tout
955 777 112 62 en
1011 777 223 62 adoptant
1178 777 112 62 la
1234 777 242 62 technique
1420 777 298 62 occidentale,
1643 777 93 62 ils

343 831 250 65 conservent
540 831 143 65 dans
629 831 143 65 leur
718 831 161 65 tracé
826 831 250 65 l’aisance,
1022 831 268 65 l’équilibre
1237 831 107 65 et
1290 831 107 65 la
1344 831 232 65 sveltesse
1523 831 125 65 qui
1594 831 143 65 sont
1666 831 71 65 le

345 883 170 63 propre
464 883 102 63 de
515 883 153 63 l’art
616 883 221 63 classique
786 883 204 63 chinois.
939 883 119 63 Ils
1007 883 187 63 aiment,
1142 883 187 63 certes,
1278 883 119 63 les
1346 883 237 63 contrastes
1532 883 204 63 violents
1668 883 68 63 de

340 935 252 60 couleurs,
534 935 155 60 mais
631 935 252 60 préfèrent
825 935 155 60 dans
922 935 272 60 l’ensemble
1136 935 272 60 l’harmonie
1350 935 117 60 et
1408 935 117 60 la
1466 935 233 60 sobriété
1621 935 117 60 pour

339 974 230 71 exprimer
512 974 134 71 une
588 974 192 71 beauté
704 974 326 71 indéfinissable.

376 1028 184 74 Depuis
504 1028 184 74 qu’ils
633 1028 129 74 ont
706 1028 239 74 découvert
890 1028 110 74 la
945 1028 220 74 peinture
1110 1028 294 74 occidentale,
1349 1028 129 74 les
1423 1028 220 74 peintres
1570 1028 165 74 chinois

337 1081 256 56 subissent
534 1081 138 56 son
613 1081 256 56 influence
810 1081 118 56 et
869 1081 217 56 suivent
1027 1081 138 56 son
1106 1081 276 56 évolution:
1303 1081 433 56 Néo

339 1122 239 66 Fauvisme,
523 1122 258 66 Cubisme...
725 1122 147 66 Chez
817 1122 166 66 nous,
928 1122 295 66 aujourd’hui,
1167 1122 221 66 beaucoup
1333 1122 110 66 de
1388 1122 184 66 jeunes
1499 1122 239 66 s’efforcent

336 1181 111 66 de
391 1181 221 66 chercher
557 1181 166 66 leurs
667 1181 184 66 moyens
796 1181 295 66 d’expression
1036 1181 147 66 dans
1128 1181 111 66 le
1183 1181 166 66 style
1294 1181 240 66 abstrait.
1478 1181 147 66 Leur
1552 1181 184 66 ambition

336 1229 124 78 est
407 1229 106 78 de
460 1229 213 78 traduire
620 1229 106 78 la
673 1229 177 78 pensée
797 1229 319 78 traditionnelle
1063 1229 89 78 —
1099 1229 231 78 humanisme
1276 1229 195 78 chinois
1418 1229 89 78 —
1453 1229 142 78 dans
1542 1229 124 78 les
1595 1229 142 78 formes

337 1286 258 61 nouvelles.
539 1286 166 61 C’est
650 1286 110 61 là
705 1286 110 61 la
760 1286 258 61 principale
963 1286 350 61 caractéristique
1257 1286 110 61 de
1312 1286 110 61 la
1368 1286 221 61 peinture
1533 1286 203 61 moderne
1662 1286 74 61 en

313 1324 164 69 Chine.

373 2104 102 48 28
