1886 2197
1193 17 421 62 MANIFESTATIONS
1534 17 260 62 ANNEXES

267 490 106 82 De
320 490 246 82 nombreuses
514 490 317 82 manifestations
778 490 193 82 annexes
918 490 176 82 auront
1041 490 141 82 lieu
1129 490 88 82 à
1164 490 264 82 l’intérieur
1376 490 106 82 de
1428 490 106 82 la
1464 490 193 82 Biennale,

228 544 239 64 apportant
411 544 128 64 une
485 544 165 64 large
595 544 275 64 information
815 544 110 64 et
870 544 202 64 ouvrant
1017 544 128 64 des
1090 544 184 64 débats
1219 544 128 64 sur
1292 544 110 64 le
1347 544 184 64 cinéma
1475 544 110 64 et
1512 544 147 64 l’art,

228 582 112 66 la
284 582 223 66 musique,
452 582 112 66 la
508 582 205 66 poésie,
657 582 149 66 etc.
750 582 130 66 Ces
824 582 335 66 manifestations
1103 582 186 66 auront
1234 582 149 66 lieu
1327 582 149 66 tous
1420 582 130 66 les
1494 582 168 66 jours
1588 582 74 66 de

229 614 115 98 12
286 614 192 98 heures
421 614 96 98 à
459 614 115 98 20
517 614 211 98 heures,
670 614 115 98 et
728 614 134 98 les
805 614 192 98 lundis
939 614 115 98 et
996 614 249 98 mercredis
1188 614 211 98 jusqu’à
1342 614 115 98 23
1380 614 173 98 heures.

223 744 262 66 Concerts:

270 747 132 103 Les
346 747 358 103 enregistrements
647 747 132 103 des
723 747 189 103 œuvres
855 747 245 103 musicales
1044 747 264 103 étrangères
1251 747 113 103 et
1308 747 283 103 françaises,
1515 747 151 103 sélec-

229 809 243 75 tionnées
411 809 162 75 pour
512 809 121 75 la
572 809 263 75 Biennale,
775 809 121 75 et
835 809 162 75 dues
936 809 101 75 à
977 809 142 75 des
1058 809 323 75 compositeurs
1320 809 162 75 âgés
1421 809 121 75 de
1482 809 182 75 moins
1583 809 81 75 de

233 848 291 76 trente-cinq
465 848 155 76 ans,
562 848 194 76 seront
698 848 252 76 présentés
891 848 155 76 tous
988 848 136 76 les
1066 848 194 76 jours,
1201 848 155 76 dans
1298 848 310 76 l’auditorium
1550 848 116 76 de
1589 848 77 76 la

235 916 238 49 Biennale
414 916 179 49 entre
533 916 119 49 12
593 916 199 49 heures
732 916 119 49 et
791 916 119 49 18
831 916 179 49 heures.

273 904 116 95 En
331 904 194 95 outre,
466 904 116 95 de
525 904 116 95 18
583 904 194 95 heures
718 904 97 95 à
757 904 116 95 20
815 904 213 95 heures,
970 904 136 95 des
1048 904 252 95 émissions
1242 904 252 95 musicales
1435 904 194 95 seront
1552 904 116 95 éga-

238 960 178 76 lement
363 960 250 76 organisées
559 960 107 76 et
613 960 286 76 enregistrées
845 960 125 76 par
916 960 125 76 les
988 960 161 76 soins
1095 960 107 76 de
1148 960 107 76 la
1202 960 321 76 Radiodiffusion
1452 960 214 76 Télévision

238 1000 255 80 Française
435 1000 118 80 et
493 1000 333 80 constitueront
768 1000 137 80 une
846 1000 294 80 information
1082 1000 353 80 complémentaire
1376 1000 137 80 sur
1454 1000 137 80 les
1513 1000 157 80 jeunes

238 1055 309 59 compositeurs
489 1055 251 59 étrangers
682 1055 116 59 et
721 1055 212 59 français.

276 1069 132 87 Ces
352 1069 207 87 séances
502 1069 264 87 montreront
710 1069 132 87 les
785 1069 189 87 formes
917 1069 132 87 les
993 1069 151 87 plus
1087 1069 226 87 diverses
1257 1069 113 87 de
1314 1069 113 87 la
1370 1069 207 87 musique
1502 1069 170 87 jusques

239 1131 115 66 et
296 1131 96 66 y
335 1131 211 66 compris
489 1131 115 66 le
546 1131 154 66 jazz
642 1131 115 66 et
700 1131 115 66 la
758 1131 173 66 jeune
854 1131 192 66 chanson.

233 1249 308 62 Projections:

282 1270 106 89 La
335 1270 247 89 projection
529 1270 106 89 de
582 1270 159 89 films
688 1270 123 89 sur
759 1270 176 89 l’art,
882 1270 212 89 réalisés
1041 1270 123 89 par
1111 1270 123 89 des
1182 1270 194 89 auteurs
1323 1270 106 89 de
1376 1270 159 89 moins
1482 1270 106 89 de
1517 1270 159 89 trente-

244 1323 153 79 cinq
340 1323 153 79 ans,
436 1323 153 79 aura
532 1323 153 79 lieu
628 1323 249 79 également
819 1323 153 79 dans
915 1323 115 79 le
973 1323 173 79 cadre
1088 1323 115 79 de
1146 1323 115 79 la
1184 1323 211 79 Biennale.

282 1346 132 80 Une
358 1346 188 80 soirée
489 1346 151 80 sera
584 1346 113 80 en
640 1346 170 80 outre
753 1346 226 80 réservée
923 1346 113 80 au
980 1346 207 80 Service
1130 1346 113 80 de
1187 1346 113 80 la
1243 1346 245 80 Recherche
1432 1346 113 80 de
1489 1346 113 80 la
1526 1346 151 80 Radio-

244 1398 246 78 diffusion
433 1398 265 78 Télévision
641 1398 246 78 Française
830 1398 151 78 sous
924 1398 113 78 la
981 1398 246 78 direction
1170 1398 113 78 de
1227 1398 189 78 Pierre
1340 1398 227 78 Schaeffer.

242 1526 213 66 Poésie:

288 1554 239 90 Plusieurs
471 1554 239 90 émissions
655 1554 239 90 publiques
838 1554 183 90 seront
966 1554 257 90 consacrées
1168 1554 92 90 à
1205 1554 110 90 la
1260 1554 165 90 jeune
1370 1554 183 90 poésie
1480 1554 202 90 étrangère

249 1625 119 64 et
289 1625 237 64 française.

259 1716 228 81 Colloques
430 1716 100 81 :

293 1743 115 88 La
350 1743 230 88 Biennale
522 1743 134 88 n’a
599 1743 134 88 pas
675 1743 249 88 seulement
867 1743 153 88 pour
962 1743 134 88 but
1039 1743 115 88 de
1096 1743 268 88 confronter
1307 1743 134 88 des
1383 1743 210 88 œuvres,
1536 1743 153 88 elle
1613 1743 77 88 se

257 1799 202 79 propose
403 1799 239 79 également
587 1799 110 79 de
642 1799 184 79 réunir
770 1799 128 79 des
844 1799 220 79 artistes
1009 1799 110 79 de
1064 1799 147 79 tous
1156 1799 165 79 pays,
1266 1799 147 79 afin
1358 1799 128 79 que
1431 1799 110 79 de
1468 1799 220 79 véritables

256 1829 221 86 échanges
421 1829 202 86 d’idées
568 1829 221 86 puissent
734 1829 184 86 naître
862 1829 92 86 à
899 1829 166 86 cette
1010 1829 239 86 occasion.
1193 1829 92 86 A
1230 1829 110 86 ce
1285 1829 202 86 propos,
1433 1829 129 86 des
1488 1829 202 86 colloques

257 1870 191 83 seront
391 1870 248 83 organisés
582 1870 134 83 qui
658 1870 191 83 auront
792 1870 153 83 lieu
887 1870 153 83 tous
982 1870 134 83 les
1059 1870 191 83 lundis
1193 1870 115 83 de
1250 1870 115 83 21
1307 1870 191 83 heures
1441 1870 95 83 à
1479 1870 115 83 23
1517 1870 172 83 heures.

295 1903 162 79 Pour
396 1903 122 79 le
457 1903 263 79 programme
659 1903 223 79 complet
821 1903 122 79 de
882 1903 203 79 toutes
1024 1903 142 79 ces
1105 1903 385 79 manifestations,
1429 1903 263 79 consulter
1611 1903 81 79 le

258 1967 283 61 calendrier
480 1967 121 61 de
541 1967 121 61 la
581 1967 222 61 Biennale.

1513 2097 105 52 141
