1818 2197
225 35 498 79 YOUGOSLAVIE

596 468 237 57 Commissaire
786 468 174 57 Général
913 468 79 57 :
944 468 237 57 Katarina
1118 468 222 57 Ambrosic

596 476 209 116 Critique
752 476 174 116 d’Art,
874 476 278 116 Conservateur
1100 476 104 116 du
1152 476 157 116 Musée
1256 476 209 116 National
1413 476 104 116 de
1448 476 191 116 Belgrade.

441 792 161 74 C’est
549 792 143 74 avec
638 792 197 74 plaisir
782 792 90 74 —
818 792 161 74 mieux
925 792 90 74 —
961 792 143 74 avec
1051 792 126 74 une
1123 792 143 74 joie
1212 792 215 74 sincère,
1374 792 126 74 que
1445 792 143 74 nous
1535 792 197 74 prenons
1660 792 126 74 part,

407 839 92 63 à
443 839 221 63 nouveau,
609 839 92 63 à
646 839 111 63 la
701 839 221 63 Biennale
867 839 111 63 de
922 839 184 63 Paris.
1051 839 111 63 La
1107 839 295 63 confirmation
1346 839 111 63 de
1401 839 166 63 notre
1512 839 239 63 sélection
1696 839 92 63 à
1714 839 74 63 la

409 886 224 68 première
577 886 261 68 exposition
782 886 149 68 nous
875 886 242 68 encourage
1062 886 93 68 à
1099 886 186 68 garder
1230 886 112 68 le
1286 886 149 68 même
1379 886 224 68 principe
1547 886 149 68 pour
1640 886 112 68 le
1677 886 112 68 choi

411 930 122 62 des
480 930 209 62 artistes
637 930 244 62 exposants,
829 930 279 62 c’est-à-dire
1056 930 227 62 continuer
1231 930 87 62 à
1266 930 209 62 montrer,
1423 930 87 62 à
1457 930 192 62 travers
1597 930 122 62 les
1649 930 140 62 diffé-

410 989 189 57 rentes
542 989 246 57 tendances
731 989 265 57 formelles,
939 989 132 57 une
1015 989 189 57 partie
1147 989 113 57 de
1204 989 265 57 l’éventail
1412 989 227 57 créateur
1582 989 132 57 des
1639 989 151 57 jeunes

410 1038 216 60 artistes
554 1038 252 60 yougoslaves.

441 1078 313 57 Profondément
696 1078 254 57 intéressé
891 1078 137 57 par
970 1078 137 57 les
1048 1078 274 57 recherches
1263 1078 137 57 sur
1341 1078 137 57 les
1419 1078 313 57 possibilités
1654 1078 137 57 d’une

411 1130 227 63 nouvelle
581 1130 170 63 forme
695 1130 265 63 plastique,
903 1130 170 63 Dusan
1016 1130 227 63 Dzamonja
1187 1130 95 63 a
1224 1130 189 63 trouvé
1357 1130 132 63 une
1433 1130 208 63 manière
1565 1130 227 63 absolument

411 1168 246 57 originale
600 1168 265 57 d’employer
809 1168 133 57 les
884 1168 170 57 clous
998 1168 208 57 formant
1149 1168 133 57 une
1225 1168 208 57 texture
1377 1168 265 57 métallique
1585 1168 114 57 où
1623 1168 170 57 miroite

411 1217 217 57 souvent
569 1217 118 57 un
628 1217 178 57 noyau
747 1217 118 57 en
806 1217 178 57 verre
924 1217 178 57 brut.
1043 1217 118 57 Ce
1102 1217 217 57 nouveau
1260 1217 158 57 mode
1359 1217 316 57 d’expression
1615 1217 99 57 a
1635 1217 158 57 permis

413 1266 90 57 à
449 1266 233 57 l’artiste
628 1266 108 57 de
682 1266 179 57 donner
808 1266 108 57 un
861 1266 179 57 nouvel
987 1266 161 57 essor
1095 1266 90 57 à
1130 1266 126 57 ses
1202 1266 251 57 inventions
1399 1266 108 57 de
1453 1266 179 57 formes
1561 1266 233 57 abstraites,

414 1317 113 51 se
471 1317 227 51 référant
641 1317 113 51 au
698 1317 170 51 monde
811 1317 132 51 des
887 1317 227 51 symboles
1057 1317 132 51 qui
1132 1317 321 51 accompagnent,
1397 1317 113 51 en
1454 1317 246 51 sourdine,
1624 1317 170 51 chacune

413 1369 115 55 de
470 1369 134 55 ses
547 1369 192 55 œuvres
682 1369 230 55 toujours
854 1369 230 55 marquées
1027 1369 134 55 par
1104 1369 115 55 un
1161 1369 192 55 accent
1296 1369 365 55 authentiquement
1584 1369 211 55 poétique.

447 1411 161 51 Dans
548 1411 121 51 sa
608 1411 262 51 peinture,
810 1411 181 51 comme
930 1411 161 51 dans
1031 1411 121 51 sa
1092 1411 242 51 gravure,
1273 1411 181 51 Janez
1394 1411 202 51 Bernik
1535 1411 121 51 se
1595 1411 202 51 montre
1716 1411 81 51 un

416 1462 266 45 explorateur
629 1462 142 45 bien
717 1462 213 45 curieux.
877 1462 89 45 A
912 1462 195 45 travers
1054 1462 124 45 une
1125 1462 248 45 expérience
1320 1462 266 45 sensorielle
1532 1462 106 45 de
1585 1462 106 45 la
1621 1462 177 45 matière,

417 1498 112 55 il
473 1498 187 55 semble
604 1498 243 55 entrevoir
790 1498 131 55 les
865 1498 224 55 mystères
1033 1498 131 55 des
1108 1498 187 55 mondes
1238 1498 243 55 inconnus,
1425 1498 149 55 leur
1518 1498 261 55 découvrant
1705 1498 93 55 une

418 1544 177 53 beauté
542 1544 266 53 singulière.
755 1544 124 53 Par
825 1544 106 53 sa
879 1544 248 53 conception
1073 1544 248 53 plastique,
1268 1544 177 53 Bernik
1392 1544 248 53 appartient
1587 1544 89 53 à
1622 1544 106 53 la
1657 1544 142 53 famile

419 1598 129 64 des
492 1598 221 64 peintres
658 1598 147 64 qui,
750 1598 110 64 en
805 1598 239 64 explorant
989 1598 110 64 la
1044 1598 239 64 structure
1228 1598 110 64 de
1284 1598 110 64 la
1339 1598 221 64 matière,
1505 1598 184 64 vivent
1633 1598 110 64 le
1670 1598 129 64 drame

422 1645 208 63 poétique
578 1645 104 63 de
630 1645 139 63 leur
716 1645 260 63 intégration
925 1645 87 63 à
959 1645 104 63 la
994 1645 156 63 nature.

452 1692 206 61 Pendant
602 1692 131 61 que
677 1692 187 61 Bernik
808 1692 150 61 erre
902 1692 94 61 à
939 1692 206 61 travers
1089 1692 131 61 les
1164 1692 206 61 visions
1313 1692 243 61 cosmiques
1501 1692 112 61 et
1538 1692 262 61 temporelles,

421 1737 166 64 Ljubo
531 1737 202 64 lvancic
678 1737 202 64 pénètre
826 1737 110 64 en
881 1737 239 64 lui-même.
1065 1737 110 64 Sa
1120 1737 221 64 peinture
1286 1737 129 64 est
1359 1737 110 64 un
1414 1737 239 64 monologue
1599 1737 184 64 intime
1709 1737 92 64 qui

421 1794 203 52 reflète
568 1794 111 52 un
623 1794 166 52 choc,
734 1794 221 52 sûrement
900 1794 276 52 douloureux,
1121 1794 203 52 produit
1268 1794 129 52 par
1342 1794 295 52 l’expérience
1582 1794 166 52 vécue
1692 1794 111 52 de
1729 1794 74 52 la

423 1832 212 64 Dalmatie
583 1832 106 64 de
636 1832 124 64 son
706 1832 195 64 enfance
848 1832 106 64 et
901 1832 106 64 de
954 1832 159 64 celle
1060 1832 159 64 qu’il
1166 1832 88 64 a
1202 1832 230 64 retrouvée
1378 1832 212 64 dévastée
1538 1832 124 64 par
1608 1832 106 64 la
1644 1832 159 64 guerre.

456 1881 154 57 C’est
558 1881 154 57 cette
661 1881 205 57 dernière
815 1881 154 57 qu’il
917 1881 154 57 peint
1019 1881 102 57 et
1071 1881 102 57 il
1122 1881 171 57 peuple
1241 1881 120 57 son
1310 1881 171 57 désert
1429 1881 154 57 aride
1532 1881 137 57 avec
1617 1881 120 57 des
1668 1881 137 57 souve-

423 1920 168 56 nirs,
535 1920 224 56 toujours
703 1920 243 56 présents,
890 1920 112 56 du
946 1920 168 56 temps
1058 1920 131 56 où,
1133 1920 93 56 à
1170 1920 205 56 travers
1320 1920 131 56 les
1394 1920 261 56 persiennes
1600 1920 205 56 closes,
1730 1920 75 56 un

424 1977 163 49 rayon
533 1977 109 49 de
587 1977 181 49 soleil
714 1977 181 49 jouait
840 1977 145 49 avec
931 1977 127 49 les
1004 1977 181 49 objets
1130 1977 109 49 de
1185 1977 109 49 sa
1239 1977 199 49 chambre
1366 1977 199 49 d’enfant.

472 2138 107 49 118
