1818 2207
237 10 312 65 ISLANDE

588 365 211 78 Commissaire
757 365 155 78 Général
870 365 70 78 :
898 365 183 78 Birgir
1025 365 169 78 Mæller

584 430 249 41 Secrétaire
762 430 231 41 d’Ambassade

586 447 140 67 près
674 447 263 67 l’Ambassade
885 447 228 67 d’Islande
1060 447 88 67 à
1078 447 140 67 Paris.

430 696 216 62 D’aucune
592 696 180 62 nation
719 696 126 62 les
791 696 235 62 Islandais
971 696 108 62 ne
1025 696 216 62 reçurent
1188 696 180 62 autant
1314 696 108 62 de
1368 696 235 62 précieuse
1549 696 198 62 culture
1675 696 90 62 que

390 754 112 59 de
446 754 112 59 la
502 754 204 59 France.
651 754 149 59 Dans
744 754 130 59 les
818 754 167 59 sagas
929 754 149 59 bien
1022 754 223 59 connues,
1190 754 112 59 il
1246 754 93 59 y
1283 754 93 59 a
1320 754 130 59 des
1394 754 186 59 motifs
1524 754 149 59 dont
1617 754 112 59 on
1654 754 112 59 pett

391 795 232 52 retrouver
570 795 232 52 l’origine
748 795 143 52 chez
837 795 125 52 les
909 795 285 52 troubadours.
1141 795 232 52 Certaines
1319 795 214 52 ballades
1480 795 125 52 que
1551 795 125 52 les
1604 795 161 52 paysans

391 835 227 67 islandais
565 835 244 67 chantaient
757 835 105 67 et
809 835 227 67 dansaient
983 835 122 67 aux
1053 835 139 67 XIVe
1140 835 105 67 et
1193 835 122 67 XVe
1262 835 192 67 siècles
1402 835 139 67 sont
1489 835 122 67 des
1541 835 227 67 adaptations

388 881 115 62 de
445 881 230 62 chansons
618 881 211 62 d’amour
771 881 287 62 françaises.
1000 881 115 62 La
1058 881 172 62 lutte
1173 881 268 62 islandaise
1383 881 153 62 pour
1479 881 115 62 la
1536 881 230 62 liberté,
1689 881 77 62 au

388 929 138 60 XIXe
474 929 190 60 siècle,
612 929 155 60 était
716 929 190 60 allumée
854 929 121 60 aux
923 929 138 60 feux
1009 929 104 60 de
1061 929 104 60 la
1112 929 242 60 révolution
1302 929 224 60 française
1475 929 104 60 et
1526 929 104 60 du
1561 929 207 60 romantisme

386 979 219 63 français;
555 979 101 63 et
605 979 185 63 lorsque
740 979 152 63 l’art
841 979 219 63 islandais
1010 979 101 63 de
1060 979 101 63 la
1111 979 202 63 peinture
1262 979 219 63 s’éveilla
1431 979 101 63 de
1482 979 152 63 longs
1583 979 185 63 siècles
1701 979 67 63 de

387 1018 212 64 sommeil,
547 1018 106 64 ce
600 1018 177 64 furent
724 1018 124 64 les
794 1018 354 64 impressionnistes
1095 1018 212 64 français
1255 1018 124 64 qui
1325 1018 124 64 lui
1396 1018 230 64 donnèrent
1573 1018 106 64 la
1609 1018 159 64 lumière

387 1063 259 74 directrice.
594 1063 190 74 Depuis,
732 1063 104 74 la
784 1063 207 74 peinture
939 1063 224 74 française
1112 1063 86 74 a
1146 1063 121 74 été
1215 1063 121 74 une
1285 1063 173 74 source
1405 1063 224 74 constante
1578 1063 86 74 :
1595 1063 173 74 Cézanne,

385 1109 224 87 Matisse,
554 1109 262 87 Grommaire,
759 1109 187 87 Lhote,
890 1109 206 87 Braque,
1040 1109 224 87 Deyrolle
1208 1109 150 87 sont
1302 1109 131 87 des
1376 1109 150 87 noms
1470 1109 131 87 qui
1545 1109 187 87 furent
1657 1109 112 87 pris

383 1163 112 61 en
439 1163 317 61 considération
701 1163 149 61 pour
794 1163 243 61 expliquer
981 1163 261 61 l’histoire
1186 1163 112 61 de
1242 1163 168 61 l’art
1335 1163 224 61 islandais.

420 1205 152 71 Même
515 1205 114 71 si
572 1205 171 71 aucun
686 1205 114 71 de
743 1205 133 71 ces
819 1205 190 71 jeunes
952 1205 152 71 gens
1047 1205 228 71 exposant
1219 1205 133 71 ici
1295 1205 133 71 n’a
1371 1205 190 71 étudié
1504 1205 114 71 la
1561 1205 228 71 peinture
1713 1205 57 71 à

387 1244 173 72 Paris,
508 1244 121 72 ils
577 1244 173 72 savent
698 1244 138 72 très
784 1244 138 72 bien
871 1244 138 72 quel
957 1244 156 72 grand
1061 1244 207 72 héritage
1217 1244 207 72 culturel
1372 1244 121 72 ils
1441 1244 121 72 ont
1511 1244 138 72 reçu
1597 1244 104 72 de
1632 1244 138 72 Paris.

384 1299 162 64 C’est
492 1299 144 64 dans
582 1299 126 64 cet
654 1299 144 64 état
745 1299 216 64 d’esprit
907 1299 180 64 qu’ils
1033 1299 198 64 offrent
1177 1299 252 64 humblement
1375 1299 162 64 leurs
1484 1299 198 64 travaux
1628 1299 90 64 à
1646 1299 126 64 cette

382 1342 235 63 citadelle
563 1342 109 63 de
599 1342 145 63 l’art.

417 1380 148 73 Mais
510 1380 167 73 leurs
621 1380 204 73 racines
770 1380 148 73 sont
862 1380 241 73 également
1047 1380 222 73 solides.
1214 1380 130 73 Ils
1288 1380 148 73 sont
1381 1380 204 73 enfants
1529 1380 167 73 d’une
1622 1380 148 73 nation

382 1447 128 69 qui
455 1447 91 69 a
491 1447 128 69 une
565 1447 183 69 grande
692 1447 201 69 culture
839 1447 238 69 ancienne,
1022 1447 165 69 aussi
1131 1447 146 69 bien
1223 1447 165 69 qu’un
1332 1447 183 69 regard
1460 1447 201 69 candide
1606 1447 165 69 vers.
1698 1447 73 69 le

383 1493 160 62 monde
490 1493 321 62 d’aujourd’hui.
757 1493 107 62 La
811 1493 196 62 lumière
953 1493 196 62 limpide
1096 1493 107 62 de
1149 1493 178 62 l’été,
1274 1493 160 62 ainsi
1381 1493 125 62 que
1452 1493 107 62 le
1506 1493 143 62 long
1595 1493 107 62 et
1630 1493 143 62 sombre

385 1534 171 67 hiver,
505 1534 120 67 les
573 1534 171 67 grands
693 1534 240 67 contrastes
882 1534 103 67 du
933 1534 189 67 paysage
1070 1534 103 67 où
1122 1534 120 67 les
1190 1534 206 67 glaciers
1345 1534 223 67 s’étirent
1516 1534 137 67 vers
1602 1534 120 67 les
1653 1534 120 67 laves

379 1578 113 67 et
436 1578 132 67 les
511 1578 207 67 sombres
662 1578 226 67 déserts.
832 1578 283 67 L’éducation
1058 1578 151 67 d’un
1153 1578 189 67 enfant
1285 1578 245 67 islandais
1473 1578 207 67 réclame
1605 1578 170 67 sérieux

380 1630 109 74 et
434 1630 254 74 principes;
634 1630 145 74 tout
724 1630 163 74 cela,
833 1630 163 74 ainsi
942 1630 127 74 que
1014 1630 145 74 bien
1105 1630 217 74 d’autres
1268 1630 181 74 choses
1395 1630 199 74 encore,
1539 1630 127 74 est
1612 1630 109 74 la
1648 1630 127 74 leçon

380 1670 134 64 que
456 1670 172 64 l’île
571 1670 134 64 des
647 1670 191 64 Sagas,
781 1670 153 64 dans
876 1670 115 64 le
934 1670 172 64 nord,
1048 1670 172 64 donne
1163 1670 95 64 à
1201 1670 134 64 ses
1277 1670 191 64 jeunes
1392 1670 210 64 artistes.

415 1725 170 71 Ainsi
529 1725 170 71 donc,
642 1725 151 71 nous
736 1725 227 71 espérons
907 1725 113 71 et
963 1725 151 71 nous
1058 1725 208 71 croyons
1209 1725 132 71 que
1285 1725 132 71 les
1360 1725 208 71 travaux
1511 1725 113 71 de
1568 1725 170 71 cette
1663 1725 113 71 très

381 1762 161 79 jeune
488 1762 250 79 génération
685 1762 107 79 ne
739 1762 143 79 sont
828 1762 125 79 pas
900 1762 107 79 le
953 1762 179 79 miroir
1079 1762 161 79 d’une
1186 1762 232 79 influence
1365 1762 232 79 étrangère
1526 1762 250 79 nourricière,

383 1812 132 77 mais
466 1812 99 77 un
516 1812 149 77 fruit
615 1812 116 77 qui
681 1812 83 77 a
715 1812 132 77 reçu
797 1812 99 77 sa
847 1812 149 77 saine
946 1812 232 77 nourriture
1128 1812 99 77 du
1178 1812 182 77 soleil.
1310 1812 149 77 C’est
1410 1812 132 77 avec
1493 1812 149 77 cette
1575 1812 199 77 conviction

381 1860 135 75 que
458 1860 155 75 nous
555 1860 155 75 nous
651 1860 270 75 permettons
864 1860 232 75 d’offrir
1037 1860 135 75 ces
1115 1860 251 75 peintures
1308 1860 116 75 au
1366 1860 193 75 peuple
1501 1860 116 75 de
1539 1860 155 75 Paris.

1368 1966 176 70 Bjôrn
1485 1966 137 70 Th.
1543 1966 234 70 Bjornsson,

425 2099 96 60 62
