1818 2207
210 -5 374 50 PAKISTAN

558 539 232 85 Commissaire
743 539 186 85 Général:
882 539 170 85 Syed
991 539 247 85 Waliullah.

394 898 109 95 Le
448 898 218 95 Pakistan
612 898 127 95 est
685 898 254 95 l’héritier
885 898 164 95 d’une
994 898 236 95 tradition
1175 898 254 95 culturelle
1375 898 164 95 qu’il
1484 898 145 95 doit
1557 898 200 95 notamment

355 948 97 62 à
393 948 116 62 la
452 948 233 62 peinture
607 948 194 62 mongole.

392 995 204 71 Celle-ci
545 995 102 71 se
596 995 256 71 distinguait
801 995 119 71 par
869 995 119 71 une
937 995 256 71 stylisation
1142 995 239 71 rigoureuse
1329 995 102 71 de
1380 995 102 71 la
1431 995 170 71 nature
1551 995 102 71 et
1602 995 102 71 un
1636 995 119 71 souci

356 1042 265 68 méticuleux
564 1042 114 68 du
621 1042 208 68 détail,
772 1042 132 68 qui
848 1042 132 68 ont
924 1042 189 68 trouvé
1056 1042 151 68 leur
1151 1042 341 68 épanouissement
1434 1042 151 68 dans
1529 1042 170 68 l’art
1642 1042 114 68 de
1680 1042 76 68 la

355 1088 258 77 miniature.
557 1088 148 77 Elle
650 1088 92 77 a
686 1088 203 77 inspiré
834 1088 295 77 quelques-uns
1074 1088 129 77 des
1147 1088 148 77 plus
1240 1088 184 77 grands
1369 1088 221 77 artistes
1516 1088 240 77 pakistanais

352 1142 324 69 contemporains;
622 1142 108 69 le
676 1142 144 69 plus
766 1142 270 69 remarquable
982 1142 198 69 d’entre
1126 1142 126 69 eux
1198 1142 162 69 étant
1306 1142 108 69 A.
1360 1142 108 69 R.
1414 1142 216 69 Chugtai,
1576 1142 126 69 qui
1630 1142 126 69 relie

350 1176 115 72 le
407 1176 230 72 Pakistan
580 1176 96 72 à
619 1176 134 72 son
695 1176 173 72 passé
791 1176 250 72 artistique.

385 1220 137 69 Les
464 1220 157 69 noms
562 1220 118 69 de
621 1220 176 69 Fyzee
738 1220 196 69 Rahmin
875 1220 118 69 et
934 1220 176 69 Ustad
1052 1220 176 69 Allah
1169 1220 137 69 Bux
1248 1220 235 69 méritent
1424 1220 255 69 également
1600 1220 157 69 d’être

348 1278 190 71 cités.
481 1278 114 71 Ce
538 1278 152 71 sont
634 1278 133 71 des
710 1278 228 71 artistes
881 1278 114 71 de
938 1278 209 71 qualité
1091 1278 133 71 qui
1167 1278 133 71 ont
1243 1278 133 71 été
1319 1278 152 71 tous
1414 1278 152 71 deux
1490 1278 267 71 profondément

348 1317 282 86 influencés
570 1317 141 86 par
650 1317 282 86 l’ancienne
872 1317 242 86 peinture
1033 1317 202 86 mongole.

384 1366 135 75 Les
461 1366 251 75 activités
654 1366 290 75 artistiques
887 1366 116 75 du
945 1366 232 75 Pakistan
1119 1366 329 75 d’aujourd’hui
1389 1366 116 75 se
1448 1366 271 75 présentent
1641 1366 116 75 sous

346 1412 117 63 un
405 1412 196 63 visage
542 1412 156 63 bien
620 1412 235 63 différent.

382 1453 136 82 Les
459 1453 232 82 peintres
633 1453 116 82 et
691 1453 271 82 sculpteurs
904 1453 116 82 de
962 1453 116 82 la
1020 1453 174 82 jeune
1137 1453 290 82 génération,
1369 1453 155 82 sans
1466 1453 290 82 méconnaître
1679 1453 77 82 la

347 1495 217 98 richesse
509 1495 108 98 de
564 1495 253 98 l’héritage
762 1495 217 98 culturel
925 1495 108 98 de
979 1495 144 98 leur
1069 1495 162 98 pays,
1177 1495 271 98 considèrent
1394 1495 162 98 qu’il
1502 1495 108 98 ne
1538 1495 217 98 correspond

345 1549 164 71 plus
447 1549 143 71 aux
529 1549 225 71 besoins
692 1549 307 71 esthétiques
917 1549 205 71 actuels.

381 1587 159 98 Parmi
487 1587 123 98 les
558 1587 211 98 peintres
716 1587 264 98 appartenant
928 1587 88 98 à
963 1587 159 98 cette
1069 1587 264 98 génération,
1280 1587 106 98 le
1333 1587 141 98 plus
1421 1587 194 98 célèbre
1562 1587 123 98 est
1615 1587 141 98 Zainul

343 1628 205 92 Abedin,
492 1628 149 92 dont
585 1628 130 92 une
660 1628 167 92 série
771 1628 279 92 d’esquisses
994 1628 112 92 au
1050 1628 205 92 pinceau
1199 1628 223 92 évoquant
1366 1628 112 92 la
1422 1628 186 92 famine
1552 1628 112 92 au
1590 1628 167 92 Bengale

342 1689 204 68 (1943)
484 1689 204 68 assura
627 1689 244 68 d’emblée
810 1689 122 68 la
851 1689 224 68 renommée.

376 1733 269 93 Toutefois,
587 1733 154 93 même
683 1733 154 93 dans
779 1733 134 93 ses
856 1733 211 93 œuvres,
1009 1733 288 93 l’influence
1240 1733 250 93 orientale
1432 1733 115 93 se
1489 1733 192 93 révèle
1624 1733 134 93 par
1681 1733 77 93 la

342 1778 181 64 pureté
469 1778 109 64 de
523 1778 109 64 la
559 1778 145 64 ligne.

379 1828 105 75 Il
431 1828 174 75 existe
553 1828 227 75 également
727 1828 139 75 dans
814 1828 105 75 le
867 1828 209 75 Pakistan
1024 1828 192 75 actuel,
1163 1828 105 75 un
1215 1828 209 75 puissant
1372 1828 192 75 courant
1512 1828 122 75 non
1564 1828 192 75 figuratif

341 1875 132 75 qui
417 1875 208 75 cherche
568 1875 94 75 à
606 1875 264 75 s’exprimer
813 1875 132 75 par
889 1875 113 75 la
946 1875 227 75 peinture
1116 1875 264 75 abstraite.
1323 1875 208 75 Zubaida
1475 1875 151 75 Agha
1569 1875 113 75 et
1607 1875 151 75 Shakir

340 1919 150 84 Ali,
434 1919 150 84 sont
528 1919 132 84 les
604 1919 320 84 représentants
867 1919 132 84 les
942 1919 169 84 mieux
1055 1919 188 84 connus
1187 1919 113 84 de
1243 1919 169 84 cette
1356 1919 226 84 nouvelle
1507 1919 150 84 école.
