1818 2197
232 8 375 73 ROUMANIE

594 417 241 85 Commissaire
787 417 177 85 Général
915 417 80 85 :
947 417 209 85 Mircea
1092 417 161 85 Deac

592 485 144 43 Chef
682 485 108 43 de
736 485 108 43 la
790 485 198 43 Section
935 485 108 43 de
989 485 108 43 la
1025 485 180 43 Critique

592 519 87 44 à
626 519 191 44 l’Union
765 519 122 44 des
835 519 139 44 Arts
921 519 243 44 Plastiques
1112 519 104 44 de
1147 519 191 44 Roumanie.

594 558 217 47 Directeur
761 558 184 47 adjoint
895 558 100 47 de
945 558 100 47 la
995 558 217 47 Direction
1162 558 117 47 des
1229 558 134 47 Arts
1296 558 200 47 Plastiques

590 588 107 62 au
644 588 231 62 Ministère
822 588 107 62 de
875 588 320 62 l’Enseignement
1142 588 107 62 et
1195 588 107 62 de
1249 588 107 62 la
1284 588 178 62 Culture.

434 872 116 62 La
492 872 174 62 jeune
608 872 270 62 génération
820 872 270 62 d’artistes
1033 872 116 62 de
1091 872 116 62 la
1148 872 270 62 République
1361 872 251 62 Populaire
1554 872 232 62 Roumaine
1709 872 77 62 se

399 920 238 65 distingue
582 920 128 65 par
655 920 110 65 le
709 920 201 65 sérieux
856 920 110 65 de
911 920 110 65 la
965 920 183 65 pensée
1093 920 238 65 plastique
1276 920 110 65 et
1331 920 311 65 l’originalité
1587 920 128 65 des
1642 920 146 65 moyens

397 973 315 52 d’expression.
657 973 111 52 De
713 973 222 52 nombreux
880 973 222 52 ouvrages
1046 973 111 52 de
1102 973 204 52 valeur,
1250 973 167 52 créés
1362 973 111 52 au
1417 973 167 52 cours
1528 973 130 52 des
1584 973 204 52 dernières

397 1025 202 51 années,
543 1025 147 51 font
635 1025 202 51 preuve,
781 1025 128 51 non
855 1025 238 51 seulement
1038 1025 110 51 de
1093 1025 128 51 son
1166 1025 202 51 talent,
1313 1025 147 51 mais
1404 1025 165 51 aussi
1514 1025 110 51 du
1569 1025 147 51 haut
1642 1025 147 51 niveau

395 1066 119 54 de
455 1066 119 54 sa
514 1066 297 54 préparation
732 1066 356 54 professionnelle.

434 1100 106 84 En
487 1100 176 84 effet,
610 1100 176 84 l’Etat
733 1100 176 84 assure
857 1100 123 84 aux
927 1100 176 84 jeunes
1050 1100 264 84 plasticiens
1261 1100 211 84 roumains
1420 1100 123 84 une
1490 1100 158 84 bonne
1578 1100 211 84 éducation,

397 1175 179 54 autant
522 1175 107 54 du
576 1175 161 54 point
683 1175 107 54 de
737 1175 125 54 vue
808 1175 232 54 théorique
987 1175 322 54 qu’artistique,
1255 1175 107 54 en
1309 1175 197 54 mettant
1451 1175 89 54 à
1487 1175 143 54 leur
1559 1175 232 54 disposition

395 1225 130 61 des
470 1225 186 61 écoles
600 1225 279 61 secondaires
824 1225 168 61 d’art
935 1225 112 61 et
991 1225 130 61 des
1066 1225 242 61 instituts
1252 1225 186 61 d’art.
1382 1225 112 61 Il
1438 1225 149 61 leur
1531 1225 168 61 donne
1643 1225 112 61 en
1680 1225 112 61 même

394 1280 168 52 temps
506 1280 112 52 la
562 1280 280 52 possibilité
786 1280 112 52 de
842 1280 112 52 se
898 1280 261 52 documenter
1103 1280 186 52 durant
1233 1280 112 52 de
1289 1280 224 52 nombreux
1457 1280 205 52 voyages
1587 1280 205 52 organisés

398 1320 134 61 dans
482 1320 101 61 le
533 1320 134 61 pays
617 1320 134 61 tout
701 1320 185 61 entier.
835 1320 185 61 D’autre
970 1320 151 61 part,
1070 1320 101 61 le
1121 1320 134 61 fait
1205 1320 118 61 que
1272 1320 151 61 c’est
1373 1320 185 61 l’Etat,
1507 1320 101 61 en
1558 1320 185 61 premier
1675 1320 118 61 lieu,

397 1377 124 50 qui
468 1377 212 50 s’occupe
627 1377 230 50 d’acheter
804 1377 124 50 les
875 1377 248 50 meilleures
1069 1377 177 50 œuvres
1193 1377 124 50 des
1264 1377 177 50 jeunes
1387 1377 212 50 artistes
1546 1377 106 50 et
1600 1377 106 50 de
1635 1377 159 50 diriger

395 1427 127 72 ces
468 1427 182 72 œuvres
595 1427 145 72 vers
686 1427 127 72 les
759 1427 218 72 nombreux
922 1427 182 72 musées
1049 1427 164 72 d’art
1159 1427 109 72 du
1213 1427 164 72 pays,
1322 1427 109 72 le
1377 1427 145 72 fait
1468 1427 127 72 que
1540 1427 145 72 l’on
1613 1427 182 72 organise

395 1474 131 69 des
470 1474 280 69 expositions
694 1474 299 69 personnelles
937 1474 112 69 et
993 1474 299 69 collectives,
1236 1474 131 69 que
1310 1474 131 69 les
1385 1474 243 69 meilleurs
1572 1474 205 69 d’entre
1703 1474 93 69 eux

397 1531 207 54 prennent
552 1531 138 54 part
638 1531 121 54 aux
707 1531 259 54 expositions
915 1531 224 54 annuelles
1087 1531 173 54 d’Etat
1208 1531 121 54 aux
1277 1531 155 54 côtés
1381 1531 121 54 des
1450 1531 207 54 artistes
1588 1531 207 54 consacrés,

397 1585 266 46 contribuent
610 1585 89 46 à
645 1585 159 46 faire
751 1585 230 46 connaître
928 1585 106 46 et
982 1585 230 46 apprécier
1159 1585 124 46 les
1229 1585 177 46 œuvres
1353 1585 124 46 des
1424 1585 177 46 jeunes
1548 1585 212 46 artistes
1690 1585 106 46 dans

398 1625 129 62 les
471 1625 166 62 rangs
582 1625 110 62 du
637 1625 203 62 public,
784 1625 221 62 toujours
950 1625 147 62 plus
1042 1625 239 62 nombreux,
1226 1625 129 62 des
1300 1625 184 62 musées
1429 1625 110 62 et
1484 1625 129 62 des
1539 1625 258 62 expositions.

437 1685 138 54 Deux
523 1685 293 54 constatations
764 1685 258 54 principales
971 1685 241 54 ressortent
1160 1685 241 54 clairement
1349 1685 103 54 de
1401 1685 189 54 l’étude
1539 1685 103 54 de
1590 1685 103 54 la
1625 1685 172 54 création

397 1748 126 61 des
469 1748 180 61 jeunes
595 1748 216 61 artistes
757 1748 234 61 roumains.
937 1748 108 61 En
991 1748 198 61 premier
1134 1748 162 61 lieu,
1242 1748 126 61 les
1314 1748 180 61 jeunes
1440 1748 216 61 artistes
1584 1748 216 61 continuent

396 1797 152 62 avec
491 1797 303 62 enthousiasme
737 1797 114 62 la
794 1797 246 62 tradition
983 1797 227 62 réaliste
1154 1797 114 62 de
1211 1797 171 62 l’art
1324 1797 246 62 classique
1514 1797 208 62 roumain
1665 1797 133 62 et,
1722 1797 76 62 en

397 1834 190 64 second
530 1834 171 64 lieu,
644 1834 209 64 ceux-ci
795 1834 247 64 cherchent
985 1834 95 64 à
1023 1834 190 64 donner
1156 1834 95 64 à
1194 1834 114 64 la
1251 1834 247 64 richesse,
1441 1834 114 64 au
1497 1834 209 64 contenu
1649 1834 114 64 de
1687 1834 114 64 leur

398 1883 160 87 œuvre
505 1883 266 87 étroitement
718 1883 142 87 liée
807 1883 89 87 à
842 1883 107 87 la
895 1883 142 87 vie,
984 1883 124 87 une
1055 1883 160 87 force
1162 1883 160 87 aussi
1268 1883 213 87 adéquate
1428 1883 124 87 que
1499 1883 231 87 possible,
1659 1883 142 87 origi-

402 1942 166 56 nale,
512 1942 166 56 selon
623 1942 110 56 la
678 1942 295 56 personnalité
917 1942 258 56 artistique
1120 1942 110 56 de
1175 1942 184 56 chacun
1304 1942 203 56 d’entre
1451 1942 147 56 eux.
1543 1942 110 56 En
1580 1942 221 56 repoussant

448 2077 108 81 100
