1704 2218
715 26 156 72 BOURSES
837 26 67 72 ET
859 26 178 72 RÉCOMPENSE

147 407 146 63 Pour
238 407 183 63 chaque
366 407 220 63 section,
531 407 110 63 un
586 407 146 63 jury
677 407 329 63 international,
952 407 201 63 composé
1098 407 110 63 de
1153 407 311 63 personnalités
1391 407 165 63 nommées

116 441 112 67 par
180 441 96 67 le
228 441 176 67 Conseil
356 441 336 67 d’Administration,
644 441 96 67 se
692 441 176 67 réunira
820 441 176 67 pendant
949 441 96 67 la
997 441 192 67 Biennale
1141 441 96 67 et
1189 441 224 67 attribuera
1365 441 112 67 des
1413 441 144 67 bourses

115 475 106 61 et
168 475 264 61 récompenses
379 475 229 61 destinées
555 475 123 61 aux
626 475 211 61 artistes
784 475 229 61 étrangers
960 475 106 61 et
1013 475 229 61 français.
1189 475 106 61 Ce
1241 475 141 61 jury
1329 475 141 61 sera
1400 475 158 61 composé

115 516 144 55 d’au
205 516 162 55 moins
313 516 144 55 deux
403 516 162 55 tiers
512 516 108 55 de
566 516 198 55 membres
710 516 252 55 étrangers.
908 516 126 55 Les
980 516 288 55 commissaires
1215 516 216 55 généraux
1377 516 108 55 de
1413 516 144 55 chaque

115 557 148 53 pays
207 557 111 53 ne
262 557 222 53 pourront
429 557 166 53 faire
539 557 185 53 partie
669 557 111 53 du
706 557 129 53 jury.

150 586 126 66 Les
222 586 199 66 bourses
367 586 235 66 destinées
547 586 126 66 aux
620 586 235 66 étrangers
800 586 181 66 seront
927 586 253 66 attribuées
1125 586 145 66 sans
1216 586 163 66 tenir
1324 586 181 66 compte
1433 586 126 66 d’une

119 622 243 62 répartition
313 622 113 62 par
378 622 259 62 nationalité;
588 622 97 62 il
637 622 113 62 n’y
701 622 129 62 aura
782 622 113 62 nul
847 622 259 62 inconvénient
1057 622 81 62 à
1090 622 97 62 ce
1138 622 162 62 qu’une
1252 622 129 62 même
1316 622 243 62 participation

116 672 237 48 étrangère
298 672 182 48 compte
425 672 237 48 plusieurs
589 672 200 48 lauréats.

154 690 115 75 Les
219 690 197 75 artistes
367 690 147 75 ayant
465 690 180 75 obtenu,
596 690 131 75 hors
678 690 98 75 de
727 690 98 75 la
776 690 213 75 Biennale,
940 690 115 75 des
1005 690 262 75 distinctions
1218 690 229 75 nationales
1398 690 98 75 ou
1431 690 131 75 inter-

120 730 232 64 nationales
303 730 100 64 ne
353 730 166 64 seront
469 730 116 64 pas
535 730 166 64 exclus
651 730 100 64 de
701 730 100 64 la
751 730 265 64 compétition.
967 730 232 64 Cependant,
1149 730 116 64 les
1216 730 199 64 artistes
1365 730 149 64 ayant
1448 730 116 64 béné-

116 772 161 59 ficié
223 772 107 59 de
277 772 197 59 bourses
420 772 107 59 ou
474 772 107 59 de
527 772 268 59 récompenses
742 772 89 59 à
778 772 107 59 la
831 772 250 59 précédente
1028 772 215 59 Biennale
1189 772 107 59 de
1242 772 161 59 Paris
1350 772 107 59 ne
1385 772 179 59 pourront

119 803 189 56 obtenir
256 803 120 56 une
325 803 172 56 bourse
445 803 103 56 ou
497 803 241 56 récompense
686 803 138 56 dans
772 803 103 56 la
824 803 138 56 même
910 803 241 56 technique.
1099 803 120 56 Les
1168 803 189 56 bourses
1305 803 138 56 sont
1374 803 189 56 accordées

120 837 119 59 aux
188 837 204 59 lauréats
341 837 221 59 étrangers
510 837 136 59 pour
595 837 136 59 leur
680 837 221 59 permettre
850 837 102 59 de
901 837 153 59 faire
1003 837 102 59 en
1054 837 170 59 France
1173 837 102 59 un
1223 837 170 59 séjour
1342 837 102 59 de
1376 837 187 59 plusieurs

122 870 153 63 mois.
224 870 102 63 Ce
275 870 170 63 séjour
394 870 170 63 pourra
513 870 136 63 être
598 870 204 63 effectué
751 870 102 63 en
802 870 119 63 une
869 870 102 63 ou
920 870 221 63 plusieurs
1090 870 153 63 fois.
1192 870 119 63 Les
1260 870 187 63 bourses
1379 870 187 63 resteront

121 904 201 58 valables
272 904 185 58 jusqu’à
407 904 302 58 l’inauguration
658 904 101 58 de
709 904 101 58 la
759 904 201 58 Biennale
910 904 218 58 suivante.
1078 904 151 58 Etant
1179 904 185 58 versées
1296 904 269 58 mensuellement,

122 937 146 58 elles
219 937 195 58 seraient
366 937 195 58 réduites
512 937 374 58 proportionnellement
837 937 81 58 à
870 937 98 58 la
919 937 146 58 durée
1016 937 98 58 du
1065 937 163 58 séjour
1179 937 98 58 si
1228 937 211 58 l’artiste
1390 937 98 58 ne
1423 937 146 58 pouvait

122 981 104 62 ou
174 981 104 62 ne
225 981 190 62 voulait
363 981 207 62 profiter
519 981 293 62 intégralement
760 981 104 62 de
812 981 104 62 la
864 981 155 62 durée
950 981 155 62 prévue.

156 1005 149 77 Après
256 1005 149 77 avoir
356 1005 116 77 été
422 1005 216 77 acceptées
588 1005 116 77 par
655 1005 100 77 la
704 1005 216 77 Biennale,
871 1005 100 77 un
920 1005 183 77 certain
1053 1005 166 77 nombre
1169 1005 100 77 de
1219 1005 183 77 bourses
1352 1005 100 77 ou
1402 1005 100 77 de
1435 1005 133 77 récom-

124 1050 168 67 penses
242 1050 202 67 offertes
393 1050 118 67 par
460 1050 118 67 des
527 1050 235 67 organismes
712 1050 218 67 officiels
880 1050 101 67 ou
931 1050 168 67 privés
1048 1050 202 67 pourront
1199 1050 134 67 être
1283 1050 218 67 décernées
1451 1050 118 67 par
1502 1050 67 67 le

125 1094 144 76 même
215 1094 144 76 jury
287 1094 287 76 international.

159 1118 119 72 Les
227 1118 221 72 décisions
397 1118 119 72 des
465 1118 153 72 jurys
566 1118 306 72 internationaux
821 1118 136 72 sont
906 1118 136 72 sans
991 1118 204 72 recours.
1144 1118 119 72 Les
1212 1118 153 72 jurys
1313 1118 119 72 ont
1381 1118 102 72 la
1415 1118 153 72 faculté

124 1161 101 60 de
175 1161 236 60 s’abstenir
360 1161 101 60 de
410 1161 236 60 distribuer
595 1161 118 60 les
663 1161 252 60 récompenses
864 1161 185 60 prêvues
999 1161 118 60 et,
1066 1161 135 60 dans
1150 1161 101 60 ce
1201 1161 135 60 cas,
1285 1161 185 60 peuvent
1403 1161 168 60 proposer

124 1199 123 62 que
195 1199 123 62 les
265 1199 176 62 sommes
389 1199 194 62 rendues
530 1199 159 62 ainsi
635 1199 264 62 disponibles
847 1199 176 62 soient
970 1199 229 62 utilisées
1146 1199 141 62 sous
1234 1199 123 62 une
1305 1199 159 62 autre
1410 1199 159 62 forme
1499 1199 70 62 au

126 1242 183 69 profit
254 1242 146 69 d’un
345 1242 110 69 ou
400 1242 238 69 plusieurs
583 1242 220 69 artistes
729 1242 220 69 exposants.

702 1324 142 69 Arts
792 1324 206 69 plastiques

127 1377 100 82 1°
177 1377 183 82 Bourses
310 1377 216 82 réservées
477 1377 116 82 aux
543 1377 200 82 artistes
693 1377 200 82 exposant
843 1377 133 82 dans
926 1377 116 82 les
993 1377 300 82 participations
1226 1377 216 82 étrangères.

376 1441 285 49 Peinture:
595 1441 109 49 6
617 1441 197 49 bourses

379 1471 264 49 Sculpture:
587 1471 94 49 2
605 1471 170 49 bourses

379 1513 252 47 Gravure:
568 1513 105 47 1
589 1513 168 47 bourse

382 1530 186 65 Dessin
512 1530 111 65 ou
568 1530 260 65 Aquarelle:
772 1530 93 65 1
791 1530 148 65 bourse

164 1554 194 79 Chacune
306 1554 106 79 de
358 1554 124 79 ces
429 1554 194 79 bourses
570 1554 124 79 est
641 1554 159 79 d’une
747 1554 176 79 valeur
870 1554 106 79 de
923 1554 124 79 800
994 1554 212 79 nouveaux
1153 1554 176 79 francs
1276 1554 124 79 par
1347 1554 141 79 mois
1435 1554 141 79 pour
1505 1554 71 79 un

132 1622 176 51 séjour
256 1622 211 51 effectif
414 1622 106 51 de
467 1622 141 51 cinq
555 1622 141 51 mois
643 1622 106 51 en
678 1622 158 51 France.

167 1629 176 84 L’Etat
291 1629 212 84 français
449 1629 106 84 se
502 1629 176 84 rendra
626 1629 106 84 en
679 1629 159 84 outre
785 1629 229 84 acquéreur
961 1629 212 84 d’œuvres
1120 1629 106 84 de
1172 1629 176 84 chacun
1296 1629 106 84 de
1349 1629 123 84 ces
1402 1629 176 84 lauréats

130 1684 199 66 jusqu’à
275 1684 272 66 concurrence
492 1684 163 66 d’une
601 1684 163 66 somme
710 1684 109 66 de
764 1684 91 66 1
800 1684 127 66 000
873 1684 217 66 nouveaux
1036 1684 181 66 francs
1162 1684 127 66 par
1217 1684 181 66 artiste.

132 1730 103 72 2°
183 1730 189 72 Bourses
320 1730 223 72 réservées
492 1730 120 72 aux
561 1730 206 72 artistes
715 1730 206 72 exposant
869 1730 137 72 dans
955 1730 103 72 la
1006 1730 292 72 participation
1229 1730 189 72 française

386 1774 244 49 Peinture:
574 1774 94 49 2
611 1774 206 49 bourses
761 1774 113 49 de
818 1774 94 49 2
855 1774 131 49 000
930 1774 225 49 nouveaux
1099 1774 188 49 francs
1211 1774 169 49 chacune

385 1805 263 55 Sculpture:
592 1805 94 55 2
629 1805 206 55 bourses
779 1805 113 55 de
835 1805 94 55 2
873 1805 131 55 000
948 1805 225 55 nouveaux
1117 1805 188 55 francs
1229 1805 169 55 chacune

387 1845 193 45 Gravure
528 1845 88 45 :
563 1845 88 45 1
598 1845 175 45 bourse
720 1845 105 45 de
773 1845 88 45 1
808 1845 123 45 000
878 1845 210 45 nouveaux
1018 1845 158 45 francs.

388 1865 185 70 Dessin
517 1865 111 70 ou
572 1865 259 70 Aquarelle:
775 1865 92 70 1
812 1865 185 70 bourse
942 1865 111 70 de
997 1865 92 70 1
1034 1865 129 70 000
1108 1865 222 70 nouveaux
1256 1865 166 70 francs.

173 1930 275 47 L’attribution
400 1930 113 47 des
464 1930 178 47 bourses
594 1930 211 47 n’empêche
756 1930 113 47 pas
821 1930 113 47 les
885 1930 194 47 lauréats
1031 1930 211 47 d’obtenir
1193 1930 130 47 l’un
1274 1930 113 47 des
1339 1930 130 47 prix
1404 1930 178 47 ci

137 1972 126 55 mis
209 1972 90 55 à
245 1972 108 55 la
299 1972 269 55 disposition
514 1972 108 55 de
568 1972 108 55 la
604 1972 197 55 Biennale:

1412 2100 100 55 XI
