1818 2197
800 155 155 68 C-
878 155 386 68 PROPOSITION
1161 155 283 68 PLASTIQUE

914 210 171 57 pour
1021 210 128 57 un
1085 210 171 57 lieu
1170 210 150 57 sacré

856 270 216 63 Atelier
1013 270 333 63 Henri-Georges
1268 270 118 63 ADAM

717 326 104 54 de
769 326 190 54 l’École
907 326 225 54 Nationale
1080 326 242 54 Supérieure
1270 326 121 54 des
1322 326 208 54 Beaux

457 362 127 79 Ces
529 362 200 79 formes,
675 362 109 79 en
729 362 236 79 apparence
911 362 327 79 dissemblables,
1183 362 109 79 se
1238 362 145 79 sont
1329 362 218 79 groupées
1492 362 109 79 en
1529 362 272 79 architecture,

421 421 204 75 laissant
574 421 170 75 surgir
694 421 119 75 aux
762 421 170 75 points
881 421 170 75 riches
1000 421 102 75 la
1051 421 204 75 peinture
1205 421 102 75 et
1256 421 102 75 la
1307 421 239 75 sculpture.
1494 421 153 75 Ceci,
1597 421 136 75 pour
1682 421 119 75 que
1733 421 68 75 le

420 476 269 63 spectateur,
636 476 180 63 invité
761 476 90 63 à
797 476 126 63 une
869 476 269 63 circulation
1085 476 251 63 intérieure
1282 476 233 63 provoquée
1462 476 126 63 par
1534 476 108 63 le
1570 476 233 63 dépaysement

418 536 246 60 poétique,
607 536 227 60 devienne
759 536 170 60 acteur.

490 584 282 67 Jocelyne
716 584 301 67 ANTOINE
960 584 131 67 née
1035 584 94 67 à
1072 584 150 67 Lyon
1166 584 113 67 en
1223 584 150 67 1936
1317 584 225 67 (peintre
1486 584 244 67 verrier),
1655 584 150 67 ateler

491 647 263 87 Francis
698 647 300 87 BURETTE
941 647 113 87 né
998 647 94 87 à
1035 647 300 87 Valenciennes
1279 647 113 87 en
1335 647 150 87 1930
1410 647 263 87 (sculpteur).

493 712 261 53 Bernard
698 712 317 53 COLLETTE
959 712 242 53 D.P.L.G.,
1146 712 112 53 né
1202 712 93 53 à
1239 712 224 53 Asnières
1407 712 112 53 en
1444 712 112 53 1932

490 761 261 40 Georges
695 761 261 40 DYENS
900 761 112 40 né
956 761 93 40 à
994 761 168 40 Tunis
1106 761 112 40 en
1161 761 149 40 1932
1236 761 261 40 (sculpteur).

491 795 306 45 Jacqueline
743 795 270 45 HUREAU
959 795 126 45 née
1031 795 90 45 à
1067 795 162 45 Paris
1176 795 108 45 en
1230 795 144 45 1935
1320 795 216 45 (peintre
1482 795 234 45 verrier),
1644 795 162 45 atelier

466 835 197 49 Aujame.

490 841 237 85 Janine
672 841 256 85 TASSY
873 841 128 85 née
946 841 91 85 à
983 841 219 85 Bordeaux
1147 841 110 85 en
1202 841 146 85 1931
1275 841 256 85 (sculpteur).

696 956 174 79 D-
783 956 290 79 ESPACE
986 956 232 79 POUR
1131 956 261 79 AUTRE
1276 956 203 79 CHOSE

456 1061 154 52 Dans
552 1061 116 52 le
610 1061 212 52 domaine
764 1061 135 52 des
842 1061 309 52 perspectives
1092 1061 251 52 inventées
1285 1061 212 52 surgira
1439 1061 251 52 peut-être
1632 1061 116 52 le
1671 1061 135 52 monde

419 1100 108 56 de
473 1100 198 56 demain,
617 1100 162 56 celui
725 1100 144 56 qui,
816 1100 144 56 dans
906 1100 126 56 les
978 1100 216 56 facettes
1140 1100 108 56 du
1194 1100 216 56 cristal,
1356 1100 216 56 opposait
1519 1100 162 56 comme
1627 1100 126 56 une
1681 1100 126 56 maté-

420 1154 265 71 rialisation
632 1154 106 71 de
668 1154 247 71 visionnaire.

489 1242 243 79 Michel
676 1242 318 79 ANDRAULT
938 1242 112 79 né
994 1242 93 79 à
1031 1242 243 79 Montrouge
1218 1242 112 79 en
1274 1242 150 79 1926
1349 1242 299 79 (architecte)*.

490 1319 282 44 Augustin
716 1319 320 44 CARDENAS
980 1319 113 44 né
1036 1319 94 44 à
1074 1319 151 44 Cuba
1168 1319 113 44 en
1224 1319 151 44 1927
1300 1319 264 44 (sculpteur).

492 1348 226 51 Pierre
665 1348 243 51 PARAT
856 1348 104 51 né
908 1348 87 51 à
943 1348 243 51 Versailles
1134 1348 104 51 en
1186 1348 139 51 1928
1256 1348 260 51 (architecte).

491 1386 231 55 Gérard
669 1386 266 55 SINGER
882 1386 106 55 né
935 1386 89 55 à
970 1386 160 55 Paris
1077 1386 106 55 en
1130 1386 142 55 1929
1201 1386 213 55 (peintre).

929 1446 161 62 E-
983 1446 321 62 AUDITORIUM

459 1503 125 58 Une
530 1503 160 58 salle
637 1503 107 58 de
690 1503 267 58 spectacles,
904 1503 107 58 de
957 1503 285 58 conférences,
1188 1503 231 58 doit-elle
1366 1503 142 58 être
1455 1503 107 58 un
1509 1503 142 58 lieu
1598 1503 178 58 neutre
1704 1503 107 58 pour

422 1560 160 39 mieux
529 1560 249 39 accueillir
725 1560 178 39 toutes
849 1560 125 39 les
920 1560 267 39 expériences
1134 1560 125 39 qui
1205 1560 89 39 y
1241 1560 214 39 seraient
1401 1560 196 39 faites?
1543 1560 231 39 L’extrême
1703 1560 107 39 neu-

420 1593 191 54 tralité
559 1593 156 54 n’est
663 1593 122 54 pas
732 1593 243 54 l’absence,
924 1593 104 54 et
976 1593 104 54 le
1028 1593 122 54 mur
1097 1593 104 54 nu
1150 1593 139 54 peut
1236 1593 139 54 être
1323 1593 104 54 le
1376 1593 139 54 plus
1462 1593 209 54 agressif
1619 1593 104 54 et
1671 1593 104 54 le
1706 1593 104 54 plus

420 1628 264 50 encombrant.
631 1628 281 50 L’essentiel,
860 1628 158 50 c’est
966 1628 106 50 de
1018 1628 158 50 créer
1124 1628 141 50 dans
1212 1628 106 50 la
1265 1628 158 50 salle
1370 1628 281 50 l’atmosphère
1599 1628 211 50 vivante,
1740 1628 70 50 où

424 1673 154 48 l’air
527 1673 171 48 vibre,
647 1673 103 48 où
698 1673 137 48 l’on
784 1673 137 48 peut
870 1673 206 48 attendre
1024 1673 137 48 plus
1110 1673 103 48 et
1161 1673 154 48 mieux
1247 1673 240 48 qu’ailleurs.

494 1724 269 53 François
709 1724 287 53 DUFRENE
942 1724 108 53 né
996 1724 90 53 à
1032 1724 161 53 Paris
1140 1724 108 53 en
1175 1724 126 53 1930.

495 1767 231 62 Pierre
673 1767 302 62 FAUCHEUX
922 1767 107 62 né
975 1767 89 62 à
1010 1767 160 62 Paris
1117 1767 107 62 en
1153 1767 124 62 1924.

492 1787 271 70 Raymond
705 1787 271 70 HAINS
918 1787 116 70 né
976 1787 97 70 à
1015 1787 310 70 Saint-Brieuc
1267 1787 116 70 en
1305 1787 136 70 1926.

492 1823 267 86 Jacques
702 1823 115 86 de
759 1823 115 86 la
817 1823 325 86 VILLEGLE
1084 1823 115 86 né
1141 1823 95 86 à
1179 1823 210 86 Quimper
1332 1823 115 86 en
1370 1823 134 86 1926.

472 2127 105 61 136
