<alto xmlns:xsi="http://www.w3.org/2001/XMLSchema-instance" xmlns="http://www.loc.gov/standards/alto/ns-v2#" xmlns:page="http://schema.primaresearch.org/PAGE/gts/pagecontent/2013-07-15" xsi:schemaLocation="http://www.loc.gov/standards/alto/ns-v2# http://www.loc.gov/standards/alto/alto.xsd">
  <Description>
    <MeasurementUnit>mm10</MeasurementUnit>
    <sourceImageInformation>
         <fileName>Cat_Paris_1961-0102.jpg</fileName>
      </sourceImageInformation>
    <OCRProcessing ID="IdOcr">
      <ocrProcessingStep>
        <processingDateTime>2020-11-16T10:45:55.799+01:00</processingDateTime>
        <processingSoftware>
               <softwareCreator>CONTRIBUTORS</softwareCreator>
               <softwareName>pdfalto</softwareName>
               <softwareVersion>0.1</softwareVersion>
            </processingSoftware>
      </ocrProcessingStep>
    </OCRProcessing>
  </Description>
  <Styles>
     <TextStyle ID="FONT0" FONTFAMILY="unknown" FONTSIZE="unknown" FONTSTYLE=""/>
     <TextStyle ID="FONT1" FONTFAMILY="unknown" FONTSIZE="unknown" FONTSTYLE="bold"/>
     <TextStyle ID="FONT2" FONTFAMILY="unknown" FONTSIZE="unknown" FONTSTYLE="italics"/>
</Styles>
  <Tags/>
  <Layout>
    <Page ID="Page1" PHYSICAL_IMG_NR="1" HEIGHT="2197" WIDTH="1833">
      <PrintSpace HEIGHT="2045" WIDTH="1833" VPOS="0" HPOS="0">
        <TextBlock ID="region_1593610864498_2109" HEIGHT="55" WIDTH="338" VPOS="16" HPOS="1400">
          <TextLine ID="line_1593610864632_2112" BASELINE="71" HEIGHT="55" WIDTH="338" VPOS="16" HPOS="1400">
            <String HEIGHT="55" WIDTH="383" VPOS="16" HPOS="1355" CONTENT="PAYS" ID="line_1593610864632_2112_1" STYLEREFS="FONT1"/>
          </TextLine>
        </TextBlock>
        <TextBlock ID="r_1_1" HEIGHT="43" WIDTH="766" VPOS="466" HPOS="388">
          <TextLine ID="tl_1" BASELINE="511" HEIGHT="82" WIDTH="784" VPOS="429" HPOS="379">
            <String HEIGHT="82" WIDTH="231" VPOS="429" HPOS="364" CONTENT="Commissaire" ID="tl_1_1" STYLEREFS="FONT0"/>
            <SP HEIGHT="82" WIDTH="15" VPOS="429" HPOS="594"/>
            <String HEIGHT="82" WIDTH="169" VPOS="429" HPOS="548" CONTENT="Général" ID="tl_1_2" STYLEREFS="FONT0"/>
            <SP HEIGHT="82" WIDTH="15" VPOS="429" HPOS="717"/>
            <String HEIGHT="82" WIDTH="77" VPOS="429" HPOS="671" CONTENT=":" ID="tl_1_3" STYLEREFS="FONT0"/>
            <SP HEIGHT="82" WIDTH="15" VPOS="429" HPOS="748"/>
            <String HEIGHT="82" WIDTH="154" VPOS="429" HPOS="702" CONTENT="Jan" ID="tl_1_4" STYLEREFS="FONT1"/>
            <SP HEIGHT="82" WIDTH="15" VPOS="429" HPOS="856"/>
            <String HEIGHT="82" WIDTH="108" VPOS="429" HPOS="809" CONTENT="Van" ID="tl_1_5" STYLEREFS="FONT1"/>
            <SP HEIGHT="82" WIDTH="15" VPOS="429" HPOS="917"/>
            <String HEIGHT="82" WIDTH="200" VPOS="429" HPOS="871" CONTENT="Heel" ID="tl_1_6" STYLEREFS="FONT1"/>
            <SP HEIGHT="82" WIDTH="15" VPOS="429" HPOS="1071"/>
            <String HEIGHT="82" WIDTH="154" VPOS="429" HPOS="1009" CONTENT="Peintre." ID="tl_1_7" STYLEREFS="FONT0"/>
          </TextLine>
        </TextBlock>
        <TextBlock ID="r_2_1" HEIGHT="153" WIDTH="1402" VPOS="744" HPOS="196">
          <TextLine ID="tl_2" BASELINE="801" HEIGHT="66" WIDTH="1385" VPOS="735" HPOS="220">
            <String HEIGHT="66" WIDTH="128" VPOS="735" HPOS="202" CONTENT="Les" ID="tl_2_1" STYLEREFS="FONT0"/>
            <SP HEIGHT="66" WIDTH="18" VPOS="735" HPOS="329"/>
            <String HEIGHT="66" WIDTH="182" VPOS="735" HPOS="275" CONTENT="œuvres" ID="tl_2_2" STYLEREFS="FONT0"/>
            <SP HEIGHT="66" WIDTH="18" VPOS="735" HPOS="457"/>
            <String HEIGHT="66" WIDTH="128" VPOS="735" HPOS="402" CONTENT="que" ID="tl_2_3" STYLEREFS="FONT0"/>
            <SP HEIGHT="66" WIDTH="18" VPOS="735" HPOS="530"/>
            <String HEIGHT="66" WIDTH="146" VPOS="735" HPOS="475" CONTENT="nous" ID="tl_2_4" STYLEREFS="FONT0"/>
            <SP HEIGHT="66" WIDTH="18" VPOS="735" HPOS="621"/>
            <String HEIGHT="66" WIDTH="255" VPOS="735" HPOS="566" CONTENT="présentons" ID="tl_2_5" STYLEREFS="FONT0"/>
            <SP HEIGHT="66" WIDTH="18" VPOS="735" HPOS="821"/>
            <String HEIGHT="66" WIDTH="164" VPOS="735" HPOS="767" CONTENT="cette" ID="tl_2_6" STYLEREFS="FONT0"/>
            <SP HEIGHT="66" WIDTH="18" VPOS="735" HPOS="931"/>
            <String HEIGHT="66" WIDTH="164" VPOS="735" HPOS="876" CONTENT="année" ID="tl_2_7" STYLEREFS="FONT0"/>
            <SP HEIGHT="66" WIDTH="18" VPOS="735" HPOS="1040"/>
            <String HEIGHT="66" WIDTH="91" VPOS="735" HPOS="985" CONTENT="à" ID="tl_2_8" STYLEREFS="FONT0"/>
            <SP HEIGHT="66" WIDTH="18" VPOS="735" HPOS="1077"/>
            <String HEIGHT="66" WIDTH="109" VPOS="735" HPOS="1022" CONTENT="la" ID="tl_2_9" STYLEREFS="FONT0"/>
            <SP HEIGHT="66" WIDTH="18" VPOS="735" HPOS="1131"/>
            <String HEIGHT="66" WIDTH="219" VPOS="735" HPOS="1077" CONTENT="Biennale" ID="tl_2_10" STYLEREFS="FONT0"/>
            <SP HEIGHT="66" WIDTH="18" VPOS="735" HPOS="1295"/>
            <String HEIGHT="66" WIDTH="109" VPOS="735" HPOS="1241" CONTENT="de" ID="tl_2_11" STYLEREFS="FONT0"/>
            <SP HEIGHT="66" WIDTH="18" VPOS="735" HPOS="1350"/>
            <String HEIGHT="66" WIDTH="164" VPOS="735" HPOS="1295" CONTENT="Paris" ID="tl_2_12" STYLEREFS="FONT0"/>
            <SP HEIGHT="66" WIDTH="18" VPOS="735" HPOS="1459"/>
            <String HEIGHT="66" WIDTH="219" VPOS="735" HPOS="1386" CONTENT="illustrent" ID="tl_2_13" STYLEREFS="FONT0"/>
          </TextLine>
          <TextLine ID="tl_3" BASELINE="864" HEIGHT="70" WIDTH="1418" VPOS="794" HPOS="187">
            <String HEIGHT="70" WIDTH="284" VPOS="794" HPOS="169" CONTENT="parfaitement" ID="tl_3_1" STYLEREFS="FONT0"/>
            <SP HEIGHT="70" WIDTH="18" VPOS="794" HPOS="453"/>
            <String HEIGHT="70" WIDTH="266" VPOS="794" HPOS="400" CONTENT="l’évolution" ID="tl_3_2" STYLEREFS="FONT0"/>
            <SP HEIGHT="70" WIDTH="18" VPOS="794" HPOS="666"/>
            <String HEIGHT="70" WIDTH="106" VPOS="794" HPOS="612" CONTENT="de" ID="tl_3_3" STYLEREFS="FONT0"/>
            <SP HEIGHT="70" WIDTH="18" VPOS="794" HPOS="719"/>
            <String HEIGHT="70" WIDTH="160" VPOS="794" HPOS="666" CONTENT="notre" ID="tl_3_4" STYLEREFS="FONT0"/>
            <SP HEIGHT="70" WIDTH="18" VPOS="794" HPOS="825"/>
            <String HEIGHT="70" WIDTH="124" VPOS="794" HPOS="772" CONTENT="art" ID="tl_3_5" STYLEREFS="FONT0"/>
            <SP HEIGHT="70" WIDTH="18" VPOS="794" HPOS="896"/>
            <String HEIGHT="70" WIDTH="301" VPOS="794" HPOS="843" CONTENT="contemporain," ID="tl_3_6" STYLEREFS="FONT0"/>
            <SP HEIGHT="70" WIDTH="18" VPOS="794" HPOS="1144"/>
            <String HEIGHT="70" WIDTH="248" VPOS="794" HPOS="1091" CONTENT="l’aventure" ID="tl_3_7" STYLEREFS="FONT0"/>
            <SP HEIGHT="70" WIDTH="18" VPOS="794" HPOS="1339"/>
            <String HEIGHT="70" WIDTH="106" VPOS="794" HPOS="1286" CONTENT="de" ID="tl_3_8" STYLEREFS="FONT0"/>
            <SP HEIGHT="70" WIDTH="18" VPOS="794" HPOS="1392"/>
            <String HEIGHT="70" WIDTH="160" VPOS="794" HPOS="1339" CONTENT="l’art" ID="tl_3_9" STYLEREFS="FONT0"/>
            <SP HEIGHT="70" WIDTH="18" VPOS="794" HPOS="1499"/>
            <String HEIGHT="70" WIDTH="177" VPOS="794" HPOS="1428" CONTENT="d’avant" SUBS_TYPE="HypPart1" SUBS_CONTENT="d’avantgarde" ID="tl_3_10" STYLEREFS="FONT0"/>
            <HYP CONTENT="-"/>
          </TextLine>
          <TextLine ID="tl_4" BASELINE="901" HEIGHT="57" WIDTH="371" VPOS="844" HPOS="186">
            <String HEIGHT="57" WIDTH="186" VPOS="844" HPOS="165" CONTENT="garde" SUBS_TYPE="HypPart2" SUBS_CONTENT="d’avantgarde" ID="tl_4_1" STYLEREFS="FONT0"/>
            <SP HEIGHT="57" WIDTH="21" VPOS="844" HPOS="351"/>
            <String HEIGHT="57" WIDTH="124" VPOS="844" HPOS="289" CONTENT="en" ID="tl_4_2" STYLEREFS="FONT0"/>
            <SP HEIGHT="57" WIDTH="21" VPOS="844" HPOS="413"/>
            <String HEIGHT="57" WIDTH="227" VPOS="844" HPOS="330" CONTENT="Hollande." ID="tl_4_3" STYLEREFS="FONT0"/>
          </TextLine>
        </TextBlock>
        <TextBlock ID="r_2_2" HEIGHT="146" WIDTH="1403" VPOS="882" HPOS="198">
          <TextLine ID="tl_5" BASELINE="952" HEIGHT="86" WIDTH="1387" VPOS="866" HPOS="221">
            <String HEIGHT="86" WIDTH="114" VPOS="866" HPOS="202" CONTENT="Il" ID="tl_5_1" STYLEREFS="FONT0"/>
            <SP HEIGHT="86" WIDTH="19" VPOS="866" HPOS="316"/>
            <String HEIGHT="86" WIDTH="152" VPOS="866" HPOS="259" CONTENT="faut" ID="tl_5_2" STYLEREFS="FONT0"/>
            <SP HEIGHT="86" WIDTH="19" VPOS="866" HPOS="411"/>
            <String HEIGHT="86" WIDTH="152" VPOS="866" HPOS="354" CONTENT="voir" ID="tl_5_3" STYLEREFS="FONT0"/>
            <SP HEIGHT="86" WIDTH="19" VPOS="866" HPOS="506"/>
            <String HEIGHT="86" WIDTH="152" VPOS="866" HPOS="449" CONTENT="chez" ID="tl_5_4" STYLEREFS="FONT0"/>
            <SP HEIGHT="86" WIDTH="19" VPOS="866" HPOS="601"/>
            <String HEIGHT="86" WIDTH="133" VPOS="866" HPOS="544" CONTENT="ces" ID="tl_5_5" STYLEREFS="FONT0"/>
            <SP HEIGHT="86" WIDTH="19" VPOS="866" HPOS="677"/>
            <String HEIGHT="86" WIDTH="190" VPOS="866" HPOS="620" CONTENT="jeunes" ID="tl_5_6" STYLEREFS="FONT0"/>
            <SP HEIGHT="86" WIDTH="19" VPOS="866" HPOS="810"/>
            <String HEIGHT="86" WIDTH="247" VPOS="866" HPOS="753" CONTENT="exposants" ID="tl_5_7" STYLEREFS="FONT0"/>
            <SP HEIGHT="86" WIDTH="19" VPOS="866" HPOS="1000"/>
            <String HEIGHT="86" WIDTH="133" VPOS="866" HPOS="943" CONTENT="une" ID="tl_5_8" STYLEREFS="FONT0"/>
            <SP HEIGHT="86" WIDTH="19" VPOS="866" HPOS="1076"/>
            <String HEIGHT="86" WIDTH="209" VPOS="866" HPOS="1019" CONTENT="volonté" ID="tl_5_9" STYLEREFS="FONT0"/>
            <SP HEIGHT="86" WIDTH="19" VPOS="866" HPOS="1228"/>
            <String HEIGHT="86" WIDTH="114" VPOS="866" HPOS="1171" CONTENT="de" ID="tl_5_10" STYLEREFS="FONT0"/>
            <SP HEIGHT="86" WIDTH="19" VPOS="866" HPOS="1285"/>
            <String HEIGHT="86" WIDTH="190" VPOS="866" HPOS="1228" CONTENT="rester" ID="tl_5_11" STYLEREFS="FONT0"/>
            <SP HEIGHT="86" WIDTH="19" VPOS="866" HPOS="1418"/>
            <String HEIGHT="86" WIDTH="209" VPOS="866" HPOS="1361" CONTENT="fidèles" ID="tl_5_12" STYLEREFS="FONT0"/>
            <SP HEIGHT="86" WIDTH="19" VPOS="866" HPOS="1570"/>
            <String HEIGHT="86" WIDTH="95" VPOS="866" HPOS="1513" CONTENT="à" ID="tl_5_13" STYLEREFS="FONT0"/>
            <SP HEIGHT="86" WIDTH="19" VPOS="866" HPOS="1608"/>
            <String HEIGHT="86" WIDTH="76" VPOS="866" HPOS="1532" CONTENT="la" ID="tl_5_14" STYLEREFS="FONT0"/>
          </TextLine>
          <TextLine ID="tl_6" BASELINE="996" HEIGHT="76" WIDTH="1417" VPOS="920" HPOS="190">
            <String HEIGHT="76" WIDTH="194" VPOS="920" HPOS="171" CONTENT="grande" ID="tl_6_1" STYLEREFS="FONT0"/>
            <SP HEIGHT="76" WIDTH="19" VPOS="920" HPOS="365"/>
            <String HEIGHT="76" WIDTH="252" VPOS="920" HPOS="306" CONTENT="tradition" ID="tl_6_2" STYLEREFS="FONT0"/>
            <SP HEIGHT="76" WIDTH="19" VPOS="920" HPOS="559"/>
            <String HEIGHT="76" WIDTH="116" VPOS="920" HPOS="501" CONTENT="de" ID="tl_6_3" STYLEREFS="FONT0"/>
            <SP HEIGHT="76" WIDTH="19" VPOS="920" HPOS="617"/>
            <String HEIGHT="76" WIDTH="116" VPOS="920" HPOS="559" CONTENT="la" ID="tl_6_4" STYLEREFS="FONT0"/>
            <SP HEIGHT="76" WIDTH="19" VPOS="920" HPOS="675"/>
            <String HEIGHT="76" WIDTH="233" VPOS="920" HPOS="617" CONTENT="peinture" ID="tl_6_5" STYLEREFS="FONT0"/>
            <SP HEIGHT="76" WIDTH="19" VPOS="920" HPOS="850"/>
            <String HEIGHT="76" WIDTH="311" VPOS="920" HPOS="792" CONTENT="hollandaise," ID="tl_6_6" STYLEREFS="FONT0"/>
            <SP HEIGHT="76" WIDTH="19" VPOS="920" HPOS="1102"/>
            <String HEIGHT="76" WIDTH="97" VPOS="920" HPOS="1044" CONTENT="à" ID="tl_6_7" STYLEREFS="FONT0"/>
            <SP HEIGHT="76" WIDTH="19" VPOS="920" HPOS="1141"/>
            <String HEIGHT="76" WIDTH="136" VPOS="920" HPOS="1083" CONTENT="ses" ID="tl_6_8" STYLEREFS="FONT0"/>
            <SP HEIGHT="76" WIDTH="19" VPOS="920" HPOS="1219"/>
            <String HEIGHT="76" WIDTH="233" VPOS="920" HPOS="1161" CONTENT="qualités" ID="tl_6_9" STYLEREFS="FONT0"/>
            <SP HEIGHT="76" WIDTH="19" VPOS="920" HPOS="1393"/>
            <String HEIGHT="76" WIDTH="291" VPOS="920" HPOS="1316" CONTENT="fondamentales" ID="tl_6_10" STYLEREFS="FONT0"/>
          </TextLine>
          <TextLine ID="tl_7" BASELINE="1037" HEIGHT="61" WIDTH="414" VPOS="976" HPOS="190">
            <String HEIGHT="61" WIDTH="217" VPOS="976" HPOS="170" CONTENT="d’ordre" ID="tl_7_1" STYLEREFS="FONT0"/>
            <SP HEIGHT="61" WIDTH="20" VPOS="976" HPOS="387"/>
            <String HEIGHT="61" WIDTH="118" VPOS="976" HPOS="328" CONTENT="et" ID="tl_7_2" STYLEREFS="FONT0"/>
            <SP HEIGHT="61" WIDTH="20" VPOS="976" HPOS="446"/>
            <String HEIGHT="61" WIDTH="118" VPOS="976" HPOS="387" CONTENT="de" ID="tl_7_3" STYLEREFS="FONT0"/>
            <SP HEIGHT="61" WIDTH="20" VPOS="976" HPOS="505"/>
            <String HEIGHT="61" WIDTH="177" VPOS="976" HPOS="427" CONTENT="mesure." ID="tl_7_4" STYLEREFS="FONT0"/>
          </TextLine>
        </TextBlock>
        <TextBlock ID="r_2_3" HEIGHT="193" WIDTH="1405" VPOS="1022" HPOS="200">
          <TextLine ID="tl_8" BASELINE="1075" HEIGHT="61" WIDTH="1388" VPOS="1014" HPOS="221">
            <String HEIGHT="61" WIDTH="143" VPOS="1014" HPOS="201" CONTENT="Jan" ID="tl_8_1" STYLEREFS="FONT0"/>
            <SP HEIGHT="61" WIDTH="20" VPOS="1014" HPOS="343"/>
            <String HEIGHT="61" WIDTH="143" VPOS="1014" HPOS="282" CONTENT="Van" ID="tl_8_2" STYLEREFS="FONT0"/>
            <SP HEIGHT="61" WIDTH="20" VPOS="1014" HPOS="425"/>
            <String HEIGHT="61" WIDTH="163" VPOS="1014" HPOS="364" CONTENT="Eyck" ID="tl_8_3" STYLEREFS="FONT0"/>
            <SP HEIGHT="61" WIDTH="20" VPOS="1014" HPOS="527"/>
            <String HEIGHT="61" WIDTH="102" VPOS="1014" HPOS="466" CONTENT="—" ID="tl_8_4" STYLEREFS="FONT0"/>
            <SP HEIGHT="61" WIDTH="20" VPOS="1014" HPOS="568"/>
            <String HEIGHT="61" WIDTH="122" VPOS="1014" HPOS="507" CONTENT="né" ID="tl_8_5" STYLEREFS="FONT0"/>
            <SP HEIGHT="61" WIDTH="20" VPOS="1014" HPOS="629"/>
            <String HEIGHT="61" WIDTH="122" VPOS="1014" HPOS="568" CONTENT="en" ID="tl_8_6" STYLEREFS="FONT0"/>
            <SP HEIGHT="61" WIDTH="20" VPOS="1014" HPOS="690"/>
            <String HEIGHT="61" WIDTH="163" VPOS="1014" HPOS="629" CONTENT="1927" ID="tl_8_7" STYLEREFS="FONT0"/>
            <SP HEIGHT="61" WIDTH="20" VPOS="1014" HPOS="793"/>
            <String HEIGHT="61" WIDTH="102" VPOS="1014" HPOS="731" CONTENT="—" ID="tl_8_8" STYLEREFS="FONT0"/>
            <SP HEIGHT="61" WIDTH="20" VPOS="1014" HPOS="833"/>
            <String HEIGHT="61" WIDTH="225" VPOS="1014" HPOS="772" CONTENT="cherche" ID="tl_8_9" STYLEREFS="FONT0"/>
            <SP HEIGHT="61" WIDTH="20" VPOS="1014" HPOS="997"/>
            <String HEIGHT="61" WIDTH="143" VPOS="1014" HPOS="935" CONTENT="une" ID="tl_8_10" STYLEREFS="FONT0"/>
            <SP HEIGHT="61" WIDTH="20" VPOS="1014" HPOS="1078"/>
            <String HEIGHT="61" WIDTH="286" VPOS="1014" HPOS="1017" CONTENT="expression" ID="tl_8_11" STYLEREFS="FONT0"/>
            <SP HEIGHT="61" WIDTH="20" VPOS="1014" HPOS="1303"/>
            <String HEIGHT="61" WIDTH="265" VPOS="1014" HPOS="1242" CONTENT="abstraite" ID="tl_8_12" STYLEREFS="FONT0"/>
            <SP HEIGHT="61" WIDTH="20" VPOS="1014" HPOS="1507"/>
            <String HEIGHT="61" WIDTH="122" VPOS="1014" HPOS="1446" CONTENT="ou" ID="tl_8_13" STYLEREFS="FONT0"/>
            <SP HEIGHT="61" WIDTH="20" VPOS="1014" HPOS="1568"/>
            <String HEIGHT="61" WIDTH="122" VPOS="1014" HPOS="1487" CONTENT="non." ID="tl_8_14" STYLEREFS="FONT0"/>
          </TextLine>
          <TextLine ID="tl_9" BASELINE="1126" HEIGHT="67" WIDTH="1418" VPOS="1059" HPOS="194">
            <String HEIGHT="67" WIDTH="153" VPOS="1059" HPOS="175" CONTENT="Dans" ID="tl_9_1" STYLEREFS="FONT0"/>
            <SP HEIGHT="67" WIDTH="19" VPOS="1059" HPOS="328"/>
            <String HEIGHT="67" WIDTH="134" VPOS="1059" HPOS="271" CONTENT="ses" ID="tl_9_2" STYLEREFS="FONT0"/>
            <SP HEIGHT="67" WIDTH="19" VPOS="1059" HPOS="405"/>
            <String HEIGHT="67" WIDTH="307" VPOS="1059" HPOS="347" CONTENT="compositions" ID="tl_9_3" STYLEREFS="FONT0"/>
            <SP HEIGHT="67" WIDTH="19" VPOS="1059" HPOS="654"/>
            <String HEIGHT="67" WIDTH="115" VPOS="1059" HPOS="596" CONTENT="il" ID="tl_9_4" STYLEREFS="FONT0"/>
            <SP HEIGHT="67" WIDTH="19" VPOS="1059" HPOS="711"/>
            <String HEIGHT="67" WIDTH="230" VPOS="1059" HPOS="654" CONTENT="présente" ID="tl_9_5" STYLEREFS="FONT0"/>
            <SP HEIGHT="67" WIDTH="19" VPOS="1059" HPOS="884"/>
            <String HEIGHT="67" WIDTH="134" VPOS="1059" HPOS="826" CONTENT="une" ID="tl_9_6" STYLEREFS="FONT0"/>
            <SP HEIGHT="67" WIDTH="19" VPOS="1059" HPOS="960"/>
            <String HEIGHT="67" WIDTH="172" VPOS="1059" HPOS="903" CONTENT="image" ID="tl_9_7" STYLEREFS="FONT0"/>
            <SP HEIGHT="67" WIDTH="19" VPOS="1059" HPOS="1075"/>
            <String HEIGHT="67" WIDTH="192" VPOS="1059" HPOS="1018" CONTENT="claire" ID="tl_9_8" STYLEREFS="FONT0"/>
            <SP HEIGHT="67" WIDTH="19" VPOS="1059" HPOS="1210"/>
            <String HEIGHT="67" WIDTH="115" VPOS="1059" HPOS="1152" CONTENT="et" ID="tl_9_9" STYLEREFS="FONT0"/>
            <SP HEIGHT="67" WIDTH="19" VPOS="1059" HPOS="1267"/>
            <String HEIGHT="67" WIDTH="211" VPOS="1059" HPOS="1210" CONTENT="hardie," ID="tl_9_10" STYLEREFS="FONT0"/>
            <SP HEIGHT="67" WIDTH="19" VPOS="1059" HPOS="1420"/>
            <String HEIGHT="67" WIDTH="134" VPOS="1059" HPOS="1363" CONTENT="aux" ID="tl_9_11" STYLEREFS="FONT0"/>
            <SP HEIGHT="67" WIDTH="19" VPOS="1059" HPOS="1497"/>
            <String HEIGHT="67" WIDTH="192" VPOS="1059" HPOS="1420" CONTENT="couleurs" ID="tl_9_12" STYLEREFS="FONT0"/>
          </TextLine>
          <TextLine ID="tl_10" BASELINE="1173" HEIGHT="64" WIDTH="1422" VPOS="1109" HPOS="191">
            <String HEIGHT="64" WIDTH="225" VPOS="1109" HPOS="172" CONTENT="sombres," ID="tl_10_1" STYLEREFS="FONT0"/>
            <SP HEIGHT="64" WIDTH="19" VPOS="1109" HPOS="397"/>
            <String HEIGHT="64" WIDTH="168" VPOS="1109" HPOS="341" CONTENT="d’une" ID="tl_10_2" STYLEREFS="FONT0"/>
            <SP HEIGHT="64" WIDTH="19" VPOS="1109" HPOS="509"/>
            <String HEIGHT="64" WIDTH="243" VPOS="1109" HPOS="453" CONTENT="précision" ID="tl_10_3" STYLEREFS="FONT0"/>
            <SP HEIGHT="64" WIDTH="19" VPOS="1109" HPOS="696"/>
            <String HEIGHT="64" WIDTH="112" VPOS="1109" HPOS="640" CONTENT="de" ID="tl_10_4" STYLEREFS="FONT0"/>
            <SP HEIGHT="64" WIDTH="19" VPOS="1109" HPOS="752"/>
            <String HEIGHT="64" WIDTH="281" VPOS="1109" HPOS="696" CONTENT="proportions" ID="tl_10_5" STYLEREFS="FONT0"/>
            <SP HEIGHT="64" WIDTH="19" VPOS="1109" HPOS="977"/>
            <String HEIGHT="64" WIDTH="112" VPOS="1109" HPOS="921" CONTENT="et" ID="tl_10_6" STYLEREFS="FONT0"/>
            <SP HEIGHT="64" WIDTH="19" VPOS="1109" HPOS="1033"/>
            <String HEIGHT="64" WIDTH="112" VPOS="1109" HPOS="977" CONTENT="de" ID="tl_10_7" STYLEREFS="FONT0"/>
            <SP HEIGHT="64" WIDTH="19" VPOS="1109" HPOS="1089"/>
            <String HEIGHT="64" WIDTH="187" VPOS="1109" HPOS="1033" CONTENT="lignes" ID="tl_10_8" STYLEREFS="FONT0"/>
            <SP HEIGHT="64" WIDTH="19" VPOS="1109" HPOS="1220"/>
            <String HEIGHT="64" WIDTH="131" VPOS="1109" HPOS="1164" CONTENT="qui" ID="tl_10_9" STYLEREFS="FONT0"/>
            <SP HEIGHT="64" WIDTH="19" VPOS="1109" HPOS="1295"/>
            <String HEIGHT="64" WIDTH="206" VPOS="1109" HPOS="1239" CONTENT="suggère" ID="tl_10_10" STYLEREFS="FONT0"/>
            <SP HEIGHT="64" WIDTH="19" VPOS="1109" HPOS="1445"/>
            <String HEIGHT="64" WIDTH="243" VPOS="1109" HPOS="1370" CONTENT="l’assurance" ID="tl_10_11" STYLEREFS="FONT0"/>
          </TextLine>
          <TextLine ID="tl_11" BASELINE="1219" HEIGHT="69" WIDTH="1420" VPOS="1150" HPOS="192">
            <String HEIGHT="69" WIDTH="107" VPOS="1150" HPOS="174" CONTENT="et" ID="tl_11_1" STYLEREFS="FONT0"/>
            <SP HEIGHT="69" WIDTH="18" VPOS="1150" HPOS="281"/>
            <String HEIGHT="69" WIDTH="107" VPOS="1150" HPOS="228" CONTENT="la" ID="tl_11_2" STYLEREFS="FONT0"/>
            <SP HEIGHT="69" WIDTH="18" VPOS="1150" HPOS="334"/>
            <String HEIGHT="69" WIDTH="195" VPOS="1150" HPOS="281" CONTENT="fermeté" ID="tl_11_3" STYLEREFS="FONT0"/>
            <SP HEIGHT="69" WIDTH="18" VPOS="1150" HPOS="476"/>
            <String HEIGHT="69" WIDTH="195" VPOS="1150" HPOS="423" CONTENT="absolue" ID="tl_11_4" STYLEREFS="FONT0"/>
            <SP HEIGHT="69" WIDTH="18" VPOS="1150" HPOS="618"/>
            <String HEIGHT="69" WIDTH="124" VPOS="1150" HPOS="565" CONTENT="des" ID="tl_11_5" STYLEREFS="FONT0"/>
            <SP HEIGHT="69" WIDTH="18" VPOS="1150" HPOS="689"/>
            <String HEIGHT="69" WIDTH="231" VPOS="1150" HPOS="636" CONTENT="solutions" ID="tl_11_6" STYLEREFS="FONT0"/>
            <SP HEIGHT="69" WIDTH="18" VPOS="1150" HPOS="867"/>
            <String HEIGHT="69" WIDTH="249" VPOS="1150" HPOS="813" CONTENT="auxquelles" ID="tl_11_7" STYLEREFS="FONT0"/>
            <SP HEIGHT="69" WIDTH="18" VPOS="1150" HPOS="1062"/>
            <String HEIGHT="69" WIDTH="124" VPOS="1150" HPOS="1009" CONTENT="est" ID="tl_11_8" STYLEREFS="FONT0"/>
            <SP HEIGHT="69" WIDTH="18" VPOS="1150" HPOS="1133"/>
            <String HEIGHT="69" WIDTH="142" VPOS="1150" HPOS="1080" CONTENT="déjà" ID="tl_11_9" STYLEREFS="FONT0"/>
            <SP HEIGHT="69" WIDTH="18" VPOS="1150" HPOS="1222"/>
            <String HEIGHT="69" WIDTH="178" VPOS="1150" HPOS="1168" CONTENT="arrivé" ID="tl_11_10" STYLEREFS="FONT0"/>
            <SP HEIGHT="69" WIDTH="18" VPOS="1150" HPOS="1346"/>
            <String HEIGHT="69" WIDTH="107" VPOS="1150" HPOS="1293" CONTENT="le" ID="tl_11_11" STYLEREFS="FONT0"/>
            <SP HEIGHT="69" WIDTH="18" VPOS="1150" HPOS="1399"/>
            <String HEIGHT="69" WIDTH="160" VPOS="1150" HPOS="1346" CONTENT="jeune" ID="tl_11_12" STYLEREFS="FONT0"/>
            <SP HEIGHT="69" WIDTH="18" VPOS="1150" HPOS="1506"/>
            <String HEIGHT="69" WIDTH="178" VPOS="1150" HPOS="1435" CONTENT="peintre." ID="tl_11_13" STYLEREFS="FONT0"/>
          </TextLine>
        </TextBlock>
        <TextBlock ID="r_2_4" HEIGHT="154" WIDTH="1403" VPOS="1204" HPOS="204">
          <TextLine ID="tl_12" BASELINE="1264" HEIGHT="55" WIDTH="1386" VPOS="1209" HPOS="227">
            <String HEIGHT="55" WIDTH="139" VPOS="1209" HPOS="207" CONTENT="Les" ID="tl_12_1" STYLEREFS="FONT0"/>
            <SP HEIGHT="55" WIDTH="20" VPOS="1209" HPOS="346"/>
            <String HEIGHT="55" WIDTH="198" VPOS="1209" HPOS="286" CONTENT="images" ID="tl_12_2" STYLEREFS="FONT0"/>
            <SP HEIGHT="55" WIDTH="20" VPOS="1209" HPOS="484"/>
            <String HEIGHT="55" WIDTH="119" VPOS="1209" HPOS="425" CONTENT="de" ID="tl_12_3" STYLEREFS="FONT0"/>
            <SP HEIGHT="55" WIDTH="20" VPOS="1209" HPOS="544"/>
            <String HEIGHT="55" WIDTH="198" VPOS="1209" HPOS="484" CONTENT="Gérard" ID="tl_12_4" STYLEREFS="FONT0"/>
            <SP HEIGHT="55" WIDTH="20" VPOS="1209" HPOS="682"/>
            <String HEIGHT="55" WIDTH="218" VPOS="1209" HPOS="623" CONTENT="Verdijk" ID="tl_12_5" STYLEREFS="FONT0"/>
            <SP HEIGHT="55" WIDTH="20" VPOS="1209" HPOS="841"/>
            <String HEIGHT="55" WIDTH="99" VPOS="1209" HPOS="781" CONTENT="—" ID="tl_12_6" STYLEREFS="FONT0"/>
            <SP HEIGHT="55" WIDTH="20" VPOS="1209" HPOS="880"/>
            <String HEIGHT="55" WIDTH="119" VPOS="1209" HPOS="821" CONTENT="né" ID="tl_12_7" STYLEREFS="FONT0"/>
            <SP HEIGHT="55" WIDTH="20" VPOS="1209" HPOS="940"/>
            <String HEIGHT="55" WIDTH="119" VPOS="1209" HPOS="880" CONTENT="en" ID="tl_12_8" STYLEREFS="FONT0"/>
            <SP HEIGHT="55" WIDTH="20" VPOS="1209" HPOS="999"/>
            <String HEIGHT="55" WIDTH="158" VPOS="1209" HPOS="940" CONTENT="1934" ID="tl_12_9" STYLEREFS="FONT0"/>
            <SP HEIGHT="55" WIDTH="20" VPOS="1209" HPOS="1098"/>
            <String HEIGHT="55" WIDTH="99" VPOS="1209" HPOS="1039" CONTENT="—" ID="tl_12_10" STYLEREFS="FONT0"/>
            <SP HEIGHT="55" WIDTH="20" VPOS="1209" HPOS="1138"/>
            <String HEIGHT="55" WIDTH="257" VPOS="1209" HPOS="1078" CONTENT="racontent" ID="tl_12_11" STYLEREFS="FONT0"/>
            <SP HEIGHT="55" WIDTH="20" VPOS="1209" HPOS="1336"/>
            <String HEIGHT="55" WIDTH="178" VPOS="1209" HPOS="1276" CONTENT="d’une" ID="tl_12_12" STYLEREFS="FONT0"/>
            <SP HEIGHT="55" WIDTH="20" VPOS="1209" HPOS="1455"/>
            <String HEIGHT="55" WIDTH="158" VPOS="1209" HPOS="1395" CONTENT="voix" ID="tl_12_13" STYLEREFS="FONT0"/>
            <SP HEIGHT="55" WIDTH="20" VPOS="1209" HPOS="1554"/>
            <String HEIGHT="55" WIDTH="139" VPOS="1209" HPOS="1474" CONTENT="basse" ID="tl_12_14" STYLEREFS="FONT0"/>
          </TextLine>
          <TextLine ID="tl_13" BASELINE="1312" HEIGHT="66" WIDTH="1420" VPOS="1246" HPOS="195">
            <String HEIGHT="66" WIDTH="272" VPOS="1246" HPOS="176" CONTENT="l’aventure" ID="tl_13_1" STYLEREFS="FONT0"/>
            <SP HEIGHT="66" WIDTH="19" VPOS="1246" HPOS="448"/>
            <String HEIGHT="66" WIDTH="117" VPOS="1246" HPOS="390" CONTENT="de" ID="tl_13_2" STYLEREFS="FONT0"/>
            <SP HEIGHT="66" WIDTH="19" VPOS="1246" HPOS="506"/>
            <String HEIGHT="66" WIDTH="175" VPOS="1246" HPOS="448" CONTENT="l’art" ID="tl_13_3" STYLEREFS="FONT0"/>
            <SP HEIGHT="66" WIDTH="19" VPOS="1246" HPOS="623"/>
            <String HEIGHT="66" WIDTH="331" VPOS="1246" HPOS="565" CONTENT="contemporain;" ID="tl_13_4" STYLEREFS="FONT0"/>
            <SP HEIGHT="66" WIDTH="19" VPOS="1246" HPOS="895"/>
            <String HEIGHT="66" WIDTH="136" VPOS="1246" HPOS="837" CONTENT="ses" ID="tl_13_5" STYLEREFS="FONT0"/>
            <SP HEIGHT="66" WIDTH="19" VPOS="1246" HPOS="973"/>
            <String HEIGHT="66" WIDTH="195" VPOS="1246" HPOS="915" CONTENT="œuvres" ID="tl_13_6" STYLEREFS="FONT0"/>
            <SP HEIGHT="66" WIDTH="19" VPOS="1246" HPOS="1109"/>
            <String HEIGHT="66" WIDTH="195" VPOS="1246" HPOS="1051" CONTENT="douces" ID="tl_13_7" STYLEREFS="FONT0"/>
            <SP HEIGHT="66" WIDTH="19" VPOS="1246" HPOS="1245"/>
            <String HEIGHT="66" WIDTH="233" VPOS="1246" HPOS="1187" CONTENT="montrent" ID="tl_13_8" STYLEREFS="FONT0"/>
            <SP HEIGHT="66" WIDTH="19" VPOS="1246" HPOS="1420"/>
            <String HEIGHT="66" WIDTH="117" VPOS="1246" HPOS="1362" CONTENT="un" ID="tl_13_9" STYLEREFS="FONT0"/>
            <SP HEIGHT="66" WIDTH="19" VPOS="1246" HPOS="1479"/>
            <String HEIGHT="66" WIDTH="214" VPOS="1246" HPOS="1401" CONTENT="caractère" ID="tl_13_10" STYLEREFS="FONT0"/>
          </TextLine>
          <TextLine ID="tl_14" BASELINE="1358" HEIGHT="65" WIDTH="1033" VPOS="1293" HPOS="195">
            <String HEIGHT="65" WIDTH="207" VPOS="1293" HPOS="176" CONTENT="lyrique" ID="tl_14_1" STYLEREFS="FONT0"/>
            <SP HEIGHT="65" WIDTH="19" VPOS="1293" HPOS="383"/>
            <String HEIGHT="65" WIDTH="169" VPOS="1293" HPOS="326" CONTENT="qu’on" ID="tl_14_2" STYLEREFS="FONT0"/>
            <SP HEIGHT="65" WIDTH="19" VPOS="1293" HPOS="496"/>
            <String HEIGHT="65" WIDTH="225" VPOS="1293" HPOS="439" CONTENT="qualifie" ID="tl_14_3" STYLEREFS="FONT0"/>
            <SP HEIGHT="65" WIDTH="19" VPOS="1293" HPOS="665"/>
            <String HEIGHT="65" WIDTH="207" VPOS="1293" HPOS="608" CONTENT="souvent" ID="tl_14_4" STYLEREFS="FONT0"/>
            <SP HEIGHT="65" WIDTH="19" VPOS="1293" HPOS="815"/>
            <String HEIGHT="65" WIDTH="131" VPOS="1293" HPOS="758" CONTENT="d’«" ID="tl_14_5" STYLEREFS="FONT0"/>
            <SP HEIGHT="65" WIDTH="19" VPOS="1293" HPOS="890"/>
            <String HEIGHT="65" WIDTH="282" VPOS="1293" HPOS="834" CONTENT="abstraction" ID="tl_14_6" STYLEREFS="FONT0"/>
            <SP HEIGHT="65" WIDTH="19" VPOS="1293" HPOS="1115"/>
            <String HEIGHT="65" WIDTH="169" VPOS="1293" HPOS="1059" CONTENT="douce" ID="tl_14_7" STYLEREFS="FONT0"/>
            <SP HEIGHT="65" WIDTH="19" VPOS="1293" HPOS="1228"/>
            <String HEIGHT="65" WIDTH="75" VPOS="1293" HPOS="1153" CONTENT="»." ID="tl_14_8" STYLEREFS="FONT0"/>
          </TextLine>
        </TextBlock>
        <TextBlock ID="r_2_5" HEIGHT="194" WIDTH="1408" VPOS="1342" HPOS="203">
          <TextLine ID="tl_15" BASELINE="1398" HEIGHT="61" WIDTH="1386" VPOS="1337" HPOS="228">
            <String HEIGHT="61" WIDTH="119" VPOS="1337" HPOS="208" CONTENT="Ce" ID="tl_15_1" STYLEREFS="FONT0"/>
            <SP HEIGHT="61" WIDTH="20" VPOS="1337" HPOS="327"/>
            <String HEIGHT="61" WIDTH="139" VPOS="1337" HPOS="268" CONTENT="qui" ID="tl_15_2" STYLEREFS="FONT0"/>
            <SP HEIGHT="61" WIDTH="20" VPOS="1337" HPOS="406"/>
            <String HEIGHT="61" WIDTH="158" VPOS="1337" HPOS="347" CONTENT="rend" ID="tl_15_3" STYLEREFS="FONT0"/>
            <SP HEIGHT="61" WIDTH="20" VPOS="1337" HPOS="505"/>
            <String HEIGHT="61" WIDTH="119" VPOS="1337" HPOS="446" CONTENT="si" ID="tl_15_4" STYLEREFS="FONT0"/>
            <SP HEIGHT="61" WIDTH="20" VPOS="1337" HPOS="565"/>
            <String HEIGHT="61" WIDTH="277" VPOS="1337" HPOS="505" CONTENT="touchante," ID="tl_15_5" STYLEREFS="FONT0"/>
            <SP HEIGHT="61" WIDTH="20" VPOS="1337" HPOS="782"/>
            <String HEIGHT="61" WIDTH="119" VPOS="1337" HPOS="723" CONTENT="si" ID="tl_15_6" STYLEREFS="FONT0"/>
            <SP HEIGHT="61" WIDTH="20" VPOS="1337" HPOS="842"/>
            <String HEIGHT="61" WIDTH="238" VPOS="1337" HPOS="782" CONTENT="vraiment" ID="tl_15_7" STYLEREFS="FONT0"/>
            <SP HEIGHT="61" WIDTH="20" VPOS="1337" HPOS="1020"/>
            <String HEIGHT="61" WIDTH="277" VPOS="1337" HPOS="961" CONTENT="pénétrante" ID="tl_15_8" STYLEREFS="FONT0"/>
            <SP HEIGHT="61" WIDTH="20" VPOS="1337" HPOS="1238"/>
            <String HEIGHT="61" WIDTH="218" VPOS="1337" HPOS="1178" CONTENT="l’œuvre" ID="tl_15_9" STYLEREFS="FONT0"/>
            <SP HEIGHT="61" WIDTH="20" VPOS="1337" HPOS="1396"/>
            <String HEIGHT="61" WIDTH="119" VPOS="1337" HPOS="1337" CONTENT="de" ID="tl_15_10" STYLEREFS="FONT0"/>
            <SP HEIGHT="61" WIDTH="20" VPOS="1337" HPOS="1456"/>
            <String HEIGHT="61" WIDTH="198" VPOS="1337" HPOS="1396" CONTENT="Pierre" ID="tl_15_11" STYLEREFS="FONT0"/>
            <SP HEIGHT="61" WIDTH="20" VPOS="1337" HPOS="1594"/>
            <String HEIGHT="61" WIDTH="99" VPOS="1337" HPOS="1515" CONTENT="Van" ID="tl_15_12" STYLEREFS="FONT0"/>
          </TextLine>
          <TextLine ID="tl_16" BASELINE="1455" HEIGHT="71" WIDTH="1421" VPOS="1384" HPOS="196">
            <String HEIGHT="71" WIDTH="156" VPOS="1384" HPOS="179" CONTENT="Soest" ID="tl_16_1" STYLEREFS="FONT0"/>
            <SP HEIGHT="71" WIDTH="17" VPOS="1384" HPOS="335"/>
            <String HEIGHT="71" WIDTH="87" VPOS="1384" HPOS="283" CONTENT="—" ID="tl_16_2" STYLEREFS="FONT0"/>
            <SP HEIGHT="71" WIDTH="17" VPOS="1384" HPOS="369"/>
            <String HEIGHT="71" WIDTH="104" VPOS="1384" HPOS="317" CONTENT="né" ID="tl_16_3" STYLEREFS="FONT0"/>
            <SP HEIGHT="71" WIDTH="17" VPOS="1384" HPOS="421"/>
            <String HEIGHT="71" WIDTH="104" VPOS="1384" HPOS="369" CONTENT="en" ID="tl_16_4" STYLEREFS="FONT0"/>
            <SP HEIGHT="71" WIDTH="17" VPOS="1384" HPOS="473"/>
            <String HEIGHT="71" WIDTH="139" VPOS="1384" HPOS="421" CONTENT="1930" ID="tl_16_5" STYLEREFS="FONT0"/>
            <SP HEIGHT="71" WIDTH="17" VPOS="1384" HPOS="560"/>
            <String HEIGHT="71" WIDTH="87" VPOS="1384" HPOS="508" CONTENT="—" ID="tl_16_6" STYLEREFS="FONT0"/>
            <SP HEIGHT="71" WIDTH="17" VPOS="1384" HPOS="595"/>
            <String HEIGHT="71" WIDTH="156" VPOS="1384" HPOS="543" CONTENT="c’est" ID="tl_16_7" STYLEREFS="FONT0"/>
            <SP HEIGHT="71" WIDTH="17" VPOS="1384" HPOS="699"/>
            <String HEIGHT="71" WIDTH="121" VPOS="1384" HPOS="647" CONTENT="que" ID="tl_16_8" STYLEREFS="FONT0"/>
            <SP HEIGHT="71" WIDTH="17" VPOS="1384" HPOS="768"/>
            <String HEIGHT="71" WIDTH="104" VPOS="1384" HPOS="716" CONTENT="sa" ID="tl_16_9" STYLEREFS="FONT0"/>
            <SP HEIGHT="71" WIDTH="17" VPOS="1384" HPOS="820"/>
            <String HEIGHT="71" WIDTH="208" VPOS="1384" HPOS="768" CONTENT="peinture" ID="tl_16_10" STYLEREFS="FONT0"/>
            <SP HEIGHT="71" WIDTH="17" VPOS="1384" HPOS="976"/>
            <String HEIGHT="71" WIDTH="121" VPOS="1384" HPOS="924" CONTENT="est" ID="tl_16_11" STYLEREFS="FONT0"/>
            <SP HEIGHT="71" WIDTH="17" VPOS="1384" HPOS="1045"/>
            <String HEIGHT="71" WIDTH="156" VPOS="1384" HPOS="993" CONTENT="faite" ID="tl_16_12" STYLEREFS="FONT0"/>
            <SP HEIGHT="71" WIDTH="17" VPOS="1384" HPOS="1149"/>
            <String HEIGHT="71" WIDTH="260" VPOS="1384" HPOS="1097" CONTENT="d’histoires" ID="tl_16_13" STYLEREFS="FONT0"/>
            <SP HEIGHT="71" WIDTH="17" VPOS="1384" HPOS="1357"/>
            <String HEIGHT="71" WIDTH="156" VPOS="1384" HPOS="1305" CONTENT="qu’il" ID="tl_16_14" STYLEREFS="FONT0"/>
            <SP HEIGHT="71" WIDTH="17" VPOS="1384" HPOS="1461"/>
            <String HEIGHT="71" WIDTH="104" VPOS="1384" HPOS="1409" CONTENT="se" ID="tl_16_15" STYLEREFS="FONT0"/>
            <SP HEIGHT="71" WIDTH="17" VPOS="1384" HPOS="1513"/>
            <String HEIGHT="71" WIDTH="173" VPOS="1384" HPOS="1444" CONTENT="raconte;" ID="tl_16_16" STYLEREFS="FONT0"/>
          </TextLine>
          <TextLine ID="tl_17" BASELINE="1494" HEIGHT="65" WIDTH="1425" VPOS="1429" HPOS="194">
            <String HEIGHT="65" WIDTH="150" VPOS="1429" HPOS="175" CONTENT="tout" ID="tl_17_1" STYLEREFS="FONT0"/>
            <SP HEIGHT="65" WIDTH="19" VPOS="1429" HPOS="325"/>
            <String HEIGHT="65" WIDTH="225" VPOS="1429" HPOS="269" CONTENT="concourt" ID="tl_17_2" STYLEREFS="FONT0"/>
            <SP HEIGHT="65" WIDTH="19" VPOS="1429" HPOS="494"/>
            <String HEIGHT="65" WIDTH="94" VPOS="1429" HPOS="438" CONTENT="à" ID="tl_17_3" STYLEREFS="FONT0"/>
            <SP HEIGHT="65" WIDTH="19" VPOS="1429" HPOS="532"/>
            <String HEIGHT="65" WIDTH="188" VPOS="1429" HPOS="475" CONTENT="donner" ID="tl_17_4" STYLEREFS="FONT0"/>
            <SP HEIGHT="65" WIDTH="19" VPOS="1429" HPOS="663"/>
            <String HEIGHT="65" WIDTH="113" VPOS="1429" HPOS="607" CONTENT="un" ID="tl_17_5" STYLEREFS="FONT0"/>
            <SP HEIGHT="65" WIDTH="19" VPOS="1429" HPOS="719"/>
            <String HEIGHT="65" WIDTH="150" VPOS="1429" HPOS="663" CONTENT="sens" ID="tl_17_6" STYLEREFS="FONT0"/>
            <SP HEIGHT="65" WIDTH="19" VPOS="1429" HPOS="813"/>
            <String HEIGHT="65" WIDTH="94" VPOS="1429" HPOS="757" CONTENT="à" ID="tl_17_7" STYLEREFS="FONT0"/>
            <SP HEIGHT="65" WIDTH="19" VPOS="1429" HPOS="850"/>
            <String HEIGHT="65" WIDTH="113" VPOS="1429" HPOS="794" CONTENT="ce" ID="tl_17_8" STYLEREFS="FONT0"/>
            <SP HEIGHT="65" WIDTH="19" VPOS="1429" HPOS="907"/>
            <String HEIGHT="65" WIDTH="150" VPOS="1429" HPOS="850" CONTENT="coup" ID="tl_17_9" STYLEREFS="FONT0"/>
            <SP HEIGHT="65" WIDTH="19" VPOS="1429" HPOS="1000"/>
            <String HEIGHT="65" WIDTH="113" VPOS="1429" HPOS="944" CONTENT="de" ID="tl_17_10" STYLEREFS="FONT0"/>
            <SP HEIGHT="65" WIDTH="19" VPOS="1429" HPOS="1057"/>
            <String HEIGHT="65" WIDTH="206" VPOS="1429" HPOS="1000" CONTENT="pinceau" ID="tl_17_11" STYLEREFS="FONT0"/>
            <SP HEIGHT="65" WIDTH="19" VPOS="1429" HPOS="1207"/>
            <String HEIGHT="65" WIDTH="150" VPOS="1429" HPOS="1150" CONTENT="fait" ID="tl_17_12" STYLEREFS="FONT0"/>
            <SP HEIGHT="65" WIDTH="19" VPOS="1429" HPOS="1300"/>
            <String HEIGHT="65" WIDTH="263" VPOS="1429" HPOS="1244" CONTENT="d’énergie," ID="tl_17_13" STYLEREFS="FONT0"/>
            <SP HEIGHT="65" WIDTH="19" VPOS="1429" HPOS="1507"/>
            <String HEIGHT="65" WIDTH="188" VPOS="1429" HPOS="1432" CONTENT="d’espoir" ID="tl_17_14" STYLEREFS="FONT0"/>
          </TextLine>
          <TextLine ID="tl_18" BASELINE="1546" HEIGHT="56" WIDTH="241" VPOS="1490" HPOS="196">
            <String HEIGHT="56" WIDTH="121" VPOS="1490" HPOS="176" CONTENT="et" ID="tl_18_1" STYLEREFS="FONT0"/>
            <SP HEIGHT="56" WIDTH="20" VPOS="1490" HPOS="296"/>
            <String HEIGHT="56" WIDTH="121" VPOS="1490" HPOS="236" CONTENT="de" ID="tl_18_2" STYLEREFS="FONT0"/>
            <SP HEIGHT="56" WIDTH="20" VPOS="1490" HPOS="357"/>
            <String HEIGHT="56" WIDTH="161" VPOS="1490" HPOS="276" CONTENT="doute." ID="tl_18_3" STYLEREFS="FONT0"/>
          </TextLine>
        </TextBlock>
        <TextBlock ID="r_2_6" HEIGHT="195" WIDTH="1406" VPOS="1526" HPOS="207">
          <TextLine ID="tl_19" BASELINE="1597" HEIGHT="97" WIDTH="1389" VPOS="1500" HPOS="231">
            <String HEIGHT="97" WIDTH="131" VPOS="1500" HPOS="212" CONTENT="Les" ID="tl_19_1" STYLEREFS="FONT0"/>
            <SP HEIGHT="97" WIDTH="19" VPOS="1500" HPOS="344"/>
            <String HEIGHT="97" WIDTH="225" VPOS="1500" HPOS="287" CONTENT="tableaux" ID="tl_19_2" STYLEREFS="FONT0"/>
            <SP HEIGHT="97" WIDTH="19" VPOS="1500" HPOS="513"/>
            <String HEIGHT="97" WIDTH="113" VPOS="1500" HPOS="456" CONTENT="de" ID="tl_19_3" STYLEREFS="FONT0"/>
            <SP HEIGHT="97" WIDTH="19" VPOS="1500" HPOS="569"/>
            <String HEIGHT="97" WIDTH="131" VPOS="1500" HPOS="513" CONTENT="Lei" ID="tl_19_4" STYLEREFS="FONT0"/>
            <SP HEIGHT="97" WIDTH="19" VPOS="1500" HPOS="644"/>
            <String HEIGHT="97" WIDTH="169" VPOS="1500" HPOS="588" CONTENT="Molin" ID="tl_19_5" STYLEREFS="FONT0"/>
            <SP HEIGHT="97" WIDTH="19" VPOS="1500" HPOS="757"/>
            <String HEIGHT="97" WIDTH="94" VPOS="1500" HPOS="700" CONTENT="—" ID="tl_19_6" STYLEREFS="FONT0"/>
            <SP HEIGHT="97" WIDTH="19" VPOS="1500" HPOS="794"/>
            <String HEIGHT="97" WIDTH="113" VPOS="1500" HPOS="738" CONTENT="né" ID="tl_19_7" STYLEREFS="FONT0"/>
            <SP HEIGHT="97" WIDTH="19" VPOS="1500" HPOS="850"/>
            <String HEIGHT="97" WIDTH="113" VPOS="1500" HPOS="794" CONTENT="en" ID="tl_19_8" STYLEREFS="FONT0"/>
            <SP HEIGHT="97" WIDTH="19" VPOS="1500" HPOS="907"/>
            <String HEIGHT="97" WIDTH="150" VPOS="1500" HPOS="850" CONTENT="1927" ID="tl_19_9" STYLEREFS="FONT0"/>
            <SP HEIGHT="97" WIDTH="19" VPOS="1500" HPOS="1001"/>
            <String HEIGHT="97" WIDTH="94" VPOS="1500" HPOS="944" CONTENT="—" ID="tl_19_10" STYLEREFS="FONT0"/>
            <SP HEIGHT="97" WIDTH="19" VPOS="1500" HPOS="1038"/>
            <String HEIGHT="97" WIDTH="150" VPOS="1500" HPOS="982" CONTENT="sont" ID="tl_19_11" STYLEREFS="FONT0"/>
            <SP HEIGHT="97" WIDTH="19" VPOS="1500" HPOS="1132"/>
            <String HEIGHT="97" WIDTH="169" VPOS="1500" HPOS="1076" CONTENT="d’une" ID="tl_19_12" STYLEREFS="FONT0"/>
            <SP HEIGHT="97" WIDTH="19" VPOS="1500" HPOS="1245"/>
            <String HEIGHT="97" WIDTH="282" VPOS="1500" HPOS="1188" CONTENT="sensibilité" ID="tl_19_13" STYLEREFS="FONT0"/>
            <SP HEIGHT="97" WIDTH="19" VPOS="1500" HPOS="1470"/>
            <String HEIGHT="97" WIDTH="225" VPOS="1500" HPOS="1395" CONTENT="originale;" ID="tl_19_14" STYLEREFS="FONT0"/>
          </TextLine>
          <TextLine ID="tl_20" BASELINE="1638" HEIGHT="82" WIDTH="1420" VPOS="1556" HPOS="200">
            <String HEIGHT="82" WIDTH="156" VPOS="1556" HPOS="181" CONTENT="pour" ID="tl_20_1" STYLEREFS="FONT0"/>
            <SP HEIGHT="82" WIDTH="19" VPOS="1556" HPOS="336"/>
            <String HEIGHT="82" WIDTH="136" VPOS="1556" HPOS="278" CONTENT="lui" ID="tl_20_2" STYLEREFS="FONT0"/>
            <SP HEIGHT="82" WIDTH="19" VPOS="1556" HPOS="414"/>
            <String HEIGHT="82" WIDTH="117" VPOS="1556" HPOS="356" CONTENT="la" ID="tl_20_3" STYLEREFS="FONT0"/>
            <SP HEIGHT="82" WIDTH="19" VPOS="1556" HPOS="472"/>
            <String HEIGHT="82" WIDTH="195" VPOS="1556" HPOS="414" CONTENT="nature" ID="tl_20_4" STYLEREFS="FONT0"/>
            <SP HEIGHT="82" WIDTH="19" VPOS="1556" HPOS="608"/>
            <String HEIGHT="82" WIDTH="175" VPOS="1556" HPOS="550" CONTENT="reste" ID="tl_20_5" STYLEREFS="FONT0"/>
            <SP HEIGHT="82" WIDTH="19" VPOS="1556" HPOS="725"/>
            <String HEIGHT="82" WIDTH="136" VPOS="1556" HPOS="667" CONTENT="non" ID="tl_20_6" STYLEREFS="FONT0"/>
            <SP HEIGHT="82" WIDTH="19" VPOS="1556" HPOS="803"/>
            <String HEIGHT="82" WIDTH="253" VPOS="1556" HPOS="745" CONTENT="seulement" ID="tl_20_7" STYLEREFS="FONT0"/>
            <SP HEIGHT="82" WIDTH="19" VPOS="1556" HPOS="998"/>
            <String HEIGHT="82" WIDTH="117" VPOS="1556" HPOS="939" CONTENT="la" ID="tl_20_8" STYLEREFS="FONT0"/>
            <SP HEIGHT="82" WIDTH="19" VPOS="1556" HPOS="1056"/>
            <String HEIGHT="82" WIDTH="195" VPOS="1556" HPOS="998" CONTENT="source" ID="tl_20_9" STYLEREFS="FONT0"/>
            <SP HEIGHT="82" WIDTH="19" VPOS="1556" HPOS="1192"/>
            <String HEIGHT="82" WIDTH="117" VPOS="1556" HPOS="1134" CONTENT="de" ID="tl_20_10" STYLEREFS="FONT0"/>
            <SP HEIGHT="82" WIDTH="19" VPOS="1556" HPOS="1250"/>
            <String HEIGHT="82" WIDTH="136" VPOS="1556" HPOS="1192" CONTENT="son" ID="tl_20_11" STYLEREFS="FONT0"/>
            <SP HEIGHT="82" WIDTH="19" VPOS="1556" HPOS="1328"/>
            <String HEIGHT="82" WIDTH="311" VPOS="1556" HPOS="1270" CONTENT="inspiration," ID="tl_20_12" STYLEREFS="FONT0"/>
            <SP HEIGHT="82" WIDTH="19" VPOS="1556" HPOS="1581"/>
            <String HEIGHT="82" WIDTH="117" VPOS="1556" HPOS="1503" CONTENT="mais" ID="tl_20_13" STYLEREFS="FONT0"/>
          </TextLine>
          <TextLine ID="tl_21" BASELINE="1676" HEIGHT="58" WIDTH="1423" VPOS="1618" HPOS="198">
            <String HEIGHT="58" WIDTH="171" VPOS="1618" HPOS="179" CONTENT="aussi" ID="tl_21_1" STYLEREFS="FONT0"/>
            <SP HEIGHT="58" WIDTH="19" VPOS="1618" HPOS="350"/>
            <String HEIGHT="58" WIDTH="133" VPOS="1618" HPOS="293" CONTENT="son" ID="tl_21_2" STYLEREFS="FONT0"/>
            <SP HEIGHT="58" WIDTH="19" VPOS="1618" HPOS="426"/>
            <String HEIGHT="58" WIDTH="171" VPOS="1618" HPOS="369" CONTENT="moyen" ID="tl_21_3" STYLEREFS="FONT0"/>
            <SP HEIGHT="58" WIDTH="19" VPOS="1618" HPOS="540"/>
            <String HEIGHT="58" WIDTH="304" VPOS="1618" HPOS="483" CONTENT="d’expression" ID="tl_21_4" STYLEREFS="FONT0"/>
            <SP HEIGHT="58" WIDTH="19" VPOS="1618" HPOS="786"/>
            <String HEIGHT="58" WIDTH="114" VPOS="1618" HPOS="729" CONTENT="et" ID="tl_21_5" STYLEREFS="FONT0"/>
            <SP HEIGHT="58" WIDTH="19" VPOS="1618" HPOS="843"/>
            <String HEIGHT="58" WIDTH="133" VPOS="1618" HPOS="786" CONTENT="les" ID="tl_21_6" STYLEREFS="FONT0"/>
            <SP HEIGHT="58" WIDTH="19" VPOS="1618" HPOS="919"/>
            <String HEIGHT="58" WIDTH="247" VPOS="1618" HPOS="862" CONTENT="problèmes" ID="tl_21_7" STYLEREFS="FONT0"/>
            <SP HEIGHT="58" WIDTH="19" VPOS="1618" HPOS="1109"/>
            <String HEIGHT="58" WIDTH="209" VPOS="1618" HPOS="1052" CONTENT="humains" ID="tl_21_8" STYLEREFS="FONT0"/>
            <SP HEIGHT="58" WIDTH="19" VPOS="1618" HPOS="1261"/>
            <String HEIGHT="58" WIDTH="114" VPOS="1618" HPOS="1204" CONTENT="se" ID="tl_21_9" STYLEREFS="FONT0"/>
            <SP HEIGHT="58" WIDTH="19" VPOS="1618" HPOS="1317"/>
            <String HEIGHT="58" WIDTH="247" VPOS="1618" HPOS="1261" CONTENT="reflètent" ID="tl_21_10" STYLEREFS="FONT0"/>
            <SP HEIGHT="58" WIDTH="19" VPOS="1618" HPOS="1507"/>
            <String HEIGHT="58" WIDTH="190" VPOS="1618" HPOS="1431" CONTENT="toujours" ID="tl_21_11" STYLEREFS="FONT0"/>
          </TextLine>
          <TextLine ID="tl_22" BASELINE="1733" HEIGHT="66" WIDTH="1316" VPOS="1667" HPOS="200">
            <String HEIGHT="66" WIDTH="162" VPOS="1667" HPOS="180" CONTENT="dans" ID="tl_22_1" STYLEREFS="FONT0"/>
            <SP HEIGHT="66" WIDTH="20" VPOS="1667" HPOS="342"/>
            <String HEIGHT="66" WIDTH="142" VPOS="1667" HPOS="281" CONTENT="son" ID="tl_22_2" STYLEREFS="FONT0"/>
            <SP HEIGHT="66" WIDTH="20" VPOS="1667" HPOS="423"/>
            <String HEIGHT="66" WIDTH="182" VPOS="1667" HPOS="362" CONTENT="œuvre" ID="tl_22_3" STYLEREFS="FONT0"/>
            <SP HEIGHT="66" WIDTH="20" VPOS="1667" HPOS="544"/>
            <String HEIGHT="66" WIDTH="182" VPOS="1667" HPOS="483" CONTENT="d’une" ID="tl_22_4" STYLEREFS="FONT0"/>
            <SP HEIGHT="66" WIDTH="20" VPOS="1667" HPOS="666"/>
            <String HEIGHT="66" WIDTH="223" VPOS="1667" HPOS="605" CONTENT="manière" ID="tl_22_5" STYLEREFS="FONT0"/>
            <SP HEIGHT="66" WIDTH="20" VPOS="1667" HPOS="828"/>
            <String HEIGHT="66" WIDTH="223" VPOS="1667" HPOS="767" CONTENT="directe" ID="tl_22_6" STYLEREFS="FONT0"/>
            <SP HEIGHT="66" WIDTH="20" VPOS="1667" HPOS="990"/>
            <String HEIGHT="66" WIDTH="182" VPOS="1667" HPOS="929" CONTENT="comme" ID="tl_22_7" STYLEREFS="FONT0"/>
            <SP HEIGHT="66" WIDTH="20" VPOS="1667" HPOS="1111"/>
            <String HEIGHT="66" WIDTH="142" VPOS="1667" HPOS="1050" CONTENT="une" ID="tl_22_8" STYLEREFS="FONT0"/>
            <SP HEIGHT="66" WIDTH="20" VPOS="1667" HPOS="1192"/>
            <String HEIGHT="66" WIDTH="263" VPOS="1667" HPOS="1131" CONTENT="nécessité" ID="tl_22_9" STYLEREFS="FONT0"/>
            <SP HEIGHT="66" WIDTH="20" VPOS="1667" HPOS="1395"/>
            <String HEIGHT="66" WIDTH="202" VPOS="1667" HPOS="1314" CONTENT="absolue." ID="tl_22_10" STYLEREFS="FONT0"/>
          </TextLine>
        </TextBlock>
        <TextBlock ID="r_2_7" HEIGHT="293" WIDTH="1410" VPOS="1712" HPOS="208">
          <TextLine ID="tl_23" BASELINE="1769" HEIGHT="63" WIDTH="1390" VPOS="1706" HPOS="234">
            <String HEIGHT="63" WIDTH="157" VPOS="1706" HPOS="214" CONTENT="Pour" ID="tl_23_1" STYLEREFS="FONT0"/>
            <SP HEIGHT="63" WIDTH="20" VPOS="1706" HPOS="371"/>
            <String HEIGHT="63" WIDTH="215" VPOS="1706" HPOS="312" CONTENT="montrer" ID="tl_23_2" STYLEREFS="FONT0"/>
            <SP HEIGHT="63" WIDTH="20" VPOS="1706" HPOS="528"/>
            <String HEIGHT="63" WIDTH="117" VPOS="1706" HPOS="469" CONTENT="la" ID="tl_23_3" STYLEREFS="FONT0"/>
            <SP HEIGHT="63" WIDTH="20" VPOS="1706" HPOS="586"/>
            <String HEIGHT="63" WIDTH="274" VPOS="1706" HPOS="528" CONTENT="continuité" ID="tl_23_4" STYLEREFS="FONT0"/>
            <SP HEIGHT="63" WIDTH="20" VPOS="1706" HPOS="802"/>
            <String HEIGHT="63" WIDTH="157" VPOS="1706" HPOS="743" CONTENT="d’un" ID="tl_23_5" STYLEREFS="FONT0"/>
            <SP HEIGHT="63" WIDTH="20" VPOS="1706" HPOS="900"/>
            <String HEIGHT="63" WIDTH="137" VPOS="1706" HPOS="841" CONTENT="art" ID="tl_23_6" STYLEREFS="FONT0"/>
            <SP HEIGHT="63" WIDTH="20" VPOS="1706" HPOS="978"/>
            <String HEIGHT="63" WIDTH="196" VPOS="1706" HPOS="919" CONTENT="ancien" ID="tl_23_7" STYLEREFS="FONT0"/>
            <SP HEIGHT="63" WIDTH="20" VPOS="1706" HPOS="1115"/>
            <String HEIGHT="63" WIDTH="117" VPOS="1706" HPOS="1056" CONTENT="de" ID="tl_23_8" STYLEREFS="FONT0"/>
            <SP HEIGHT="63" WIDTH="20" VPOS="1706" HPOS="1174"/>
            <String HEIGHT="63" WIDTH="117" VPOS="1706" HPOS="1115" CONTENT="la" ID="tl_23_9" STYLEREFS="FONT0"/>
            <SP HEIGHT="63" WIDTH="20" VPOS="1706" HPOS="1232"/>
            <String HEIGHT="63" WIDTH="255" VPOS="1706" HPOS="1174" CONTENT="Hollande," ID="tl_23_10" STYLEREFS="FONT0"/>
            <SP HEIGHT="63" WIDTH="20" VPOS="1706" HPOS="1428"/>
            <String HEIGHT="63" WIDTH="157" VPOS="1706" HPOS="1369" CONTENT="mais" ID="tl_23_11" STYLEREFS="FONT0"/>
            <SP HEIGHT="63" WIDTH="20" VPOS="1706" HPOS="1526"/>
            <String HEIGHT="63" WIDTH="137" VPOS="1706" HPOS="1467" CONTENT="qui" ID="tl_23_12" STYLEREFS="FONT0"/>
            <SP HEIGHT="63" WIDTH="20" VPOS="1706" HPOS="1604"/>
            <String HEIGHT="63" WIDTH="98" VPOS="1706" HPOS="1526" CONTENT="est" ID="tl_23_13" STYLEREFS="FONT0"/>
          </TextLine>
          <TextLine ID="tl_24" BASELINE="1822" HEIGHT="70" WIDTH="1424" VPOS="1752" HPOS="200">
            <String HEIGHT="70" WIDTH="206" VPOS="1752" HPOS="183" CONTENT="toujours" ID="tl_24_1" STYLEREFS="FONT0"/>
            <SP HEIGHT="70" WIDTH="17" VPOS="1752" HPOS="389"/>
            <String HEIGHT="70" WIDTH="172" VPOS="1752" HPOS="337" CONTENT="vivant" ID="tl_24_2" STYLEREFS="FONT0"/>
            <SP HEIGHT="70" WIDTH="17" VPOS="1752" HPOS="509"/>
            <String HEIGHT="70" WIDTH="275" VPOS="1752" HPOS="457" CONTENT="aujourd’hui," ID="tl_24_3" STYLEREFS="FONT0"/>
            <SP HEIGHT="70" WIDTH="17" VPOS="1752" HPOS="732"/>
            <String HEIGHT="70" WIDTH="172" VPOS="1752" HPOS="680" CONTENT="«l’art" ID="tl_24_4" STYLEREFS="FONT0"/>
            <SP HEIGHT="70" WIDTH="17" VPOS="1752" HPOS="852"/>
            <String HEIGHT="70" WIDTH="103" VPOS="1752" HPOS="800" CONTENT="de" ID="tl_24_5" STYLEREFS="FONT0"/>
            <SP HEIGHT="70" WIDTH="17" VPOS="1752" HPOS="903"/>
            <String HEIGHT="70" WIDTH="103" VPOS="1752" HPOS="852" CONTENT="la" ID="tl_24_6" STYLEREFS="FONT0"/>
            <SP HEIGHT="70" WIDTH="17" VPOS="1752" HPOS="955"/>
            <String HEIGHT="70" WIDTH="189" VPOS="1752" HPOS="903" CONTENT="gravure" ID="tl_24_7" STYLEREFS="FONT0"/>
            <SP HEIGHT="70" WIDTH="17" VPOS="1752" HPOS="1092"/>
            <String HEIGHT="70" WIDTH="103" VPOS="1752" HPOS="1041" CONTENT="»," ID="tl_24_8" STYLEREFS="FONT0"/>
            <SP HEIGHT="70" WIDTH="17" VPOS="1752" HPOS="1144"/>
            <String HEIGHT="70" WIDTH="103" VPOS="1752" HPOS="1092" CONTENT="il" ID="tl_24_9" STYLEREFS="FONT0"/>
            <SP HEIGHT="70" WIDTH="17" VPOS="1752" HPOS="1195"/>
            <String HEIGHT="70" WIDTH="120" VPOS="1752" HPOS="1144" CONTENT="n’y" ID="tl_24_10" STYLEREFS="FONT0"/>
            <SP HEIGHT="70" WIDTH="17" VPOS="1752" HPOS="1264"/>
            <String HEIGHT="70" WIDTH="172" VPOS="1752" HPOS="1212" CONTENT="aurait" ID="tl_24_11" STYLEREFS="FONT0"/>
            <SP HEIGHT="70" WIDTH="17" VPOS="1752" HPOS="1384"/>
            <String HEIGHT="70" WIDTH="120" VPOS="1752" HPOS="1332" CONTENT="pas" ID="tl_24_12" STYLEREFS="FONT0"/>
            <SP HEIGHT="70" WIDTH="17" VPOS="1752" HPOS="1452"/>
            <String HEIGHT="70" WIDTH="103" VPOS="1752" HPOS="1401" CONTENT="de" ID="tl_24_13" STYLEREFS="FONT0"/>
            <SP HEIGHT="70" WIDTH="17" VPOS="1752" HPOS="1504"/>
            <String HEIGHT="70" WIDTH="189" VPOS="1752" HPOS="1435" CONTENT="meilleurs" ID="tl_24_14" STYLEREFS="FONT0"/>
          </TextLine>
          <TextLine ID="tl_25" BASELINE="1870" HEIGHT="75" WIDTH="1421" VPOS="1795" HPOS="203">
            <String HEIGHT="75" WIDTH="234" VPOS="1795" HPOS="184" CONTENT="exemples" ID="tl_25_1" STYLEREFS="FONT0"/>
            <SP HEIGHT="75" WIDTH="19" VPOS="1795" HPOS="417"/>
            <String HEIGHT="75" WIDTH="136" VPOS="1795" HPOS="359" CONTENT="que" ID="tl_25_2" STYLEREFS="FONT0"/>
            <SP HEIGHT="75" WIDTH="19" VPOS="1795" HPOS="495"/>
            <String HEIGHT="75" WIDTH="136" VPOS="1795" HPOS="437" CONTENT="les" ID="tl_25_3" STYLEREFS="FONT0"/>
            <SP HEIGHT="75" WIDTH="19" VPOS="1795" HPOS="573"/>
            <String HEIGHT="75" WIDTH="195" VPOS="1795" HPOS="514" CONTENT="œuvres" ID="tl_25_4" STYLEREFS="FONT0"/>
            <SP HEIGHT="75" WIDTH="19" VPOS="1795" HPOS="709"/>
            <String HEIGHT="75" WIDTH="117" VPOS="1795" HPOS="651" CONTENT="de" ID="tl_25_5" STYLEREFS="FONT0"/>
            <SP HEIGHT="75" WIDTH="19" VPOS="1795" HPOS="768"/>
            <String HEIGHT="75" WIDTH="156" VPOS="1795" HPOS="709" CONTENT="Jacq" ID="tl_25_6" STYLEREFS="FONT0"/>
            <SP HEIGHT="75" WIDTH="19" VPOS="1795" HPOS="865"/>
            <String HEIGHT="75" WIDTH="214" VPOS="1795" HPOS="806" CONTENT="Snyder," ID="tl_25_7" STYLEREFS="FONT0"/>
            <SP HEIGHT="75" WIDTH="19" VPOS="1795" HPOS="1021"/>
            <String HEIGHT="75" WIDTH="117" VPOS="1795" HPOS="962" CONTENT="né" ID="tl_25_8" STYLEREFS="FONT0"/>
            <SP HEIGHT="75" WIDTH="19" VPOS="1795" HPOS="1079"/>
            <String HEIGHT="75" WIDTH="117" VPOS="1795" HPOS="1021" CONTENT="en" ID="tl_25_9" STYLEREFS="FONT0"/>
            <SP HEIGHT="75" WIDTH="19" VPOS="1795" HPOS="1137"/>
            <String HEIGHT="75" WIDTH="175" VPOS="1795" HPOS="1079" CONTENT="1930." ID="tl_25_10" STYLEREFS="FONT0"/>
            <SP HEIGHT="75" WIDTH="19" VPOS="1795" HPOS="1254"/>
            <String HEIGHT="75" WIDTH="136" VPOS="1795" HPOS="1196" CONTENT="Son" ID="tl_25_11" STYLEREFS="FONT0"/>
            <SP HEIGHT="75" WIDTH="19" VPOS="1795" HPOS="1332"/>
            <String HEIGHT="75" WIDTH="136" VPOS="1795" HPOS="1274" CONTENT="art" ID="tl_25_12" STYLEREFS="FONT0"/>
            <SP HEIGHT="75" WIDTH="19" VPOS="1795" HPOS="1410"/>
            <String HEIGHT="75" WIDTH="136" VPOS="1795" HPOS="1351" CONTENT="est" ID="tl_25_13" STYLEREFS="FONT0"/>
            <SP HEIGHT="75" WIDTH="19" VPOS="1795" HPOS="1488"/>
            <String HEIGHT="75" WIDTH="214" VPOS="1795" HPOS="1410" CONTENT="expressif" ID="tl_25_14" STYLEREFS="FONT0"/>
          </TextLine>
          <TextLine ID="tl_26" BASELINE="1912" HEIGHT="71" WIDTH="1420" VPOS="1841" HPOS="204">
            <String HEIGHT="71" WIDTH="114" VPOS="1841" HPOS="185" CONTENT="et" ID="tl_26_1" STYLEREFS="FONT0"/>
            <SP HEIGHT="71" WIDTH="19" VPOS="1841" HPOS="299"/>
            <String HEIGHT="71" WIDTH="284" VPOS="1841" HPOS="242" CONTENT="imaginatif," ID="tl_26_2" STYLEREFS="FONT0"/>
            <SP HEIGHT="71" WIDTH="19" VPOS="1841" HPOS="526"/>
            <String HEIGHT="71" WIDTH="227" VPOS="1841" HPOS="469" CONTENT="poétique" ID="tl_26_3" STYLEREFS="FONT0"/>
            <SP HEIGHT="71" WIDTH="19" VPOS="1841" HPOS="696"/>
            <String HEIGHT="71" WIDTH="114" VPOS="1841" HPOS="639" CONTENT="et" ID="tl_26_4" STYLEREFS="FONT0"/>
            <SP HEIGHT="71" WIDTH="19" VPOS="1841" HPOS="753"/>
            <String HEIGHT="71" WIDTH="284" VPOS="1841" HPOS="696" CONTENT="fantastique" ID="tl_26_5" STYLEREFS="FONT0"/>
            <SP HEIGHT="71" WIDTH="19" VPOS="1841" HPOS="980"/>
            <String HEIGHT="71" WIDTH="95" VPOS="1841" HPOS="923" CONTENT="à" ID="tl_26_6" STYLEREFS="FONT0"/>
            <SP HEIGHT="71" WIDTH="19" VPOS="1841" HPOS="1018"/>
            <String HEIGHT="71" WIDTH="114" VPOS="1841" HPOS="961" CONTENT="la" ID="tl_26_7" STYLEREFS="FONT0"/>
            <SP HEIGHT="71" WIDTH="19" VPOS="1841" HPOS="1075"/>
            <String HEIGHT="71" WIDTH="170" VPOS="1841" HPOS="1018" CONTENT="fois;" ID="tl_26_8" STYLEREFS="FONT0"/>
            <SP HEIGHT="71" WIDTH="19" VPOS="1841" HPOS="1189"/>
            <String HEIGHT="71" WIDTH="114" VPOS="1841" HPOS="1132" CONTENT="et" ID="tl_26_9" STYLEREFS="FONT0"/>
            <SP HEIGHT="71" WIDTH="19" VPOS="1841" HPOS="1245"/>
            <String HEIGHT="71" WIDTH="114" VPOS="1841" HPOS="1189" CONTENT="de" ID="tl_26_10" STYLEREFS="FONT0"/>
            <SP HEIGHT="71" WIDTH="19" VPOS="1841" HPOS="1302"/>
            <String HEIGHT="71" WIDTH="133" VPOS="1841" HPOS="1245" CONTENT="Aat" ID="tl_26_11" STYLEREFS="FONT0"/>
            <SP HEIGHT="71" WIDTH="19" VPOS="1841" HPOS="1378"/>
            <String HEIGHT="71" WIDTH="208" VPOS="1841" HPOS="1321" CONTENT="Verhoog" ID="tl_26_12" STYLEREFS="FONT0"/>
            <SP HEIGHT="71" WIDTH="19" VPOS="1841" HPOS="1529"/>
            <String HEIGHT="71" WIDTH="95" VPOS="1841" HPOS="1473" CONTENT="—" ID="tl_26_13" STYLEREFS="FONT0"/>
            <SP HEIGHT="71" WIDTH="19" VPOS="1841" HPOS="1567"/>
            <String HEIGHT="71" WIDTH="114" VPOS="1841" HPOS="1510" CONTENT="né" ID="tl_26_14" STYLEREFS="FONT0"/>
            <SP HEIGHT="71" WIDTH="19" VPOS="1841" HPOS="1624"/>
            <String HEIGHT="71" WIDTH="76" VPOS="1841" HPOS="1548" CONTENT="en" ID="tl_26_15" STYLEREFS="FONT0"/>
          </TextLine>
          <TextLine ID="tl_27" BASELINE="1961" HEIGHT="61" WIDTH="1421" VPOS="1900" HPOS="204">
            <String HEIGHT="61" WIDTH="150" VPOS="1900" HPOS="185" CONTENT="1933" ID="tl_27_1" STYLEREFS="FONT0"/>
            <SP HEIGHT="61" WIDTH="19" VPOS="1900" HPOS="335"/>
            <String HEIGHT="61" WIDTH="93" VPOS="1900" HPOS="279" CONTENT="—" ID="tl_27_2" STYLEREFS="FONT0"/>
            <SP HEIGHT="61" WIDTH="19" VPOS="1900" HPOS="372"/>
            <String HEIGHT="61" WIDTH="150" VPOS="1900" HPOS="316" CONTENT="dans" ID="tl_27_3" STYLEREFS="FONT0"/>
            <SP HEIGHT="61" WIDTH="19" VPOS="1900" HPOS="466"/>
            <String HEIGHT="61" WIDTH="112" VPOS="1900" HPOS="410" CONTENT="le" ID="tl_27_4" STYLEREFS="FONT0"/>
            <SP HEIGHT="61" WIDTH="19" VPOS="1900" HPOS="522"/>
            <String HEIGHT="61" WIDTH="168" VPOS="1900" HPOS="466" CONTENT="monde" ID="tl_27_5" STYLEREFS="FONT0"/>
            <SP HEIGHT="61" WIDTH="19" VPOS="1900" HPOS="634"/>
            <String HEIGHT="61" WIDTH="168" VPOS="1900" HPOS="578" CONTENT="qu’il" ID="tl_27_6" STYLEREFS="FONT0"/>
            <SP HEIGHT="61" WIDTH="19" VPOS="1900" HPOS="746"/>
            <String HEIGHT="61" WIDTH="168" VPOS="1900" HPOS="690" CONTENT="s’est" ID="tl_27_7" STYLEREFS="FONT0"/>
            <SP HEIGHT="61" WIDTH="19" VPOS="1900" HPOS="858"/>
            <String HEIGHT="61" WIDTH="168" VPOS="1900" HPOS="802" CONTENT="créé," ID="tl_27_8" STYLEREFS="FONT0"/>
            <SP HEIGHT="61" WIDTH="19" VPOS="1900" HPOS="971"/>
            <String HEIGHT="61" WIDTH="112" VPOS="1900" HPOS="915" CONTENT="où" ID="tl_27_9" STYLEREFS="FONT0"/>
            <SP HEIGHT="61" WIDTH="19" VPOS="1900" HPOS="1027"/>
            <String HEIGHT="61" WIDTH="112" VPOS="1900" HPOS="971" CONTENT="la" ID="tl_27_10" STYLEREFS="FONT0"/>
            <SP HEIGHT="61" WIDTH="19" VPOS="1900" HPOS="1083"/>
            <String HEIGHT="61" WIDTH="206" VPOS="1900" HPOS="1027" CONTENT="cruauté" ID="tl_27_11" STYLEREFS="FONT0"/>
            <SP HEIGHT="61" WIDTH="19" VPOS="1900" HPOS="1232"/>
            <String HEIGHT="61" WIDTH="131" VPOS="1900" HPOS="1176" CONTENT="est" ID="tl_27_12" STYLEREFS="FONT0"/>
            <SP HEIGHT="61" WIDTH="19" VPOS="1900" HPOS="1307"/>
            <String HEIGHT="61" WIDTH="131" VPOS="1900" HPOS="1251" CONTENT="son" ID="tl_27_13" STYLEREFS="FONT0"/>
            <SP HEIGHT="61" WIDTH="19" VPOS="1900" HPOS="1382"/>
            <String HEIGHT="61" WIDTH="168" VPOS="1900" HPOS="1326" CONTENT="moyen" ID="tl_27_14" STYLEREFS="FONT0"/>
            <SP HEIGHT="61" WIDTH="19" VPOS="1900" HPOS="1494"/>
            <String HEIGHT="61" WIDTH="206" VPOS="1900" HPOS="1419" CONTENT="d’expres" SUBS_TYPE="HypPart1" SUBS_CONTENT="d’expression" ID="tl_27_15" STYLEREFS="FONT0"/>
            <HYP CONTENT="-"/>
          </TextLine>
          <TextLine ID="tl_28" BASELINE="2009" HEIGHT="61" WIDTH="898" VPOS="1948" HPOS="206">
            <String HEIGHT="61" WIDTH="147" VPOS="1948" HPOS="188" CONTENT="sion" SUBS_TYPE="HypPart2" SUBS_CONTENT="d’expression" ID="tl_28_1" STYLEREFS="FONT0"/>
            <SP HEIGHT="61" WIDTH="18" VPOS="1948" HPOS="334"/>
            <String HEIGHT="61" WIDTH="147" VPOS="1948" HPOS="279" CONTENT="pour" ID="tl_28_2" STYLEREFS="FONT0"/>
            <SP HEIGHT="61" WIDTH="18" VPOS="1948" HPOS="426"/>
            <String HEIGHT="61" WIDTH="202" VPOS="1948" HPOS="371" CONTENT="décrire" ID="tl_28_3" STYLEREFS="FONT0"/>
            <SP HEIGHT="61" WIDTH="18" VPOS="1948" HPOS="573"/>
            <String HEIGHT="61" WIDTH="110" VPOS="1948" HPOS="518" CONTENT="le" ID="tl_28_4" STYLEREFS="FONT0"/>
            <SP HEIGHT="61" WIDTH="18" VPOS="1948" HPOS="628"/>
            <String HEIGHT="61" WIDTH="165" VPOS="1948" HPOS="573" CONTENT="sang," ID="tl_28_5" STYLEREFS="FONT0"/>
            <SP HEIGHT="61" WIDTH="18" VPOS="1948" HPOS="737"/>
            <String HEIGHT="61" WIDTH="110" VPOS="1948" HPOS="682" CONTENT="la" ID="tl_28_6" STYLEREFS="FONT0"/>
            <SP HEIGHT="61" WIDTH="18" VPOS="1948" HPOS="792"/>
            <String HEIGHT="61" WIDTH="165" VPOS="1948" HPOS="737" CONTENT="mort," ID="tl_28_7" STYLEREFS="FONT0"/>
            <SP HEIGHT="61" WIDTH="18" VPOS="1948" HPOS="902"/>
            <String HEIGHT="61" WIDTH="110" VPOS="1948" HPOS="847" CONTENT="la" ID="tl_28_8" STYLEREFS="FONT0"/>
            <SP HEIGHT="61" WIDTH="18" VPOS="1948" HPOS="957"/>
            <String HEIGHT="61" WIDTH="220" VPOS="1948" HPOS="884" CONTENT="décadence." ID="tl_28_9" STYLEREFS="FONT0"/>
          </TextLine>
        </TextBlock>
        <GraphicalElement ID="r_3" HEIGHT="5" WIDTH="636" VPOS="0" HPOS="1"/>
        <GraphicalElement ID="r_4" HEIGHT="3" WIDTH="89" VPOS="0" HPOS="640"/>
        <GraphicalElement ID="r_5" HEIGHT="3" WIDTH="637" VPOS="0" HPOS="732"/>
        <GraphicalElement ID="r_6" HEIGHT="7" WIDTH="460" VPOS="0" HPOS="1372"/>
        <GraphicalElement ID="r_7" HEIGHT="82" WIDTH="3" VPOS="1" HPOS="0"/>
        <GraphicalElement ID="r_8" HEIGHT="650" WIDTH="13" VPOS="0" HPOS="1793"/>
        <GraphicalElement ID="r_9" HEIGHT="220" WIDTH="6" VPOS="300" HPOS="1804"/>
        <GraphicalElement ID="r_10" HEIGHT="152" WIDTH="6" VPOS="1216" HPOS="1816"/>
        <GraphicalElement ID="r_11" HEIGHT="439" WIDTH="8" VPOS="1606" HPOS="1823"/>
        <GraphicalElement ID="r_12" HEIGHT="866" WIDTH="14" VPOS="0" HPOS="1806"/>
        <GraphicalElement ID="r_13" HEIGHT="296" WIDTH="6" VPOS="560" HPOS="1820"/>
        <GraphicalElement ID="r_14" HEIGHT="252" WIDTH="5" VPOS="50" HPOS="1815"/>
        <GraphicalElement ID="r_15" HEIGHT="241" WIDTH="5" VPOS="326" HPOS="1822"/>
        <GraphicalElement ID="r_16" HEIGHT="543" WIDTH="10" VPOS="1" HPOS="1823"/>
      </PrintSpace>
    </Page>
  </Layout>
</alto>
