1818 2197
235 18 243 69 FRANCE

465 109 200 72 Dora
610 109 291 72 TUYNMAN
847 109 127 72 née
920 109 91 72 à
957 109 273 72 Montpellier
1175 109 109 72 en
1212 109 127 72 1926.

410 158 209 79 11
571 158 209 79 Peinture,
731 158 129 79 1961
812 158 177 79 (huile,
924 158 177 79 195x163).

463 222 324 74 Jean-Pierre
733 222 324 74 VIELFAURE
1004 222 108 74 né
1058 222 90 74 à
1094 222 162 74 Alger
1202 222 108 74 en
1238 222 126 74 1930.

411 290 215 52 12
577 290 182 52 Boutons
709 290 165 52 tombés
825 290 99 52 du
875 290 182 52 zénith,
1007 290 149 52 quand
1107 290 348 52 refleurirez-vous?
1404 290 132 52 1961
1487 290 182 52 (huile,
1603 290 182 52 195x130).

464 340 178 68 Guy
589 340 107 68 DE
642 340 249 68 VOGUE
838 340 107 68 né
891 340 89 68 à
926 340 160 68 Paris
1033 340 107 68 en
1069 340 124 68 1929.

411 379 224 107 13
583 379 224 107 Triptyque
755 379 120 107 sur
824 379 120 107 une
893 379 172 107 maison
1013 379 224 107 détruite,
1185 379 138 107 1961
1271 379 189 107 (huile,
1392 379 172 107 73x184).

935 502 270 65 SCULPTURE

465 591 295 58 Fernandez
704 591 184 58 Pierre
834 591 258 58 ARMAN
1036 591 111 58 né
1092 591 92 58 à
1129 591 148 58 Nice
1221 591 111 58 en
1258 591 129 58 1928.

411 646 209 58 14
572 646 96 58 Et
620 646 129 58 s’il
700 646 129 58 n’en
781 646 145 58 reste
877 646 161 58 qu’un,
990 646 96 58 je
1038 646 145 58 serai
1134 646 209 58 celui-là,
1295 646 129 58 1961
1375 646 241 58 (assemblage
1552 646 225 58 80x150x40)*.

463 694 198 82 Mark
607 694 270 82 BRUSSE
823 694 108 82 né
878 694 90 82 à
914 694 198 82 Alkmaar
1058 694 108 82 en
1094 694 126 82 1937.

408 752 222 62 15
579 752 205 62 Clôture,
733 752 137 62 1961
818 752 188 62 (relief
955 752 103 62 en
1006 752 154 62 bois,
1092 752 239 62 150x200x30).

461 839 328 57 Jean-Pierre
734 839 273 57 DUPREY
953 839 109 57 né
1007 839 91 57 à
1044 839 164 57 Rouen
1153 839 109 57 en
1189 839 128 57 1931.

496 907 265 71 Jean-Pierre
709 907 177 71 Duprey
833 907 88 71 a
868 907 124 71 mis
939 907 124 71 fin
1009 907 88 71 à
1045 907 124 71 ses
1116 907 159 71 jours
1222 907 106 71 le
1275 907 88 71 2
1310 907 195 71 octobre
1452 907 142 71 1959
1540 907 106 71 en
1593 907 106 71 se
1629 907 159 71 pendant

461 965 92 65 à
497 965 129 65 une
571 965 240 65 maîtresse
756 965 184 65 poutre
885 965 111 65 de
940 965 129 65 son
1014 965 221 65 atelier,
1180 965 184 65 avenue
1309 965 111 65 du
1364 965 184 65 Maine.
1493 965 111 65 Il
1548 965 166 65 avait
1641 965 147 65 vingt-

461 1006 151 64 neuf
556 1006 151 64 ans.
650 1006 189 64 Encore
783 1006 151 64 très
877 1006 132 64 mal
953 1006 189 64 connu,
1086 1006 170 64 sinon
1199 1006 114 64 de
1256 1006 227 64 quelques
1426 1006 227 64 intimes,
1597 1006 132 64 son
1654 1006 132 64 œuvre

462 1065 184 54 paraît
590 1065 147 54 issu
682 1065 147 54 tout
775 1065 184 54 entier
903 1065 147 54 d’un
995 1065 166 54 monde
1106 1065 221 54 lointain
1272 1065 110 54 et
1327 1065 276 54 vertigineux
1548 1065 110 54 où
1603 1065 166 54 seuls
1695 1065 92 54 ont

459 1108 168 52 accès
571 1108 150 52 ceux
665 1108 150 52 qui,
759 1108 94 52 à
796 1108 224 52 l’instar
964 1108 112 52 de
1020 1108 224 52 Rimbaud,
1189 1108 187 52 savent
1320 1108 94 52 «
1357 1108 112 52 se
1413 1108 168 52 faire
1525 1108 206 52 voyants
1675 1108 112 52 ».
1712 1108 75 52 Ce

459 1154 196 55 monde,
596 1154 293 55 Jean-Pierre
831 1154 196 55 Duprey
968 1154 117 55 le
1026 1154 235 55 décrivit
1202 1154 215 55 d’abord
1359 1154 156 55 dans
1457 1154 137 55 des
1535 1154 215 55 poèmes,
1672 1154 117 55 dont

460 1200 159 52 André
566 1200 177 52 Breton
690 1200 124 52 fut
761 1200 106 52 le
814 1200 195 52 premier
956 1200 88 52 à
991 1200 195 52 déceler
1132 1200 88 52 «
1168 1200 265 52 l’éclairage
1380 1200 318 52 extraordinaire
1645 1200 106 52 ».
1681 1200 106 52 Puis

460 1252 111 54 il
515 1252 111 54 en
570 1252 277 54 matérialisa
791 1252 129 54 les
865 1252 203 54 visions
1013 1252 147 54 dans
1105 1252 111 54 le
1160 1252 147 54 fer,
1252 1252 203 54 formant
1400 1252 111 54 un
1455 1252 92 54 à
1492 1252 111 54 un
1547 1252 129 54 les
1603 1252 184 54 éléments

457 1299 166 56 d’un
561 1299 187 56 drame
686 1299 374 56 métamorphique:
997 1299 353 56 êtres-pièges,
1288 1299 374 56 oiseaux-cages,
1579 1299 208 56 flammes-

458 1341 190 52 fleurs,
596 1341 311 52 gorges-cris...
855 1341 86 52 «
889 1341 104 52 Ce
941 1341 121 52 qui
1010 1341 104 52 me
1062 1341 155 52 reste
1165 1341 104 52 du
1217 1341 138 52 réel
1303 1341 86 52 ?
1338 1341 121 52 Une
1407 1341 242 52 cathédrale
1579 1341 207 52 invisible,

459 1386 150 56 dont
553 1386 187 56 seules
684 1386 131 56 les
759 1386 262 56 sculptures
964 1386 262 56 apparentes
1170 1386 243 56 ponctuent
1357 1386 337 56 l’architecture
1619 1386 168 56 cachée»

459 1441 237 56 disait-il
641 1441 127 56 dès
714 1441 164 56 1958.
823 1441 182 56 Faites
950 1441 109 56 de
1005 1441 200 56 ciment,
1151 1441 127 56 ces
1224 1441 237 56 dernières
1406 1441 255 56 sculptures
1588 1441 200 56 composent

459 1484 173 47 comme
574 1484 135 47 une
651 1484 270 47 héraldique
863 1484 404 47 noire-ocre-grise,
1210 1484 154 47 dont
1306 1484 154 47 nous
1402 1484 289 47 pressentons
1614 1484 173 47 qu’elle

460 1528 246 47 manifeste
650 1528 133 47 des
725 1528 246 47 promesses
915 1528 265 47 multiples.
1124 1528 227 47 Masaccio
1294 1528 114 47 ou
1351 1528 209 47 Kleist,
1503 1528 114 47 on
1560 1528 171 47 pense
1673 1528 95 47 à
1692 1528 95 47 ces

455 1577 185 49 jeunes
585 1577 185 49 hommes
715 1577 222 49 icariens
882 1577 148 49 dont
974 1577 111 49 le
1030 1577 259 49 témoignage
1234 1577 259 49 interrompu
1438 1577 185 49 devait
1549 1577 241 49 bouleverser

460 1626 126 49 les
532 1626 162 49 rêves
640 1626 108 49 et
694 1626 126 49 les
765 1626 251 49 certitudes
963 1626 108 49 de
1017 1626 144 49 leur
1107 1626 198 49 époque.
1250 1626 269 49 Jean-Pierre
1466 1626 180 49 Duprey
1573 1626 216 49 appartient

455 1673 108 63 à
499 1673 130 63 la
564 1673 173 63 même
650 1673 195 63 lignée.

1338 1693 332 102 Jean-Clarence
1593 1693 195 102 Lambert.

407 1795 221 56 16
577 1795 102 56 Le
628 1795 170 56 piège,
748 1795 136 56 1956
833 1795 153 56 (fer,
935 1795 239 56 67x73x22).
1123 1795 239 56 Collection
1310 1795 187 56 Galerie
1446 1795 273 56 Furstenberg,
1651 1795 136 56 Paris.

461 1857 244 75 Martial
652 1857 261 75 RAYSSE
861 1857 105 75 né
914 1857 87 75 à
948 1857 244 75 Golfe-Juan
1140 1857 105 75 en
1175 1857 122 75 1936.

407 1915 211 60 17
569 1915 179 60 Hygiène
699 1915 98 60 de
748 1915 98 60 la
797 1915 163 60 vision
911 1915 98 60 n°
959 1915 98 60 7,
1008 1915 130 60 1961
1089 1915 244 60 (assemblage
1284 1915 195 60 d’objets
1431 1915 98 60 en
1479 1915 179 60 matière
1593 1915 195 60 plastique,

435 1964 303 70 250x150x150).

438 2113 103 57 124
