1694 2207
375 14 356 88 RÉPUBLIQUE
668 14 251 88 FÉDÉRALE
836 14 356 88 D'ALLEMAGNE

311 336 230 63 Commissaire
495 336 184 63 Général:
633 336 215 63 Herbert
787 336 154 63 Pee.

308 393 253 57 Directeur
502 393 117 57 du
560 393 175 57 Musée
677 393 253 57 Municipal
852 393 156 57 d’Ulm.

144 545 174 59 L’art
260 545 232 59 allemand
433 545 135 59 est
510 545 97 59 à
549 545 116 59 la
607 545 251 59 recherche
800 545 116 59 de
858 545 328 59 l’expression.
1128 545 135 59 Les
1206 545 193 59 images
1341 545 154 59 sont
1418 545 135 59 mises

108 591 111 67 au
164 591 204 67 service
312 591 111 67 de
368 591 167 67 cette
479 591 260 67 intention.
683 591 111 67 Ce
739 591 148 67 sont
832 591 130 67 les
906 591 185 67 grands
1036 591 389 67 expressionnistes,
1370 591 111 67 de
1407 591 148 67 Grüne-

106 640 159 67 wald
205 640 99 67 à
245 640 258 67 Beckmann,
443 640 139 67 qui
523 640 317 67 représentent
781 640 99 67 —
820 640 298 67 ouvertement
1058 640 119 67 ou
1118 640 298 67 secrètement
1356 640 99 67 —
1376 640 179 67 l’idéal

109 691 117 58 de
168 691 234 58 beaucoup
344 691 117 58 de
402 691 195 58 jeunes
539 691 234 58 peintres
714 691 273 58 allemands.
929 691 117 58 Il
987 691 176 58 n’est
1104 691 137 58 pas
1182 691 156 58 rare
1280 691 176 58 qu’un
1377 691 176 58 tableau

109 750 146 51 soit
200 750 165 51 peint
310 750 92 51 à
347 750 110 51 la
402 750 165 51 suite
511 750 146 51 d’un
603 750 330 51 bouleversement
878 750 256 51 intérieur.
1079 750 110 51 Il
1134 750 110 51 se
1189 750 238 51 manifeste
1372 750 110 51 en
1409 750 146 51 formes

110 792 337 57 mouvementées,
387 792 119 57 en
447 792 257 57 ensembles
645 792 119 57 de
704 792 198 57 lignes
843 792 317 57 passionnées,
1100 792 119 57 en
1160 792 238 57 mélodies
1318 792 238 57 puissantes

110 849 113 58 de
167 849 113 58 la
223 849 225 58 couleur.
392 849 131 58 Cet
467 849 169 58 excès
579 849 113 58 ne
636 849 206 58 conduit
786 849 131 58 pas
861 849 94 58 à
898 849 113 58 un
955 849 150 58 être
1048 849 263 58 harmonieux
1255 849 113 58 et
1292 849 263 58 conditionné,

112 900 141 59 mais
200 900 176 59 plutôt
324 900 88 59 à
359 900 211 59 l’action
517 900 106 59 et
570 900 88 59 à
605 900 106 59 la
658 900 299 59 signification
905 900 123 59 qui
975 900 211 59 prennent
1133 900 176 59 racine
1257 900 141 59 dans
1345 900 123 59 les
1398 900 158 59 profon-

110 953 190 53 deurs.
243 953 114 53 De
300 953 133 53 ces
376 953 285 53 profondeurs
605 953 285 53 proviennent
833 953 133 53 les
909 953 228 53 tableaux
1080 953 114 53 de
1137 953 171 53 Horst
1252 953 190 53 Antes,
1366 953 190 53 caracté-

110 999 169 57 risés
223 999 132 57 par
298 999 169 57 leurs
411 999 188 57 formes
542 999 225 57 agitées,
711 999 169 57 leurs
824 999 188 57 fortes
956 999 225 57 couleurs
1125 999 282 57 lumineuses,
1350 999 150 57 leur
1425 999 132 57 force

83 1054 265 57 dynamique.

144 1101 130 57 Par
219 1101 204 57 contre,
367 1101 111 57 le
423 1101 148 57 plus
516 1101 167 57 grand
627 1101 204 57 peintre
775 1101 111 57 de
831 1101 186 57 langue
961 1101 241 57 allemande
1147 1101 111 57 de
1202 1101 167 57 notre
1314 1101 204 57 siècle,
1444 1101 111 57 Paul

112 1154 155 55 Klee,
215 1154 86 55 a
249 1154 172 55 ouvert
370 1154 103 55 la
421 1154 138 55 voie
508 1154 120 55 aux
576 1154 189 55 secrets
714 1154 103 55 de
766 1154 103 55 la
817 1154 172 55 nature
938 1154 241 55 intérieure
1127 1154 103 55 et
1178 1154 86 55 a
1213 1154 172 55 trouvé
1333 1154 120 55 des
1385 1154 172 55 chiffres

110 1201 154 60 pour
206 1201 135 60 les
283 1201 193 60 rendre
419 1201 251 60 visibles.
612 1201 232 60 Quelques
786 1201 193 60 jeunes
921 1201 232 60 artistes
1095 1201 251 60 allemands
1288 1201 212 60 suivent
1423 1201 135 60 cette

109 1254 157 46 voie
207 1254 117 46 et
266 1254 117 46 se
325 1254 294 46 rapprochent
560 1254 117 46 du
618 1254 137 46 but
697 1254 196 46 autant
834 1254 196 46 qu’ils
971 1254 254 46 disposent
1166 1254 333 46 d’imagination
1441 1254 117 46 et
1480 1254 78 46 de

110 1299 156 58 sens
208 1299 254 58 poétique.
404 1299 215 58 Heimrad
560 1299 156 58 Prem
658 1299 117 58 en
716 1299 156 58 fait
814 1299 215 58 partie,
971 1299 156 58 avec
1068 1299 137 58 ses
1146 1299 235 58 tableaux
1322 1299 117 58 de
1381 1299 176 58 1959,
1479 1299 78 58 de

110 1360 226 52 délicats
279 1360 207 52 «tissus
430 1360 94 52 »
467 1360 169 52 gris,
580 1360 169 52 d’une
693 1360 169 52 haute
806 1360 244 52 intensité
994 1360 226 52 lyrique.
1163 1360 150 52 Puis
1257 1360 113 52 la
1314 1360 207 52 volonté
1445 1360 113 52 vers

111 1407 294 52 l’expression
349 1407 110 52 le
404 1407 202 52 domine,
551 1407 147 52 elle
643 1407 110 52 se
698 1407 202 52 réalise
845 1407 147 52 tout
936 1407 202 52 d’abord
1083 1407 147 52 dans
1175 1407 110 52 un
1230 1407 239 52 linéament
1395 1407 165 52 brusque

110 1454 135 49 et,
187 1454 155 49 tout
284 1454 329 49 dernièrement,
554 1454 155 49 dans
651 1454 116 49 un
709 1454 329 49 jaillissement
980 1454 213 49 éruptif
1135 1454 116 49 de
1193 1454 271 49 coloration
1386 1454 174 49 formant

111 1504 235 52 équilibre
292 1504 163 52 entre
400 1504 127 52 une
473 1504 163 52 force
581 1504 235 52 spontanée
762 1504 108 52 et
816 1504 127 52 une
888 1504 271 52 sensibilité
1087 1504 181 52 subtile.

142 1559 220 58 Au-delà
302 1559 120 58 de
362 1559 140 58 l’«
442 1559 240 58 informel
621 1559 100 58 »
661 1559 120 58 se
721 1559 180 58 situe
841 1559 120 58 le
901 1559 180 58 monde
1021 1559 120 58 de
1081 1559 220 58 figures
1240 1559 180 58 âpres
1360 1559 120 58 de
1400 1559 160 58 Rainer

110 1610 352 51 Küchenmeister.
404 1610 156 51 Dans
502 1610 117 51 la
560 1610 215 51 surface
717 1610 156 51 dure
815 1610 254 51 l’élément
1010 1610 156 51 mène
1108 1610 98 51 à
1147 1610 117 51 un
1206 1610 176 51 effet
1304 1610 254 51 arbitraire.

112 1656 198 60 Devant
251 1656 139 60 des
330 1656 178 60 fonds
449 1656 238 60 anonymes
627 1656 257 60 s’élèvent
825 1656 139 60 des
904 1656 198 60 signes
1042 1656 198 60 voilés
1181 1656 119 60 et
1240 1656 277 60 expressifs
1438 1656 119 60 pris

113 1707 108 56 de
167 1707 108 56 la
221 1707 163 56 terre
330 1707 108 56 et
384 1707 199 56 frôlant
528 1707 108 56 le
583 1707 181 56 mythe.
709 1707 126 56 Peu
781 1707 108 56 de
835 1707 163 56 plans
944 1707 181 56 animés
1070 1707 199 56 forment
1215 1707 108 56 et
1269 1707 181 56 fixent
1377 1707 181 56 l’image.

144 1757 233 62 Reinhard
318 1757 252 62 Drenkhahn
512 1757 136 62 n’a
590 1757 116 62 eu
648 1757 194 62 qu’une
783 1757 175 62 brève
900 1757 271 62 évolution.
1113 1757 213 62 Partant
1268 1757 116 62 de
1326 1757 233 62 l’objet,
1481 1757 78 62 il

109 1814 98 55 a
149 1814 196 55 trouvé
286 1814 118 55 la
345 1814 157 55 voie
443 1814 157 55 vers
541 1814 118 55 un
599 1814 176 55 monde
717 1814 118 55 de
776 1814 196 55 formes
913 1814 235 55 tendues,
1090 1814 216 55 pleines
1246 1814 118 55 de
1305 1814 196 55 verve,
1423 1814 137 55 qu’il

112 1862 181 61 quitte
239 1862 109 61 de
293 1862 199 61 nouveau
438 1862 199 61 bientôt
583 1862 145 61 pour
673 1862 109 61 se
728 1862 199 61 diriger
873 1862 145 61 vers
963 1862 127 61 une
1036 1862 217 61 tonalité
1199 1862 109 61 de
1253 1862 217 61 peinture
1416 1862 109 61 de
1452 1862 109 61 plus

110 1914 112 56 en
166 1914 149 56 plus
259 1914 316 56 différenciée.
519 1914 130 56 Son
594 1914 204 56 suicide
742 1914 186 56 brisa,
872 1914 112 56 en
928 1914 167 56 1959,
1040 1914 112 56 ce
1095 1914 242 56 processus
1281 1914 279 56 perceptible
1486 1914 74 56 du

112 1967 323 46 développement
378 1967 152 46 d’un
473 1967 152 46 vrai
568 1967 95 46 «
606 1967 209 46 peintre
739 1967 76 46 ».

1386 2133 102 48 5
