1683 2218
299 336 285 60 Commissaire
527 336 209 60 Général
679 336 95 60 :
718 336 133 60 Dr.
794 336 190 60 Werner
908 336 171 60 Hofmann

300 391 230 71 Directeur
477 391 106 71 du
531 391 159 71 Musée
637 391 106 71 du
690 391 124 71 XXe
761 391 177 71 siècle
885 391 106 71 de
921 391 159 71 Vienne.

135 525 174 72 Cette
251 525 193 72 année,
386 525 270 72 l’Autriche
598 525 251 72 participe
791 525 154 72 pour
888 525 116 72 la
946 525 232 72 première
1119 525 154 72 fois
1216 525 97 72 à
1254 525 116 72 la
1312 525 232 72 Biennale
1467 525 77 72 de

103 586 185 60 Paris.
232 586 111 60 En
287 586 166 60 1959,
398 586 148 60 seul
491 586 333 60 Hundertwasser,
768 586 129 60 par
842 586 351 60 l’intermédiaire
1137 586 111 60 du
1193 586 92 60 «
1230 586 166 60 choix
1341 586 129 60 des
1396 586 148 60 jeunes

101 626 247 68 critiques
291 626 95 68 »
329 626 95 68 a
367 626 114 68 pu
424 626 209 68 prendre
576 626 152 68 part
671 626 95 68 à
709 626 171 68 cette
823 626 323 68 manifestation
1089 626 285 68 importante.
1317 626 114 68 Ce
1355 626 190 68 peintre,

103 682 125 60 qui
174 682 107 60 se
228 682 125 60 dit
299 682 249 60 volontiers
495 682 249 60 l’héritier
691 682 107 60 du
744 682 249 60 linéarisme
940 682 285 60 mélancolique
1172 682 125 60 des
1225 682 321 60 expressionnistes

101 719 293 64 autrichiens,
339 719 183 64 aurait
467 719 183 64 mérité
595 719 128 64 une
668 719 165 64 place
778 719 110 64 de
832 719 165 64 choix
942 719 146 64 dans
1034 719 110 64 la
1089 719 238 64 sélection
1272 719 110 64 de
1326 719 165 64 notre
1418 719 128 64 pays.

104 767 135 67 Des
181 767 289 67 difficultés
412 767 289 67 techniques,
643 767 270 67 provoquées
855 767 135 67 par
932 767 154 67 deux
1029 767 289 67 importantes
1260 767 289 67 expositions
1472 767 77 67 de

104 818 230 57 l’artiste
281 818 106 57 au
334 818 177 57 dapon,
458 818 124 57 ont
529 818 141 57 fait
617 818 194 57 échouer
759 818 106 57 ce
794 818 159 57 projet.

136 858 132 64 Mon
212 858 170 64 choix
325 858 208 64 propose
476 858 151 64 deux
570 858 245 64 peintres,
759 858 113 64 un
815 858 358 64 peintre-graveur
1117 858 113 64 et
1174 858 113 64 un
1230 858 264 64 sculpteur.
1419 858 132 64 Josef

104 904 152 64 Mikl
199 904 133 64 est
275 904 114 64 un
332 904 209 64 artiste
485 904 171 64 d’une
599 904 152 64 main
694 904 152 64 sûre
789 904 114 64 et
847 904 209 64 rapide.
999 904 209 64 Certes,
1151 904 171 64 cette
1265 904 248 64 peinture,
1437 904 114 64 dont

104 948 113 71 on
161 948 94 71 a
198 948 169 71 vanté
311 948 113 71 le
367 948 244 71 colorisme
555 948 263 71 idéalisant
761 948 113 71 du
818 948 207 71 Baroque
968 948 131 71 (le
1043 948 169 71 bleu,
1156 948 113 71 le
1212 948 188 71 rouge,
1343 948 113 71 le
1381 948 169 71 jaune),

104 1004 217 57 découle,
267 1004 109 57 si
321 1004 145 57 l’on
412 1004 145 57 veut
502 1004 91 57 à
538 1004 145 57 tout
629 1004 145 57 prix
719 1004 163 57 avoir
828 1004 199 57 recours
973 1004 127 57 aux
1045 1004 272 57 traditions,
1262 1004 109 57 de
1317 1004 163 57 cette
1407 1004 145 57 exubé-

105 1042 165 72 rance
215 1042 220 72 spatiale
379 1042 128 72 que
453 1042 147 72 l’on
544 1042 183 72 trouve
673 1042 147 72 déjà
764 1042 147 72 dans
856 1042 128 72 les
929 1042 220 72 fresques
1094 1042 110 72 de
1149 1042 128 72 nos
1222 1042 202 72 églises
1369 1042 110 72 et
1405 1042 147 72 monas-

102 1087 174 65 tères
218 1087 116 65 du
276 1087 193 65 XVIIIe
411 1087 213 65 siècle.
566 1087 116 65 Le
624 1087 193 65 rythme
759 1087 135 65 des
837 1087 193 65 toiles
972 1087 135 65 est
1049 1087 193 65 simple
1185 1087 116 65 et
1243 1087 271 65 concentré,
1436 1087 116 65 sans

105 1145 270 64 recherche,
317 1145 116 64 ni
375 1145 212 64 calcul,
530 1145 116 64 ni
587 1145 328 64 exaspération.
858 1145 116 64 Ce
916 1145 174 64 n’est
1032 1145 135 64 pas
1109 1145 135 64 une
1186 1145 232 64 peinture
1360 1145 116 64 de
1399 1145 154 64 petits

107 1192 213 70 moyens;
261 1192 155 70 elle
358 1192 213 70 respire
494 1192 232 70 largement.

137 1216 115 78 La
194 1216 230 78 position
367 1216 230 78 d’Arnulf
539 1216 191 78 Rainer
673 1216 134 78 est
749 1216 249 78 nettement
941 1216 268 78 ascétique.
1151 1216 134 78 Ses
1228 1216 211 78 efforts
1362 1216 191 78 austères

105 1288 149 52 sont
198 1288 297 52 parfaitement
440 1288 241 52 légitimes
625 1288 93 52 à
663 1288 130 52 une
737 1288 186 52 époque
867 1288 130 52 qui
941 1288 167 52 subit
1053 1288 130 52 une
1127 1288 241 52 véritable
1313 1288 241 52 inflation
1480 1288 74 52 de

106 1332 92 55 «
142 1332 257 55 sensations
344 1332 92 55 »
381 1332 257 55 visuelles.
583 1332 128 55 Ses
656 1332 183 55 toiles
784 1332 257 55 prétendent
986 1332 128 55 que
1060 1332 110 55 la
1115 1332 239 55 plénitude
1298 1332 110 55 ne
1353 1332 110 55 se
1390 1332 165 55 cherche

106 1393 123 43 pas
177 1393 88 43 à
212 1393 106 43 la
265 1393 212 43 surface,
424 1393 141 43 mais
512 1393 212 43 derrière
671 1393 229 43 celle-ci.
847 1393 106 43 La
900 1393 159 43 toile
1006 1393 194 43 devient
1147 1393 106 43 un
1200 1393 141 43 lieu
1288 1393 106 43 de
1324 1393 229 43 méditation.

106 1423 198 55 L’acte
245 1423 119 55 de
305 1423 238 55 peindre,
483 1423 258 55 dépouillé
682 1423 139 55 des
761 1423 198 55 gestes
900 1423 238 55 bruyants
1079 1423 119 55 et
1138 1423 198 55 libéré
1277 1423 139 55 des
1337 1423 218 55 prétextes

104 1461 276 65 figuratifs,
324 1461 110 65 se
379 1461 147 65 voue
471 1461 110 65 au
526 1461 165 65 culte
637 1461 110 65 du
692 1461 92 65 «
729 1461 184 65 semper
857 1461 165 65 eadem
968 1461 110 65 »,
1023 1461 221 65 refusant
1188 1461 129 65 cet
1243 1461 313 65 exhibitionnisme

106 1520 220 49 éphémère
271 1520 110 49 du
326 1520 92 49 «
362 1520 293 49 divertissant
601 1520 110 49 »,
656 1520 147 49 dont
747 1520 165 49 notre
857 1520 293 49 civilisation
1096 1520 147 49 nous
1187 1520 165 49 rabat
1297 1520 128 49 les
1352 1520 202 49 oreilles.

141 1551 136 65 Les
218 1551 291 65 eaux-fortes
451 1551 233 65 romaines
626 1551 213 65 d’Anton
781 1551 213 65 Lehmden
936 1551 233 65 prouvent
1111 1551 136 65 que
1188 1551 175 65 cette
1305 1551 175 65 ville
1402 1551 155 65 millé-

109 1599 183 64 naire,
237 1599 128 64 aux
310 1599 311 64 exploitations
566 1599 275 64 artistiques
786 1599 311 64 innombrables,
1042 1599 165 64 garde
1152 1599 220 64 toujours
1317 1599 128 64 ses
1372 1599 183 64 secrets.

108 1659 110 59 Il
163 1659 183 59 suffit
291 1659 110 59 de
346 1659 275 59 l’approcher
566 1659 147 59 sous
658 1659 202 59 l’angle
804 1659 183 59 intime
933 1659 110 59 de
988 1659 110 59 la
1043 1659 293 59 défaillance,
1281 1659 110 59 de
1336 1659 165 59 cette
1428 1659 128 59 lente

109 1704 244 54 décadence
297 1704 131 54 des
372 1704 188 54 choses
504 1704 169 54 dites
616 1704 207 54 mortes,
766 1704 131 54 qui
842 1704 188 54 dégage
973 1704 131 54 une
1048 1704 131 54 vie
1123 1704 207 54 étrange
1273 1704 113 54 et
1311 1704 244 54 fascinante.

143 1737 142 74 Les
224 1737 283 74 sculptures
446 1737 263 74 d’Andreas
648 1737 222 74 Urteil,
810 1737 182 74 élève
931 1737 121 74 de
992 1737 243 74 Wotruba,
1174 1737 243 74 semblent
1356 1737 202 74 encore
1477 1737 81 74 se

110 1790 245 68 chercher.
298 1790 245 68 Plusieurs
487 1790 358 68 préoccupations,
788 1790 151 68 dont
882 1790 207 68 chacune
1032 1790 132 68 est
1107 1790 245 68 légitime,
1296 1790 132 68 s’y
1352 1790 207 68 disputent

109 1842 116 54 la
167 1842 290 54 prévalence:
399 1842 116 54 la
457 1842 251 54 recherche
650 1842 174 54 d’une
766 1842 271 54 figuration
978 1842 251 54 mythique,
1172 1842 116 54 la
1229 1842 213 54 volonté
1365 1842 193 54 spatiale

109 1877 112 83 et
165 1877 243 83 dynamique
352 1877 112 83 et
408 1877 205 83 l’amour
558 1877 112 83 de
614 1877 112 83 la
670 1877 187 83 pierre
801 1877 112 83 en
857 1877 149 83 tant
950 1877 131 83 que
1025 1877 168 83 masse
1137 1877 168 83 dense
1249 1877 112 83 et
1286 1877 131 83 rude.

1190 1943 229 84 Werner
1328 1943 229 84 Hofmann.
