1704 2207
1331 11 352 97 ESPAGNE

296 464 250 93 Commissaire
496 464 200 93 Général:
646 464 216 93 Manuel
796 464 183 93 Condé

296 522 202 67 Critique
431 522 135 67 d’Art.

137 773 107 85 Le
191 773 178 85 groupe
315 773 249 85 d’artistes
511 773 285 85 sélectionnés
742 773 142 85 pour
831 773 267 85 représenter
1044 773 124 85 les
1115 773 142 85 arts
1204 773 249 85 plastiques
1382 773 160 85 actuels

100 858 271 49 d’Espagne,
313 858 155 49 dans
410 858 174 49 cette
526 858 233 49 Biennale
700 858 116 49 de
758 858 194 49 Paris,
894 858 97 49 a
933 858 136 49 été
1010 858 194 49 choisi
1146 858 155 49 avec
1223 858 136 49 soin.

139 873 150 92 Nous
233 873 169 92 avons
345 873 206 92 surtout
495 873 225 92 prétendu
664 873 187 92 offrir
795 873 112 92 un
851 873 225 92 ensemble
1020 873 112 92 de
1076 873 318 92 personnalités
1319 873 225 92 nouvelles,

101 953 114 51 un
158 953 247 51 panorama,
348 953 114 51 le
405 953 152 51 plus
500 953 209 51 complet
652 953 247 51 possible,
841 953 133 51 des
917 953 285 51 différentes
1145 953 247 51 tendances
1316 953 228 51 plastiques

100 992 223 70 existant
267 992 278 70 aujourd’hui
490 992 148 70 dans
583 992 111 70 le
638 992 167 70 monde
750 992 111 70 et
805 992 130 70 qui
879 992 148 70 dans
972 992 167 70 notre
1083 992 148 70 pays
1176 992 130 70 ont
1250 992 111 70 un
1306 992 167 70 essor
1399 992 148 70 consi

80 1052 198 59 dérable.

141 1099 338 53 Naturellement,
423 1099 131 53 les
498 1099 225 53 artistes
666 1099 300 53 sélectionnés
910 1099 131 53 ici
985 1099 150 53 sont
1079 1099 188 53 jeunes
1210 1099 113 53 et
1267 1099 150 53 leur
1360 1099 169 53 œuvre
1454 1099 94 53 est

101 1143 117 68 en
160 1143 254 68 évolution
356 1143 274 68 constante.
571 1143 176 68 C’est
688 1143 156 68 pour
786 1143 156 68 cela
883 1143 137 68 que
962 1143 156 68 nous
1059 1143 176 68 avons
1177 1143 137 68 cru
1255 1143 293 68 intéressant
1470 1143 78 68 de

100 1196 258 66 souligner
299 1196 119 66 ce
358 1196 258 66 caractère
557 1196 238 66 d’essai,
735 1196 119 66 de
795 1196 258 66 recherche
993 1196 298 66 incessante,
1231 1196 139 66 que
1311 1196 198 66 révèle
1430 1196 119 66 tout

104 1254 204 60 artiste
233 1254 148 60 jeune.

140 1296 113 64 Il
197 1296 94 64 a
234 1296 131 64 été
309 1296 150 64 tenu
403 1296 188 64 compte
534 1296 113 64 de
591 1296 150 64 deux
685 1296 206 64 groupes
835 1296 263 64 essentiels
1041 1296 150 64 pour
1135 1296 225 64 réaliser
1304 1296 113 64 la
1342 1296 206 64 sélection

105 1349 113 65 de
162 1349 244 65 peinture.
349 1349 169 65 Celui
462 1349 131 65 des
537 1349 263 65 plastiques
743 1349 281 65 figuratifs,
968 1349 150 65 mais
1062 1349 150 65 avec
1156 1349 131 65 une
1231 1349 263 65 conception
1437 1349 113 65 de
1475 1349 75 65 la

103 1402 266 58 figuration
312 1402 152 58 très
407 1402 247 58 distillée
597 1402 114 58 et
654 1402 247 58 profonde.
844 1402 266 58 Figuration
1053 1402 95 58 à
1091 1402 304 58 l’espagnole,
1319 1402 228 58 agressive,

104 1450 171 57 dure,
218 1450 304 57 synthétique,
465 1450 209 57 baroque
617 1450 152 57 dans
712 1450 285 57 l’intention
941 1450 114 57 et
998 1450 285 57 élémentaire
1226 1450 152 57 dans
1321 1450 114 57 le
1359 1450 190 57 langage,

103 1507 387 52 expressionnisme
429 1507 122 52 de
490 1507 204 52 racine
633 1507 306 52 hispanique,
857 1507 224 52 ibérique.

143 1564 198 55 L’autre
287 1564 180 55 groupe
413 1564 234 55 pictural,
594 1564 144 55 plus
684 1564 234 55 nombreux,
864 1564 126 55 est
936 1564 234 55 constitué
1116 1564 126 55 par
1188 1564 126 55 les
1243 1564 306 55 non

106 1603 154 70 dans
202 1603 116 70 un
260 1603 231 70 ensemble
433 1603 154 70 qui,
530 1603 96 70 à
568 1603 173 70 notre
684 1603 173 70 point
799 1603 116 70 de
857 1603 154 70 vue,
954 1603 270 70 représente
1166 1603 154 70 bien
1262 1603 135 70 les
1320 1603 231 70 intentions

104 1657 272 61 générales
313 1657 146 61 des
397 1657 209 61 jeunes
544 1657 251 61 artistes
711 1657 251 61 d’Espagne.

145 1697 113 60 Un
202 1697 169 60 grand
314 1697 169 60 poète
427 1697 244 60 espagnol,
614 1697 150 60 Juan
708 1697 169 60 Ramôn
821 1697 225 60 Jimenez,
990 1697 188 60 disait
1121 1697 131 60 que
1196 1697 113 60 la
1253 1697 94 60 «
1271 1697 282 60 personnalité»

108 1767 148 45 dans
201 1767 167 45 l’art
312 1767 167 45 était
423 1767 167 45 faite
534 1767 130 45 par
608 1767 111 45 la
664 1767 259 45 trouvaille
867 1767 111 45 et
923 1767 241 45 l’accent.
1108 1767 148 45 Nous
1200 1767 204 45 croyons
1348 1767 167 45 donc,
1441 1767 111 45 nous

107 1815 254 48 espérons,
303 1815 137 48 que
381 1815 117 48 ce
439 1815 195 48 groupe
576 1815 117 48 de
634 1815 234 48 peintres
810 1815 254 48 espagnols
1005 1815 195 48 jeunes
1141 1815 176 48 aura,
1258 1815 156 48 tout
1356 1815 117 48 au
1395 1815 156 48 moins,

109 1862 110 52 un
164 1862 201 52 accent,
310 1862 293 52 c’est-à-dire
548 1862 110 52 un
603 1862 238 52 caractère
786 1862 110 52 de
841 1862 146 52 race
932 1862 110 52 et
987 1862 110 52 de
1042 1862 201 52 diction
1170 1862 275 52 individuelle.

1238 1947 225 71 Manuel
1374 1947 180 71 Condé.
