1818 2207
260 24 407 69 MANIFESTATIONS
589 24 252 69 ANNEXES

748 550 357 84 EXPOSITION
1037 550 156 84 JAN
1104 550 357 84 LEBENSTEIN

438 639 89 70 A
474 639 107 70 la
527 639 214 70 Biennale
688 639 160 70 1959,
794 639 107 70 la
848 639 160 70 Ville
955 639 107 70 de
1008 639 160 70 Paris
1115 639 196 70 offrait
1258 639 107 70 un
1311 639 143 70 prix
1400 639 125 70 qui
1471 639 249 70 consistait
1667 639 107 70 en
1703 639 89 70 une

402 693 263 52 exposition
609 693 300 52 particulière
853 693 150 52 dans
947 693 150 52 l’un
1041 693 113 52 de
1097 693 131 52 ses
1172 693 207 52 musées.
1322 693 131 52 Jan
1398 693 263 52 Lebenstein
1604 693 113 52 en
1661 693 131 52 fut
1717 693 75 52 le

383 735 180 57 lauréat.

439 746 289 83 Conformément
673 746 90 83 à
710 746 126 83 ces
782 746 307 83 dispositions,
1034 746 289 83 l’exposition
1269 746 126 83 Jan
1341 746 253 83 Lebenstein
1539 746 126 83 est
1594 746 198 83 présentée

403 806 128 62 par
476 806 110 62 la
531 806 165 62 Ville
641 806 110 62 de
695 806 183 62 Paris,
823 806 201 62 pendant
970 806 165 62 toute
1080 806 110 62 la
1134 806 165 62 durée
1244 806 110 62 de
1299 806 110 62 la
1354 806 220 62 deuxième
1519 806 238 62 Biennale,
1683 806 110 62 dans

399 854 139 56 les
478 854 198 56 salles
617 854 119 56 du
677 854 178 56 Musée
796 854 178 56 d’Art
914 854 218 56 moderne
1073 854 119 56 de
1132 854 119 56 la
1192 854 178 56 Ville
1311 854 119 56 de
1350 854 159 56 Paris.

623 1430 345 75 DEUXIÈME
899 1430 322 75 EXPOSITION
1128 1430 460 75 INTERNATIONALE

704 1500 192 70 DE
824 1500 311 70 SCULPTURE
1039 1500 455 70 CONTEMPORAINE

430 1582 149 60 Pour
524 1582 112 60 la
580 1582 205 60 seconde
729 1582 168 60 fois,
841 1582 112 60 la
897 1582 299 60 conservation
1140 1582 112 60 du
1196 1582 168 60 Musée
1308 1582 168 60 Rodin
1420 1582 224 60 organise
1589 1582 131 60 une
1645 1582 149 60 grande

397 1632 241 52 exposition
586 1632 103 52 de
638 1632 293 52 confrontation
879 1632 328 52 internationale,
1155 1632 86 52 à
1190 1632 207 52 laquelle
1345 1632 259 52 participent
1552 1632 155 52 cette
1638 1632 155 52 fois

397 1680 246 49 vingt-huit
591 1680 158 49 pays,
696 1680 140 49 plus
784 1680 105 49 la
836 1680 176 49 France
959 1680 105 49 et
1012 1680 193 49 l’Ecole
1152 1680 105 49 de
1188 1680 140 49 Paris.

427 1708 184 46 Cette
549 1708 347 46 manifestation
835 1708 245 46 s’impose
1018 1708 184 46 comme
1141 1708 122 46 un
1202 1708 286 46 complément
1427 1708 122 46 de
1488 1708 122 46 la
1549 1708 245 46 Biennale
1712 1708 82 46 de

398 1749 194 51 Paris,
533 1749 291 51 puisqu’elle
766 1749 116 51 ne
824 1749 252 51 comprend,
1018 1749 116 51 en
1076 1749 233 51 général,
1251 1749 136 51 que
1329 1749 136 51 des
1406 1749 233 51 artistes
1581 1749 116 51 de
1639 1749 155 51 plus
1716 1749 78 51 de

394 1783 273 64 trente-cinq
594 1783 109 64 ans.

932 1851 243 66 MUSÉE
1067 1851 189 66 RODIN

679 1895 133 66 77,
755 1895 133 66 rue
831 1895 114 66 de
889 1895 229 66 Varenne,
1060 1895 172 66 Paris
1175 1895 153 66 (7e)
1270 1895 95 66 —
1308 1895 153 66 INV.
1385 1895 133 66 01

703 1944 266 48 Exposition
912 1944 114 48 du
969 1944 114 48 30
1026 1944 152 48 juin
1122 1944 114 48 au
1179 1944 114 48 15
1236 1944 209 48 octobre
1369 1944 133 48 1961.

557 1975 153 78 Tous
653 1975 134 78 les
729 1975 192 78 jours,
864 1975 153 78 sauf
960 1975 115 78 le
1017 1975 192 78 mardi,
1151 1975 115 78 de
1209 1975 115 78 13
1266 1975 192 78 heures
1401 1975 96 78 à
1439 1975 115 78 18
1477 1975 173 78 heures.

443 2130 107 56 142
