1818 2207
192 25 429 84 ÉTATS

551 450 220 64 Commissaire
728 450 162 64 Général
845 450 73 64 :
875 450 206 64 Darthea
1022 450 176 64 Speyer

547 480 196 48 Attaché
690 480 214 48 Culturel
832 480 107 48 près

548 510 277 64 l’Ambassade
769 510 129 64 des
843 510 259 64 Etats-Unis
1047 510 92 64 à
1065 510 148 64 Paris.

390 794 148 66 Pour
482 794 111 66 la
537 794 222 66 deuxième
704 794 166 66 fois,
815 794 111 66 la
870 794 222 66 Biennale
1037 794 111 66 de
1092 794 166 66 Paris
1203 794 166 66 offre
1314 794 129 66 aux
1388 794 185 66 jeunes
1517 794 222 66 artistes
1665 794 74 66 du

358 855 166 55 monde
468 855 184 55 entier
597 855 258 55 l’occasion
800 855 111 55 de
856 855 166 55 faire
966 855 111 55 le
1022 855 166 55 point
1132 855 111 55 et
1188 855 111 55 de
1243 855 111 55 se
1298 855 277 55 confronter.
1520 855 129 55 Les
1575 855 166 55 limites

356 910 243 44 strictes,
544 910 112 44 en
600 910 112 44 ce
656 910 131 44 qui
731 910 225 44 concerne
899 910 169 44 l’âge
1012 910 131 44 des
1087 910 243 44 exposants
1274 910 112 44 et
1330 910 225 44 l’espace
1499 910 131 44 qui
1573 910 150 44 leur
1648 910 94 44 est

356 950 219 59 proposé,
520 950 109 59 ne
574 950 200 59 peuvent
720 950 237 59 permettre
903 950 109 59 de
957 950 182 59 donner
1085 950 128 59 une
1158 950 128 59 vue
1231 950 219 59 complète
1395 950 128 59 sur
1468 950 128 59 les
1522 950 219 59 tentatives

355 1003 158 55 d’une
461 1003 246 55 génération
654 1003 140 55 dans
742 1003 105 55 un
794 1003 140 55 pays
882 1003 123 55 tel
952 1003 123 55 que
1022 1003 123 55 les
1093 1003 263 55 Etats-Unis.
1303 1003 140 55 Tout
1391 1003 158 55 choix
1496 1003 140 55 peut
1566 1003 176 55 paraître

341 1056 209 51 arbitraire.

388 1099 165 83 Cette
498 1099 165 83 année
607 1099 128 83 les
681 1099 183 83 œuvres
809 1099 201 83 réunies
955 1099 128 83 ont
1029 1099 128 83 été
1102 1099 238 83 réalisées
1285 1099 128 83 par
1358 1099 128 83 des
1432 1099 220 83 artistes
1578 1099 165 83 attirés

354 1160 126 51 par
426 1160 108 51 la
480 1160 199 51 France.
625 1160 126 51 Les
697 1160 126 51 uns
769 1160 144 51 sont
859 1160 144 51 très
950 1160 199 51 jeunes,
1094 1160 108 51 en
1148 1160 181 51 pleine
1275 1160 253 51 découverte
1473 1160 271 51 d’eux-mêmes
1672 1160 72 51 et

353 1204 113 55 du
410 1204 189 55 monde.
542 1204 227 55 D’autres
712 1204 151 55 déjà
807 1204 113 55 se
863 1204 151 55 sont
939 1204 208 55 affirmés.

384 1255 113 67 On
441 1255 264 67 retrouvera
649 1255 113 67 la
705 1255 227 67 tendance
875 1255 246 67 dominante
1064 1255 113 67 de
1121 1255 208 67 l’école
1272 1255 113 67 de
1328 1255 246 67 New-York,
1498 1255 246 67 vigoureuse,

354 1303 207 61 parfois
504 1303 207 61 jusqu’à
655 1303 113 61 la
711 1303 244 61 violence,
899 1303 150 61 mais
993 1303 244 61 certaines
1181 1303 188 61 œuvres
1312 1303 207 61 mettent
1462 1303 113 61 en
1519 1303 207 61 lumière
1650 1303 94 61 des

354 1363 260 53 recherches
559 1363 149 53 tout
652 1363 93 53 à
689 1363 149 53 fait
781 1363 279 53 différentes
1004 1363 111 53 de
1060 1363 204 53 matière
1209 1363 111 53 ou
1264 1363 297 53 d’atmosphère
1506 1363 167 53 qu’il
1598 1363 149 53 serait

354 1414 111 52 du
409 1414 166 52 reste
519 1414 240 52 difficile
704 1414 111 52 ou
759 1414 147 52 même
851 1414 147 52 faux
943 1414 111 52 de
998 1414 203 52 vouloir
1146 1414 203 52 classer
1293 1414 147 52 dans
1385 1414 111 52 un
1422 1414 166 52 groupe.

387 1461 105 65 Il
439 1461 122 65 est
509 1461 261 65 intéressant
718 1461 105 65 de
770 1461 139 65 voir
857 1461 192 65 chacun,
997 1461 87 65 à
1031 1461 192 65 l’heure
1171 1461 105 65 la
1223 1461 139 65 plus
1310 1461 192 65 fraîche
1450 1461 105 65 de
1502 1461 105 65 sa
1537 1461 209 65 recherche,

355 1504 196 67 prouver
498 1504 107 67 sa
551 1504 196 67 volonté
694 1504 107 67 et
747 1504 250 67 s’exprimer
944 1504 143 67 avec
1033 1504 232 67 sincérité
1211 1504 125 67 aux
1282 1504 178 67 prises
1407 1504 143 67 avec
1496 1504 125 67 les
1550 1504 196 67 problèmes

355 1568 341 57 d’aujourd’hui,
639 1568 151 57 avec
734 1568 133 57 ses
809 1568 208 57 propres
942 1568 227 57 problèmes.

388 1615 139 63 Neuf
475 1615 227 63 peintres,
649 1615 105 63 un
701 1615 244 63 sculpteur,
893 1615 139 63 cinq
980 1615 209 63 graveurs
1137 1615 122 63 ont
1207 1615 139 63 donc
1294 1615 105 63 le
1346 1615 227 63 privilège
1520 1615 122 63 que
1573 1615 174 63 d’autres

355 1665 177 72 auront
479 1665 88 72 à
514 1665 141 72 leur
603 1665 159 72 tour,
709 1665 106 72 de
762 1665 194 72 prendre
903 1665 141 72 part
991 1665 88 72 à
1026 1665 159 72 cette
1132 1665 194 72 vivante
1256 1665 212 72 rencontre.

387 1712 220 61 Peut-on
547 1712 220 61 déceler
708 1712 120 61 un
768 1712 180 61 trait
888 1712 200 61 commun
1028 1712 241 61 expliqué
1209 1712 140 61 par
1289 1712 140 61 une
1369 1712 220 61 origine
1530 1712 241 61 commune,
1690 1712 60 61 à

353 1764 195 71 travers
495 1764 142 71 tant
583 1764 106 71 de
636 1764 248 71 diversité?
831 1764 88 71 A
866 1764 212 71 pareille
1026 1764 230 71 question,
1203 1764 106 71 la
1256 1764 230 71 Biennale,
1433 1764 124 71 par
1503 1764 124 71 son
1556 1764 195 71 ampleufr,

355 1818 155 69 peut
451 1818 251 69 permettre
644 1818 174 69 sinon
760 1818 116 69 de
818 1818 232 69 répondre
992 1818 116 69 du
1050 1818 174 69 moins
1166 1818 116 69 de
1205 1818 193 69 méditer.

1440 1967 214 83 Darthea
1576 1967 175 83 Speyer.
