1818 2197
200 9 465 71 LUXEMBOURG

565 439 239 67 Commissaire
756 439 175 67 Général
884 439 80 67 :
916 439 223 67 Edouard
1076 439 191 67 Probst

562 489 260 50 Conseiller
767 489 111 50 du
804 489 260 50 Gouvernement

562 519 102 74 au
613 519 222 74 Ministère
784 519 102 74 de
835 519 256 74 l’Education
1023 519 205 74 Nationale.

405 812 172 54 Comme
520 812 153 54 pour
615 812 115 54 la
673 812 230 54 première
845 812 249 54 Biennale,
1036 812 115 54 le
1094 812 172 54 souci
1208 812 325 54 d’homogénéité
1476 812 96 54 a
1514 812 191 54 encore
1629 812 134 54 guidé

373 850 110 72 le
428 850 165 72 choix
537 850 128 72 des
611 850 220 72 artistes
775 850 293 72 représentant
1013 850 110 72 le
1068 850 275 72 Luxembourg.
1288 850 146 72 Mais
1380 850 165 72 alors
1489 850 165 72 qu’il
1599 850 92 72 y
1636 850 92 72 a
1654 850 110 72 deux

372 915 130 50 ans
447 915 167 50 notre
558 915 167 50 envoi
669 915 260 50 comprenait
873 915 130 50 des
948 915 186 50 œuvres
1078 915 260 50 reflétant,
1282 915 148 50 plus
1374 915 111 50 ou
1430 915 167 50 moins
1523 915 241 50 transformé,

373 955 106 61 le
426 955 159 61 monde
532 955 247 61 extérieur,
726 955 123 61 les
796 955 212 61 peintres
955 955 159 61 Henri
1061 955 247 61 Dillenburg
1255 955 106 61 et
1308 955 159 61 Roger
1413 955 229 61 Bertemes,
1590 955 106 61 le
1625 955 141 61 dessi-

373 1008 186 68 nateur
503 1008 130 68 Ben
578 1008 186 68 Heyart
707 1008 111 68 et
763 1008 111 68 le
819 1008 241 68 sculpteur
1004 1008 186 68 Robert
1134 1008 204 68 Kemmer,
1283 1008 130 68 qui
1357 1008 223 68 exposent
1524 1008 167 68 cette
1617 1008 148 68 année,

374 1060 109 58 se
428 1060 145 58 sont
519 1060 163 58 voués
627 1060 109 58 au
681 1060 326 58 non-figuratif.
953 1060 127 58 Ils
1025 1060 109 58 en
1079 1060 235 58 explorent
1260 1060 235 58 largement
1441 1060 127 58 les
1496 1060 271 58 possibilités:

375 1117 267 55 Dillenburg
585 1117 114 55 et
642 1117 248 55 Bertemes,
833 1117 114 55 le
890 1117 210 55 domaine
1042 1117 114 55 du
1100 1117 305 55 géométrique,
1347 1117 133 55 des
1424 1117 191 55 formes
1538 1117 229 55 élaborées,

370 1167 320 57 charpentées;
630 1167 200 57 Heyart
770 1167 120 57 et
830 1167 220 57 Kemmer,
990 1167 260 57 l’étendue
1189 1167 160 57 plus
1289 1167 220 57 dégagée
1449 1167 200 57 qu’est
1589 1167 180 57 celle
1689 1167 80 57 de

374 1213 273 57 l’invention
592 1213 236 57 spontanée
774 1213 109 57 et
810 1213 182 57 ingénue.

405 1270 231 56 Renonçant
583 1270 89 56 à
618 1270 213 56 morceler
778 1270 124 56 les
849 1270 213 56 surfaces
1008 1270 106 56 au
1062 1270 160 56 point
1168 1270 106 56 de
1221 1270 124 56 les
1292 1270 231 56 émietter,
1469 1270 160 56 Henri
1558 1270 213 56 Dillenburg

373 1320 113 47 se
430 1320 189 47 tourne
562 1320 151 47 vers
656 1320 132 47 des
732 1320 264 47 structures
939 1320 245 47 austères,
1128 1320 170 47 qu’on
1241 1320 189 47 dirait
1374 1320 283 47 développées
1600 1320 94 47 à
1619 1320 151 47 partir

372 1369 149 61 d’un
466 1369 205 61 élément
615 1369 280 61 générateur.
839 1369 112 61 La
895 1369 224 61 sévérité
1063 1369 112 61 de
1119 1369 131 61 ces
1194 1369 280 61 déductions,
1418 1369 112 61 il
1474 1369 112 61 la
1530 1369 224 61 compense
1680 1369 93 61 par

373 1421 113 48 la
430 1421 208 48 chaleur
581 1421 113 48 du
638 1421 227 48 coloris.
808 1421 170 48 Roger
921 1421 227 48 Bertemes
1091 1421 113 48 ne
1148 1421 208 48 cherche
1299 1421 132 48 pas
1375 1421 170 48 cette
1488 1421 246 48 polarité.
1659 1421 113 48 Chez

374 1474 140 48 lui,
462 1474 123 48 les
532 1474 210 48 contours
690 1474 105 48 et
742 1474 123 48 les
812 1474 140 48 tons
900 1474 315 48 s’équilibrent,
1162 1474 105 48 se
1215 1474 245 48 conciliant
1407 1474 105 48 en
1460 1474 123 48 une
1530 1474 210 48 harmonie
1670 1474 105 48 plus

375 1519 218 50 réservée
539 1519 109 50 et
593 1519 273 50 insinuante.
812 1519 146 50 Pour
903 1519 127 50 Ben
975 1519 200 50 Heyart,
1121 1519 109 50 le
1175 1519 182 50 dessin
1303 1519 218 50 consiste
1467 1519 91 50 à
1503 1519 273 50 interprêter
1703 1519 73 50 la

375 1583 205 53 poussée
525 1583 149 53 d’un
618 1583 168 53 essor
730 1583 168 53 vital
842 1583 243 53 cherchant
1029 1583 131 53 ses
1104 1583 205 53 formes;
1253 1583 187 53 aussi,
1384 1583 112 53 la
1440 1583 336 53 transpose-t-il
1701 1583 75 53 en

376 1628 129 44 des
449 1628 295 44 palpitations
689 1628 111 44 et
744 1628 129 44 des
818 1628 332 44 efflorescences
1095 1628 184 44 telles
1224 1628 129 44 que
1298 1628 129 44 les
1371 1628 258 44 produirait
1574 1628 129 44 une
1629 1628 148 44 nature

375 1678 297 56 imaginaire.
612 1678 198 56 Robert
751 1678 198 56 Kemmer
889 1678 99 56 a
929 1678 217 56 recours
1087 1678 119 56 au
1146 1678 178 56 métal
1265 1678 158 56 pour
1364 1678 257 56 délimiter
1562 1678 119 56 un
1601 1678 178 56 volume,

376 1725 152 52 mais
471 1725 114 52 en
528 1725 247 52 découpant
718 1725 152 52 dans
812 1725 209 52 l’acier
964 1725 133 52 des
1040 1725 190 52 pièces
1173 1725 190 52 menues
1306 1725 171 52 qu’il
1420 1725 228 52 assemble
1590 1725 190 52 autour
1704 1725 76 52 de

377 1777 168 55 larges
495 1777 168 55 vides;
612 1777 101 55 il
662 1777 184 55 appelle
797 1777 101 55 la
847 1777 184 55 lumière
981 1777 101 55 et
1031 1777 101 55 la
1082 1777 134 55 fait
1166 1777 151 55 jouer
1266 1777 117 55 sur
1333 1777 101 55 de
1384 1777 218 55 multiples
1535 1777 184 55 facettes.

1468 1951 216 73 Edouard
1606 1951 177 73 Probst.

428 2105 92 58 76
