1818 2207
202 19 437 52 COSTA

552 319 231 59 Commissaire
736 319 169 59 Général
859 319 77 59 :
890 319 215 59 Joachin
1044 319 200 59 Berrocal

549 352 201 48 Attaché
695 352 219 48 Culturel
841 352 110 48 près

550 378 260 61 l’Ambassade
758 378 104 61 de
810 378 243 61 Costa-Rica
1001 378 87 61 à
1018 378 139 61 Paris.

387 619 158 94 C’est
493 619 105 94 la
545 619 211 94 première
703 619 140 94 fois
791 619 123 94 que
861 619 105 94 le
914 619 246 94 Costa-Rica
1107 619 88 94 a
1142 619 105 94 la
1195 619 263 94 possibilité
1406 619 105 94 de
1458 619 246 94 participer
1651 619 88 94 à
1669 619 70 94 la

356 677 221 63 Biennale
522 677 111 63 de
558 677 148 63 Paris.

384 728 106 79 Il
437 728 123 79 est
508 728 264 79 regrettable
719 728 123 79 que
789 728 123 79 des
860 728 194 79 raisons
1001 728 106 79 de
1053 728 158 79 force
1159 728 194 79 majeure
1300 728 158 79 aient
1406 728 194 79 empêché
1546 728 123 79 nos
1599 728 141 79 jeunes

352 789 219 67 artistes
516 789 110 67 de
571 789 164 67 venir
681 789 219 67 nombreux
845 789 201 67 prendre
991 789 146 67 part
1082 789 91 67 à
1119 789 164 67 cette
1229 789 311 67 manifestation
1484 789 256 67 artistique
1667 789 73 67 de

351 835 206 74 prestige
505 835 206 74 mondial.
660 835 154 74 Cette
762 835 172 74 année,
883 835 103 74 en
934 835 172 74 effet,
1054 835 103 74 le
1105 835 240 74 Costa-Rica
1294 835 103 74 ne
1346 835 172 74 pourra
1466 835 137 74 être
1534 835 206 74 représenté

349 892 126 67 que
421 892 126 67 par
493 892 108 67 un
548 892 144 67 seul
638 892 217 67 artiste,
800 892 144 67 bien
891 892 126 67 que
963 892 108 67 le
1017 892 144 67 pays
1107 892 108 67 en
1161 892 126 67 ait
1234 892 108 67 de
1288 892 235 67 nombreux,
1468 892 144 67 dont
1540 892 199 67 plusieurs

349 930 107 65 de
385 930 160 65 talent.

378 985 131 80 Les
453 985 261 80 mouvements
658 985 131 80 qui
733 985 131 80 s’y
808 985 280 80 manifestent
1032 985 168 80 vont,
1144 985 187 80 depuis
1274 985 131 80 les
1349 985 261 80 figuratifs
1536 985 205 80 jusqu’aux

343 1033 254 75 abstraits,
542 1033 109 75 en
597 1033 199 75 passant
741 1033 127 75 par
814 1033 163 75 toute
923 1033 109 75 la
977 1033 163 75 gamme
1086 1033 127 75 des
1158 1033 181 75 écoles
1285 1033 254 75 nouvelles.
1484 1033 181 75 C’est,
1593 1033 145 75 cepen-

344 1090 167 75 dant,
456 1090 149 75 dans
549 1090 298 75 l’expression
791 1090 242 75 abstraite
977 1090 130 75 que
1052 1090 112 75 se
1107 1090 223 75 plaisent
1275 1090 112 75 de
1331 1090 261 75 préférence
1535 1090 130 75 nos
1591 1090 149 75 jeunes

344 1140 236 78 peintres,
525 1140 91 78 à
561 1140 109 78 la
616 1140 145 78 tête
706 1140 217 78 desquels
869 1140 217 78 pourrait
1032 1140 145 78 être
1123 1140 163 78 nommé
1232 1140 181 78 Manuel
1359 1140 109 78 de
1413 1140 109 78 la
1467 1140 145 78 Cruz
1540 1140 199 78 Gonzâlez.

372 1178 169 92 Cette
485 1178 187 92 année,
616 1178 112 92 le
672 1178 169 92 Costa
784 1178 150 92 Rica
878 1178 262 92 présentera
1084 1178 112 92 le
1140 1178 206 92 peintre
1290 1178 112 92 et
1346 1178 112 92 le
1402 1178 206 92 graveur
1552 1178 150 92 Juan
1627 1178 112 92 Luis

344 1236 227 81 Rodriguez
518 1236 192 81 Sibaja,
657 1236 139 81 dont
744 1236 105 81 le
797 1236 174 81 public
919 1236 209 81 parisien
1076 1236 157 81 saura
1180 1236 227 81 apprécier
1355 1236 122 81 les
1424 1236 174 81 œuvres
1529 1236 209 81 picturales

341 1297 129 73 qui
414 1297 111 73 le
470 1297 240 73 signalent
655 1297 166 73 comme
766 1297 129 73 une
840 1297 185 73 valeur
969 1297 222 73 positive
1135 1297 111 73 de
1191 1297 111 73 la
1246 1297 166 73 jeune
1339 1297 240 73 génération.

1396 1393 208 65 Joachin
1529 1393 208 65 Berrocal.

800 1506 246 83 SECTION
979 1506 179 83 ARTS
1068 1506 269 83 PLASTIQUES

871 1576 251 71 PEINTURE
1060 1576 126 71 ET
1101 1576 168 71 DESSIN

404 1615 216 90 Juan
561 1615 157 90 Luis
659 1615 255 90 RODRIGUEZ
855 1615 294 90 SIBAJA
1090 1615 118 90 né
1149 1615 98 90 à
1188 1615 235 90 San-José
1365 1615 118 90 en
1404 1615 137 90 1934.

353 1666 187 73 1
494 1666 234 73 Broussaille
681 1666 94 73 2,
728 1666 125 73 1961
806 1666 172 73 (huile,
915 1666 172 73 146x114).

351 1712 192 70 2
495 1712 144 70 Chaos
590 1712 239 70 structural,
782 1712 128 70 1961
862 1712 176 70 (huile,
973 1712 176 70 89x130)*.

938 1804 233 61 GRAVURE

401 1843 215 103 Juan
558 1843 156 103 Luis
655 1843 254 103 RODRIGUEZ
850 1843 293 103 SIBAJA
1084 1843 117 103 né
1143 1843 98 103 à
1182 1843 137 103 San
1260 1843 156 103 José
1357 1843 117 103 en
1396 1843 137 103 1934.

350 1903 190 75 3
493 1903 190 75 Eléments
636 1903 174 75 actifs,
763 1903 127 75 1961
842 1903 238 75 (eau-forte,
1016 1903 143 75 30x34).

350 1942 198 79 4
498 1942 148 79 Image
597 1942 214 79 karmique,
762 1942 132 79 1961
844 1942 214 79 (gravure,
993 1942 148 79 35x50).

372 2098 96 46 32
