1768 2207
1494 10 215 68 ISRAEL

119 105 107 88 de
173 105 231 88 constater
350 105 107 88 un
404 105 160 88 fait.
510 105 249 88 Néanmoins,
706 105 142 88 pour
795 105 142 88 ceux
884 105 124 88 qui
955 105 142 88 sont
1044 105 284 88 familiarisés
1275 105 142 88 avec
1346 105 213 88 l’ambiance

122 169 254 66 matérielle
322 169 109 66 et
376 169 309 66 psychologique
631 169 109 66 du
685 169 164 66 pays,
794 169 109 66 il
849 169 91 66 y
885 169 91 66 a
921 169 145 66 dans
1012 169 236 66 plusieurs
1194 169 182 66 toiles
1321 169 218 66 exposées
1466 169 91 66 ici

123 223 144 75 plus
213 223 162 75 d’une
321 223 216 75 allusion
482 223 90 75 à
518 223 162 75 cette
626 223 234 75 ambiance.
806 223 144 75 Elle
895 223 126 75 est
967 223 144 75 plus
1057 223 216 75 lisible,
1219 223 144 75 plus
1309 223 216 75 évidente
1452 223 108 75 dans

124 261 213 74 certains
284 261 213 74 dessins.
444 261 231 74 Toutefois
621 261 142 74 ceux
710 261 124 74 qui
781 261 231 74 cherchent
959 261 178 74 encore
1083 261 142 74 dans
1172 261 107 74 la
1225 261 213 74 peinture
1367 261 195 74 l’expres-

124 316 151 75 sion
219 316 114 75 de
275 316 265 75 l’ambiance
484 316 284 75 spécifique,
711 316 114 75 du
767 316 189 75 climat
900 316 265 75 émotionnel
1108 316 151 75 dans
1203 316 189 75 lequel
1335 316 132 75 vit
1411 316 114 75 et
1448 316 114 75 crée

126 364 255 83 l’artiste,
326 364 145 83 ceux
417 364 127 83 qui
489 364 255 83 souhaitent
689 364 127 83 une
762 364 345 83 différenciation
1053 364 291 83 géographique
1289 364 109 83 ou
1326 364 236 83 idéologique

124 417 131 69 des
199 417 243 69 tendances
386 417 149 69 dans
479 417 168 69 l’art
591 417 187 69 seront
722 417 149 69 sans
815 417 168 69 doute
927 417 205 69 surpris
1077 417 93 69 —
1114 417 112 69 et
1170 417 243 69 peut-être
1357 417 149 69 même
1431 417 131 69 déçus

124 465 90 74 —
160 465 108 74 de
214 465 108 74 ne
268 465 126 74 pas
340 465 252 74 découvrir,
538 465 144 74 dans
628 465 108 74 ce
682 465 126 74 qui
754 465 252 74 représente
953 465 126 74 ici
1025 465 108 74 un
1079 465 198 74 certain
1223 465 180 74 aspect
1349 465 108 74 de
1403 465 108 74 la
1439 465 126 74 jeune

126 516 233 80 peinture
301 516 311 80 israélienne,
553 516 117 80 ni
612 516 117 80 un
670 516 156 80 écho
767 516 117 80 du
826 516 253 80 dynamisme
1020 516 233 80 créateur
1195 516 117 80 de
1254 516 117 80 ce
1312 516 175 80 pays,
1429 516 117 80 ni
1468 516 97 80 une

127 563 192 72 image,
261 563 154 72 plus
357 563 115 72 ou
415 563 173 72 moins
530 563 249 72 poétisée,
722 563 115 72 du
779 563 211 72 paysage
933 563 115 72 et
990 563 134 72 des
1067 563 230 72 visages,
1240 563 115 72 si
1297 563 269 72 émouvants,
1489 563 77 72 de

126 618 111 75 la
181 618 166 75 Terre
292 618 129 75 des
365 618 258 75 Prophètes.
568 618 185 75 Qu’ils
698 618 111 75 se
753 618 240 75 résignent
938 618 148 75 donc
1030 618 92 75 à
1067 618 111 75 ne
1122 618 129 75 pas
1196 618 240 75 retrouver
1380 618 148 75 tout
1454 618 111 75 cela

128 671 146 75 dans
219 671 109 75 le
273 671 182 75 groupe
401 671 255 75 israélien,
601 671 127 75 car
674 671 127 75 ces
746 671 182 75 jeunes
874 671 218 75 artistes
1037 671 109 75 ne
1092 671 237 75 cherchent
1274 671 127 75 pas
1329 671 237 75 l’invention

128 730 154 63 d’un
224 730 192 63 idiome
358 730 250 63 régional,
550 730 154 63 mais
646 730 230 63 désirent
819 730 269 63 s’intégrer
1030 730 134 63 aux
1107 730 288 63 recherches,
1318 730 250 63 s’assimiler

125 782 125 65 au
188 782 230 65 langage
355 782 271 65 universel
564 782 125 65 de
626 782 188 65 l’art
731 782 313 65 contemporain.

166 830 164 65 Ainsi
275 830 109 65 la
330 830 219 65 Biennale
494 830 109 65 de
548 830 164 65 Paris
657 830 127 65 est
730 830 146 65 pour
821 830 127 65 eux
894 830 127 65 une
967 830 237 65 occasion,
1149 830 182 65 unique
1277 830 146 65 dans
1368 830 127 65 son
1422 830 146 65 genre,

129 870 114 76 de
186 870 265 76 confronter
394 870 170 76 leurs
507 870 208 76 efforts
659 870 151 76 avec
753 870 151 76 ceux
848 870 114 76 de
905 870 170 76 leurs
1018 870 246 76 collègues
1208 870 114 76 de
1264 870 227 76 partout.
1435 870 114 76 Ce
1472 870 95 76 qui

130 918 222 77 explique
296 918 111 77 le
351 918 166 77 grand
462 918 203 77 intérêt
610 918 148 77 qu’a
702 918 203 77 éveillé
850 918 148 77 chez
943 918 129 77 nos
1017 918 185 77 jeunes
1146 918 166 77 cette
1257 918 259 77 importante
1442 918 129 77 mani-

128 985 248 66 festation
319 985 267 66 artistique
529 985 191 66 qu’est
663 985 115 66 la
720 985 229 66 Biennale
892 985 115 66 de
930 985 153 66 Paris.

1279 1016 193 77 Haîm
1376 1016 193 77 Gamzu.

614 1504 254 78 SECTION
799 1504 185 78 ARTS
891 1504 278 78 PLASTIQUES

683 1591 267 81 PEINTURE
883 1591 133 81 ET
927 1591 178 81 DESSIN

213 1674 246 76 Audrey
402 1674 303 76 BERGNER
649 1674 133 76 née
724 1674 95 76 à
762 1674 189 76 Sydney
895 1674 114 76 en
932 1674 133 76 1927.

218 1725 197 70 1
365 1725 164 70 Images
480 1725 98 70 du
529 1725 180 70 désert,
660 1725 131 70 1961
742 1725 180 70 (huile,
856 1725 164 70 130x97).

219 1754 189 78 2
361 1754 173 78 Paysage
487 1754 110 78 aux
550 1754 157 78 tentes
660 1754 220 78 bédouines,
833 1754 126 78 1961
912 1754 173 78 (huile,
1038 1754 189 78 73x116).
1164 1754 189 78 Collection

212 1823 156 53 Mme
301 1823 134 53 H.
368 1823 267 53 Bergman,
546 1823 245 53 Tel

213 1865 249 69 Shlomo
404 1865 287 69 CASSOS
634 1865 115 69 né
691 1865 96 69 à
729 1865 268 69 Casablanca
940 1865 115 69 en
978 1865 134 69 1936.

219 1910 196 72 3
365 1910 261 72 Construction
577 1910 98 72 n°
626 1910 98 72 1,
675 1910 130 72 1961
757 1910 179 72 (huile,
871 1910 179 72 120x80)*.

220 1957 187 77 4
360 1957 249 77 Construction
563 1957 93 77 n°
609 1957 93 77 2,
656 1957 124 77 1961
734 1957 171 77 (huile,
842 1957 156 77 116x83).

1408 2099 102 52 65
