<alto xmlns:xsi="http://www.w3.org/2001/XMLSchema-instance" xmlns="http://www.loc.gov/standards/alto/ns-v2#" xmlns:page="http://schema.primaresearch.org/PAGE/gts/pagecontent/2013-07-15" xsi:schemaLocation="http://www.loc.gov/standards/alto/ns-v2# http://www.loc.gov/standards/alto/alto.xsd">
  <Description>
    <MeasurementUnit>mm10</MeasurementUnit>
    <sourceImageInformation>
         <fileName>Cat_Paris_1961-0140.jpg</fileName>
      </sourceImageInformation>
    <OCRProcessing ID="IdOcr">
      <ocrProcessingStep>
        <processingDateTime>2020-11-16T10:46:04.153+01:00</processingDateTime>
        <processingSoftware>
               <softwareCreator>CONTRIBUTORS</softwareCreator>
               <softwareName>pdfalto</softwareName>
               <softwareVersion>0.1</softwareVersion>
            </processingSoftware>
      </ocrProcessingStep>
    </OCRProcessing>
  </Description>
  <Styles>
     <TextStyle ID="FONT0" FONTFAMILY="unknown" FONTSIZE="unknown" FONTSTYLE=""/>
     <TextStyle ID="FONT1" FONTFAMILY="unknown" FONTSIZE="unknown" FONTSTYLE="bold"/>
     <TextStyle ID="FONT2" FONTFAMILY="unknown" FONTSIZE="unknown" FONTSTYLE="italics"/>
</Styles>
  <Tags/>
  <Layout>
    <Page ID="Page1" PHYSICAL_IMG_NR="1" HEIGHT="2197" WIDTH="1875">
      <PrintSpace HEIGHT="2197" WIDTH="1875" VPOS="0" HPOS="0">
        <TextBlock ID="r_1_1" HEIGHT="37" WIDTH="736" VPOS="19" HPOS="992">
          <TextLine ID="tl_1" BASELINE="80" HEIGHT="73" WIDTH="752" VPOS="7" HPOS="984">
            <String HEIGHT="73" WIDTH="175" VPOS="7" HPOS="959" CONTENT="LES" ID="tl_1_1" STYLEREFS="FONT0"/>
            <SP HEIGHT="73" WIDTH="25" VPOS="7" HPOS="1134"/>
            <String HEIGHT="73" WIDTH="251" VPOS="7" HPOS="1059" CONTENT="JEUNES" ID="tl_1_2" STYLEREFS="FONT0"/>
            <SP HEIGHT="73" WIDTH="25" VPOS="7" HPOS="1310"/>
            <String HEIGHT="73" WIDTH="301" VPOS="7" HPOS="1235" CONTENT="ARTISTES" ID="tl_1_3" STYLEREFS="FONT0"/>
            <SP HEIGHT="73" WIDTH="25" VPOS="7" HPOS="1535"/>
            <String HEIGHT="73" WIDTH="175" VPOS="7" HPOS="1460" CONTENT="ONT" ID="tl_1_4" STYLEREFS="FONT0"/>
            <SP HEIGHT="73" WIDTH="25" VPOS="7" HPOS="1636"/>
            <String HEIGHT="73" WIDTH="201" VPOS="7" HPOS="1535" CONTENT="CHOISI" ID="tl_1_5" STYLEREFS="FONT0"/>
          </TextLine>
        </TextBlock>
        <TextBlock ID="r_2_1" HEIGHT="43" WIDTH="851" VPOS="127" HPOS="298">
          <TextLine ID="tl_2" BASELINE="180" HEIGHT="63" WIDTH="868" VPOS="117" HPOS="289">
            <String HEIGHT="63" WIDTH="208" VPOS="117" HPOS="270" CONTENT="Aasa" ID="tl_2_1" STYLEREFS="FONT1"/>
            <SP HEIGHT="63" WIDTH="19" VPOS="117" HPOS="478"/>
            <String HEIGHT="63" WIDTH="321" VPOS="117" HPOS="421" CONTENT="SCHERDIN" ID="tl_2_2" STYLEREFS="FONT1"/>
            <SP HEIGHT="63" WIDTH="19" VPOS="117" HPOS="742"/>
            <String HEIGHT="63" WIDTH="132" VPOS="117" HPOS="685" CONTENT="née" ID="tl_2_3" STYLEREFS="FONT0"/>
            <SP HEIGHT="63" WIDTH="19" VPOS="117" HPOS="817"/>
            <String HEIGHT="63" WIDTH="94" VPOS="117" HPOS="761" CONTENT="à" ID="tl_2_4" STYLEREFS="FONT0"/>
            <SP HEIGHT="63" WIDTH="19" VPOS="117" HPOS="855"/>
            <String HEIGHT="63" WIDTH="245" VPOS="117" HPOS="798" CONTENT="Stockholm" ID="tl_2_5" STYLEREFS="FONT0"/>
            <SP HEIGHT="63" WIDTH="19" VPOS="117" HPOS="1044"/>
            <String HEIGHT="63" WIDTH="113" VPOS="117" HPOS="987" CONTENT="en" ID="tl_2_6" STYLEREFS="FONT0"/>
            <SP HEIGHT="63" WIDTH="19" VPOS="117" HPOS="1100"/>
            <String HEIGHT="63" WIDTH="132" VPOS="117" HPOS="1025" CONTENT="1932." ID="tl_2_7" STYLEREFS="FONT0"/>
          </TextLine>
        </TextBlock>
        <TextBlock ID="r_2_2" HEIGHT="85" WIDTH="1377" VPOS="169" HPOS="243">
          <TextLine ID="tl_3" BASELINE="239" HEIGHT="88" WIDTH="1393" VPOS="151" HPOS="235">
            <String HEIGHT="88" WIDTH="226" VPOS="151" HPOS="218" CONTENT="18" ID="tl_3_1" STYLEREFS="FONT1"/>
            <SP HEIGHT="88" WIDTH="17" VPOS="151" HPOS="444"/>
            <String HEIGHT="88" WIDTH="192" VPOS="151" HPOS="392" CONTENT="Dragon," ID="tl_3_2" STYLEREFS="FONT0"/>
            <SP HEIGHT="88" WIDTH="17" VPOS="151" HPOS="583"/>
            <String HEIGHT="88" WIDTH="139" VPOS="151" HPOS="531" CONTENT="1961" ID="tl_3_3" STYLEREFS="FONT0"/>
            <SP HEIGHT="88" WIDTH="17" VPOS="151" HPOS="670"/>
            <String HEIGHT="88" WIDTH="174" VPOS="151" HPOS="618" CONTENT="(terre" ID="tl_3_4" STYLEREFS="FONT0"/>
            <SP HEIGHT="88" WIDTH="17" VPOS="151" HPOS="792"/>
            <String HEIGHT="88" WIDTH="174" VPOS="151" HPOS="740" CONTENT="cuite," ID="tl_3_5" STYLEREFS="FONT0"/>
            <SP HEIGHT="88" WIDTH="17" VPOS="151" HPOS="914"/>
            <String HEIGHT="88" WIDTH="244" VPOS="151" HPOS="862" CONTENT="45x54x25)." ID="tl_3_6" STYLEREFS="FONT0"/>
            <SP HEIGHT="88" WIDTH="17" VPOS="151" HPOS="1106"/>
            <String HEIGHT="88" WIDTH="244" VPOS="151" HPOS="1053" CONTENT="Collection" ID="tl_3_7" STYLEREFS="FONT0"/>
            <SP HEIGHT="88" WIDTH="17" VPOS="151" HPOS="1297"/>
            <String HEIGHT="88" WIDTH="192" VPOS="151" HPOS="1245" CONTENT="Galerie" ID="tl_3_8" STYLEREFS="FONT0"/>
            <SP HEIGHT="88" WIDTH="17" VPOS="151" HPOS="1436"/>
            <String HEIGHT="88" WIDTH="174" VPOS="151" HPOS="1384" CONTENT="Pierre" ID="tl_3_9" STYLEREFS="FONT0"/>
            <SP HEIGHT="88" WIDTH="17" VPOS="151" HPOS="1558"/>
            <String HEIGHT="88" WIDTH="139" VPOS="151" HPOS="1489" CONTENT="Domec," ID="tl_3_10" STYLEREFS="FONT0"/>
          </TextLine>
          <TextLine ID="tl_4" BASELINE="264" HEIGHT="47" WIDTH="116" VPOS="217" HPOS="291">
            <String HEIGHT="47" WIDTH="155" VPOS="217" HPOS="252" CONTENT="Paris." ID="tl_4_1" STYLEREFS="FONT0"/>
          </TextLine>
        </TextBlock>
        <TextBlock ID="r_2_3" HEIGHT="45" WIDTH="987" VPOS="271" HPOS="299">
          <TextLine ID="tl_5" BASELINE="318" HEIGHT="49" WIDTH="1003" VPOS="269" HPOS="291">
            <String HEIGHT="49" WIDTH="241" VPOS="269" HPOS="272" CONTENT="Claude" ID="tl_5_1" STYLEREFS="FONT1"/>
            <SP HEIGHT="49" WIDTH="19" VPOS="269" HPOS="514"/>
            <String HEIGHT="49" WIDTH="279" VPOS="269" HPOS="458" CONTENT="VISEUX" ID="tl_5_2" STYLEREFS="FONT1"/>
            <SP HEIGHT="49" WIDTH="19" VPOS="269" HPOS="737"/>
            <String HEIGHT="49" WIDTH="111" VPOS="269" HPOS="681" CONTENT="né" ID="tl_5_3" STYLEREFS="FONT0"/>
            <SP HEIGHT="49" WIDTH="19" VPOS="269" HPOS="793"/>
            <String HEIGHT="49" WIDTH="93" VPOS="269" HPOS="737" CONTENT="à" ID="tl_5_4" STYLEREFS="FONT0"/>
            <SP HEIGHT="49" WIDTH="19" VPOS="269" HPOS="830"/>
            <String HEIGHT="49" WIDTH="409" VPOS="269" HPOS="774" CONTENT="Champagne-sur-Oise" ID="tl_5_5" STYLEREFS="FONT0"/>
            <SP HEIGHT="49" WIDTH="19" VPOS="269" HPOS="1183"/>
            <String HEIGHT="49" WIDTH="111" VPOS="269" HPOS="1127" CONTENT="en" ID="tl_5_6" STYLEREFS="FONT0"/>
            <SP HEIGHT="49" WIDTH="19" VPOS="269" HPOS="1238"/>
            <String HEIGHT="49" WIDTH="130" VPOS="269" HPOS="1164" CONTENT="1927." ID="tl_5_7" STYLEREFS="FONT0"/>
          </TextLine>
        </TextBlock>
        <TextBlock ID="r_2_4" HEIGHT="33" WIDTH="124" VPOS="331" HPOS="243">
          <TextLine ID="tl_6" BASELINE="372" HEIGHT="55" WIDTH="141" VPOS="317" HPOS="234">
            <String HEIGHT="55" WIDTH="131" VPOS="317" HPOS="224" CONTENT="19" ID="tl_6_1" STYLEREFS="FONT1"/>
            <SP HEIGHT="55" WIDTH="10" VPOS="317" HPOS="355"/>
            <String HEIGHT="55" WIDTH="60" VPOS="317" HPOS="315" CONTENT="1961" ID="tl_6_2" STYLEREFS="FONT0"/>
          </TextLine>
        </TextBlock>
        <TextBlock ID="r_2_5" HEIGHT="44" WIDTH="654" VPOS="357" HPOS="300">
          <TextLine ID="tl_7" BASELINE="413" HEIGHT="73" WIDTH="670" VPOS="340" HPOS="291">
            <String HEIGHT="73" WIDTH="290" VPOS="340" HPOS="273" CONTENT="Momification" ID="tl_7_1" STYLEREFS="FONT0"/>
            <SP HEIGHT="73" WIDTH="18" VPOS="340" HPOS="563"/>
            <String HEIGHT="73" WIDTH="109" VPOS="340" HPOS="508" CONTENT="n°" ID="tl_7_2" STYLEREFS="FONT0"/>
            <SP HEIGHT="73" WIDTH="18" VPOS="340" HPOS="617"/>
            <String HEIGHT="73" WIDTH="127" VPOS="340" HPOS="563" CONTENT="40," ID="tl_7_3" STYLEREFS="FONT0"/>
            <SP HEIGHT="73" WIDTH="18" VPOS="340" HPOS="689"/>
            <String HEIGHT="73" WIDTH="145" VPOS="340" HPOS="635" CONTENT="1961" ID="tl_7_4" STYLEREFS="FONT0"/>
            <SP HEIGHT="73" WIDTH="18" VPOS="340" HPOS="780"/>
            <String HEIGHT="73" WIDTH="199" VPOS="340" HPOS="726" CONTENT="(bronze" ID="tl_7_5" STYLEREFS="FONT0"/>
            <SP HEIGHT="73" WIDTH="18" VPOS="340" HPOS="925"/>
            <String HEIGHT="73" WIDTH="109" VPOS="340" HPOS="852" CONTENT="80)." ID="tl_7_6" STYLEREFS="FONT0"/>
          </TextLine>
        </TextBlock>
        <TextBlock ID="r_2_6" HEIGHT="192" WIDTH="1326" VPOS="463" HPOS="301">
          <TextLine ID="tl_8" BASELINE="522" HEIGHT="87" WIDTH="1304" VPOS="435" HPOS="329">
            <String HEIGHT="87" WIDTH="175" VPOS="435" HPOS="310" CONTENT="Cette" ID="tl_8_1" STYLEREFS="FONT0"/>
            <SP HEIGHT="87" WIDTH="19" VPOS="435" HPOS="485"/>
            <String HEIGHT="87" WIDTH="253" VPOS="435" HPOS="426" CONTENT="sélection" ID="tl_8_2" STYLEREFS="FONT0"/>
            <SP HEIGHT="87" WIDTH="19" VPOS="435" HPOS="679"/>
            <String HEIGHT="87" WIDTH="117" VPOS="435" HPOS="621" CONTENT="ne" ID="tl_8_3" STYLEREFS="FONT0"/>
            <SP HEIGHT="87" WIDTH="19" VPOS="435" HPOS="738"/>
            <String HEIGHT="87" WIDTH="214" VPOS="435" HPOS="679" CONTENT="prétend" ID="tl_8_4" STYLEREFS="FONT0"/>
            <SP HEIGHT="87" WIDTH="19" VPOS="435" HPOS="893"/>
            <String HEIGHT="87" WIDTH="136" VPOS="435" HPOS="835" CONTENT="pas" ID="tl_8_5" STYLEREFS="FONT0"/>
            <SP HEIGHT="87" WIDTH="19" VPOS="435" HPOS="971"/>
            <String HEIGHT="87" WIDTH="272" VPOS="435" HPOS="913" CONTENT="constituer" ID="tl_8_6" STYLEREFS="FONT0"/>
            <SP HEIGHT="87" WIDTH="19" VPOS="435" HPOS="1185"/>
            <String HEIGHT="87" WIDTH="117" VPOS="435" HPOS="1127" CONTENT="un" ID="tl_8_7" STYLEREFS="FONT0"/>
            <SP HEIGHT="87" WIDTH="19" VPOS="435" HPOS="1244"/>
            <String HEIGHT="87" WIDTH="253" VPOS="435" HPOS="1185" CONTENT="palmarès." ID="tl_8_8" STYLEREFS="FONT0"/>
            <SP HEIGHT="87" WIDTH="19" VPOS="435" HPOS="1438"/>
            <String HEIGHT="87" WIDTH="117" VPOS="435" HPOS="1380" CONTENT="Si" ID="tl_8_9" STYLEREFS="FONT0"/>
            <SP HEIGHT="87" WIDTH="19" VPOS="435" HPOS="1497"/>
            <String HEIGHT="87" WIDTH="195" VPOS="435" HPOS="1438" CONTENT="l’idée" ID="tl_8_10" STYLEREFS="FONT0"/>
            <SP HEIGHT="87" WIDTH="19" VPOS="435" HPOS="1633"/>
            <String HEIGHT="87" WIDTH="78" VPOS="435" HPOS="1555" CONTENT="de" ID="tl_8_11" STYLEREFS="FONT0"/>
          </TextLine>
          <TextLine ID="tl_9" BASELINE="569" HEIGHT="61" WIDTH="1340" VPOS="508" HPOS="293">
            <String HEIGHT="61" WIDTH="212" VPOS="508" HPOS="275" CONTENT="prestige" ID="tl_9_1" STYLEREFS="FONT0"/>
            <SP HEIGHT="61" WIDTH="18" VPOS="508" HPOS="487"/>
            <String HEIGHT="61" WIDTH="159" VPOS="508" HPOS="434" CONTENT="avait" ID="tl_9_2" STYLEREFS="FONT0"/>
            <SP HEIGHT="61" WIDTH="18" VPOS="508" HPOS="593"/>
            <String HEIGHT="61" WIDTH="194" VPOS="508" HPOS="540" CONTENT="présidé" ID="tl_9_3" STYLEREFS="FONT0"/>
            <SP HEIGHT="61" WIDTH="18" VPOS="508" HPOS="734"/>
            <String HEIGHT="61" WIDTH="88" VPOS="508" HPOS="681" CONTENT="à" ID="tl_9_4" STYLEREFS="FONT0"/>
            <SP HEIGHT="61" WIDTH="18" VPOS="508" HPOS="769"/>
            <String HEIGHT="61" WIDTH="123" VPOS="508" HPOS="716" CONTENT="nos" ID="tl_9_5" STYLEREFS="FONT0"/>
            <SP HEIGHT="61" WIDTH="18" VPOS="508" HPOS="840"/>
            <String HEIGHT="61" WIDTH="317" VPOS="508" HPOS="787" CONTENT="délibérations," ID="tl_9_6" STYLEREFS="FONT0"/>
            <SP HEIGHT="61" WIDTH="18" VPOS="508" HPOS="1104"/>
            <String HEIGHT="61" WIDTH="106" VPOS="508" HPOS="1051" CONTENT="il" ID="tl_9_7" STYLEREFS="FONT0"/>
            <SP HEIGHT="61" WIDTH="18" VPOS="508" HPOS="1157"/>
            <String HEIGHT="61" WIDTH="141" VPOS="508" HPOS="1104" CONTENT="nous" ID="tl_9_8" STYLEREFS="FONT0"/>
            <SP HEIGHT="61" WIDTH="18" VPOS="508" HPOS="1245"/>
            <String HEIGHT="61" WIDTH="123" VPOS="508" HPOS="1192" CONTENT="eût" ID="tl_9_9" STYLEREFS="FONT0"/>
            <SP HEIGHT="61" WIDTH="18" VPOS="508" HPOS="1316"/>
            <String HEIGHT="61" WIDTH="159" VPOS="508" HPOS="1263" CONTENT="fallu" ID="tl_9_10" STYLEREFS="FONT0"/>
            <SP HEIGHT="61" WIDTH="18" VPOS="508" HPOS="1421"/>
            <String HEIGHT="61" WIDTH="229" VPOS="508" HPOS="1369" CONTENT="réinviter" ID="tl_9_11" STYLEREFS="FONT0"/>
            <SP HEIGHT="61" WIDTH="18" VPOS="508" HPOS="1598"/>
            <String HEIGHT="61" WIDTH="106" VPOS="508" HPOS="1527" CONTENT="tous" ID="tl_9_12" STYLEREFS="FONT0"/>
          </TextLine>
          <TextLine ID="tl_10" BASELINE="612" HEIGHT="67" WIDTH="1340" VPOS="545" HPOS="293">
            <String HEIGHT="67" WIDTH="127" VPOS="545" HPOS="275" CONTENT="les" ID="tl_10_1" STYLEREFS="FONT0"/>
            <SP HEIGHT="67" WIDTH="18" VPOS="545" HPOS="402"/>
            <String HEIGHT="67" WIDTH="217" VPOS="545" HPOS="347" CONTENT="artistes" ID="tl_10_2" STYLEREFS="FONT0"/>
            <SP HEIGHT="67" WIDTH="18" VPOS="545" HPOS="565"/>
            <String HEIGHT="67" WIDTH="290" VPOS="545" HPOS="510" CONTENT="sélectionnés" ID="tl_10_3" STYLEREFS="FONT0"/>
            <SP HEIGHT="67" WIDTH="18" VPOS="545" HPOS="800"/>
            <String HEIGHT="67" WIDTH="127" VPOS="545" HPOS="746" CONTENT="par" ID="tl_10_4" STYLEREFS="FONT0"/>
            <SP HEIGHT="67" WIDTH="18" VPOS="545" HPOS="872"/>
            <String HEIGHT="67" WIDTH="145" VPOS="545" HPOS="818" CONTENT="nous" ID="tl_10_5" STYLEREFS="FONT0"/>
            <SP HEIGHT="67" WIDTH="18" VPOS="545" HPOS="963"/>
            <String HEIGHT="67" WIDTH="109" VPOS="545" HPOS="909" CONTENT="ou" ID="tl_10_6" STYLEREFS="FONT0"/>
            <SP HEIGHT="67" WIDTH="18" VPOS="545" HPOS="1017"/>
            <String HEIGHT="67" WIDTH="127" VPOS="545" HPOS="963" CONTENT="nos" ID="tl_10_7" STYLEREFS="FONT0"/>
            <SP HEIGHT="67" WIDTH="18" VPOS="545" HPOS="1090"/>
            <String HEIGHT="67" WIDTH="235" VPOS="545" HPOS="1035" CONTENT="confrères" ID="tl_10_8" STYLEREFS="FONT0"/>
            <SP HEIGHT="67" WIDTH="18" VPOS="545" HPOS="1271"/>
            <String HEIGHT="67" WIDTH="109" VPOS="545" HPOS="1217" CONTENT="il" ID="tl_10_9" STYLEREFS="FONT0"/>
            <SP HEIGHT="67" WIDTH="18" VPOS="545" HPOS="1325"/>
            <String HEIGHT="67" WIDTH="91" VPOS="545" HPOS="1271" CONTENT="y" ID="tl_10_10" STYLEREFS="FONT0"/>
            <SP HEIGHT="67" WIDTH="18" VPOS="545" HPOS="1361"/>
            <String HEIGHT="67" WIDTH="91" VPOS="545" HPOS="1307" CONTENT="a" ID="tl_10_11" STYLEREFS="FONT0"/>
            <SP HEIGHT="67" WIDTH="18" VPOS="545" HPOS="1398"/>
            <String HEIGHT="67" WIDTH="145" VPOS="545" HPOS="1343" CONTENT="deux" ID="tl_10_12" STYLEREFS="FONT0"/>
            <SP HEIGHT="67" WIDTH="18" VPOS="545" HPOS="1488"/>
            <String HEIGHT="67" WIDTH="127" VPOS="545" HPOS="1434" CONTENT="ans" ID="tl_10_13" STYLEREFS="FONT0"/>
            <SP HEIGHT="67" WIDTH="18" VPOS="545" HPOS="1561"/>
            <String HEIGHT="67" WIDTH="109" VPOS="545" HPOS="1506" CONTENT="et" ID="tl_10_14" STYLEREFS="FONT0"/>
            <SP HEIGHT="67" WIDTH="18" VPOS="545" HPOS="1615"/>
            <String HEIGHT="67" WIDTH="91" VPOS="545" HPOS="1542" CONTENT="qui" ID="tl_10_15" STYLEREFS="FONT0"/>
          </TextLine>
          <TextLine ID="tl_11" BASELINE="660" HEIGHT="61" WIDTH="810" VPOS="599" HPOS="296">
            <String HEIGHT="61" WIDTH="178" VPOS="599" HPOS="276" CONTENT="n’ont" ID="tl_11_1" STYLEREFS="FONT0"/>
            <SP HEIGHT="61" WIDTH="20" VPOS="599" HPOS="454"/>
            <String HEIGHT="61" WIDTH="138" VPOS="599" HPOS="395" CONTENT="pas" ID="tl_11_2" STYLEREFS="FONT0"/>
            <SP HEIGHT="61" WIDTH="20" VPOS="599" HPOS="533"/>
            <String HEIGHT="61" WIDTH="198" VPOS="599" HPOS="474" CONTENT="encore" ID="tl_11_3" STYLEREFS="FONT0"/>
            <SP HEIGHT="61" WIDTH="20" VPOS="599" HPOS="671"/>
            <String HEIGHT="61" WIDTH="217" VPOS="599" HPOS="612" CONTENT="dépassé" ID="tl_11_4" STYLEREFS="FONT0"/>
            <SP HEIGHT="61" WIDTH="20" VPOS="599" HPOS="829"/>
            <String HEIGHT="61" WIDTH="119" VPOS="599" HPOS="770" CONTENT="la" ID="tl_11_5" STYLEREFS="FONT0"/>
            <SP HEIGHT="61" WIDTH="20" VPOS="599" HPOS="889"/>
            <String HEIGHT="61" WIDTH="198" VPOS="599" HPOS="829" CONTENT="limite" ID="tl_11_6" STYLEREFS="FONT0"/>
            <SP HEIGHT="61" WIDTH="20" VPOS="599" HPOS="1027"/>
            <String HEIGHT="61" WIDTH="158" VPOS="599" HPOS="948" CONTENT="d’âge." ID="tl_11_7" STYLEREFS="FONT0"/>
          </TextLine>
        </TextBlock>
        <TextBlock ID="r_2_7" HEIGHT="280" WIDTH="1328" VPOS="647" HPOS="304">
          <TextLine ID="tl_12" BASELINE="709" HEIGHT="80" WIDTH="1303" VPOS="629" HPOS="334">
            <String HEIGHT="80" WIDTH="172" VPOS="629" HPOS="315" CONTENT="Notre" ID="tl_12_1" STYLEREFS="FONT0"/>
            <SP HEIGHT="80" WIDTH="19" VPOS="629" HPOS="487"/>
            <String HEIGHT="80" WIDTH="192" VPOS="629" HPOS="430" CONTENT="choix," ID="tl_12_2" STYLEREFS="FONT0"/>
            <SP HEIGHT="80" WIDTH="19" VPOS="629" HPOS="621"/>
            <String HEIGHT="80" WIDTH="172" VPOS="629" HPOS="564" CONTENT="cette" ID="tl_12_3" STYLEREFS="FONT0"/>
            <SP HEIGHT="80" WIDTH="19" VPOS="629" HPOS="736"/>
            <String HEIGHT="80" WIDTH="192" VPOS="629" HPOS="679" CONTENT="année," ID="tl_12_4" STYLEREFS="FONT0"/>
            <SP HEIGHT="80" WIDTH="19" VPOS="629" HPOS="871"/>
            <String HEIGHT="80" WIDTH="230" VPOS="629" HPOS="813" CONTENT="souhaite" ID="tl_12_5" STYLEREFS="FONT0"/>
            <SP HEIGHT="80" WIDTH="19" VPOS="629" HPOS="1043"/>
            <String HEIGHT="80" WIDTH="115" VPOS="629" HPOS="986" CONTENT="au" ID="tl_12_6" STYLEREFS="FONT0"/>
            <SP HEIGHT="80" WIDTH="19" VPOS="629" HPOS="1100"/>
            <String HEIGHT="80" WIDTH="249" VPOS="629" HPOS="1043" CONTENT="contraire" ID="tl_12_7" STYLEREFS="FONT0"/>
            <SP HEIGHT="80" WIDTH="19" VPOS="629" HPOS="1292"/>
            <String HEIGHT="80" WIDTH="230" VPOS="629" HPOS="1235" CONTENT="apporter" ID="tl_12_8" STYLEREFS="FONT0"/>
            <SP HEIGHT="80" WIDTH="19" VPOS="629" HPOS="1465"/>
            <String HEIGHT="80" WIDTH="115" VPOS="629" HPOS="1407" CONTENT="du" ID="tl_12_9" STYLEREFS="FONT0"/>
            <SP HEIGHT="80" WIDTH="19" VPOS="629" HPOS="1522"/>
            <String HEIGHT="80" WIDTH="172" VPOS="629" HPOS="1465" CONTENT="neuf," ID="tl_12_10" STYLEREFS="FONT0"/>
            <SP HEIGHT="80" WIDTH="19" VPOS="629" HPOS="1637"/>
            <String HEIGHT="80" WIDTH="77" VPOS="629" HPOS="1560" CONTENT="de" ID="tl_12_11" STYLEREFS="FONT0"/>
          </TextLine>
          <TextLine ID="tl_13" BASELINE="748" HEIGHT="56" WIDTH="1342" VPOS="692" HPOS="295">
            <String HEIGHT="56" WIDTH="224" VPOS="692" HPOS="276" CONTENT="nouveaux" ID="tl_13_1" STYLEREFS="FONT0"/>
            <SP HEIGHT="56" WIDTH="19" VPOS="692" HPOS="500"/>
            <String HEIGHT="56" WIDTH="168" VPOS="692" HPOS="444" CONTENT="noms," ID="tl_13_2" STYLEREFS="FONT0"/>
            <SP HEIGHT="56" WIDTH="19" VPOS="692" HPOS="612"/>
            <String HEIGHT="56" WIDTH="130" VPOS="692" HPOS="556" CONTENT="des" ID="tl_13_3" STYLEREFS="FONT0"/>
            <SP HEIGHT="56" WIDTH="19" VPOS="692" HPOS="686"/>
            <String HEIGHT="56" WIDTH="261" VPOS="692" HPOS="631" CONTENT="recherches" ID="tl_13_4" STYLEREFS="FONT0"/>
            <SP HEIGHT="56" WIDTH="19" VPOS="692" HPOS="891"/>
            <String HEIGHT="56" WIDTH="261" VPOS="692" HPOS="836" CONTENT="nouvelles," ID="tl_13_5" STYLEREFS="FONT0"/>
            <SP HEIGHT="56" WIDTH="19" VPOS="692" HPOS="1096"/>
            <String HEIGHT="56" WIDTH="168" VPOS="692" HPOS="1041" CONTENT="faire" ID="tl_13_6" STYLEREFS="FONT0"/>
            <SP HEIGHT="56" WIDTH="19" VPOS="692" HPOS="1208"/>
            <String HEIGHT="56" WIDTH="242" VPOS="692" HPOS="1152" CONTENT="connaître" ID="tl_13_7" STYLEREFS="FONT0"/>
            <SP HEIGHT="56" WIDTH="19" VPOS="692" HPOS="1395"/>
            <String HEIGHT="56" WIDTH="317" VPOS="692" HPOS="1320" CONTENT="l’effervescence" ID="tl_13_8" STYLEREFS="FONT0"/>
          </TextLine>
          <TextLine ID="tl_14" BASELINE="800" HEIGHT="69" WIDTH="1342" VPOS="731" HPOS="296">
            <String HEIGHT="69" WIDTH="130" VPOS="731" HPOS="277" CONTENT="qui" ID="tl_14_1" STYLEREFS="FONT0"/>
            <SP HEIGHT="69" WIDTH="19" VPOS="731" HPOS="408"/>
            <String HEIGHT="69" WIDTH="112" VPOS="731" HPOS="352" CONTENT="se" ID="tl_14_2" STYLEREFS="FONT0"/>
            <SP HEIGHT="69" WIDTH="19" VPOS="731" HPOS="464"/>
            <String HEIGHT="69" WIDTH="242" VPOS="731" HPOS="408" CONTENT="manifeste" ID="tl_14_3" STYLEREFS="FONT0"/>
            <SP HEIGHT="69" WIDTH="19" VPOS="731" HPOS="650"/>
            <String HEIGHT="69" WIDTH="149" VPOS="731" HPOS="594" CONTENT="chez" ID="tl_14_4" STYLEREFS="FONT0"/>
            <SP HEIGHT="69" WIDTH="19" VPOS="731" HPOS="743"/>
            <String HEIGHT="69" WIDTH="112" VPOS="731" HPOS="687" CONTENT="de" ID="tl_14_5" STYLEREFS="FONT0"/>
            <SP HEIGHT="69" WIDTH="19" VPOS="731" HPOS="799"/>
            <String HEIGHT="69" WIDTH="186" VPOS="731" HPOS="743" CONTENT="jeunes" ID="tl_14_6" STYLEREFS="FONT0"/>
            <SP HEIGHT="69" WIDTH="19" VPOS="731" HPOS="930"/>
            <String HEIGHT="69" WIDTH="298" VPOS="731" HPOS="874" CONTENT="plasticiens," ID="tl_14_7" STYLEREFS="FONT0"/>
            <SP HEIGHT="69" WIDTH="19" VPOS="731" HPOS="1172"/>
            <String HEIGHT="69" WIDTH="205" VPOS="731" HPOS="1116" CONTENT="montrer" ID="tl_14_8" STYLEREFS="FONT0"/>
            <SP HEIGHT="69" WIDTH="19" VPOS="731" HPOS="1321"/>
            <String HEIGHT="69" WIDTH="168" VPOS="731" HPOS="1265" CONTENT="qu’en" ID="tl_14_9" STYLEREFS="FONT0"/>
            <SP HEIGHT="69" WIDTH="19" VPOS="731" HPOS="1433"/>
            <String HEIGHT="69" WIDTH="205" VPOS="731" HPOS="1377" CONTENT="France," ID="tl_14_10" STYLEREFS="FONT0"/>
            <SP HEIGHT="69" WIDTH="19" VPOS="731" HPOS="1582"/>
            <String HEIGHT="69" WIDTH="130" VPOS="731" HPOS="1508" CONTENT="comme" ID="tl_14_11" STYLEREFS="FONT0"/>
          </TextLine>
          <TextLine ID="tl_15" BASELINE="839" HEIGHT="56" WIDTH="1342" VPOS="783" HPOS="296">
            <String HEIGHT="56" WIDTH="257" VPOS="783" HPOS="276" CONTENT="ailleurs," ID="tl_15_1" STYLEREFS="FONT0"/>
            <SP HEIGHT="56" WIDTH="20" VPOS="783" HPOS="533"/>
            <String HEIGHT="56" WIDTH="118" VPOS="783" HPOS="474" CONTENT="on" ID="tl_15_2" STYLEREFS="FONT0"/>
            <SP HEIGHT="56" WIDTH="20" VPOS="783" HPOS="592"/>
            <String HEIGHT="56" WIDTH="217" VPOS="783" HPOS="533" CONTENT="éprouve" ID="tl_15_3" STYLEREFS="FONT0"/>
            <SP HEIGHT="56" WIDTH="20" VPOS="783" HPOS="750"/>
            <String HEIGHT="56" WIDTH="118" VPOS="783" HPOS="691" CONTENT="le" ID="tl_15_4" STYLEREFS="FONT0"/>
            <SP HEIGHT="56" WIDTH="20" VPOS="783" HPOS="809"/>
            <String HEIGHT="56" WIDTH="197" VPOS="783" HPOS="750" CONTENT="besoin" ID="tl_15_5" STYLEREFS="FONT0"/>
            <SP HEIGHT="56" WIDTH="20" VPOS="783" HPOS="947"/>
            <String HEIGHT="56" WIDTH="118" VPOS="783" HPOS="888" CONTENT="de" ID="tl_15_6" STYLEREFS="FONT0"/>
            <SP HEIGHT="56" WIDTH="20" VPOS="783" HPOS="1006"/>
            <String HEIGHT="56" WIDTH="237" VPOS="783" HPOS="947" CONTENT="chercher" ID="tl_15_7" STYLEREFS="FONT0"/>
            <SP HEIGHT="56" WIDTH="20" VPOS="783" HPOS="1184"/>
            <String HEIGHT="56" WIDTH="99" VPOS="783" HPOS="1125" CONTENT="«" ID="tl_15_8" STYLEREFS="FONT0"/>
            <SP HEIGHT="56" WIDTH="20" VPOS="783" HPOS="1224"/>
            <String HEIGHT="56" WIDTH="178" VPOS="783" HPOS="1164" CONTENT="autre" ID="tl_15_9" STYLEREFS="FONT0"/>
            <SP HEIGHT="56" WIDTH="20" VPOS="783" HPOS="1342"/>
            <String HEIGHT="56" WIDTH="178" VPOS="783" HPOS="1283" CONTENT="chose" ID="tl_15_10" STYLEREFS="FONT0"/>
            <SP HEIGHT="56" WIDTH="20" VPOS="783" HPOS="1460"/>
            <String HEIGHT="56" WIDTH="118" VPOS="783" HPOS="1401" CONTENT="»," ID="tl_15_11" STYLEREFS="FONT0"/>
            <SP HEIGHT="56" WIDTH="20" VPOS="783" HPOS="1520"/>
            <String HEIGHT="56" WIDTH="197" VPOS="783" HPOS="1441" CONTENT="d’autres" ID="tl_15_12" STYLEREFS="FONT0"/>
          </TextLine>
          <TextLine ID="tl_16" BASELINE="889" HEIGHT="67" WIDTH="1341" VPOS="822" HPOS="299">
            <String HEIGHT="67" WIDTH="202" VPOS="822" HPOS="281" CONTENT="moyens," ID="tl_16_1" STYLEREFS="FONT0"/>
            <SP HEIGHT="67" WIDTH="18" VPOS="822" HPOS="483"/>
            <String HEIGHT="67" WIDTH="220" VPOS="822" HPOS="428" CONTENT="d’autres" ID="tl_16_2" STYLEREFS="FONT0"/>
            <SP HEIGHT="67" WIDTH="18" VPOS="822" HPOS="648"/>
            <String HEIGHT="67" WIDTH="276" VPOS="822" HPOS="593" CONTENT="techniques," ID="tl_16_3" STYLEREFS="FONT0"/>
            <SP HEIGHT="67" WIDTH="18" VPOS="822" HPOS="868"/>
            <String HEIGHT="67" WIDTH="220" VPOS="822" HPOS="813" CONTENT="d’autres" ID="tl_16_4" STYLEREFS="FONT0"/>
            <SP HEIGHT="67" WIDTH="18" VPOS="822" HPOS="1034"/>
            <String HEIGHT="67" WIDTH="202" VPOS="822" HPOS="979" CONTENT="styles," ID="tl_16_5" STYLEREFS="FONT0"/>
            <SP HEIGHT="67" WIDTH="18" VPOS="822" HPOS="1181"/>
            <String HEIGHT="67" WIDTH="110" VPOS="822" HPOS="1126" CONTENT="et" ID="tl_16_6" STYLEREFS="FONT0"/>
            <SP HEIGHT="67" WIDTH="18" VPOS="822" HPOS="1236"/>
            <String HEIGHT="67" WIDTH="220" VPOS="822" HPOS="1181" CONTENT="indiquer" ID="tl_16_7" STYLEREFS="FONT0"/>
            <SP HEIGHT="67" WIDTH="18" VPOS="822" HPOS="1401"/>
            <String HEIGHT="67" WIDTH="165" VPOS="822" HPOS="1346" CONTENT="ainsi" ID="tl_16_8" STYLEREFS="FONT0"/>
            <SP HEIGHT="67" WIDTH="18" VPOS="822" HPOS="1511"/>
            <String HEIGHT="67" WIDTH="202" VPOS="822" HPOS="1438" CONTENT="quelques" SUBS_TYPE="HypPart1" SUBS_CONTENT="quelquesunes" ID="tl_16_9" STYLEREFS="FONT0"/>
            <HYP CONTENT="-"/>
          </TextLine>
          <TextLine ID="tl_17" BASELINE="933" HEIGHT="55" WIDTH="1018" VPOS="878" HPOS="298">
            <String HEIGHT="55" WIDTH="160" VPOS="878" HPOS="278" CONTENT="unes" SUBS_TYPE="HypPart2" SUBS_CONTENT="quelquesunes" ID="tl_17_1" STYLEREFS="FONT0"/>
            <SP HEIGHT="55" WIDTH="20" VPOS="878" HPOS="438"/>
            <String HEIGHT="55" WIDTH="140" VPOS="878" HPOS="378" CONTENT="des" ID="tl_17_2" STYLEREFS="FONT0"/>
            <SP HEIGHT="55" WIDTH="20" VPOS="878" HPOS="518"/>
            <String HEIGHT="55" WIDTH="279" VPOS="878" HPOS="458" CONTENT="directions" ID="tl_17_3" STYLEREFS="FONT0"/>
            <SP HEIGHT="55" WIDTH="20" VPOS="878" HPOS="737"/>
            <String HEIGHT="55" WIDTH="299" VPOS="878" HPOS="677" CONTENT="éventuelles" ID="tl_17_4" STYLEREFS="FONT0"/>
            <SP HEIGHT="55" WIDTH="20" VPOS="878" HPOS="977"/>
            <String HEIGHT="55" WIDTH="120" VPOS="878" HPOS="917" CONTENT="de" ID="tl_17_5" STYLEREFS="FONT0"/>
            <SP HEIGHT="55" WIDTH="20" VPOS="878" HPOS="1037"/>
            <String HEIGHT="55" WIDTH="180" VPOS="878" HPOS="977" CONTENT="l’art" ID="tl_17_6" STYLEREFS="FONT0"/>
            <SP HEIGHT="55" WIDTH="20" VPOS="878" HPOS="1156"/>
            <String HEIGHT="55" WIDTH="120" VPOS="878" HPOS="1096" CONTENT="de" ID="tl_17_7" STYLEREFS="FONT0"/>
            <SP HEIGHT="55" WIDTH="20" VPOS="878" HPOS="1216"/>
            <String HEIGHT="55" WIDTH="180" VPOS="878" HPOS="1136" CONTENT="demain." ID="tl_17_8" STYLEREFS="FONT0"/>
          </TextLine>
        </TextBlock>
        <TextBlock ID="r_3_1" HEIGHT="43" WIDTH="775" VPOS="959" HPOS="845">
          <TextLine ID="tl_18" BASELINE="1003" HEIGHT="52" WIDTH="792" VPOS="951" HPOS="836">
            <String HEIGHT="52" WIDTH="139" VPOS="951" HPOS="816" CONTENT="Les" ID="tl_18_1" STYLEREFS="FONT0"/>
            <SP HEIGHT="52" WIDTH="20" VPOS="951" HPOS="955"/>
            <String HEIGHT="52" WIDTH="218" VPOS="951" HPOS="895" CONTENT="membres" ID="tl_18_2" STYLEREFS="FONT0"/>
            <SP HEIGHT="52" WIDTH="20" VPOS="951" HPOS="1113"/>
            <String HEIGHT="52" WIDTH="119" VPOS="951" HPOS="1054" CONTENT="du" ID="tl_18_3" STYLEREFS="FONT0"/>
            <SP HEIGHT="52" WIDTH="20" VPOS="951" HPOS="1173"/>
            <String HEIGHT="52" WIDTH="158" VPOS="951" HPOS="1113" CONTENT="jury" ID="tl_18_4" STYLEREFS="FONT0"/>
            <SP HEIGHT="52" WIDTH="20" VPOS="951" HPOS="1272"/>
            <String HEIGHT="52" WIDTH="139" VPOS="951" HPOS="1212" CONTENT="des" ID="tl_18_5" STYLEREFS="FONT0"/>
            <SP HEIGHT="52" WIDTH="20" VPOS="951" HPOS="1351"/>
            <String HEIGHT="52" WIDTH="198" VPOS="951" HPOS="1291" CONTENT="jeunes" ID="tl_18_6" STYLEREFS="FONT0"/>
            <SP HEIGHT="52" WIDTH="20" VPOS="951" HPOS="1489"/>
            <String HEIGHT="52" WIDTH="218" VPOS="951" HPOS="1410" CONTENT="critiques" ID="tl_18_7" STYLEREFS="FONT0"/>
          </TextLine>
        </TextBlock>
        <GraphicalElement ID="r_4" HEIGHT="6" WIDTH="1822" VPOS="0" HPOS="2"/>
        <GraphicalElement ID="r_5" HEIGHT="3" WIDTH="144" VPOS="2192" HPOS="0"/>
        <GraphicalElement ID="r_6" HEIGHT="8" WIDTH="1789" VPOS="2189" HPOS="0"/>
        <GraphicalElement ID="r_7" HEIGHT="135" WIDTH="8" VPOS="303" HPOS="1834"/>
        <GraphicalElement ID="r_8" HEIGHT="132" WIDTH="8" VPOS="685" HPOS="1839"/>
        <GraphicalElement ID="r_9" HEIGHT="190" WIDTH="7" VPOS="1145" HPOS="1846"/>
        <GraphicalElement ID="r_10" HEIGHT="134" WIDTH="3" VPOS="1911" HPOS="1870"/>
        <GraphicalElement ID="r_11" HEIGHT="128" WIDTH="5" VPOS="1" HPOS="1864"/>
        <GraphicalElement ID="r_12" HEIGHT="797" WIDTH="8" VPOS="1" HPOS="1867"/>
        <GraphicalElement ID="r_13" HEIGHT="95" WIDTH="1" VPOS="873" HPOS="1874"/>
        <GraphicalElement ID="r_14" HEIGHT="97" WIDTH="1" VPOS="109" HPOS="1874"/>
        <GraphicalElement ID="r_15" HEIGHT="2" WIDTH="68" VPOS="2191" HPOS="281"/>
      </PrintSpace>
    </Page>
  </Layout>
</alto>
