1843 2197
1549 8 218 84 SUEDE

182 117 275 65 éminemment
398 117 275 65 figuratif,
614 117 196 65 encore
752 117 137 65 que
830 117 196 65 créant
968 117 137 65 des
1046 117 196 65 mondes
1184 117 157 65 très
1282 117 275 65 personnels
1479 117 137 65 gérés

184 180 125 56 par
256 180 125 56 des
327 180 143 56 lois
416 180 125 56 qui
488 180 143 56 leur
577 180 143 56 sont
667 180 214 56 propres.
828 180 107 56 La
881 180 161 56 forme
988 180 125 56 est
1060 180 143 56 tout
1149 180 89 56 à
1185 180 143 56 fait
1274 180 197 56 soumise
1417 180 89 56 à
1435 180 179 56 l’action

184 226 257 56 dramatique
386 226 110 56 du
441 226 202 56 contenu
588 226 110 56 et
643 226 129 56 les
716 226 202 56 mérites
863 226 257 56 décoratifs
1065 226 147 56 sont
1139 226 202 56 fortuits.

219 266 143 67 Cart
309 266 197 67 Fredrik
452 266 269 67 Reuterswârd
667 266 126 67 est
739 266 233 67 également
919 266 108 67 un
972 266 197 67 artiste
1116 266 90 67 à
1152 266 108 67 la
1205 266 143 67 fois
1295 266 197 67 suédois
1439 266 108 67 et
1475 266 143 67 inter-

185 326 242 53 national.
371 326 111 53 Il
427 326 93 53 a
464 326 186 53 exposé
594 326 93 53 —
631 326 149 53 seul
724 326 111 53 ou
780 326 111 53 en
836 326 186 53 groupe
966 326 93 53 —
1003 326 149 53 avec
1096 326 93 53 «
1133 326 186 53 Phases
1263 326 93 53 »
1300 326 111 53 et
1356 326 93 53 «
1393 326 223 53 Interart
1542 326 74 53 ».

185 378 115 63 La
242 378 191 63 poésie
376 378 115 63 et
433 378 115 63 le
491 378 191 63 cinéma
624 378 153 63 sont
720 378 172 63 aussi
835 378 134 63 ses
911 378 191 63 moyens
1045 378 325 63 d’expression.
1312 378 172 63 Aussi
1427 378 153 63 bien
1503 378 115 63 dans

186 428 109 52 sa
240 428 182 52 poésie
367 428 127 52 que
440 428 145 52 dans
531 428 109 52 sa
585 428 236 52 peinture,
767 428 109 52 il
821 428 200 52 ironise
966 428 91 52 —
1003 428 127 52 non
1075 428 145 52 sans
1166 428 182 52 humour
1293 428 91 52 —
1330 428 127 52 sur
1402 428 127 52 les
1457 428 163 52 conven-

184 469 163 63 tions
293 469 109 63 de
347 469 109 63 la
402 469 200 63 société
547 469 254 63 bourgeoise
747 469 91 63 à
783 469 218 63 laquelle
946 469 109 63 il
1001 469 254 63 appartient
1200 469 127 63 par
1273 469 218 63 ailleurs
1418 469 200 63 lui

188 522 290 60 Reuterswârd
420 522 193 60 évolue
555 522 309 60 actuellement
807 522 155 60 vers
903 522 135 60 une
981 522 155 60 mise
1077 522 116 60 en
1135 522 232 60 question
1310 522 116 60 du
1368 522 155 60 sens
1445 522 174 60 convenu

185 575 140 55 des
265 575 199 55 moyens
404 575 319 55 d’expression
664 575 319 55 artistiques,
923 575 179 55 qu’il
1043 575 239 55 articule
1222 575 120 55 en
1282 575 140 55 des
1342 575 279 55 combinaisons

187 619 191 68 neuves
320 619 114 68 et
358 619 210 68 fraîches.

221 657 147 85 Erik
313 657 203 85 Tôrning
460 657 92 85 a
497 657 129 85 été
571 657 203 85 l’élève
718 657 203 85 d’Endre
866 657 184 85 Nemes.
994 657 166 85 Après
1105 657 129 85 une
1179 657 203 85 période
1326 657 111 85 où
1381 657 111 85 sa
1418 657 203 85 peinture,

186 733 211 46 souvent
339 733 192 46 sombre
473 733 115 46 et
531 733 115 46 un
588 733 134 46 peu
665 733 211 46 sévère,
818 733 287 46 constituait
1048 733 134 46 des
1125 733 268 46 variations
1336 733 268 46 abstraites
1527 733 96 46 sur

-12 774 145 64 des
71 774 331 64 observations
340 774 124 64 de
402 774 124 64 la
464 774 228 64 nature,
630 774 228 64 Tôrning
795 774 145 64 est
878 774 207 64 arrivé
1023 774 103 64 à
1064 774 145 64 une
1147 774 228 64 manière
1313 774 145 64 qui
1375 774 248 64 s’approche

-33 825 138 58 du
36 825 391 58 spontanéisme,
358 825 138 58 en
427 825 345 58 travaillant
703 825 184 58 avec
817 825 161 58 des
909 825 230 58 masses
1070 825 276 58 épaisses
1277 825 138 58 et
1323 825 299 58 dramatiques

-30 883 199 59 dans
95 883 174 59 une
194 883 274 59 échelle
394 883 274 59 réduite
593 883 150 59 de
643 883 274 59 couleurs.

-32 918 224 70 Walter
124 918 291 70 Bengtsson
348 918 157 70 est
438 918 134 70 le
505 918 179 70 seul
617 918 291 70 sculpteur
841 918 157 70 des
930 918 179 70 cinq
1042 918 269 70 artistes
1243 918 358 70 représentés.
1512 918 112 70 Ses

-32 988 322 55 sculptures
221 988 184 55 sont
336 988 253 55 souvent
520 988 207 55 d’une
658 988 253 55 robuste
843 988 345 55 exubérance.
1119 988 207 55 Après
1257 988 207 55 avoir
1372 988 253 55 travaillé

-31 1041 272 58 longtemps
179 1041 126 58 la
241 1041 168 58 tôle
346 1041 209 58 soudée
493 1041 126 58 et
556 1041 126 58 le
618 1041 189 58 bois,
744 1041 126 58 il
807 1041 126 58 se
870 1041 168 58 sert
975 1041 126 58 de
1037 1041 168 58 plus
1142 1041 126 58 en
1205 1041 168 58 plus
1310 1041 126 58 de
1352 1041 272 58 l’aluminium

-32 1083 137 56 et
37 1083 160 56 ses
128 1083 228 56 formes
288 1083 366 56 s’approchent
585 1083 137 56 de
653 1083 206 56 l’art
768 1083 251 56 abstrait.

-33 1122 140 84 La
37 1122 303 84 sélection
270 1122 280 84 suédoise
480 1122 117 84 a
527 1122 163 84 été
620 1122 210 84 faite
760 1122 163 84 par
854 1122 140 84 un
924 1122 233 84 comité
1087 1122 140 84 du
1157 1122 210 84 Musée
1297 1122 257 84 Moderne
1484 1122 140 84 et
1531 1122 93 84 de

-36 1184 363 67 l’Institut
249 1184 285 67 Suédois
457 1184 130 67 à
483 1184 311 67 Stockholm.

1243 1818 195 76 Gôran
1352 1818 282 76 Sôderstrôm,

892 1886 190 52 Chargé
1025 1886 133 52 des
1101 1886 285 52 Expositions
1310 1886 323 52 Internationales

964 1942 129 68 au
1029 1942 194 68 Musée
1159 1942 237 68 Moderne
1331 1942 129 68 de
1374 1942 259 68 Stockholm.

1447 2085 110 72 105
