<alto xmlns:xsi="http://www.w3.org/2001/XMLSchema-instance" xmlns="http://www.loc.gov/standards/alto/ns-v2#" xmlns:page="http://schema.primaresearch.org/PAGE/gts/pagecontent/2013-07-15" xsi:schemaLocation="http://www.loc.gov/standards/alto/ns-v2# http://www.loc.gov/standards/alto/alto.xsd">
  <Description>
    <MeasurementUnit>mm10</MeasurementUnit>
    <sourceImageInformation>
         <fileName>Cat_Paris_1961-0046.jpg</fileName>
      </sourceImageInformation>
    <OCRProcessing ID="IdOcr">
      <ocrProcessingStep>
        <processingDateTime>2020-11-16T10:45:42.537+01:00</processingDateTime>
        <processingSoftware>
               <softwareCreator>CONTRIBUTORS</softwareCreator>
               <softwareName>pdfalto</softwareName>
               <softwareVersion>0.1</softwareVersion>
            </processingSoftware>
      </ocrProcessingStep>
    </OCRProcessing>
  </Description>
  <Styles>
     <TextStyle ID="FONT0" FONTFAMILY="unknown" FONTSIZE="unknown" FONTSTYLE=""/>
     <TextStyle ID="FONT1" FONTFAMILY="unknown" FONTSIZE="unknown" FONTSTYLE="bold"/>
     <TextStyle ID="FONT2" FONTFAMILY="unknown" FONTSIZE="unknown" FONTSTYLE="italics"/>
</Styles>
  <Tags/>
  <Layout>
    <Page ID="Page1" PHYSICAL_IMG_NR="1" HEIGHT="2207" WIDTH="1704">
      <PrintSpace HEIGHT="2146" WIDTH="1703" VPOS="0" HPOS="0">
        <TextBlock ID="r_1_1" HEIGHT="40" WIDTH="283" VPOS="18" HPOS="1245">
          <TextLine ID="tl_1" BASELINE="84" HEIGHT="77" WIDTH="298" VPOS="7" HPOS="1237">
            <String HEIGHT="77" WIDTH="188" VPOS="7" HPOS="1221" CONTENT="CORÉE" ID="tl_1_1" STYLEREFS="FONT1"/>
            <SP HEIGHT="77" WIDTH="16" VPOS="7" HPOS="1410"/>
            <String HEIGHT="77" WIDTH="94" VPOS="7" HPOS="1362" CONTENT="DU" ID="tl_1_2" STYLEREFS="FONT1"/>
            <SP HEIGHT="77" WIDTH="16" VPOS="7" HPOS="1457"/>
            <String HEIGHT="77" WIDTH="141" VPOS="7" HPOS="1394" CONTENT="SUD" ID="tl_1_3" STYLEREFS="FONT1"/>
          </TextLine>
        </TextBlock>
        <TextBlock ID="r_3_1" HEIGHT="330" WIDTH="1413" VPOS="123" HPOS="129">
          <TextLine ID="tl_3" BASELINE="208" HEIGHT="95" WIDTH="1422" VPOS="113" HPOS="121">
            <String HEIGHT="95" WIDTH="185" VPOS="113" HPOS="103" CONTENT="manqué" ID="tl_3_1" STYLEREFS="FONT0"/>
            <SP HEIGHT="95" WIDTH="18" VPOS="113" HPOS="287"/>
            <String HEIGHT="95" WIDTH="351" VPOS="113" HPOS="232" CONTENT="l’effervescence" ID="tl_3_2" STYLEREFS="FONT0"/>
            <SP HEIGHT="95" WIDTH="18" VPOS="113" HPOS="583"/>
            <String HEIGHT="95" WIDTH="277" VPOS="113" HPOS="527" CONTENT="intérieure," ID="tl_3_3" STYLEREFS="FONT0"/>
            <SP HEIGHT="95" WIDTH="18" VPOS="113" HPOS="804"/>
            <String HEIGHT="95" WIDTH="111" VPOS="113" HPOS="749" CONTENT="la" ID="tl_3_4" STYLEREFS="FONT0"/>
            <SP HEIGHT="95" WIDTH="18" VPOS="113" HPOS="860"/>
            <String HEIGHT="95" WIDTH="240" VPOS="113" HPOS="804" CONTENT="nécessité" ID="tl_3_5" STYLEREFS="FONT0"/>
            <SP HEIGHT="95" WIDTH="18" VPOS="113" HPOS="1044"/>
            <String HEIGHT="95" WIDTH="203" VPOS="113" HPOS="989" CONTENT="vitale." ID="tl_3_6" STYLEREFS="FONT0"/>
            <SP HEIGHT="95" WIDTH="18" VPOS="113" HPOS="1192"/>
            <String HEIGHT="95" WIDTH="166" VPOS="113" HPOS="1137" CONTENT="C’est" ID="tl_3_7" STYLEREFS="FONT0"/>
            <SP HEIGHT="95" WIDTH="18" VPOS="113" HPOS="1303"/>
            <String HEIGHT="95" WIDTH="240" VPOS="113" HPOS="1248" CONTENT="seulement" ID="tl_3_8" STYLEREFS="FONT0"/>
            <SP HEIGHT="95" WIDTH="18" VPOS="113" HPOS="1488"/>
            <String HEIGHT="95" WIDTH="129" VPOS="113" HPOS="1414" CONTENT="après" ID="tl_3_9" STYLEREFS="FONT0"/>
          </TextLine>
          <TextLine ID="tl_4" BASELINE="254" HEIGHT="86" WIDTH="1426" VPOS="168" HPOS="120">
            <String HEIGHT="86" WIDTH="119" VPOS="168" HPOS="100" CONTENT="la" ID="tl_4_1" STYLEREFS="FONT0"/>
            <SP HEIGHT="86" WIDTH="20" VPOS="168" HPOS="219"/>
            <String HEIGHT="86" WIDTH="218" VPOS="168" HPOS="160" CONTENT="guerre," ID="tl_4_2" STYLEREFS="FONT0"/>
            <SP HEIGHT="86" WIDTH="20" VPOS="168" HPOS="377"/>
            <String HEIGHT="86" WIDTH="139" VPOS="168" HPOS="318" CONTENT="qui" ID="tl_4_3" STYLEREFS="FONT0"/>
            <SP HEIGHT="86" WIDTH="20" VPOS="168" HPOS="457"/>
            <String HEIGHT="86" WIDTH="198" VPOS="168" HPOS="397" CONTENT="éclata" ID="tl_4_4" STYLEREFS="FONT0"/>
            <SP HEIGHT="86" WIDTH="20" VPOS="168" HPOS="595"/>
            <String HEIGHT="86" WIDTH="119" VPOS="168" HPOS="536" CONTENT="en" ID="tl_4_5" STYLEREFS="FONT0"/>
            <SP HEIGHT="86" WIDTH="20" VPOS="168" HPOS="655"/>
            <String HEIGHT="86" WIDTH="178" VPOS="168" HPOS="595" CONTENT="plein" ID="tl_4_6" STYLEREFS="FONT0"/>
            <SP HEIGHT="86" WIDTH="20" VPOS="168" HPOS="774"/>
            <String HEIGHT="86" WIDTH="198" VPOS="168" HPOS="714" CONTENT="centre" ID="tl_4_7" STYLEREFS="FONT0"/>
            <SP HEIGHT="86" WIDTH="20" VPOS="168" HPOS="912"/>
            <String HEIGHT="86" WIDTH="119" VPOS="168" HPOS="853" CONTENT="de" ID="tl_4_8" STYLEREFS="FONT0"/>
            <SP HEIGHT="86" WIDTH="20" VPOS="168" HPOS="972"/>
            <String HEIGHT="86" WIDTH="139" VPOS="168" HPOS="912" CONTENT="son" ID="tl_4_9" STYLEREFS="FONT0"/>
            <SP HEIGHT="86" WIDTH="20" VPOS="168" HPOS="1051"/>
            <String HEIGHT="86" WIDTH="198" VPOS="168" HPOS="991" CONTENT="propre" ID="tl_4_10" STYLEREFS="FONT0"/>
            <SP HEIGHT="86" WIDTH="20" VPOS="168" HPOS="1190"/>
            <String HEIGHT="86" WIDTH="178" VPOS="168" HPOS="1130" CONTENT="pays," ID="tl_4_11" STYLEREFS="FONT0"/>
            <SP HEIGHT="86" WIDTH="20" VPOS="168" HPOS="1308"/>
            <String HEIGHT="86" WIDTH="119" VPOS="168" HPOS="1249" CONTENT="au" ID="tl_4_12" STYLEREFS="FONT0"/>
            <SP HEIGHT="86" WIDTH="20" VPOS="168" HPOS="1368"/>
            <String HEIGHT="86" WIDTH="198" VPOS="168" HPOS="1308" CONTENT="moment" ID="tl_4_13" STYLEREFS="FONT0"/>
            <SP HEIGHT="86" WIDTH="20" VPOS="168" HPOS="1506"/>
            <String HEIGHT="86" WIDTH="119" VPOS="168" HPOS="1427" CONTENT="même" ID="tl_4_14" STYLEREFS="FONT0"/>
          </TextLine>
          <TextLine ID="tl_5" BASELINE="306" HEIGHT="88" WIDTH="1425" VPOS="218" HPOS="122">
            <String HEIGHT="88" WIDTH="111" VPOS="218" HPOS="103" CONTENT="où" ID="tl_5_1" STYLEREFS="FONT0"/>
            <SP HEIGHT="88" WIDTH="19" VPOS="218" HPOS="215"/>
            <String HEIGHT="88" WIDTH="167" VPOS="218" HPOS="159" CONTENT="cette" ID="tl_5_2" STYLEREFS="FONT0"/>
            <SP HEIGHT="88" WIDTH="19" VPOS="218" HPOS="326"/>
            <String HEIGHT="88" WIDTH="167" VPOS="218" HPOS="270" CONTENT="jeune" ID="tl_5_3" STYLEREFS="FONT0"/>
            <SP HEIGHT="88" WIDTH="19" VPOS="218" HPOS="437"/>
            <String HEIGHT="88" WIDTH="278" VPOS="218" HPOS="381" CONTENT="génération," ID="tl_5_4" STYLEREFS="FONT0"/>
            <SP HEIGHT="88" WIDTH="19" VPOS="218" HPOS="659"/>
            <String HEIGHT="88" WIDTH="93" VPOS="218" HPOS="603" CONTENT="à" ID="tl_5_5" STYLEREFS="FONT0"/>
            <SP HEIGHT="88" WIDTH="19" VPOS="218" HPOS="696"/>
            <String HEIGHT="88" WIDTH="167" VPOS="218" HPOS="640" CONTENT="peine" ID="tl_5_6" STYLEREFS="FONT0"/>
            <SP HEIGHT="88" WIDTH="19" VPOS="218" HPOS="807"/>
            <String HEIGHT="88" WIDTH="148" VPOS="218" HPOS="751" CONTENT="dans" ID="tl_5_7" STYLEREFS="FONT0"/>
            <SP HEIGHT="88" WIDTH="19" VPOS="218" HPOS="899"/>
            <String HEIGHT="88" WIDTH="111" VPOS="218" HPOS="844" CONTENT="sa" ID="tl_5_8" STYLEREFS="FONT0"/>
            <SP HEIGHT="88" WIDTH="19" VPOS="218" HPOS="955"/>
            <String HEIGHT="88" WIDTH="241" VPOS="218" HPOS="899" CONTENT="vingtième" ID="tl_5_9" STYLEREFS="FONT0"/>
            <SP HEIGHT="88" WIDTH="19" VPOS="218" HPOS="1140"/>
            <String HEIGHT="88" WIDTH="185" VPOS="218" HPOS="1084" CONTENT="année," ID="tl_5_10" STYLEREFS="FONT0"/>
            <SP HEIGHT="88" WIDTH="19" VPOS="218" HPOS="1269"/>
            <String HEIGHT="88" WIDTH="185" VPOS="218" HPOS="1214" CONTENT="allait" ID="tl_5_11" STYLEREFS="FONT0"/>
            <SP HEIGHT="88" WIDTH="19" VPOS="218" HPOS="1399"/>
            <String HEIGHT="88" WIDTH="111" VPOS="218" HPOS="1343" CONTENT="se" ID="tl_5_12" STYLEREFS="FONT0"/>
            <SP HEIGHT="88" WIDTH="19" VPOS="218" HPOS="1454"/>
            <String HEIGHT="88" WIDTH="167" VPOS="218" HPOS="1380" CONTENT="réjouir" ID="tl_5_13" STYLEREFS="FONT0"/>
          </TextLine>
          <TextLine ID="tl_6" BASELINE="359" HEIGHT="93" WIDTH="1424" VPOS="266" HPOS="124">
            <String HEIGHT="93" WIDTH="115" VPOS="266" HPOS="105" CONTENT="de" ID="tl_6_1" STYLEREFS="FONT0"/>
            <SP HEIGHT="93" WIDTH="19" VPOS="266" HPOS="220"/>
            <String HEIGHT="93" WIDTH="115" VPOS="266" HPOS="162" CONTENT="la" ID="tl_6_2" STYLEREFS="FONT0"/>
            <SP HEIGHT="93" WIDTH="19" VPOS="266" HPOS="278"/>
            <String HEIGHT="93" WIDTH="135" VPOS="266" HPOS="220" CONTENT="vie" ID="tl_6_3" STYLEREFS="FONT0"/>
            <SP HEIGHT="93" WIDTH="19" VPOS="266" HPOS="355"/>
            <String HEIGHT="93" WIDTH="115" VPOS="266" HPOS="297" CONTENT="la" ID="tl_6_4" STYLEREFS="FONT0"/>
            <SP HEIGHT="93" WIDTH="19" VPOS="266" HPOS="413"/>
            <String HEIGHT="93" WIDTH="154" VPOS="266" HPOS="355" CONTENT="plus" ID="tl_6_5" STYLEREFS="FONT0"/>
            <SP HEIGHT="93" WIDTH="19" VPOS="266" HPOS="509"/>
            <String HEIGHT="93" WIDTH="308" VPOS="266" HPOS="451" CONTENT="passionnante" ID="tl_6_6" STYLEREFS="FONT0"/>
            <SP HEIGHT="93" WIDTH="19" VPOS="266" HPOS="759"/>
            <String HEIGHT="93" WIDTH="115" VPOS="266" HPOS="701" CONTENT="et" ID="tl_6_7" STYLEREFS="FONT0"/>
            <SP HEIGHT="93" WIDTH="19" VPOS="266" HPOS="817"/>
            <String HEIGHT="93" WIDTH="115" VPOS="266" HPOS="759" CONTENT="la" ID="tl_6_8" STYLEREFS="FONT0"/>
            <SP HEIGHT="93" WIDTH="19" VPOS="266" HPOS="874"/>
            <String HEIGHT="93" WIDTH="154" VPOS="266" HPOS="817" CONTENT="plus" ID="tl_6_9" STYLEREFS="FONT0"/>
            <SP HEIGHT="93" WIDTH="19" VPOS="266" HPOS="971"/>
            <String HEIGHT="93" WIDTH="289" VPOS="266" HPOS="913" CONTENT="idéalisante" ID="tl_6_10" STYLEREFS="FONT0"/>
            <SP HEIGHT="93" WIDTH="19" VPOS="266" HPOS="1202"/>
            <String HEIGHT="93" WIDTH="135" VPOS="266" HPOS="1144" CONTENT="ou," ID="tl_6_11" STYLEREFS="FONT0"/>
            <SP HEIGHT="93" WIDTH="19" VPOS="266" HPOS="1279"/>
            <String HEIGHT="93" WIDTH="154" VPOS="266" HPOS="1221" CONTENT="plus" ID="tl_6_12" STYLEREFS="FONT0"/>
            <SP HEIGHT="93" WIDTH="19" VPOS="266" HPOS="1375"/>
            <String HEIGHT="93" WIDTH="250" VPOS="266" HPOS="1298" CONTENT="exactement," ID="tl_6_13" STYLEREFS="FONT0"/>
          </TextLine>
          <TextLine ID="tl_7" BASELINE="404" HEIGHT="83" WIDTH="1424" VPOS="321" HPOS="125">
            <String HEIGHT="83" WIDTH="181" VPOS="321" HPOS="105" CONTENT="après" ID="tl_7_1" STYLEREFS="FONT0"/>
            <SP HEIGHT="83" WIDTH="20" VPOS="321" HPOS="285"/>
            <String HEIGHT="83" WIDTH="241" VPOS="321" HPOS="225" CONTENT="quelques" ID="tl_7_2" STYLEREFS="FONT0"/>
            <SP HEIGHT="83" WIDTH="20" VPOS="321" HPOS="466"/>
            <String HEIGHT="83" WIDTH="201" VPOS="321" HPOS="406" CONTENT="années" ID="tl_7_3" STYLEREFS="FONT0"/>
            <SP HEIGHT="83" WIDTH="20" VPOS="321" HPOS="606"/>
            <String HEIGHT="83" WIDTH="120" VPOS="321" HPOS="546" CONTENT="de" ID="tl_7_4" STYLEREFS="FONT0"/>
            <SP HEIGHT="83" WIDTH="20" VPOS="321" HPOS="667"/>
            <String HEIGHT="83" WIDTH="321" VPOS="321" HPOS="606" CONTENT="tâtonnements" ID="tl_7_5" STYLEREFS="FONT0"/>
            <SP HEIGHT="83" WIDTH="20" VPOS="321" HPOS="927"/>
            <String HEIGHT="83" WIDTH="281" VPOS="321" HPOS="867" CONTENT="incessants" ID="tl_7_6" STYLEREFS="FONT0"/>
            <SP HEIGHT="83" WIDTH="20" VPOS="321" HPOS="1148"/>
            <String HEIGHT="83" WIDTH="140" VPOS="321" HPOS="1088" CONTENT="qui" ID="tl_7_7" STYLEREFS="FONT0"/>
            <SP HEIGHT="83" WIDTH="20" VPOS="321" HPOS="1228"/>
            <String HEIGHT="83" WIDTH="140" VPOS="321" HPOS="1168" CONTENT="lui" ID="tl_7_8" STYLEREFS="FONT0"/>
            <SP HEIGHT="83" WIDTH="20" VPOS="321" HPOS="1308"/>
            <String HEIGHT="83" WIDTH="281" VPOS="321" HPOS="1248" CONTENT="succèdent," ID="tl_7_9" STYLEREFS="FONT0"/>
            <SP HEIGHT="83" WIDTH="20" VPOS="321" HPOS="1529"/>
            <String HEIGHT="83" WIDTH="100" VPOS="321" HPOS="1449" CONTENT="que" ID="tl_7_10" STYLEREFS="FONT0"/>
          </TextLine>
          <TextLine ID="tl_8" BASELINE="455" HEIGHT="63" WIDTH="1422" VPOS="392" HPOS="127">
            <String HEIGHT="63" WIDTH="168" VPOS="392" HPOS="108" CONTENT="cette" ID="tl_8_1" STYLEREFS="FONT0"/>
            <SP HEIGHT="63" WIDTH="19" VPOS="392" HPOS="277"/>
            <String HEIGHT="63" WIDTH="262" VPOS="392" HPOS="221" CONTENT="génération" ID="tl_8_2" STYLEREFS="FONT0"/>
            <SP HEIGHT="63" WIDTH="19" VPOS="392" HPOS="483"/>
            <String HEIGHT="63" WIDTH="262" VPOS="392" HPOS="426" CONTENT="ambitieuse" ID="tl_8_3" STYLEREFS="FONT0"/>
            <SP HEIGHT="63" WIDTH="19" VPOS="392" HPOS="688"/>
            <String HEIGHT="63" WIDTH="131" VPOS="392" HPOS="632" CONTENT="est" ID="tl_8_4" STYLEREFS="FONT0"/>
            <SP HEIGHT="63" WIDTH="19" VPOS="392" HPOS="763"/>
            <String HEIGHT="63" WIDTH="168" VPOS="392" HPOS="707" CONTENT="enfin" ID="tl_8_5" STYLEREFS="FONT0"/>
            <SP HEIGHT="63" WIDTH="19" VPOS="392" HPOS="875"/>
            <String HEIGHT="63" WIDTH="225" VPOS="392" HPOS="819" CONTENT="parvenue" ID="tl_8_6" STYLEREFS="FONT0"/>
            <SP HEIGHT="63" WIDTH="19" VPOS="392" HPOS="1044"/>
            <String HEIGHT="63" WIDTH="94" VPOS="392" HPOS="988" CONTENT="à" ID="tl_8_7" STYLEREFS="FONT0"/>
            <SP HEIGHT="63" WIDTH="19" VPOS="392" HPOS="1081"/>
            <String HEIGHT="63" WIDTH="168" VPOS="392" HPOS="1025" CONTENT="avoir" ID="tl_8_8" STYLEREFS="FONT0"/>
            <SP HEIGHT="63" WIDTH="19" VPOS="392" HPOS="1194"/>
            <String HEIGHT="63" WIDTH="206" VPOS="392" HPOS="1137" CONTENT="quelque" ID="tl_8_9" STYLEREFS="FONT0"/>
            <SP HEIGHT="63" WIDTH="19" VPOS="392" HPOS="1343"/>
            <String HEIGHT="63" WIDTH="168" VPOS="392" HPOS="1287" CONTENT="chose" ID="tl_8_10" STYLEREFS="FONT0"/>
            <SP HEIGHT="63" WIDTH="19" VPOS="392" HPOS="1455"/>
            <String HEIGHT="63" WIDTH="94" VPOS="392" HPOS="1399" CONTENT="à" ID="tl_8_11" STYLEREFS="FONT0"/>
            <SP HEIGHT="63" WIDTH="19" VPOS="392" HPOS="1493"/>
            <String HEIGHT="63" WIDTH="131" VPOS="392" HPOS="1418" CONTENT="dire." ID="tl_8_12" STYLEREFS="FONT0"/>
          </TextLine>
        </TextBlock>
        <TextBlock ID="r_3_2" HEIGHT="425" WIDTH="1416" VPOS="431" HPOS="137">
          <TextLine ID="tl_9" BASELINE="502" HEIGHT="85" WIDTH="1391" VPOS="417" HPOS="161">
            <String HEIGHT="85" WIDTH="251" VPOS="417" HPOS="142" CONTENT="Regardons" ID="tl_9_1" STYLEREFS="FONT0"/>
            <SP HEIGHT="85" WIDTH="19" VPOS="417" HPOS="393"/>
            <String HEIGHT="85" WIDTH="135" VPOS="417" HPOS="335" CONTENT="les" ID="tl_9_2" STYLEREFS="FONT0"/>
            <SP HEIGHT="85" WIDTH="19" VPOS="417" HPOS="470"/>
            <String HEIGHT="85" WIDTH="193" VPOS="417" HPOS="412" CONTENT="choses" ID="tl_9_3" STYLEREFS="FONT0"/>
            <SP HEIGHT="85" WIDTH="19" VPOS="417" HPOS="605"/>
            <String HEIGHT="85" WIDTH="116" VPOS="417" HPOS="547" CONTENT="de" ID="tl_9_4" STYLEREFS="FONT0"/>
            <SP HEIGHT="85" WIDTH="19" VPOS="417" HPOS="663"/>
            <String HEIGHT="85" WIDTH="155" VPOS="417" HPOS="605" CONTENT="plus" ID="tl_9_5" STYLEREFS="FONT0"/>
            <SP HEIGHT="85" WIDTH="19" VPOS="417" HPOS="760"/>
            <String HEIGHT="85" WIDTH="174" VPOS="417" HPOS="702" CONTENT="près;" ID="tl_9_6" STYLEREFS="FONT0"/>
            <SP HEIGHT="85" WIDTH="19" VPOS="417" HPOS="876"/>
            <String HEIGHT="85" WIDTH="155" VPOS="417" HPOS="818" CONTENT="vers" ID="tl_9_7" STYLEREFS="FONT0"/>
            <SP HEIGHT="85" WIDTH="19" VPOS="417" HPOS="972"/>
            <String HEIGHT="85" WIDTH="213" VPOS="417" HPOS="914" CONTENT="l’année" ID="tl_9_8" STYLEREFS="FONT0"/>
            <SP HEIGHT="85" WIDTH="19" VPOS="417" HPOS="1127"/>
            <String HEIGHT="85" WIDTH="174" VPOS="417" HPOS="1069" CONTENT="1956," ID="tl_9_9" STYLEREFS="FONT0"/>
            <SP HEIGHT="85" WIDTH="19" VPOS="417" HPOS="1243"/>
            <String HEIGHT="85" WIDTH="155" VPOS="417" HPOS="1185" CONTENT="nous" ID="tl_9_10" STYLEREFS="FONT0"/>
            <SP HEIGHT="85" WIDTH="19" VPOS="417" HPOS="1339"/>
            <String HEIGHT="85" WIDTH="174" VPOS="417" HPOS="1282" CONTENT="avons" ID="tl_9_11" STYLEREFS="FONT0"/>
            <SP HEIGHT="85" WIDTH="19" VPOS="417" HPOS="1455"/>
            <String HEIGHT="85" WIDTH="135" VPOS="417" HPOS="1397" CONTENT="vu," ID="tl_9_12" STYLEREFS="FONT0"/>
            <SP HEIGHT="85" WIDTH="19" VPOS="417" HPOS="1533"/>
            <String HEIGHT="85" WIDTH="97" VPOS="417" HPOS="1455" CONTENT="ici" ID="tl_9_13" STYLEREFS="FONT0"/>
          </TextLine>
          <TextLine ID="tl_10" BASELINE="552" HEIGHT="81" WIDTH="1425" VPOS="471" HPOS="129">
            <String HEIGHT="81" WIDTH="113" VPOS="471" HPOS="110" CONTENT="et" ID="tl_10_1" STYLEREFS="FONT0"/>
            <SP HEIGHT="81" WIDTH="19" VPOS="471" HPOS="223"/>
            <String HEIGHT="81" WIDTH="131" VPOS="471" HPOS="167" CONTENT="là," ID="tl_10_2" STYLEREFS="FONT0"/>
            <SP HEIGHT="81" WIDTH="19" VPOS="471" HPOS="298"/>
            <String HEIGHT="81" WIDTH="113" VPOS="471" HPOS="242" CONTENT="la" ID="tl_10_3" STYLEREFS="FONT0"/>
            <SP HEIGHT="81" WIDTH="19" VPOS="471" HPOS="354"/>
            <String HEIGHT="81" WIDTH="225" VPOS="471" HPOS="298" CONTENT="blessure" ID="tl_10_4" STYLEREFS="FONT0"/>
            <SP HEIGHT="81" WIDTH="19" VPOS="471" HPOS="523"/>
            <String HEIGHT="81" WIDTH="113" VPOS="471" HPOS="467" CONTENT="et" ID="tl_10_5" STYLEREFS="FONT0"/>
            <SP HEIGHT="81" WIDTH="19" VPOS="471" HPOS="579"/>
            <String HEIGHT="81" WIDTH="113" VPOS="471" HPOS="523" CONTENT="le" ID="tl_10_6" STYLEREFS="FONT0"/>
            <SP HEIGHT="81" WIDTH="19" VPOS="471" HPOS="635"/>
            <String HEIGHT="81" WIDTH="131" VPOS="471" HPOS="579" CONTENT="cri" ID="tl_10_7" STYLEREFS="FONT0"/>
            <SP HEIGHT="81" WIDTH="19" VPOS="471" HPOS="710"/>
            <String HEIGHT="81" WIDTH="113" VPOS="471" HPOS="654" CONTENT="de" ID="tl_10_8" STYLEREFS="FONT0"/>
            <SP HEIGHT="81" WIDTH="19" VPOS="471" HPOS="767"/>
            <String HEIGHT="81" WIDTH="131" VPOS="471" HPOS="710" CONTENT="nos" ID="tl_10_9" STYLEREFS="FONT0"/>
            <SP HEIGHT="81" WIDTH="19" VPOS="471" HPOS="842"/>
            <String HEIGHT="81" WIDTH="225" VPOS="471" HPOS="785" CONTENT="révoltés" ID="tl_10_10" STYLEREFS="FONT0"/>
            <SP HEIGHT="81" WIDTH="19" VPOS="471" HPOS="1010"/>
            <String HEIGHT="81" WIDTH="263" VPOS="471" HPOS="954" CONTENT="s’exprimer" ID="tl_10_11" STYLEREFS="FONT0"/>
            <SP HEIGHT="81" WIDTH="19" VPOS="471" HPOS="1217"/>
            <String HEIGHT="81" WIDTH="113" VPOS="471" HPOS="1160" CONTENT="en" ID="tl_10_12" STYLEREFS="FONT0"/>
            <SP HEIGHT="81" WIDTH="19" VPOS="471" HPOS="1273"/>
            <String HEIGHT="81" WIDTH="169" VPOS="471" HPOS="1217" CONTENT="vertu" ID="tl_10_13" STYLEREFS="FONT0"/>
            <SP HEIGHT="81" WIDTH="19" VPOS="471" HPOS="1385"/>
            <String HEIGHT="81" WIDTH="113" VPOS="471" HPOS="1329" CONTENT="du" ID="tl_10_14" STYLEREFS="FONT0"/>
            <SP HEIGHT="81" WIDTH="19" VPOS="471" HPOS="1442"/>
            <String HEIGHT="81" WIDTH="169" VPOS="471" HPOS="1385" CONTENT="moyen" ID="tl_10_15" STYLEREFS="FONT0"/>
            <SP HEIGHT="81" WIDTH="19" VPOS="471" HPOS="1554"/>
            <String HEIGHT="81" WIDTH="75" VPOS="471" HPOS="1479" CONTENT="le" ID="tl_10_16" STYLEREFS="FONT0"/>
          </TextLine>
          <TextLine ID="tl_11" BASELINE="614" HEIGHT="96" WIDTH="1424" VPOS="518" HPOS="131">
            <String HEIGHT="96" WIDTH="148" VPOS="518" HPOS="113" CONTENT="plus" ID="tl_11_1" STYLEREFS="FONT0"/>
            <SP HEIGHT="96" WIDTH="18" VPOS="518" HPOS="260"/>
            <String HEIGHT="96" WIDTH="203" VPOS="518" HPOS="205" CONTENT="direct:" ID="tl_11_2" STYLEREFS="FONT0"/>
            <SP HEIGHT="96" WIDTH="18" VPOS="518" HPOS="408"/>
            <String HEIGHT="96" WIDTH="92" VPOS="518" HPOS="353" CONTENT="«" ID="tl_11_3" STYLEREFS="FONT0"/>
            <SP HEIGHT="96" WIDTH="18" VPOS="518" HPOS="445"/>
            <String HEIGHT="96" WIDTH="351" VPOS="518" HPOS="390" CONTENT="action-painting" ID="tl_11_4" STYLEREFS="FONT0"/>
            <SP HEIGHT="96" WIDTH="18" VPOS="518" HPOS="741"/>
            <String HEIGHT="96" WIDTH="111" VPOS="518" HPOS="686" CONTENT="»;" ID="tl_11_5" STYLEREFS="FONT0"/>
            <SP HEIGHT="96" WIDTH="18" VPOS="518" HPOS="797"/>
            <String HEIGHT="96" WIDTH="166" VPOS="518" HPOS="741" CONTENT="après" ID="tl_11_6" STYLEREFS="FONT0"/>
            <SP HEIGHT="96" WIDTH="18" VPOS="518" HPOS="908"/>
            <String HEIGHT="96" WIDTH="148" VPOS="518" HPOS="852" CONTENT="deux" ID="tl_11_7" STYLEREFS="FONT0"/>
            <SP HEIGHT="96" WIDTH="18" VPOS="518" HPOS="1000"/>
            <String HEIGHT="96" WIDTH="185" VPOS="518" HPOS="945" CONTENT="années" ID="tl_11_8" STYLEREFS="FONT0"/>
            <SP HEIGHT="96" WIDTH="18" VPOS="518" HPOS="1130"/>
            <String HEIGHT="96" WIDTH="277" VPOS="518" HPOS="1074" CONTENT="successives" ID="tl_11_9" STYLEREFS="FONT0"/>
            <SP HEIGHT="96" WIDTH="18" VPOS="518" HPOS="1352"/>
            <String HEIGHT="96" WIDTH="111" VPOS="518" HPOS="1296" CONTENT="de" ID="tl_11_10" STYLEREFS="FONT0"/>
            <SP HEIGHT="96" WIDTH="18" VPOS="518" HPOS="1407"/>
            <String HEIGHT="96" WIDTH="222" VPOS="518" HPOS="1333" CONTENT="recherches" ID="tl_11_11" STYLEREFS="FONT0"/>
          </TextLine>
          <TextLine ID="tl_12" BASELINE="662" HEIGHT="89" WIDTH="1420" VPOS="573" HPOS="133">
            <String HEIGHT="89" WIDTH="114" VPOS="573" HPOS="114" CONTENT="un" ID="tl_12_1" STYLEREFS="FONT0"/>
            <SP HEIGHT="89" WIDTH="19" VPOS="573" HPOS="228"/>
            <String HEIGHT="89" WIDTH="133" VPOS="573" HPOS="171" CONTENT="peu" ID="tl_12_2" STYLEREFS="FONT0"/>
            <SP HEIGHT="89" WIDTH="19" VPOS="573" HPOS="303"/>
            <String HEIGHT="89" WIDTH="246" VPOS="573" HPOS="247" CONTENT="saccadées" ID="tl_12_3" STYLEREFS="FONT0"/>
            <SP HEIGHT="89" WIDTH="19" VPOS="573" HPOS="493"/>
            <String HEIGHT="89" WIDTH="114" VPOS="573" HPOS="436" CONTENT="et" ID="tl_12_4" STYLEREFS="FONT0"/>
            <SP HEIGHT="89" WIDTH="19" VPOS="573" HPOS="550"/>
            <String HEIGHT="89" WIDTH="341" VPOS="573" HPOS="493" CONTENT="individuelles," ID="tl_12_5" STYLEREFS="FONT0"/>
            <SP HEIGHT="89" WIDTH="19" VPOS="573" HPOS="834"/>
            <String HEIGHT="89" WIDTH="303" VPOS="573" HPOS="777" CONTENT="c’est-à-dire" ID="tl_12_6" STYLEREFS="FONT0"/>
            <SP HEIGHT="89" WIDTH="19" VPOS="573" HPOS="1080"/>
            <String HEIGHT="89" WIDTH="114" VPOS="573" HPOS="1023" CONTENT="en" ID="tl_12_7" STYLEREFS="FONT0"/>
            <SP HEIGHT="89" WIDTH="19" VPOS="573" HPOS="1136"/>
            <String HEIGHT="89" WIDTH="170" VPOS="573" HPOS="1080" CONTENT="1958," ID="tl_12_8" STYLEREFS="FONT0"/>
            <SP HEIGHT="89" WIDTH="19" VPOS="573" HPOS="1250"/>
            <String HEIGHT="89" WIDTH="170" VPOS="573" HPOS="1193" CONTENT="cette" ID="tl_12_9" STYLEREFS="FONT0"/>
            <SP HEIGHT="89" WIDTH="19" VPOS="573" HPOS="1364"/>
            <String HEIGHT="89" WIDTH="246" VPOS="573" HPOS="1307" CONTENT="activité," ID="tl_12_10" STYLEREFS="FONT0"/>
            <SP HEIGHT="89" WIDTH="19" VPOS="573" HPOS="1553"/>
            <String HEIGHT="89" WIDTH="76" VPOS="573" HPOS="1477" CONTENT="en" ID="tl_12_11" STYLEREFS="FONT0"/>
          </TextLine>
          <TextLine ID="tl_13" BASELINE="704" HEIGHT="83" WIDTH="1425" VPOS="621" HPOS="134">
            <String HEIGHT="83" WIDTH="253" VPOS="621" HPOS="116" CONTENT="s’imposant" ID="tl_13_1" STYLEREFS="FONT0"/>
            <SP HEIGHT="83" WIDTH="18" VPOS="621" HPOS="368"/>
            <String HEIGHT="83" WIDTH="126" VPOS="621" HPOS="314" CONTENT="une" ID="tl_13_2" STYLEREFS="FONT0"/>
            <SP HEIGHT="83" WIDTH="18" VPOS="621" HPOS="441"/>
            <String HEIGHT="83" WIDTH="253" VPOS="621" HPOS="387" CONTENT="discipline" ID="tl_13_3" STYLEREFS="FONT0"/>
            <SP HEIGHT="83" WIDTH="18" VPOS="621" HPOS="639"/>
            <String HEIGHT="83" WIDTH="271" VPOS="621" HPOS="585" CONTENT="rigoureuse," ID="tl_13_4" STYLEREFS="FONT0"/>
            <SP HEIGHT="83" WIDTH="18" VPOS="621" HPOS="856"/>
            <String HEIGHT="83" WIDTH="162" VPOS="621" HPOS="801" CONTENT="s’est" ID="tl_13_5" STYLEREFS="FONT0"/>
            <SP HEIGHT="83" WIDTH="18" VPOS="621" HPOS="964"/>
            <String HEIGHT="83" WIDTH="180" VPOS="621" HPOS="910" CONTENT="avérée" ID="tl_13_6" STYLEREFS="FONT0"/>
            <SP HEIGHT="83" WIDTH="18" VPOS="621" HPOS="1090"/>
            <String HEIGHT="83" WIDTH="108" VPOS="621" HPOS="1036" CONTENT="la" ID="tl_13_7" STYLEREFS="FONT0"/>
            <SP HEIGHT="83" WIDTH="18" VPOS="621" HPOS="1144"/>
            <String HEIGHT="83" WIDTH="144" VPOS="621" HPOS="1090" CONTENT="plus" ID="tl_13_8" STYLEREFS="FONT0"/>
            <SP HEIGHT="83" WIDTH="18" VPOS="621" HPOS="1234"/>
            <String HEIGHT="83" WIDTH="216" VPOS="621" HPOS="1180" CONTENT="adéquate" ID="tl_13_9" STYLEREFS="FONT0"/>
            <SP HEIGHT="83" WIDTH="18" VPOS="621" HPOS="1397"/>
            <String HEIGHT="83" WIDTH="90" VPOS="621" HPOS="1343" CONTENT="à" ID="tl_13_10" STYLEREFS="FONT0"/>
            <SP HEIGHT="83" WIDTH="18" VPOS="621" HPOS="1433"/>
            <String HEIGHT="83" WIDTH="198" VPOS="621" HPOS="1361" CONTENT="l’expres" SUBS_TYPE="HypPart1" SUBS_CONTENT="l’expression" ID="tl_13_11" STYLEREFS="FONT0"/>
            <HYP CONTENT="-"/>
          </TextLine>
          <TextLine ID="tl_14" BASELINE="757" HEIGHT="85" WIDTH="1426" VPOS="672" HPOS="134">
            <String HEIGHT="85" WIDTH="152" VPOS="672" HPOS="115" CONTENT="sion" SUBS_TYPE="HypPart2" SUBS_CONTENT="l’expression" ID="tl_14_1" STYLEREFS="FONT0"/>
            <SP HEIGHT="85" WIDTH="19" VPOS="672" HPOS="267"/>
            <String HEIGHT="85" WIDTH="266" VPOS="672" HPOS="210" CONTENT="artistique" ID="tl_14_2" STYLEREFS="FONT0"/>
            <SP HEIGHT="85" WIDTH="19" VPOS="672" HPOS="476"/>
            <String HEIGHT="85" WIDTH="114" VPOS="672" HPOS="419" CONTENT="de" ID="tl_14_3" STYLEREFS="FONT0"/>
            <SP HEIGHT="85" WIDTH="19" VPOS="672" HPOS="533"/>
            <String HEIGHT="85" WIDTH="114" VPOS="672" HPOS="476" CONTENT="la" ID="tl_14_4" STYLEREFS="FONT0"/>
            <SP HEIGHT="85" WIDTH="19" VPOS="672" HPOS="590"/>
            <String HEIGHT="85" WIDTH="209" VPOS="672" HPOS="533" CONTENT="volonté" ID="tl_14_5" STYLEREFS="FONT0"/>
            <SP HEIGHT="85" WIDTH="19" VPOS="672" HPOS="742"/>
            <String HEIGHT="85" WIDTH="285" VPOS="672" HPOS="685" CONTENT="collective." ID="tl_14_6" STYLEREFS="FONT0"/>
            <SP HEIGHT="85" WIDTH="19" VPOS="672" HPOS="971"/>
            <String HEIGHT="85" WIDTH="114" VPOS="672" HPOS="914" CONTENT="Et" ID="tl_14_7" STYLEREFS="FONT0"/>
            <SP HEIGHT="85" WIDTH="19" VPOS="672" HPOS="1028"/>
            <String HEIGHT="85" WIDTH="171" VPOS="672" HPOS="971" CONTENT="voici" ID="tl_14_8" STYLEREFS="FONT0"/>
            <SP HEIGHT="85" WIDTH="19" VPOS="672" HPOS="1142"/>
            <String HEIGHT="85" WIDTH="133" VPOS="672" HPOS="1085" CONTENT="les" ID="tl_14_9" STYLEREFS="FONT0"/>
            <SP HEIGHT="85" WIDTH="19" VPOS="672" HPOS="1218"/>
            <String HEIGHT="85" WIDTH="228" VPOS="672" HPOS="1161" CONTENT="porteurs" ID="tl_14_10" STYLEREFS="FONT0"/>
            <SP HEIGHT="85" WIDTH="19" VPOS="672" HPOS="1389"/>
            <String HEIGHT="85" WIDTH="114" VPOS="672" HPOS="1332" CONTENT="de" ID="tl_14_11" STYLEREFS="FONT0"/>
            <SP HEIGHT="85" WIDTH="19" VPOS="672" HPOS="1446"/>
            <String HEIGHT="85" WIDTH="190" VPOS="672" HPOS="1370" CONTENT="nouveaux" ID="tl_14_12" STYLEREFS="FONT0"/>
          </TextLine>
          <TextLine ID="tl_15" BASELINE="815" HEIGHT="88" WIDTH="1423" VPOS="727" HPOS="136">
            <String HEIGHT="88" WIDTH="213" VPOS="727" HPOS="118" CONTENT="messages" ID="tl_15_1" STYLEREFS="FONT0"/>
            <SP HEIGHT="88" WIDTH="18" VPOS="727" HPOS="332"/>
            <String HEIGHT="88" WIDTH="125" VPOS="727" HPOS="278" CONTENT="qui" ID="tl_15_2" STYLEREFS="FONT0"/>
            <SP HEIGHT="88" WIDTH="18" VPOS="727" HPOS="403"/>
            <String HEIGHT="88" WIDTH="231" VPOS="727" HPOS="349" CONTENT="renvoient" ID="tl_15_3" STYLEREFS="FONT0"/>
            <SP HEIGHT="88" WIDTH="18" VPOS="727" HPOS="581"/>
            <String HEIGHT="88" WIDTH="142" VPOS="727" HPOS="527" CONTENT="très" ID="tl_15_4" STYLEREFS="FONT0"/>
            <SP HEIGHT="88" WIDTH="18" VPOS="727" HPOS="670"/>
            <String HEIGHT="88" WIDTH="249" VPOS="727" HPOS="616" CONTENT="volontiers" ID="tl_15_5" STYLEREFS="FONT0"/>
            <SP HEIGHT="88" WIDTH="18" VPOS="727" HPOS="865"/>
            <String HEIGHT="88" WIDTH="142" VPOS="727" HPOS="812" CONTENT="leur" ID="tl_15_6" STYLEREFS="FONT0"/>
            <SP HEIGHT="88" WIDTH="18" VPOS="727" HPOS="954"/>
            <String HEIGHT="88" WIDTH="231" VPOS="727" HPOS="901" CONTENT="tradition" ID="tl_15_7" STYLEREFS="FONT0"/>
            <SP HEIGHT="88" WIDTH="18" VPOS="727" HPOS="1132"/>
            <String HEIGHT="88" WIDTH="142" VPOS="727" HPOS="1079" CONTENT="dite" ID="tl_15_8" STYLEREFS="FONT0"/>
            <SP HEIGHT="88" WIDTH="18" VPOS="727" HPOS="1221"/>
            <String HEIGHT="88" WIDTH="231" VPOS="727" HPOS="1168" CONTENT="glorieuse" ID="tl_15_9" STYLEREFS="FONT0"/>
            <SP HEIGHT="88" WIDTH="18" VPOS="727" HPOS="1399"/>
            <String HEIGHT="88" WIDTH="107" VPOS="727" HPOS="1346" CONTENT="et" ID="tl_15_10" STYLEREFS="FONT0"/>
            <SP HEIGHT="88" WIDTH="18" VPOS="727" HPOS="1452"/>
            <String HEIGHT="88" WIDTH="178" VPOS="727" HPOS="1381" CONTENT="ancienne" ID="tl_15_11" STYLEREFS="FONT0"/>
          </TextLine>
          <TextLine ID="tl_16" BASELINE="857" HEIGHT="61" WIDTH="431" VPOS="796" HPOS="135">
            <String HEIGHT="61" WIDTH="98" VPOS="796" HPOS="115" CONTENT="à" ID="tl_16_1" STYLEREFS="FONT0"/>
            <SP HEIGHT="61" WIDTH="20" VPOS="796" HPOS="213"/>
            <String HEIGHT="61" WIDTH="176" VPOS="796" HPOS="155" CONTENT="leurs" ID="tl_16_2" STYLEREFS="FONT0"/>
            <SP HEIGHT="61" WIDTH="20" VPOS="796" HPOS="331"/>
            <String HEIGHT="61" WIDTH="313" VPOS="796" HPOS="253" CONTENT="prédécesseurs." ID="tl_16_3" STYLEREFS="FONT0"/>
          </TextLine>
        </TextBlock>
        <TextBlock ID="r_3_3" HEIGHT="427" WIDTH="1421" VPOS="833" HPOS="145">
          <TextLine ID="tl_17" BASELINE="910" HEIGHT="88" WIDTH="1392" VPOS="822" HPOS="172">
            <String HEIGHT="88" WIDTH="113" VPOS="822" HPOS="153" CONTENT="Il" ID="tl_17_1" STYLEREFS="FONT0"/>
            <SP HEIGHT="88" WIDTH="19" VPOS="822" HPOS="266"/>
            <String HEIGHT="88" WIDTH="188" VPOS="822" HPOS="210" CONTENT="serait" ID="tl_17_2" STYLEREFS="FONT0"/>
            <SP HEIGHT="88" WIDTH="19" VPOS="822" HPOS="398"/>
            <String HEIGHT="88" WIDTH="150" VPOS="822" HPOS="341" CONTENT="donc" ID="tl_17_3" STYLEREFS="FONT0"/>
            <SP HEIGHT="88" WIDTH="19" VPOS="822" HPOS="492"/>
            <String HEIGHT="88" WIDTH="357" VPOS="822" HPOS="435" CONTENT="irrévocablement" ID="tl_17_4" STYLEREFS="FONT0"/>
            <SP HEIGHT="88" WIDTH="19" VPOS="822" HPOS="793"/>
            <String HEIGHT="88" WIDTH="188" VPOS="822" HPOS="736" CONTENT="abusif" ID="tl_17_5" STYLEREFS="FONT0"/>
            <SP HEIGHT="88" WIDTH="19" VPOS="822" HPOS="924"/>
            <String HEIGHT="88" WIDTH="113" VPOS="822" HPOS="868" CONTENT="de" ID="tl_17_6" STYLEREFS="FONT0"/>
            <SP HEIGHT="88" WIDTH="19" VPOS="822" HPOS="981"/>
            <String HEIGHT="88" WIDTH="207" VPOS="822" HPOS="924" CONTENT="définir" ID="tl_17_7" STYLEREFS="FONT0"/>
            <SP HEIGHT="88" WIDTH="19" VPOS="822" HPOS="1131"/>
            <String HEIGHT="88" WIDTH="113" VPOS="822" HPOS="1075" CONTENT="en" ID="tl_17_8" STYLEREFS="FONT0"/>
            <SP HEIGHT="88" WIDTH="19" VPOS="822" HPOS="1188"/>
            <String HEIGHT="88" WIDTH="207" VPOS="822" HPOS="1131" CONTENT="passant" ID="tl_17_9" STYLEREFS="FONT0"/>
            <SP HEIGHT="88" WIDTH="19" VPOS="822" HPOS="1338"/>
            <String HEIGHT="88" WIDTH="169" VPOS="822" HPOS="1282" CONTENT="cette" ID="tl_17_10" STYLEREFS="FONT0"/>
            <SP HEIGHT="88" WIDTH="19" VPOS="822" HPOS="1451"/>
            <String HEIGHT="88" WIDTH="188" VPOS="822" HPOS="1376" CONTENT="nouvelle" ID="tl_17_11" STYLEREFS="FONT0"/>
          </TextLine>
          <TextLine ID="tl_18" BASELINE="965" HEIGHT="92" WIDTH="1430" VPOS="873" HPOS="136">
            <String HEIGHT="92" WIDTH="217" VPOS="873" HPOS="118" CONTENT="tendance" ID="tl_18_1" STYLEREFS="FONT0"/>
            <SP HEIGHT="92" WIDTH="18" VPOS="873" HPOS="335"/>
            <String HEIGHT="92" WIDTH="127" VPOS="873" HPOS="281" CONTENT="par" ID="tl_18_2" STYLEREFS="FONT0"/>
            <SP HEIGHT="92" WIDTH="18" VPOS="873" HPOS="408"/>
            <String HEIGHT="92" WIDTH="109" VPOS="873" HPOS="353" CONTENT="le" ID="tl_18_3" STYLEREFS="FONT0"/>
            <SP HEIGHT="92" WIDTH="18" VPOS="873" HPOS="462"/>
            <String HEIGHT="92" WIDTH="127" VPOS="873" HPOS="408" CONTENT="mot" ID="tl_18_4" STYLEREFS="FONT0"/>
            <SP HEIGHT="92" WIDTH="18" VPOS="873" HPOS="534"/>
            <String HEIGHT="92" WIDTH="91" VPOS="873" HPOS="480" CONTENT="«" ID="tl_18_5" STYLEREFS="FONT0"/>
            <SP HEIGHT="92" WIDTH="18" VPOS="873" HPOS="570"/>
            <String HEIGHT="92" WIDTH="145" VPOS="873" HPOS="516" CONTENT="mode" ID="tl_18_6" STYLEREFS="FONT0"/>
            <SP HEIGHT="92" WIDTH="18" VPOS="873" HPOS="661"/>
            <String HEIGHT="92" WIDTH="109" VPOS="873" HPOS="607" CONTENT="»." ID="tl_18_7" STYLEREFS="FONT0"/>
            <SP HEIGHT="92" WIDTH="18" VPOS="873" HPOS="715"/>
            <String HEIGHT="92" WIDTH="145" VPOS="873" HPOS="661" CONTENT="Elle" ID="tl_18_8" STYLEREFS="FONT0"/>
            <SP HEIGHT="92" WIDTH="18" VPOS="873" HPOS="806"/>
            <String HEIGHT="92" WIDTH="127" VPOS="873" HPOS="751" CONTENT="est" ID="tl_18_9" STYLEREFS="FONT0"/>
            <SP HEIGHT="92" WIDTH="18" VPOS="873" HPOS="878"/>
            <String HEIGHT="92" WIDTH="127" VPOS="873" HPOS="824" CONTENT="bel" ID="tl_18_10" STYLEREFS="FONT0"/>
            <SP HEIGHT="92" WIDTH="18" VPOS="873" HPOS="951"/>
            <String HEIGHT="92" WIDTH="109" VPOS="873" HPOS="896" CONTENT="et" ID="tl_18_11" STYLEREFS="FONT0"/>
            <SP HEIGHT="92" WIDTH="18" VPOS="873" HPOS="1005"/>
            <String HEIGHT="92" WIDTH="145" VPOS="873" HPOS="951" CONTENT="bien" ID="tl_18_12" STYLEREFS="FONT0"/>
            <SP HEIGHT="92" WIDTH="18" VPOS="873" HPOS="1095"/>
            <String HEIGHT="92" WIDTH="362" VPOS="873" HPOS="1041" CONTENT="l’aboutissement," ID="tl_18_13" STYLEREFS="FONT0"/>
            <SP HEIGHT="92" WIDTH="18" VPOS="873" HPOS="1403"/>
            <String HEIGHT="92" WIDTH="235" VPOS="873" HPOS="1331" CONTENT="l’épanouis" SUBS_TYPE="HypPart1" SUBS_CONTENT="l’épanouissement" ID="tl_18_14" STYLEREFS="FONT0"/>
            <HYP CONTENT="-"/>
          </TextLine>
          <TextLine ID="tl_19" BASELINE="1006" HEIGHT="82" WIDTH="1428" VPOS="924" HPOS="140">
            <String HEIGHT="82" WIDTH="183" VPOS="924" HPOS="122" CONTENT="sement" SUBS_TYPE="HypPart2" SUBS_CONTENT="l’épanouissement" ID="tl_19_1" STYLEREFS="FONT0"/>
            <SP HEIGHT="82" WIDTH="18" VPOS="924" HPOS="305"/>
            <String HEIGHT="82" WIDTH="201" VPOS="924" HPOS="250" CONTENT="naturel" ID="tl_19_2" STYLEREFS="FONT0"/>
            <SP HEIGHT="82" WIDTH="18" VPOS="924" HPOS="451"/>
            <String HEIGHT="82" WIDTH="165" VPOS="924" HPOS="396" CONTENT="d’une" ID="tl_19_3" STYLEREFS="FONT0"/>
            <SP HEIGHT="82" WIDTH="18" VPOS="924" HPOS="561"/>
            <String HEIGHT="82" WIDTH="201" VPOS="924" HPOS="506" CONTENT="volonté" ID="tl_19_4" STYLEREFS="FONT0"/>
            <SP HEIGHT="82" WIDTH="18" VPOS="924" HPOS="708"/>
            <String HEIGHT="82" WIDTH="256" VPOS="924" HPOS="653" CONTENT="martyrisée" ID="tl_19_5" STYLEREFS="FONT0"/>
            <SP HEIGHT="82" WIDTH="18" VPOS="924" HPOS="909"/>
            <String HEIGHT="82" WIDTH="146" VPOS="924" HPOS="854" CONTENT="mais" ID="tl_19_6" STYLEREFS="FONT0"/>
            <SP HEIGHT="82" WIDTH="18" VPOS="924" HPOS="1000"/>
            <String HEIGHT="82" WIDTH="275" VPOS="924" HPOS="946" CONTENT="inflexible." ID="tl_19_7" STYLEREFS="FONT0"/>
            <SP HEIGHT="82" WIDTH="18" VPOS="924" HPOS="1220"/>
            <String HEIGHT="82" WIDTH="146" VPOS="924" HPOS="1165" CONTENT="Oui," ID="tl_19_8" STYLEREFS="FONT0"/>
            <SP HEIGHT="82" WIDTH="18" VPOS="924" HPOS="1312"/>
            <String HEIGHT="82" WIDTH="110" VPOS="924" HPOS="1257" CONTENT="de" ID="tl_19_9" STYLEREFS="FONT0"/>
            <SP HEIGHT="82" WIDTH="18" VPOS="924" HPOS="1367"/>
            <String HEIGHT="82" WIDTH="165" VPOS="924" HPOS="1312" CONTENT="cette" ID="tl_19_10" STYLEREFS="FONT0"/>
            <SP HEIGHT="82" WIDTH="18" VPOS="924" HPOS="1476"/>
            <String HEIGHT="82" WIDTH="165" VPOS="924" HPOS="1403" CONTENT="volonté" ID="tl_19_11" STYLEREFS="FONT0"/>
          </TextLine>
          <TextLine ID="tl_20" BASELINE="1060" HEIGHT="79" WIDTH="1425" VPOS="981" HPOS="142">
            <String HEIGHT="79" WIDTH="137" VPOS="981" HPOS="122" CONTENT="qui" ID="tl_20_1" STYLEREFS="FONT0"/>
            <SP HEIGHT="79" WIDTH="20" VPOS="981" HPOS="259"/>
            <String HEIGHT="79" WIDTH="254" VPOS="981" HPOS="201" CONTENT="s’exprime" ID="tl_20_2" STYLEREFS="FONT0"/>
            <SP HEIGHT="79" WIDTH="20" VPOS="981" HPOS="454"/>
            <String HEIGHT="79" WIDTH="293" VPOS="981" HPOS="396" CONTENT="aujourd’hui" ID="tl_20_3" STYLEREFS="FONT0"/>
            <SP HEIGHT="79" WIDTH="20" VPOS="981" HPOS="689"/>
            <String HEIGHT="79" WIDTH="156" VPOS="981" HPOS="630" CONTENT="avec" ID="tl_20_4" STYLEREFS="FONT0"/>
            <SP HEIGHT="79" WIDTH="20" VPOS="981" HPOS="786"/>
            <String HEIGHT="79" WIDTH="195" VPOS="981" HPOS="728" CONTENT="autant" ID="tl_20_5" STYLEREFS="FONT0"/>
            <SP HEIGHT="79" WIDTH="20" VPOS="981" HPOS="923"/>
            <String HEIGHT="79" WIDTH="117" VPOS="981" HPOS="864" CONTENT="de" ID="tl_20_6" STYLEREFS="FONT0"/>
            <SP HEIGHT="79" WIDTH="20" VPOS="981" HPOS="981"/>
            <String HEIGHT="79" WIDTH="273" VPOS="981" HPOS="923" CONTENT="puissance," ID="tl_20_7" STYLEREFS="FONT0"/>
            <SP HEIGHT="79" WIDTH="20" VPOS="981" HPOS="1196"/>
            <String HEIGHT="79" WIDTH="195" VPOS="981" HPOS="1138" CONTENT="malgré" ID="tl_20_8" STYLEREFS="FONT0"/>
            <SP HEIGHT="79" WIDTH="20" VPOS="981" HPOS="1333"/>
            <String HEIGHT="79" WIDTH="117" VPOS="981" HPOS="1274" CONTENT="et" ID="tl_20_9" STYLEREFS="FONT0"/>
            <SP HEIGHT="79" WIDTH="20" VPOS="981" HPOS="1391"/>
            <String HEIGHT="79" WIDTH="254" VPOS="981" HPOS="1333" CONTENT="peut-être" ID="tl_20_10" STYLEREFS="FONT0"/>
            <SP HEIGHT="79" WIDTH="20" VPOS="981" HPOS="1587"/>
            <String HEIGHT="79" WIDTH="59" VPOS="981" HPOS="1508" CONTENT="à" ID="tl_20_11" STYLEREFS="FONT0"/>
          </TextLine>
          <TextLine ID="tl_21" BASELINE="1104" HEIGHT="73" WIDTH="1428" VPOS="1031" HPOS="143">
            <String HEIGHT="73" WIDTH="169" VPOS="1031" HPOS="124" CONTENT="cause" ID="tl_21_1" STYLEREFS="FONT0"/>
            <SP HEIGHT="73" WIDTH="19" VPOS="1031" HPOS="293"/>
            <String HEIGHT="73" WIDTH="113" VPOS="1031" HPOS="237" CONTENT="de" ID="tl_21_2" STYLEREFS="FONT0"/>
            <SP HEIGHT="73" WIDTH="19" VPOS="1031" HPOS="350"/>
            <String HEIGHT="73" WIDTH="113" VPOS="1031" HPOS="293" CONTENT="la" ID="tl_21_3" STYLEREFS="FONT0"/>
            <SP HEIGHT="73" WIDTH="19" VPOS="1031" HPOS="406"/>
            <String HEIGHT="73" WIDTH="188" VPOS="1031" HPOS="350" CONTENT="guerre" ID="tl_21_4" STYLEREFS="FONT0"/>
            <SP HEIGHT="73" WIDTH="19" VPOS="1031" HPOS="538"/>
            <String HEIGHT="73" WIDTH="150" VPOS="1031" HPOS="481" CONTENT="dont" ID="tl_21_5" STYLEREFS="FONT0"/>
            <SP HEIGHT="73" WIDTH="19" VPOS="1031" HPOS="632"/>
            <String HEIGHT="73" WIDTH="319" VPOS="1031" HPOS="575" CONTENT="l’adolescence" ID="tl_21_6" STYLEREFS="FONT0"/>
            <SP HEIGHT="73" WIDTH="19" VPOS="1031" HPOS="895"/>
            <String HEIGHT="73" WIDTH="244" VPOS="1031" HPOS="838" CONTENT="saignante" ID="tl_21_7" STYLEREFS="FONT0"/>
            <SP HEIGHT="73" WIDTH="19" VPOS="1031" HPOS="1082"/>
            <String HEIGHT="73" WIDTH="113" VPOS="1031" HPOS="1026" CONTENT="et" ID="tl_21_8" STYLEREFS="FONT0"/>
            <SP HEIGHT="73" WIDTH="19" VPOS="1031" HPOS="1139"/>
            <String HEIGHT="73" WIDTH="150" VPOS="1031" HPOS="1082" CONTENT="sans" ID="tl_21_9" STYLEREFS="FONT0"/>
            <SP HEIGHT="73" WIDTH="19" VPOS="1031" HPOS="1233"/>
            <String HEIGHT="73" WIDTH="169" VPOS="1031" HPOS="1176" CONTENT="appel" ID="tl_21_10" STYLEREFS="FONT0"/>
            <SP HEIGHT="73" WIDTH="19" VPOS="1031" HPOS="1346"/>
            <String HEIGHT="73" WIDTH="113" VPOS="1031" HPOS="1289" CONTENT="de" ID="tl_21_11" STYLEREFS="FONT0"/>
            <SP HEIGHT="73" WIDTH="19" VPOS="1031" HPOS="1402"/>
            <String HEIGHT="73" WIDTH="169" VPOS="1031" HPOS="1346" CONTENT="notre" ID="tl_21_12" STYLEREFS="FONT0"/>
            <SP HEIGHT="73" WIDTH="19" VPOS="1031" HPOS="1515"/>
            <String HEIGHT="73" WIDTH="132" VPOS="1031" HPOS="1439" CONTENT="géné" SUBS_TYPE="HypPart1" SUBS_CONTENT="génération" ID="tl_21_13" STYLEREFS="FONT0"/>
            <HYP CONTENT="-"/>
          </TextLine>
          <TextLine ID="tl_22" BASELINE="1161" HEIGHT="85" WIDTH="1426" VPOS="1076" HPOS="144">
            <String HEIGHT="85" WIDTH="193" VPOS="1076" HPOS="125" CONTENT="ration" SUBS_TYPE="HypPart2" SUBS_CONTENT="génération" ID="tl_22_1" STYLEREFS="FONT0"/>
            <SP HEIGHT="85" WIDTH="19" VPOS="1076" HPOS="317"/>
            <String HEIGHT="85" WIDTH="173" VPOS="1076" HPOS="260" CONTENT="garde" ID="tl_22_2" STYLEREFS="FONT0"/>
            <SP HEIGHT="85" WIDTH="19" VPOS="1076" HPOS="433"/>
            <String HEIGHT="85" WIDTH="135" VPOS="1076" HPOS="375" CONTENT="des" ID="tl_22_3" STYLEREFS="FONT0"/>
            <SP HEIGHT="85" WIDTH="19" VPOS="1076" HPOS="510"/>
            <String HEIGHT="85" WIDTH="251" VPOS="1076" HPOS="452" CONTENT="stigmates" ID="tl_22_4" STYLEREFS="FONT0"/>
            <SP HEIGHT="85" WIDTH="19" VPOS="1076" HPOS="703"/>
            <String HEIGHT="85" WIDTH="308" VPOS="1076" HPOS="645" CONTENT="ineffaçables" ID="tl_22_5" STYLEREFS="FONT0"/>
            <SP HEIGHT="85" WIDTH="19" VPOS="1076" HPOS="953"/>
            <String HEIGHT="85" WIDTH="154" VPOS="1076" HPOS="896" CONTENT="dans" ID="tl_22_6" STYLEREFS="FONT0"/>
            <SP HEIGHT="85" WIDTH="19" VPOS="1076" HPOS="1050"/>
            <String HEIGHT="85" WIDTH="135" VPOS="1076" HPOS="992" CONTENT="son" ID="tl_22_7" STYLEREFS="FONT0"/>
            <SP HEIGHT="85" WIDTH="19" VPOS="1076" HPOS="1127"/>
            <String HEIGHT="85" WIDTH="135" VPOS="1076" HPOS="1069" CONTENT="âme" ID="tl_22_8" STYLEREFS="FONT0"/>
            <SP HEIGHT="85" WIDTH="19" VPOS="1076" HPOS="1204"/>
            <String HEIGHT="85" WIDTH="116" VPOS="1076" HPOS="1146" CONTENT="et" ID="tl_22_9" STYLEREFS="FONT0"/>
            <SP HEIGHT="85" WIDTH="19" VPOS="1076" HPOS="1262"/>
            <String HEIGHT="85" WIDTH="135" VPOS="1076" HPOS="1204" CONTENT="qui" ID="tl_22_10" STYLEREFS="FONT0"/>
            <SP HEIGHT="85" WIDTH="19" VPOS="1076" HPOS="1339"/>
            <String HEIGHT="85" WIDTH="193" VPOS="1076" HPOS="1281" CONTENT="enfin," ID="tl_22_11" STYLEREFS="FONT0"/>
            <SP HEIGHT="85" WIDTH="19" VPOS="1076" HPOS="1474"/>
            <String HEIGHT="85" WIDTH="154" VPOS="1076" HPOS="1416" CONTENT="dans" ID="tl_22_12" STYLEREFS="FONT0"/>
            <SP HEIGHT="85" WIDTH="19" VPOS="1076" HPOS="1570"/>
            <String HEIGHT="85" WIDTH="77" VPOS="1076" HPOS="1493" CONTENT="un" ID="tl_22_13" STYLEREFS="FONT0"/>
          </TextLine>
          <TextLine ID="tl_23" BASELINE="1215" HEIGHT="86" WIDTH="1427" VPOS="1129" HPOS="145">
            <String HEIGHT="86" WIDTH="156" VPOS="1129" HPOS="125" CONTENT="coin" ID="tl_23_1" STYLEREFS="FONT0"/>
            <SP HEIGHT="86" WIDTH="20" VPOS="1129" HPOS="282"/>
            <String HEIGHT="86" WIDTH="176" VPOS="1129" HPOS="223" CONTENT="isolé" ID="tl_23_2" STYLEREFS="FONT0"/>
            <SP HEIGHT="86" WIDTH="20" VPOS="1129" HPOS="399"/>
            <String HEIGHT="86" WIDTH="117" VPOS="1129" HPOS="340" CONTENT="du" ID="tl_23_3" STYLEREFS="FONT0"/>
            <SP HEIGHT="86" WIDTH="20" VPOS="1129" HPOS="458"/>
            <String HEIGHT="86" WIDTH="176" VPOS="1129" HPOS="399" CONTENT="monde" ID="tl_23_4" STYLEREFS="FONT0"/>
            <SP HEIGHT="86" WIDTH="20" VPOS="1129" HPOS="575"/>
            <String HEIGHT="86" WIDTH="117" VPOS="1129" HPOS="516" CONTENT="où" ID="tl_23_5" STYLEREFS="FONT0"/>
            <SP HEIGHT="86" WIDTH="20" VPOS="1129" HPOS="634"/>
            <String HEIGHT="86" WIDTH="215" VPOS="1129" HPOS="575" CONTENT="régnait" ID="tl_23_6" STYLEREFS="FONT0"/>
            <SP HEIGHT="86" WIDTH="20" VPOS="1129" HPOS="790"/>
            <String HEIGHT="86" WIDTH="137" VPOS="1129" HPOS="731" CONTENT="une" ID="tl_23_7" STYLEREFS="FONT0"/>
            <SP HEIGHT="86" WIDTH="20" VPOS="1129" HPOS="868"/>
            <String HEIGHT="86" WIDTH="254" VPOS="1129" HPOS="810" CONTENT="ignorance" ID="tl_23_8" STYLEREFS="FONT0"/>
            <SP HEIGHT="86" WIDTH="20" VPOS="1129" HPOS="1064"/>
            <String HEIGHT="86" WIDTH="117" VPOS="1129" HPOS="1005" CONTENT="et" ID="tl_23_9" STYLEREFS="FONT0"/>
            <SP HEIGHT="86" WIDTH="20" VPOS="1129" HPOS="1122"/>
            <String HEIGHT="86" WIDTH="137" VPOS="1129" HPOS="1064" CONTENT="une" ID="tl_23_10" STYLEREFS="FONT0"/>
            <SP HEIGHT="86" WIDTH="20" VPOS="1129" HPOS="1201"/>
            <String HEIGHT="86" WIDTH="371" VPOS="1129" HPOS="1142" CONTENT="incompréhension" ID="tl_23_11" STYLEREFS="FONT0"/>
            <SP HEIGHT="86" WIDTH="20" VPOS="1129" HPOS="1513"/>
            <String HEIGHT="86" WIDTH="137" VPOS="1129" HPOS="1435" CONTENT="acca" SUBS_TYPE="HypPart1" SUBS_CONTENT="accablantes," ID="tl_23_12" STYLEREFS="FONT0"/>
            <HYP CONTENT="-"/>
          </TextLine>
          <TextLine ID="tl_24" BASELINE="1266" HEIGHT="72" WIDTH="740" VPOS="1194" HPOS="147">
            <String HEIGHT="72" WIDTH="207" VPOS="1194" HPOS="130" CONTENT="blantes," SUBS_TYPE="HypPart2" SUBS_CONTENT="accablantes," ID="tl_24_1" STYLEREFS="FONT0"/>
            <SP HEIGHT="72" WIDTH="17" VPOS="1194" HPOS="336"/>
            <String HEIGHT="72" WIDTH="103" VPOS="1194" HPOS="285" CONTENT="se" ID="tl_24_2" STYLEREFS="FONT0"/>
            <SP HEIGHT="72" WIDTH="17" VPOS="1194" HPOS="388"/>
            <String HEIGHT="72" WIDTH="138" VPOS="1194" HPOS="336" CONTENT="fait" ID="tl_24_3" STYLEREFS="FONT0"/>
            <SP HEIGHT="72" WIDTH="17" VPOS="1194" HPOS="474"/>
            <String HEIGHT="72" WIDTH="138" VPOS="1194" HPOS="422" CONTENT="jour" ID="tl_24_4" STYLEREFS="FONT0"/>
            <SP HEIGHT="72" WIDTH="17" VPOS="1194" HPOS="560"/>
            <String HEIGHT="72" WIDTH="120" VPOS="1194" HPOS="508" CONTENT="sur" ID="tl_24_5" STYLEREFS="FONT0"/>
            <SP HEIGHT="72" WIDTH="17" VPOS="1194" HPOS="629"/>
            <String HEIGHT="72" WIDTH="103" VPOS="1194" HPOS="577" CONTENT="la" ID="tl_24_6" STYLEREFS="FONT0"/>
            <SP HEIGHT="72" WIDTH="17" VPOS="1194" HPOS="680"/>
            <String HEIGHT="72" WIDTH="138" VPOS="1194" HPOS="629" CONTENT="voie" ID="tl_24_7" STYLEREFS="FONT0"/>
            <SP HEIGHT="72" WIDTH="17" VPOS="1194" HPOS="767"/>
            <String HEIGHT="72" WIDTH="103" VPOS="1194" HPOS="715" CONTENT="du" ID="tl_24_8" STYLEREFS="FONT0"/>
            <SP HEIGHT="72" WIDTH="17" VPOS="1194" HPOS="818"/>
            <String HEIGHT="72" WIDTH="138" VPOS="1194" HPOS="749" CONTENT="salut." ID="tl_24_9" STYLEREFS="FONT0"/>
          </TextLine>
        </TextBlock>
        <TextBlock ID="r_3_4" HEIGHT="38" WIDTH="129" VPOS="1236" HPOS="1372">
          <TextLine ID="tl_25" BASELINE="1282" HEIGHT="57" WIDTH="146" VPOS="1225" HPOS="1363">
            <String HEIGHT="57" WIDTH="183" VPOS="1225" HPOS="1327" CONTENT="VIl" ID="tl_25_1" STYLEREFS="FONT0"/>
          </TextLine>
        </TextBlock>
        <TextBlock ID="r_3_5" HEIGHT="47" WIDTH="397" VPOS="1283" HPOS="1099">
          <TextLine ID="tl_26" BASELINE="1340" HEIGHT="70" WIDTH="414" VPOS="1270" HPOS="1090">
            <String HEIGHT="70" WIDTH="216" VPOS="1270" HPOS="1072" CONTENT="Critique" ID="tl_26_1" STYLEREFS="FONT0"/>
            <SP HEIGHT="70" WIDTH="18" VPOS="1270" HPOS="1288"/>
            <String HEIGHT="70" WIDTH="162" VPOS="1270" HPOS="1234" CONTENT="d’art" ID="tl_26_2" STYLEREFS="FONT0"/>
            <SP HEIGHT="70" WIDTH="18" VPOS="1270" HPOS="1396"/>
            <String HEIGHT="70" WIDTH="90" VPOS="1270" HPOS="1342" CONTENT="à" ID="tl_26_3" STYLEREFS="FONT0"/>
            <SP HEIGHT="70" WIDTH="18" VPOS="1270" HPOS="1432"/>
            <String HEIGHT="70" WIDTH="144" VPOS="1270" HPOS="1360" CONTENT="Paris." ID="tl_26_4" STYLEREFS="FONT0"/>
          </TextLine>
        </TextBlock>
        <TextBlock ID="r_4_1" HEIGHT="99" WIDTH="511" VPOS="1466" HPOS="648">
          <TextLine ID="tl_27" BASELINE="1522" HEIGHT="81" WIDTH="528" VPOS="1441" HPOS="639">
            <String HEIGHT="81" WIDTH="253" VPOS="1441" HPOS="616" CONTENT="SECTION" ID="tl_27_1" STYLEREFS="FONT0"/>
            <SP HEIGHT="81" WIDTH="23" VPOS="1441" HPOS="869"/>
            <String HEIGHT="81" WIDTH="184" VPOS="1441" HPOS="800" CONTENT="ARTS" ID="tl_27_2" STYLEREFS="FONT0"/>
            <SP HEIGHT="81" WIDTH="23" VPOS="1441" HPOS="983"/>
            <String HEIGHT="81" WIDTH="275" VPOS="1441" HPOS="892" CONTENT="PLASTIQUES" ID="tl_27_3" STYLEREFS="FONT0"/>
          </TextLine>
          <TextLine ID="tl_28" BASELINE="1581" HEIGHT="71" WIDTH="385" VPOS="1510" HPOS="711">
            <String HEIGHT="71" WIDTH="257" VPOS="1510" HPOS="690" CONTENT="PEINTURE" ID="tl_28_1" STYLEREFS="FONT0"/>
            <SP HEIGHT="71" WIDTH="21" VPOS="1510" HPOS="946"/>
            <String HEIGHT="71" WIDTH="128" VPOS="1510" HPOS="882" CONTENT="ET" ID="tl_28_2" STYLEREFS="FONT0"/>
            <SP HEIGHT="71" WIDTH="21" VPOS="1510" HPOS="1010"/>
            <String HEIGHT="71" WIDTH="171" VPOS="1510" HPOS="925" CONTENT="DESSIN" ID="tl_28_3" STYLEREFS="FONT0"/>
          </TextLine>
        </TextBlock>
        <TextBlock ID="r_4_2" HEIGHT="59" WIDTH="902" VPOS="1585" HPOS="240">
          <TextLine ID="tl_29" BASELINE="1644" HEIGHT="74" WIDTH="918" VPOS="1570" HPOS="232">
            <String HEIGHT="74" WIDTH="220" VPOS="1570" HPOS="212" CONTENT="Song" ID="tl_29_1" STYLEREFS="FONT1"/>
            <SP HEIGHT="74" WIDTH="20" VPOS="1570" HPOS="432"/>
            <String HEIGHT="74" WIDTH="160" VPOS="1570" HPOS="372" CONTENT="Soum" ID="tl_29_2" STYLEREFS="FONT1"/>
            <SP HEIGHT="74" WIDTH="20" VPOS="1570" HPOS="531"/>
            <String HEIGHT="74" WIDTH="279" VPOS="1570" HPOS="471" CONTENT="JEANG" ID="tl_29_3" STYLEREFS="FONT1"/>
            <SP HEIGHT="74" WIDTH="20" VPOS="1570" HPOS="751"/>
            <String HEIGHT="74" WIDTH="120" VPOS="1570" HPOS="691" CONTENT="né" ID="tl_29_4" STYLEREFS="FONT0"/>
            <SP HEIGHT="74" WIDTH="20" VPOS="1570" HPOS="811"/>
            <String HEIGHT="74" WIDTH="100" VPOS="1570" HPOS="751" CONTENT="à" ID="tl_29_5" STYLEREFS="FONT0"/>
            <SP HEIGHT="74" WIDTH="20" VPOS="1570" HPOS="851"/>
            <String HEIGHT="74" WIDTH="239" VPOS="1570" HPOS="791" CONTENT="Hamheung" ID="tl_29_6" STYLEREFS="FONT0"/>
            <SP HEIGHT="74" WIDTH="20" VPOS="1570" HPOS="1030"/>
            <String HEIGHT="74" WIDTH="120" VPOS="1570" HPOS="970" CONTENT="en" ID="tl_29_7" STYLEREFS="FONT0"/>
            <SP HEIGHT="74" WIDTH="20" VPOS="1570" HPOS="1090"/>
            <String HEIGHT="74" WIDTH="140" VPOS="1570" HPOS="1010" CONTENT="1928." ID="tl_29_8" STYLEREFS="FONT0"/>
          </TextLine>
        </TextBlock>
        <TextBlock ID="r_4_3" HEIGHT="52" WIDTH="598" VPOS="1639" HPOS="184">
          <TextLine ID="tl_30" BASELINE="1698" HEIGHT="69" WIDTH="616" VPOS="1629" HPOS="175">
            <String HEIGHT="69" WIDTH="195" VPOS="1629" HPOS="159" CONTENT="1" ID="tl_30_1" STYLEREFS="FONT1"/>
            <SP HEIGHT="69" WIDTH="16" VPOS="1629" HPOS="353"/>
            <String HEIGHT="69" WIDTH="162" VPOS="1629" HPOS="305" CONTENT="Œuvre," ID="tl_30_2" STYLEREFS="FONT0"/>
            <SP HEIGHT="69" WIDTH="16" VPOS="1629" HPOS="467"/>
            <String HEIGHT="69" WIDTH="130" VPOS="1629" HPOS="418" CONTENT="1961" ID="tl_30_3" STYLEREFS="FONT0"/>
            <SP HEIGHT="69" WIDTH="16" VPOS="1629" HPOS="548"/>
            <String HEIGHT="69" WIDTH="178" VPOS="1629" HPOS="499" CONTENT="(huile," ID="tl_30_4" STYLEREFS="FONT0"/>
            <SP HEIGHT="69" WIDTH="16" VPOS="1629" HPOS="678"/>
            <String HEIGHT="69" WIDTH="178" VPOS="1629" HPOS="613" CONTENT="120x100)." ID="tl_30_5" STYLEREFS="FONT0"/>
          </TextLine>
        </TextBlock>
        <TextBlock ID="r_4_4" HEIGHT="57" WIDTH="848" VPOS="1696" HPOS="243">
          <TextLine ID="tl_31" BASELINE="1774" HEIGHT="92" WIDTH="866" VPOS="1682" HPOS="233">
            <String HEIGHT="92" WIDTH="231" VPOS="1682" HPOS="214" CONTENT="Tsang" ID="tl_31_1" STYLEREFS="FONT1"/>
            <SP HEIGHT="92" WIDTH="19" VPOS="1682" HPOS="445"/>
            <String HEIGHT="92" WIDTH="135" VPOS="1682" HPOS="387" CONTENT="Sup" ID="tl_31_2" STYLEREFS="FONT1"/>
            <SP HEIGHT="92" WIDTH="19" VPOS="1682" HPOS="522"/>
            <String HEIGHT="92" WIDTH="269" VPOS="1682" HPOS="464" CONTENT="JEONG" ID="tl_31_3" STYLEREFS="FONT1"/>
            <SP HEIGHT="92" WIDTH="19" VPOS="1682" HPOS="733"/>
            <String HEIGHT="92" WIDTH="115" VPOS="1682" HPOS="676" CONTENT="né" ID="tl_31_4" STYLEREFS="FONT0"/>
            <SP HEIGHT="92" WIDTH="19" VPOS="1682" HPOS="791"/>
            <String HEIGHT="92" WIDTH="96" VPOS="1682" HPOS="733" CONTENT="à" ID="tl_31_5" STYLEREFS="FONT0"/>
            <SP HEIGHT="92" WIDTH="19" VPOS="1682" HPOS="830"/>
            <String HEIGHT="92" WIDTH="212" VPOS="1682" HPOS="772" CONTENT="Chungyu" ID="tl_31_6" STYLEREFS="FONT0"/>
            <SP HEIGHT="92" WIDTH="19" VPOS="1682" HPOS="984"/>
            <String HEIGHT="92" WIDTH="115" VPOS="1682" HPOS="926" CONTENT="en" ID="tl_31_7" STYLEREFS="FONT0"/>
            <SP HEIGHT="92" WIDTH="19" VPOS="1682" HPOS="1041"/>
            <String HEIGHT="92" WIDTH="135" VPOS="1682" HPOS="964" CONTENT="1927." ID="tl_31_8" STYLEREFS="FONT0"/>
          </TextLine>
        </TextBlock>
        <TextBlock ID="r_4_5" HEIGHT="51" WIDTH="600" VPOS="1748" HPOS="186">
          <TextLine ID="tl_32" BASELINE="1817" HEIGHT="75" WIDTH="616" VPOS="1742" HPOS="178">
            <String HEIGHT="75" WIDTH="195" VPOS="1742" HPOS="162" CONTENT="2" ID="tl_32_1" STYLEREFS="FONT1"/>
            <SP HEIGHT="75" WIDTH="16" VPOS="1742" HPOS="356"/>
            <String HEIGHT="75" WIDTH="162" VPOS="1742" HPOS="308" CONTENT="Œuvre," ID="tl_32_2" STYLEREFS="FONT0"/>
            <SP HEIGHT="75" WIDTH="16" VPOS="1742" HPOS="470"/>
            <String HEIGHT="75" WIDTH="130" VPOS="1742" HPOS="421" CONTENT="1961" ID="tl_32_3" STYLEREFS="FONT0"/>
            <SP HEIGHT="75" WIDTH="16" VPOS="1742" HPOS="551"/>
            <String HEIGHT="75" WIDTH="178" VPOS="1742" HPOS="502" CONTENT="(huile," ID="tl_32_4" STYLEREFS="FONT0"/>
            <SP HEIGHT="75" WIDTH="16" VPOS="1742" HPOS="681"/>
            <String HEIGHT="75" WIDTH="178" VPOS="1742" HPOS="616" CONTENT="160x120)." ID="tl_32_5" STYLEREFS="FONT0"/>
          </TextLine>
        </TextBlock>
        <TextBlock ID="r_4_6" HEIGHT="56" WIDTH="770" VPOS="1806" HPOS="246">
          <TextLine ID="tl_33" BASELINE="1861" HEIGHT="73" WIDTH="786" VPOS="1788" HPOS="238">
            <String HEIGHT="73" WIDTH="256" VPOS="1788" HPOS="220" CONTENT="Vong-Ik" ID="tl_33_1" STYLEREFS="FONT1"/>
            <SP HEIGHT="73" WIDTH="18" VPOS="1788" HPOS="476"/>
            <String HEIGHT="73" WIDTH="219" VPOS="1788" HPOS="421" CONTENT="JOH" ID="tl_33_2" STYLEREFS="FONT1"/>
            <SP HEIGHT="73" WIDTH="18" VPOS="1788" HPOS="640"/>
            <String HEIGHT="73" WIDTH="110" VPOS="1788" HPOS="585" CONTENT="né" ID="tl_33_3" STYLEREFS="FONT0"/>
            <SP HEIGHT="73" WIDTH="18" VPOS="1788" HPOS="695"/>
            <String HEIGHT="73" WIDTH="91" VPOS="1788" HPOS="640" CONTENT="à" ID="tl_33_4" STYLEREFS="FONT0"/>
            <SP HEIGHT="73" WIDTH="18" VPOS="1788" HPOS="732"/>
            <String HEIGHT="73" WIDTH="238" VPOS="1788" HPOS="677" CONTENT="Bookchung" ID="tl_33_5" STYLEREFS="FONT0"/>
            <SP HEIGHT="73" WIDTH="18" VPOS="1788" HPOS="914"/>
            <String HEIGHT="73" WIDTH="110" VPOS="1788" HPOS="859" CONTENT="en" ID="tl_33_6" STYLEREFS="FONT0"/>
            <SP HEIGHT="73" WIDTH="18" VPOS="1788" HPOS="969"/>
            <String HEIGHT="73" WIDTH="128" VPOS="1788" HPOS="896" CONTENT="1934." ID="tl_33_7" STYLEREFS="FONT0"/>
          </TextLine>
        </TextBlock>
        <TextBlock ID="r_4_7" HEIGHT="51" WIDTH="618" VPOS="1857" HPOS="190">
          <TextLine ID="tl_34" BASELINE="1931" HEIGHT="75" WIDTH="633" VPOS="1856" HPOS="182">
            <String HEIGHT="75" WIDTH="195" VPOS="1856" HPOS="166" CONTENT="3" ID="tl_34_1" STYLEREFS="FONT1"/>
            <SP HEIGHT="75" WIDTH="16" VPOS="1856" HPOS="361"/>
            <String HEIGHT="75" WIDTH="162" VPOS="1856" HPOS="312" CONTENT="Œuvre," ID="tl_34_2" STYLEREFS="FONT0"/>
            <SP HEIGHT="75" WIDTH="16" VPOS="1856" HPOS="474"/>
            <String HEIGHT="75" WIDTH="130" VPOS="1856" HPOS="425" CONTENT="1961" ID="tl_34_3" STYLEREFS="FONT0"/>
            <SP HEIGHT="75" WIDTH="16" VPOS="1856" HPOS="555"/>
            <String HEIGHT="75" WIDTH="179" VPOS="1856" HPOS="507" CONTENT="(huile," ID="tl_34_4" STYLEREFS="FONT0"/>
            <SP HEIGHT="75" WIDTH="16" VPOS="1856" HPOS="685"/>
            <String HEIGHT="75" WIDTH="195" VPOS="1856" HPOS="620" CONTENT="100x130)*." ID="tl_34_5" STYLEREFS="FONT0"/>
          </TextLine>
        </TextBlock>
        <TextBlock ID="r_4_8" HEIGHT="60" WIDTH="904" VPOS="1911" HPOS="248">
          <TextLine ID="tl_35" BASELINE="1965" HEIGHT="61" WIDTH="922" VPOS="1904" HPOS="239">
            <String HEIGHT="61" WIDTH="263" VPOS="1904" HPOS="220" CONTENT="Tschang" ID="tl_35_1" STYLEREFS="FONT1"/>
            <SP HEIGHT="61" WIDTH="19" VPOS="1904" HPOS="484"/>
            <String HEIGHT="61" WIDTH="151" VPOS="1904" HPOS="427" CONTENT="Vaul" ID="tl_35_2" STYLEREFS="FONT1"/>
            <SP HEIGHT="61" WIDTH="19" VPOS="1904" HPOS="578"/>
            <String HEIGHT="61" WIDTH="226" VPOS="1904" HPOS="521" CONTENT="KIM" ID="tl_35_3" STYLEREFS="FONT1"/>
            <SP HEIGHT="61" WIDTH="19" VPOS="1904" HPOS="747"/>
            <String HEIGHT="61" WIDTH="113" VPOS="1904" HPOS="691" CONTENT="né" ID="tl_35_4" STYLEREFS="FONT0"/>
            <SP HEIGHT="61" WIDTH="19" VPOS="1904" HPOS="803"/>
            <String HEIGHT="61" WIDTH="94" VPOS="1904" HPOS="747" CONTENT="à" ID="tl_35_5" STYLEREFS="FONT0"/>
            <SP HEIGHT="61" WIDTH="19" VPOS="1904" HPOS="841"/>
            <String HEIGHT="61" WIDTH="263" VPOS="1904" HPOS="785" CONTENT="Phyungyang" ID="tl_35_6" STYLEREFS="FONT0"/>
            <SP HEIGHT="61" WIDTH="19" VPOS="1904" HPOS="1048"/>
            <String HEIGHT="61" WIDTH="113" VPOS="1904" HPOS="992" CONTENT="en" ID="tl_35_7" STYLEREFS="FONT0"/>
            <SP HEIGHT="61" WIDTH="19" VPOS="1904" HPOS="1105"/>
            <String HEIGHT="61" WIDTH="132" VPOS="1904" HPOS="1029" CONTENT="1929." ID="tl_35_8" STYLEREFS="FONT0"/>
          </TextLine>
        </TextBlock>
        <TextBlock ID="r_4_9" HEIGHT="51" WIDTH="599" VPOS="1966" HPOS="193">
          <TextLine ID="tl_36" BASELINE="2032" HEIGHT="76" WIDTH="616" VPOS="1956" HPOS="184">
            <String HEIGHT="76" WIDTH="195" VPOS="1956" HPOS="168" CONTENT="4" ID="tl_36_1" STYLEREFS="FONT1"/>
            <SP HEIGHT="76" WIDTH="16" VPOS="1956" HPOS="362"/>
            <String HEIGHT="76" WIDTH="162" VPOS="1956" HPOS="314" CONTENT="Œuvre," ID="tl_36_2" STYLEREFS="FONT0"/>
            <SP HEIGHT="76" WIDTH="16" VPOS="1956" HPOS="476"/>
            <String HEIGHT="76" WIDTH="130" VPOS="1956" HPOS="427" CONTENT="1961" ID="tl_36_3" STYLEREFS="FONT0"/>
            <SP HEIGHT="76" WIDTH="16" VPOS="1956" HPOS="557"/>
            <String HEIGHT="76" WIDTH="178" VPOS="1956" HPOS="508" CONTENT="(huile," ID="tl_36_4" STYLEREFS="FONT0"/>
            <SP HEIGHT="76" WIDTH="16" VPOS="1956" HPOS="687"/>
            <String HEIGHT="76" WIDTH="178" VPOS="1956" HPOS="622" CONTENT="150x120)." ID="tl_36_5" STYLEREFS="FONT0"/>
          </TextLine>
        </TextBlock>
        <TextBlock ID="r_5_1" HEIGHT="27" WIDTH="30" VPOS="2114" HPOS="1479">
          <TextLine ID="tl_37" BASELINE="2148" HEIGHT="63" WIDTH="46" VPOS="2085" HPOS="1471">
            <String HEIGHT="63" WIDTH="92" VPOS="2085" HPOS="1425" CONTENT="31" ID="tl_37_1" STYLEREFS="FONT0"/>
          </TextLine>
        </TextBlock>
        <GraphicalElement ID="r_6" HEIGHT="8" WIDTH="162" VPOS="0" HPOS="1"/>
        <GraphicalElement ID="r_7" HEIGHT="3" WIDTH="1540" VPOS="0" HPOS="163"/>
        <GraphicalElement ID="r_8" HEIGHT="348" WIDTH="6" VPOS="0" HPOS="0"/>
      </PrintSpace>
    </Page>
  </Layout>
</alto>
