1818 2197
416 7 51 61 PÉROU

573 431 245 72 Commissaire
768 431 196 72 Général:
915 431 179 72 Juan
1046 431 163 72 Manuel
1144 431 342 72 Ugarte

573 478 227 80 Directeur
747 478 105 80 de
800 478 192 80 l’Ecole
940 478 227 80 Nationale
1115 478 122 80 des
1185 478 245 80 Beaux-Arts
1377 478 105 80 du
1412 478 140 80 Pérou.

410 775 199 50 L’envoi
555 775 109 50 du
609 775 163 50 Pérou
718 775 91 50 à
754 775 109 50 la
809 775 218 50 deuxième
972 775 218 50 Biennale
1135 775 109 50 de
1190 775 163 50 Paris
1298 775 127 50 est
1371 775 109 50 le
1425 775 163 50 fruit
1534 775 163 50 d’une
1625 775 145 50 sélec-

375 823 147 67 tion
466 823 239 67 effectuée
650 823 165 67 parmi
760 823 128 67 les
833 823 183 67 jeunes
962 823 239 67 peintres,
1145 823 147 67 âgés
1237 823 110 67 de
1292 823 165 67 moins
1402 823 110 67 de
1457 823 275 67 trente-cinq
1659 823 110 67 ans,

377 873 132 60 qui
453 873 113 60 se
509 873 151 60 sont
603 873 113 60 le
660 873 151 60 plus
754 873 264 60 distingués
961 873 113 60 au
1018 873 170 60 cours
1131 873 113 60 de
1188 873 132 60 ces
1263 873 245 60 dernières
1452 873 207 60 années.
1584 873 188 60 Certains

377 915 194 61 d’entre
518 915 141 61 eux,
607 915 141 61 déjà
695 915 212 61 présents
854 915 88 61 à
889 915 106 61 la
942 915 212 61 première
1101 915 229 61 Biennale,
1277 915 106 61 se
1330 915 212 61 révèlent
1489 915 247 61 maintenant
1665 915 106 61 plus

375 966 205 58 évolués
525 966 112 58 et
580 966 224 58 semblent
748 966 149 58 plus
842 966 261 58 conscients
1047 966 112 58 de
1103 966 149 58 leur
1196 966 205 58 volonté
1345 966 317 58 d’expression;
1588 966 186 58 d’autres

375 1010 218 69 exposent
538 1010 145 69 pour
629 1010 109 69 la
684 1010 218 69 première
847 1010 145 69 fois
938 1010 91 69 à
974 1010 254 69 l’occasion
1174 1010 109 69 de
1228 1010 163 69 cette
1337 1010 218 69 deuxième
1482 1010 291 69 manifestation.

407 1053 117 71 Le
466 1053 312 71 Commissariat
720 1053 117 71 de
778 1053 215 71 l’envoi
934 1053 234 71 péruvien
1110 1053 98 71 a
1149 1053 156 71 pris
1246 1053 176 71 grand
1363 1053 156 71 soin
1461 1053 117 71 de
1519 1053 254 71 maintenir
1695 1053 78 71 un

374 1103 189 60 niveau
507 1103 265 60 d’ensemble
715 1103 246 60 homogène,
904 1103 151 60 sans
999 1103 246 60 négliger,
1188 1103 265 60 toutefois,
1396 1103 133 60 ces
1472 1103 189 60 jeunes
1586 1103 189 60 artistes

375 1152 151 45 dont
470 1152 227 45 l’œuvre,
640 1152 189 45 malgré
772 1152 132 45 une
848 1152 265 45 expérience
1056 1152 359 45 professionnelle
1359 1152 170 45 assez
1472 1152 227 45 récente,
1624 1152 151 45 repré-

373 1190 175 77 sente
489 1190 136 77 une
567 1190 195 77 réelle
704 1190 253 77 promesse.
898 1190 117 77 Il
957 1190 136 77 est
1035 1190 195 77 permis
1171 1190 273 77 d’affirmer
1385 1190 136 77 que
1463 1190 117 77 du
1522 1190 195 77 groupe
1639 1190 136 77 ainsi

375 1240 225 78 constitué
548 1240 104 78 se
600 1240 208 78 dégagent
756 1240 121 78 les
825 1240 173 78 traits
946 1240 346 78 caractéristiques
1240 1240 104 78 de
1292 1240 104 78 la
1344 1240 156 78 jeune
1448 1240 208 78 peinture
1604 1240 104 78 du
1639 1240 139 78 Pérou,

1206 1948 160 80 Juan
1306 1948 200 80 Manuel
1426 1948 360 80 Ugarte

411 2098 102 69 90
