1589 2835
711 34 213 99 2
754 34 128 99 —

138 146 335 62 Délibération
410 146 147 62 des
494 146 272 62 officiers
704 146 314 62 municipaux,
955 146 230 62 conseil
1123 146 251 62 général,
1311 146 126 62 et
1353 146 147 62 habi-

91 198 197 61 tants
223 198 131 61 de
288 198 131 61 la
354 198 241 61 commune
529 198 131 61 de
595 198 131 61 la
661 198 372 61 Ferté-Avrain,
967 198 263 61 district
1164 198 131 61 de
1208 198 285 61 Romorantin,

91 241 337 59 département
360 241 135 59 de
427 241 247 59 Loir-et
607 241 202 59 Cher,
741 241 224 59 canton
898 241 135 59 de
966 241 292 59 Chaumont,
1190 241 224 59 toutes
1325 241 179 59 assem-

93 285 190 76 blées
220 285 485 76 extraordinairement,
642 285 148 76 par
726 285 253 76 laquelle
916 285 148 76 ils
1000 285 295 76 certifient
1233 285 127 76 au
1275 285 232 76 président

96 336 126 60 et
159 336 147 60 aux
243 336 231 60 membres
411 336 126 60 de
475 336 126 60 la
538 336 294 60 Convention
769 336 273 60 Nationale
979 336 147 60 que
1063 336 126 60 le
1126 336 231 60 citoyen
1274 336 231 60 Alexandre

92 392 371 56 Beauharnais,
393 392 209 56 maire
532 392 139 56 de
601 392 185 56 leur
717 392 278 56 commune,
926 392 209 56 s’est
1065 392 278 56 toujours
1250 392 255 56 comporté,

94 439 171 70 tant
201 439 214 70 qu'ils
351 439 150 70 ont
436 439 128 70 eu
500 439 128 70 le
565 439 236 70 bonheur
736 439 128 70 de
800 439 128 70 le
865 439 278 70 posséder,
1079 439 128 70 en
1143 439 171 70 vrai
1250 439 128 70 et
1314 439 171 70 zélé
1400 439 107 70 pa-

97 491 196 56 triote
235 491 118 56 et
293 491 372 56 républicain....
607 491 176 56 Pièce
705 491 294 56 intéressante.

51 508 129 89 59.
124 508 368 89 Bernoulli
437 508 202 89 (Jean),
584 508 202 89 célèbre
731 508 331 89 mathématicien.
1007 508 110 89 Né
1062 508 92 89 à
1099 508 294 89 Bâle
1338 508 110 89 en
1374 508 129 89 1667,

97 585 163 71 mort
199 585 122 71 en
260 585 184 71 1748.
382 585 122 71 L.
443 585 163 71 aut.
545 585 184 71 sig.,
668 585 102 71 à
709 585 122 71 M.
770 585 122 71 de
831 585 224 71 Mairan.
994 585 184 71 Bâle,
1116 585 102 71 8
1157 585 184 71 avril
1280 585 184 71 1723.
1402 585 102 71 2
1422 585 82 71 p.

76 618 348 75 in-4.
308 618 386 75 Portr.
579 618 348 75 in-8.
811 618 657 75 Intéressante.
1351 618 193 75 9
1390 618 116 75 »

51 676 141 71 60.
132 676 404 71 Bernoulli
475 676 242 71 (David),
656 676 182 71 frère
777 676 121 71 du
838 676 283 71 précédent,
1060 676 303 71 philosophe,
1282 676 222 71 physicien

99 737 117 56 et
158 737 234 56 médecin.
334 737 117 56 Né
392 737 98 56 à
431 737 410 56 Groningue
782 737 117 56 en
841 737 176 56 1700,
958 737 156 56 mort
1055 737 117 56 en
1114 737 176 56 1782.
1231 737 117 56 L.
1289 737 156 56 aut.
1367 737 137 56 sig.,

92 767 142 64 à
148 767 170 64 M.
233 767 170 64 de
318 767 312 64 Mairan.
545 767 255 64 Bâle,
715 767 142 64 9
772 767 227 64 juin
914 767 255 64 1737.
1084 767 142 64 1
1140 767 170 64 p.
1226 767 255 64 in-4.
1396 767 142 64 4
1424 767 85 64 »

55 804 129 93 61.
128 804 368 93 Bernoulli
441 804 202 93 (Jean),
588 804 147 93 fils
680 804 110 93 de
735 804 166 93 Jean,
846 804 331 93 mathématicien.
1122 804 110 93 Né
1177 804 92 93 à
1214 804 294 93 Bâle
1434 804 74 93 en

106 860 185 65 1710,
230 860 165 65 mort
333 860 124 65 en
395 860 185 65 1790.
518 860 124 65 L.
580 860 165 65 aut.
683 860 185 65 sig.,
807 860 124 65 à,
868 860 124 65 M.
930 860 124 65 de
992 860 227 65 Mairan.
1157 860 124 65 10
1219 860 227 65 janvier
1363 860 144 65 1736.

79 907 210 71 3
163 907 253 71 p.
289 907 379 71 in-8.
542 907 716 71 Intéressante.
1131 907 253 71 64
1257 907 210 71 4
1342 907 210 71 5
1384 907 126 71 »

56 943 134 79 62.
132 943 382 79 Bernoulli
457 943 267 79 (Nicolas),
667 943 153 79 fils
763 943 115 79 de
820 943 172 79 Jéan.
935 943 115 79 L.
992 943 153 79 aut.
1088 943 172 79 sig.,
1202 943 96 79 à
1241 943 115 79 M.
1298 943 115 79 de
1336 943 172 79 Mairan.

85 1005 301 62 Sans
273 1005 338 62 date.
499 1005 413 62 Demi-p.
799 1005 338 62 in-4.
1025 1005 413 62 Cachet.
1325 1005 188 62 2
1363 1005 150 62 50

56 1067 138 51 63.
135 1067 393 51 Blanchard
469 1067 197 51 (Mme),
607 1067 216 51 célèbre
764 1067 275 51 aéronaute.
980 1067 138 51 Née
1059 1067 98 51 à
1079 1067 432 51 Trois

107 1112 148 66 près
199 1112 166 66 La
310 1112 314 66 Rochelle
569 1112 111 66 en
624 1112 166 66 1778;
735 1112 92 66 a
772 1112 148 66 péri
865 1112 111 66 le
920 1112 92 66 6
957 1112 203 66 juillet
1105 1112 166 66 1819,
1216 1112 148 66 dans
1309 1112 111 66 sa
1364 1112 129 66 67e
1420 1112 92 66 as-

104 1140 268 78 cension,
305 1140 112 78 à
350 1140 246 78 Tivoli.
529 1140 134 78 L.
596 1140 179 78 aut.
708 1140 201 78 sig.,
842 1140 112 78 à
887 1140 134 78 M.
954 1140 134 78 le
1021 1140 224 78 Maire.
1177 1140 112 78 1
1222 1140 134 78 p.
1289 1140 201 78 in-4.
1424 1140 112 78 6
1446 1140 67 78 »

150 1190 242 66 Demande
326 1190 374 66 d’approbation
634 1190 176 66 pour
744 1190 198 66 faire
877 1190 154 66 son
965 1190 154 66 13e
1053 1190 220 66 voyage
1185 1190 198 66 aérien.

57 1254 146 58 64.
140 1254 437 58 Bonaparte,
515 1254 229 58 premier
682 1254 229 58 consul.
848 1254 208 58 Brevet
994 1254 187 58 sig.,
1119 1254 125 58 et
1181 1254 312 58 contre-sig.
1410 1254 104 58 par

111 1299 220 63 Hugues
280 1299 220 63 Maret
450 1299 102 63 et
500 1299 102 63 le
551 1299 203 63 ministre
704 1299 102 63 de
754 1299 102 63 la
805 1299 169 63 guerre
924 1299 339 63 Berthier
1211 1299 237 63 Nomination
1398 1299 102 63 du
1431 1299 85 63 ci-

111 1342 166 71 toyen
221 1342 203 71 Mathieu
369 1342 499 71 (David-Maurice-Joscph),
813 1342 111 71 né
869 1342 92 71 à
906 1342 462 71 Saint-Affrique
1294 1342 222 71 (Aveyron),

109 1391 122 54 en
170 1391 183 54 1768,
292 1391 122 54 au
353 1391 183 54 grade
475 1391 122 54 de
536 1391 224 54 général
699 1391 122 54 de
760 1391 265 54 division.
963 1391 204 54 Paris,
1106 1391 122 54 30
1167 1391 265 54 fructidor
1371 1391 122 54 an
1411 1391 102 54 XI.

107 1436 186 61 Belle
232 1436 186 61 pièce
356 1436 145 61 sur
439 1436 207 61 vélin,
583 1436 145 61 gr.
666 1436 248 61 in-fol.,
853 1436 166 61 avec
956 1436 207 61 sceau.
1101 1436 166 61 Tête
1204 1436 269 61 imprimée,
1391 1436 124 61 avec

102 1491 160 75 la
182 1491 240 75 belle
342 1491 320 75 vignette
582 1491 160 75 de
662 1491 346 75 Prud’hon,
928 1491 266 75 gravée
1114 1491 186 75 par
1221 1491 266 75 Roger.
1407 1491 133 75 9
1434 1491 80 75 »

66 1528 134 80 65.
142 1528 401 80 Bouneville
486 1528 229 80 (Nicolas
657 1528 153 80 de),
753 1528 114 80 né
810 1528 95 80 à
848 1528 343 80 Evreux
1134 1528 305 80 littérateur,
1363 1528 153 80 poëte.

104 1575 149 83 L.
179 1575 198 83 aut.
303 1575 223 83 sig.,
451 1575 149 83 au
526 1575 372 83 citoyen...7
824 1575 372 83 frimaire...
1121 1575 124 83 1
1171 1575 149 83 p.
1245 1575 223 83 in-4.
1394 1575 124 83 4
1419 1575 99 83 50

159 1638 280 59 Invitation
379 1638 100 59 à
419 1638 180 59 diner
539 1638 120 59 au
599 1638 400 59 Palais-National,
938 1638 120 59 au
998 1638 200 59 Cercle
1138 1638 220 59 social.
1298 1638 120 59 Il
1358 1638 100 59 y
1378 1638 140 59 trou-

110 1674 152 61 vera
205 1674 114 61 le
262 1674 209 61 célèbre
415 1674 248 61 Thomas
605 1674 248 61 Muir
795 1674 133 61 qui
872 1674 133 61 fut
948 1674 228 61 proscrit
1119 1674 95 61 à
1157 1674 248 61 l’instant
1348 1674 114 61 où
1386 1674 133 61 touts

109 1723 150 71 les
194 1723 257 71 Écossais
387 1723 171 71 unis
494 1723 257 71 venaient
687 1723 129 71 de
751 1723 129 71 le
816 1723 214 71 nommer
966 1723 279 71 président
1180 1723 129 71 de
1244 1723 171 71 leur
1330 1723 193 71 Conven-

109 1774 170 71 tion
194 1774 254 71 nationale.

65 1819 148 75 66.
149 1819 379 75 Buchez,
465 1819 274 75 président
676 1819 126 75 de
739 1819 316 75 l’Assemblée
992 1819 274 75 nationale
1203 1819 126 75 de
1266 1819 190 75 1848.
1371 1819 148 75 Pièce

108 1863 188 71 aut.
226 1863 212 71 sig.,
367 1863 141 71 au
438 1863 212 71 sujet
579 1863 165 71 des
673 1863 282 71 ateliers
884 1863 329 71 nationaux.
1143 1863 118 71 1
1190 1863 141 71 p.
1260 1863 212 71 in-8.
1401 1863 118 71 2
1425 1863 94 71 25

67 1914 113 63 66
124 1914 282 63 bis
350 1914 264 63 Caroline
557 1914 113 63 de
613 1914 339 63 Brunswick,
896 1914 169 63 reine
1009 1914 320 63 d’Angleterre.
1272 1914 113 63 L.
1329 1914 151 63 aut.
1404 1914 113 63 sig.

117 1962 295 64 Caroline,
357 1962 240 64 princesse
541 1962 111 64 de
597 1962 277 64 Galles
818 1962 92 64 à
855 1962 185 64 Lucien
984 1962 259 64 Bonaparte,
1188 1962 185 64 prince
1317 1962 111 64 de
1354 1962 166 64 Canino,

101 2027 154 56 à
163 2027 277 56 Rome.
348 2027 154 56 3
409 2027 216 56 gr.
532 2027 185 56 p.
625 2027 216 56 pl.
748 2027 277 56 in-4.
933 2027 277 56 Belle
1118 2027 339 56 lettre.
1364 2027 185 56 25
1426 2027 92 56 »

64 2047 154 88 67.
152 2047 353 88 Catherine
439 2047 132 88 de
505 2047 353 88 Médicis,
792 2047 199 88 reine
924 2047 132 88 de
991 2047 243 88 France.
1167 2047 132 88 L.
1233 2047 176 88 aut.
1344 2047 199 88 sig.,
1454 2047 66 88 à

108 2098 157 70 M.
186 2098 157 70 de
265 2098 314 70 Villeroy
500 2098 235 70 (août
657 2098 262 70 1586).
840 2098 131 70 1
892 2098 183 70 gr.
997 2098 157 70 p.
1075 2098 183 70 pl.
1180 2098 288 70 in-fol.
1389 2098 157 70 32
1442 2098 78 70 »

164 2152 185 65 Belle
288 2152 206 65 lettre
432 2152 288 65 politique;
658 2152 123 65 il
719 2152 103 65 y
761 2152 144 65 est
843 2152 247 65 question
1028 2152 123 65 du
1089 2152 144 65 roi
1172 2152 123 65 de
1233 2152 247 65 Navarre,
1398 2152 123 65 etc.

72 2200 117 80 68.
139 2200 284 80 Chabot
373 2200 251 80 (François),
574 2200 117 80 dit
640 2200 100 80 le
691 2200 317 80 Capucin
958 2200 301 80 conventionnel.
1209 2200 100 80 Né
1259 2200 84 80 à
1275 2200 251 80 Saint

116 2262 332 57 Geniez
390 2262 273 57 (Aveyron).
605 2262 117 57 L.
663 2262 156 57 aut.
761 2262 176 57 sig.,
878 2262 98 57 à
917 2262 313 57 Robespierre.
1171 2262 117 57 16
1230 2262 215 57 ventôse
1386 2262 117 57 an
1425 2262 98 57 II.

77 2306 301 56 1
197 2306 421 56 gr.
438 2306 361 56 p.
618 2306 421 56 pl.
859 2306 542 56 in-4.
1220 2306 361 56 15
1340 2306 181 56 »

163 2347 350 64 Protestations
451 2347 288 64 énergiques
678 2347 206 64 contre
822 2347 144 64 les
904 2347 267 64 calomnies
1110 2347 226 64 portées
1274 2347 206 64 contre
1398 2347 123 64 lui.

71 2399 138 53 69.
150 2399 275 53 Charles
366 2399 197 53 VI
504 2399 138 53 roi
582 2399 118 53 de
641 2399 216 53 France.
799 2399 197 53 Lettre
936 2399 236 53 adressée
1113 2399 98 53 à
1153 2399 197 53 nos
1290 2399 157 53 amez
1369 2399 157 53 et

119 2443 243 64 féaulz
306 2443 262 64 trésoriers
512 2443 94 64 à
550 2443 281 64 Paris.
774 2443 168 64 Ordre
887 2443 112 64 de
943 2443 168 64 payer
1055 2443 150 64 tout
1149 2443 112 64 ce
1205 2443 131 64 qui
1280 2443 150 64 peut
1373 2443 150 64 être
1448 2443 75 64 dû

118 2500 112 57 à
162 2500 224 57 maître
319 2500 179 57 Jean
431 2500 268 57 Lebègue,
632 2500 156 57 élu
721 2500 268 57 notaire,
922 2500 179 57 pour
1034 2500 156 57 ses
1124 2500 201 57 gages
1258 2500 134 57 de
1325 2500 156 57 six
1392 2500 134 57 sous

118 2537 238 71 parisis
292 2537 152 71 par
378 2537 173 71 jour
487 2537 130 71 et
552 2537 173 71 pour
660 2537 152 71 ses
747 2537 260 71 manteaux
942 2537 195 71 qu'il
1072 2537 195 71 prend
1202 2537 108 71 à
1245 2537 195 71 eause
1375 2537 130 71 de
1419 2537 108 71 son

120 2596 217 52 office
272 2596 130 52 de
337 2596 260 52 notaire,
532 2596 195 52 etc.,
663 2596 174 52 etc.
771 2596 195 52 Belle
901 2596 195 52 pièce
1031 2596 152 52 sur
1118 2596 304 52 parchemin,
1335 2596 195 52 contre-

120 2630 220 60 signée
274 2630 198 60 (pour
406 2630 132 60 le
472 2630 176 60 roi)
582 2630 396 60 Perron
913 2630 220 60 Paris,
1067 2630 132 60 24
1133 2630 242 60 octobre
1309 2630 198 60 1382.
1441 2630 110 60 8
1463 2630 66 60 »

78 2672 136 83 70.
155 2672 271 83 Charles
368 2672 213 83 IX,
523 2672 136 83 roi
600 2672 116 83 de
659 2672 213 83 France.
814 2672 174 83 Lett.
930 2672 116 83 de
988 2672 213 83 créance
1143 2672 174 83 sig.,
1259 2672 116 83 et
1298 2672 232 83 contresig.
