1659 2778
727 41 220 105 2
771 41 132 105 —

108 134 174 79 De
224 134 367 79 Laubespine
532 134 97 79 à
571 134 116 79 M.
629 134 116 79 de
687 134 232 79 Caumont.
861 134 309 79 Fontainebl.,
1112 134 174 79 1560.
1227 134 97 79 1
1266 134 116 79 p.
1324 134 174 79 in-f.
1440 134 97 79 6
1459 134 58 79 »

60 201 144 71 71.
143 201 288 71 Charles
369 201 185 71 X
492 201 144 71 roi
575 201 123 71 de
636 201 226 71 France.
801 201 123 71 L.
863 201 165 71 aut.
966 201 185 71 sig.,
1089 201 103 71 à
1130 201 123 71 M.
1192 201 123 71 le
1254 201 185 71 comte
1377 201 123 71 de
1418 201 103 71 Bé

112 249 204 64 thisy.
254 249 245 64 Qualand,
438 249 122 64 17
499 249 224 64 juillet
662 249 183 64 1795.
784 249 102 64 1
825 249 122 64 p.
886 249 183 64 in-4.
1008 249 122 64 Au
1070 249 183 64 sujet
1192 249 143 64 des
1253 249 265 64 inquiétudes

106 306 179 52 que
209 306 179 52 lui
311 306 282 52 causent
516 306 179 52 les
619 306 410 52 dispositions
952 306 154 52 de
1029 306 436 52 l’Angleterre.
1388 306 154 52 12
1439 306 77 52 »

65 334 148 81 72.
149 334 443 81 Chastellux
529 334 148 81 (le
613 334 232 81 marquis
782 334 169 81 de),
887 334 211 81 poëte,
1035 334 337 81 littérateur,
1309 334 211 81 membre
1436 334 84 81 de

110 396 201 66 l’Acad.
256 396 256 66 française,
457 396 183 66 auteur
585 396 128 66 de:
658 396 237 66 Traité
840 396 110 66 de
895 396 110 66 la
950 396 219 66 félicité
1114 396 310 66 publique
1370 396 110 66 L.
1406 396 110 66 aut.

105 437 206 68 sig.
234 437 334 68 Bellevue,
491 437 154 68 29
568 437 232 68 sept.
723 437 232 68 1783.
877 437 129 68 2
928 437 154 68 p.
1006 437 154 68 et
1083 437 232 68 demie
1237 437 232 68 in-4.
1391 437 129 68 3
1417 437 103 68 50

65 481 131 76 73.
140 481 430 76 Chesterfield
514 481 131 76 (le
588 481 131 76 cte
663 481 149 76 de),
756 481 205 76 célèbre
906 481 261 76 philosophe
1111 481 112 76 et
1167 481 243 76 moraliste
1335 481 187 76 anglais.

146 534 127 63 L.
209 534 169 63 aut.
315 534 190 63 sig.,
442 534 106 63 à
484 534 169 63 M...
590 534 254 63 Londres,
781 534 148 63 1er
865 534 169 63 mars
971 534 190 63 1764.
1098 534 106 63 1
1140 534 127 63 p.
1204 534 148 63 pl.
1288 534 190 63 in-4.
1415 534 127 63 16
1458 534 63 63 »

64 574 148 62 74.
149 574 381 62 Chrestienne
466 574 127 62 de
530 574 318 62 France,
784 574 191 62 fille
911 574 127 62 de
974 574 191 62 Henri
1101 574 148 62 IV,
1186 574 254 62 duchesse
1377 574 127 62 de
1419 574 106 62 Sa

111 626 177 62 voie.
229 626 118 62 L.
288 626 157 62 avec
386 626 118 62 la
445 626 314 62 souscription
700 626 177 62 d'une
818 626 177 62 ligne
935 626 157 62 aut.
1034 626 177 62 sig.,
1151 626 98 62 à
1190 626 196 62 l’abbé
1328 626 118 62 de
1367 626 157 62 Saint-

104 681 309 82 Nicolas.
336 681 257 82 Turin,
516 681 129 82 7
568 681 206 82 mars
696 681 232 82 1647.
851 681 129 82 1
902 681 180 82 gr.
1005 681 154 82 p.
1082 681 180 82 pl.
1185 681 283 82 in-fol.
1391 681 154 82 20
1443 681 77 82 »

160 723 139 67 «A
229 723 208 67 moins
368 723 254 67 d’estre
553 723 416 67 mesconnoissant
900 723 162 67 des
992 723 231 67 graces
1154 723 162 67 que
1247 723 185 67 l’on
1339 723 185 67 reçoit

113 777 441 65 «continuellement
488 777 132 65 de
554 777 132 65 la
620 777 132 65 De
687 777 154 65 Mte
775 777 154 65 par
863 777 397 65 l’intercession
1194 777 132 65 du
1238 777 287 65 bienheureux

116 816 277 65 «François
329 816 128 65 de
393 816 213 65 Sales,
542 816 128 65 et
606 816 128 65 de
670 816 128 65 se
734 816 213 65 rendre
883 816 299 65 insensible
1118 816 107 65 à
1161 816 171 65 tant
1267 816 128 65 de
1310 816 213 65 miracles

116 866 173 72 «qui
225 866 130 72 se
290 866 173 72 font
398 866 173 72 tous
506 866 152 72 les
593 866 195 72 jours
723 866 152 72 par
809 866 152 72 ses
896 866 260 72 mérites;
1091 866 130 72 on
1156 866 130 72 ne
1221 866 260 72 sçaurait
1394 866 130 72 plus

114 920 260 65 «dilayer
310 920 130 65 la
375 920 282 65 poursuite
591 920 130 65 de
657 920 130 65 sa
722 920 369 65 canonisation.
1025 920 195 65 C’est
1155 920 260 65 pourquoy
1329 920 195 65 l'ordre

118 961 140 64 «de
198 961 120 64 la
258 961 281 64 Visitation
479 961 341 64 Sainte-Marie,
760 961 160 64 dont
860 961 160 64 vous
960 961 201 64 sçaués
1101 961 181 64 qu'il
1221 961 140 64 est
1281 961 241 64 fondateur,

116 1023 132 65 «a
182 1023 220 65 députe
336 1023 132 65 le
402 1023 132 65 Rd
468 1023 286 65 Théologal
688 1023 132 65 de
754 1023 132 65 la
820 1023 176 65 cité
930 1023 264 65 d’Aouste
1128 1023 176 65 pour
1238 1023 198 65 aller
1348 1023 176 65 donner

119 1078 301 47 «ouuerture
356 1078 129 47 au
421 1078 215 47 procés
571 1078 151 47 qui
657 1078 194 47 desia
786 1078 172 47 s’en
894 1078 215 47 trouue
1023 1078 258 47 faict....»

73 1100 137 68 75.
152 1100 373 68 Clairaut
466 1100 392 68 (Alexis-Claude),
799 1100 216 68 célèbre
956 1100 353 68 mathématicien.
1250 1100 118 68 L.
1309 1100 157 68 aut.
1388 1100 137 68 sig.,

114 1166 110 47 à
158 1166 132 47 M.
224 1166 132 47 de
290 1166 132 47 la
356 1166 397 47 Villenouvette,
687 1166 110 47 à
731 1166 286 47 Toulouse.
951 1166 220 47 Paris,
1105 1166 132 47 18
1171 1166 176 47 déc.
1282 1166 198 47 1834.
1414 1166 110 47 2
1436 1166 88 47 p.

118 1203 128 58 in
182 1203 128 58 4.
246 1203 235 58 Cachet.
417 1203 128 58 Au
481 1203 192 58 sujet
609 1203 128 58 de
673 1203 149 58 ses
758 1203 256 58 ouvrages
950 1203 149 58 sur
1036 1203 299 58 l’algèbre,
1271 1203 256 58 éléments
1442 1203 85 58 de

81 1257 1043 54 mathématiques,
950 1257 463 54 etc.
1239 1257 290 54 7
1297 1257 232 54 50

72 1287 148 64 76.
156 1287 232 64 Club
325 1287 127 64 de
389 1287 317 64 Clichy
642 1287 127 64 L.
705 1287 169 64 aut.
811 1287 169 64 sig.
917 1287 127 64 du
980 1287 232 64 citoyen
1149 1287 211 64 Hubert
1297 1287 127 64 au
1339 1287 190 64 citoyen

120 1353 237 52 Champein,
302 1353 110 52 en
357 1353 128 52 lui
430 1353 219 52 envoyant
595 1353 110 52 la
649 1353 219 52 chanson:
814 1353 347 52 Anniversaire
1106 1353 183 52 du
1234 1353 110 52 10
1270 1353 256 52 août

118 1391 274 56 Hommage
334 1391 118 56 de
393 1391 216 56 l'armée
550 1391 118 56 de
609 1391 373 56 Sambre-et-Meuse
922 1391 118 56 au
981 1391 157 56 club
1079 1391 118 56 de
1138 1391 274 56 Clichy
1334 1391 196 56 (Imprimé

118 1442 136 59 de
186 1442 113 59 3
232 1442 204 59 pages
368 1442 204 59 in-8.
504 1442 204 59 Armée
640 1442 136 59 de
708 1442 454 59 Sambre-et-Meuse,
1094 1442 454 59 quartier-général
1457 1442 68 59 à

118 1491 269 59 Neuwied,
319 1491 134 59 27
386 1491 313 59 thermidor.
633 1491 134 59 an
700 1491 157 59 v).
789 1491 112 59 2
834 1491 134 59 p.
901 1491 157 59 pl.
991 1491 201 59 in-4.
1125 1491 179 59 Tête
1237 1491 269 59 imprimée
1438 1491 112 59 5
1461 1491 67 59 »

75 1533 145 85 77.
158 1533 416 85 Colombel
512 1533 208 85 député
657 1533 125 85 de
719 1533 208 85 l’Orne
865 1533 104 85 à
907 1533 125 85 la
969 1533 291 85 Convention
1197 1533 291 85 nationale.
1426 1533 125 85 Né
1468 1533 62 85 à

119 1589 372 70 Alençon
433 1589 117 70 L.
491 1589 157 70 aut.
589 1589 176 70 sig.,
707 1589 98 70 à
746 1589 294 70 Bentabolle,
981 1589 98 70 à
1020 1589 235 70 Alençon.
1196 1589 196 70 Paris,
1333 1589 98 70 7
1353 1589 176 70 ventôse

105 1627 213 70 an
212 1627 249 70 II.
354 1627 178 70 1
425 1627 249 70 gr.
567 1627 213 70 p.
674 1627 249 70 pl.
816 1627 213 70 et
923 1627 320 70 quart
1136 1627 320 70 in-4.
1349 1627 178 70 6
1385 1627 142 70 50

169 1671 336 64 Instructions
442 1671 147 64 sur
526 1671 126 64 sa
588 1671 231 64 mission
756 1671 168 64 pour
861 1671 126 64 la
924 1671 294 64 rénoyation
1155 1671 147 64 des
1238 1671 189 64 corps
1343 1671 189 64 consti-

122 1730 171 61 tués
228 1730 128 61 de
292 1730 171 61 tout
399 1730 128 61 le
463 1730 299 61 territoire
697 1730 277 61 dépendant
911 1730 128 61 du
975 1730 469 61 département.......
1380 1730 128 61 Il
1422 1730 107 61 n'a

119 1778 130 61 en
184 1778 152 61 vue
271 1778 152 61 que
358 1778 130 61 le
423 1778 239 61 bonheur
597 1778 239 61 général
771 1778 130 61 et
836 1778 434 61 l’affermissement
1205 1778 130 61 de
1270 1778 130 61 la
1314 1778 217 61 Républi-

121 1822 176 63 que,
231 1822 220 63 «c’est
385 1822 264 63 pourquoi
583 1822 132 63 je
649 1822 132 63 ne
715 1822 198 63 cesse
846 1822 132 63 de
912 1822 242 63 répéter
1088 1822 176 63 vive
1198 1822 132 63 la
1242 1822 286 63 République!

125 1876 183 52 «vive
247 1876 122 52 la
308 1876 407 52 sans-culotterie!
653 1876 122 52 ça
715 1876 142 52 va,
796 1876 122 52 ça
857 1876 142 52 été
938 1876 122 52 et
999 1876 122 52 ça
1040 1876 183 52 ira...»

79 1907 127 84 78.
151 1907 345 84 Dambray,
442 1907 109 84 né
497 1907 91 84 à
533 1907 309 84 Rouen
787 1907 254 84 chancelier
987 1907 109 84 de
1042 1907 200 84 France.
1187 1907 109 84 L.
1241 1907 109 84 a.
1296 1907 127 84 s.,
1369 1907 91 84 à
1387 1907 145 84 Lafont

124 1964 252 64 Ladébat.
313 1964 210 64 Rouen,
460 1964 126 64 18
523 1964 252 64 prairial
712 1964 126 64 an
775 1964 147 64 IX.
859 1964 105 64 2
901 1964 147 64 gr.
985 1964 126 64 p.
1048 1964 147 64 pl.
1132 1964 126 64 et
1195 1964 189 64 demie
1321 1964 189 64 in-4.
1447 1964 105 64 3
1468 1964 63 64 »

77 2009 143 69 79.
158 2009 368 69 Danton,
465 2009 368 69 conventionnel,
773 2009 246 69 ministre
957 2009 123 69 de
1018 2009 123 69 la
1080 2009 246 69 Justice.
1264 2009 184 69 Pièce
1366 2009 164 69 signée

124 2071 130 56 et
189 2071 346 56 contresignée
470 2071 281 56 Clavière.
687 2071 216 56 Brevet
838 2071 130 56 de
903 2071 303 56 récompense
1141 2071 303 56 nationale.
1357 2071 173 56 Paris,

121 2115 141 61 11
191 2115 305 61 septembre
426 2115 211 61 1792.
567 2115 235 61 Grande
731 2115 188 61 page
849 2115 235 61 double
1013 2115 258 61 in-fol.
1201 2115 305 61 Fatiguée.
1436 2115 117 61 9
1460 2115 70 61 »

79 2154 136 67 80.
156 2154 349 67 Debraux
447 2154 330 67 (Paul-Emile),
719 2154 175 67 poëte
835 2154 116 67 et
894 2154 291 67 chansonnier
1126 2154 272 67 populaire.
1321 2154 213 67 Le

122 2206 293 61 Mariage.
357 2206 215 61 Premier
513 2206 176 61 Acte.
631 2206 117 61 Le
689 2206 156 61 jour
787 2206 137 61 des
865 2206 274 61 noces
1080 2206 176 61 Poëme
1198 2206 137 61 (en
1276 2206 195 61 vers),
1413 2206 117 61 49
1452 2206 78 61 p.

119 2251 180 73 pl.
222 2251 154 73 et
299 2251 231 73 demie
453 2251 231 73 aut..
608 2251 231 73 in-4.
762 2251 308 73 Ecriture
993 2251 206 73 fine
1122 2251 154 73 et
1199 2251 283 73 serrée.
1404 2251 154 73 20
1456 2251 77 73 »

77 2293 141 68 81.
158 2293 364 68 Decazes
461 2293 141 68 (le
542 2293 141 68 duc
622 2293 162 68 de),
724 2293 243 68 ministre
905 2293 202 68 favori
1047 2293 121 68 de
1108 2293 182 68 Louis
1229 2293 202 68 XVIII.
1370 2293 121 68 L.
1411 2293 121 68 aut.

122 2350 186 68 sig.,
247 2350 124 68 au
309 2350 145 68 duc
392 2350 331 68 d’Angoulême.
661 2350 207 68 Paris,
806 2350 104 68 3
847 2350 228 68 février
1013 2350 186 68 1826.
1137 2350 104 68 4
1179 2350 124 68 p.
1241 2350 145 68 pl,
1324 2350 186 68 in-4.
1448 2350 104 68 4
1469 2350 62 68 »

174 2388 185 66 Belle
298 2388 206 66 lettre
442 2388 123 66 au
503 2388 185 66 sujet
627 2388 123 66 de
688 2388 267 66 plusieurs
894 2388 226 66 prisons
1058 2388 123 66 de
1120 2388 226 66 France,
1284 2388 123 66 du
1346 2388 164 66 sort
1428 2388 103 66 des

119 2444 333 64 prisonniers,
390 2444 125 64 de
452 2444 229 64 l’effet
619 2444 270 64 salutaire
827 2444 146 64 que
910 2444 291 64 produirait
1139 2444 125 64 la
1201 2444 208 64 visite
1347 2444 146 64 que
1409 2444 125 64 leur

121 2494 196 66 ferait
259 2494 118 66 S.
317 2494 118 66 A.
357 2494 78 66 R.

76 2513 123 98 82.
147 2513 158 98 De
252 2513 263 98 Guerle,
462 2513 105 98 né
515 2513 88 98 à
550 2513 333 98 Issoudun
831 2513 210 98 (Indre),
988 2513 175 98 poëte,
1111 2513 175 98 auteur
1234 2513 105 98 de
1269 2513 263 98 l'His

124 2582 228 58 toire
295 2582 133 58 des
371 2582 342 58 perruques
657 2582 152 58 etc.
752 2582 114 58 L.
809 2582 152 58 aut.
904 2582 171 58 sig.,
1018 2582 95 58 à
1056 2582 114 58 M.
1113 2582 190 58 Miger.
1247 2582 190 58 Paris,
1380 2582 114 58 27
1418 2582 114 58 août

84 2641 501 76 1810.
418 2641 278 76 2
530 2641 334 76 p.
697 2641 390 76 pl.
920 2641 501 76 in-8.
1309 2641 278 76 4
1365 2641 167 76 »
