1604 2854
195 144 132 87 Il
261 144 132 87 le
327 144 198 87 somme
459 144 132 87 de
525 144 198 87 venir
657 144 198 87 dîner
789 144 176 87 avec
899 144 154 87 lui
987 144 132 87 en
1053 144 286 87 compagnie
1273 144 132 87 de
1317 144 242 87 l’éternel

146 218 202 55 poëte
280 218 247 55 Auguste
459 218 135 55 de
527 218 135 55 La
594 218 336 55 Bouïsse...,
863 218 269 55 partager
1065 218 179 55 avec
1177 218 157 55 lui
1267 218 135 55 la
1311 218 247 55 corvée...

147 265 170 59 «Il
244 265 195 59 nous
366 265 244 59 faudra
536 265 292 59 entendre
755 265 146 59 un
828 265 219 59 homme
975 265 170 59 que
1072 265 195 59 nous
1194 265 146 59 ne
1242 265 317 59 connaissons

143 316 236 59 «guère
308 316 236 59 parler
473 316 141 59 de
544 316 165 59 lui
639 316 259 59 pendant
827 316 165 59 six
921 316 259 59 heures,
1110 316 236 59 vanter
1275 316 259 59 pendant
1440 316 118 59 six

147 361 239 55 «heures
321 361 152 55 les
408 361 239 55 charmes
581 361 130 55 de
646 361 130 55 sa
711 361 217 55 femme,
863 361 174 55 nous
971 361 174 55 lire
1080 361 239 55 pendant
1253 361 152 55 six
1340 361 217 55 heures
1470 361 87 55 et

145 400 147 60 «sa
229 400 189 60 prose
355 400 126 60 et
418 400 147 60 ses
502 400 189 60 vers,
627 400 189 60 etc.,
753 400 168 60 etc.
837 400 63 60 »

97 442 136 79 83.
174 442 428 79 Deslandes,
544 442 175 79 grand
660 442 214 79 vicaire
816 442 117 79 de
874 442 175 79 Metz.
990 442 117 79 L.
1049 442 155 79 aut.
1146 442 175 79 sig.,
1263 442 97 79 à
1301 442 194 79 Mgr...
1418 442 136 79 Metz,

120 503 261 56 10
250 503 348 56 juin
467 503 391 56 1740.
728 503 217 56 2
815 503 304 56 gr.
988 503 261 56 p.
1119 503 391 56 in-4.
1379 503 217 56 6
1423 503 130 56 »

189 547 207 56 Lettre
334 547 248 56 curieuse
521 547 124 56 au
583 547 186 56 sujet
707 547 166 56 d’un
811 547 248 56 prétendu
997 547 228 56 miracle
1163 547 207 56 arrivé
1308 547 104 56 à
1349 547 124 56 la
1390 547 166 56 statue

141 599 128 55 de
205 599 128 55 la
269 599 213 55 Vierge
418 599 213 55 placée
567 599 149 55 sur
652 599 128 55 le
716 599 170 55 pont
822 599 362 55 Saint-Georges
1121 599 107 55 à
1142 599 149 55 Metz.

96 641 134 52 84.
172 641 383 52 Desmazare
498 641 134 52 (le
574 641 191 52 père),
708 641 115 52 né
766 641 153 52 dans
861 641 115 52 le
919 641 210 52 diocèse
1072 641 115 52 de
1129 641 383 52 Beauvais
1435 641 115 52 mis-

139 690 270 61 sionnaire
347 690 333 61 apostolique.
618 690 125 61 L.
680 690 166 61 aut.
784 690 187 61 sig.,
909 690 104 61 à
951 690 187 61 M....
1075 690 291 61 Jérusalem,
1304 690 166 61 Mont
1388 690 166 61 Golgo-

135 741 236 61 tha,
282 741 177 61 10
370 741 324 61 février
606 741 265 61 1827.
783 741 147 61 2
842 741 206 61 gr.
960 741 177 61 p.
1049 741 206 61 pl.
1167 741 324 61 in-fol.
1403 741 177 61 30
1462 741 88 61 »

190 789 210 57 Lettre
337 789 336 57 intéressante
610 789 147 57 sur
694 789 147 57 ses
778 789 273 57 exercices
987 789 273 57 religieux
1197 789 126 57 au
1260 789 168 57 Mont
1344 789 210 57 Golgotha

138 816 132 71 le
204 816 132 71 24
270 816 265 71 janvier,
469 816 353 71 anniversaire
756 816 132 71 de
822 816 132 71 la
888 816 177 71 mort
998 816 132 71 de
1065 816 199 71 Louis
1197 816 177 71 XVI.
1285 816 265 71 Rapproche-

141 882 165 61 ment
245 882 145 61 des
327 882 352 61 circonstances
617 882 124 61 de
679 882 186 61 cette
803 882 165 61 mort
907 882 124 61 de
969 882 186 61 celle
1093 882 124 61 du
1155 882 228 61 Christ,
1320 882 186 61 etc.,
1424 882 124 61 etc.

92 933 140 67 85.
172 933 180 67 Du
292 933 340 67 Chastelet
572 933 140 67 (la
652 933 280 67 marquise),
872 933 160 67 amie
972 933 120 67 de
1032 933 260 67 Voltaire.
1232 933 120 67 L.
1292 933 180 67 aut.,
1412 933 160 67 sig.
1492 933 60 67 à

137 976 196 59 M....
268 976 174 59 Sans
376 976 196 59 date.
507 976 109 59 4
550 976 130 59 p.
615 976 152 59 pl.
702 976 196 59 in-4.
833 976 174 59 Elle
941 976 152 59 lui
1028 976 239 59 indique
1202 976 152 59 les
1289 976 261 59 ouvrages
1463 976 87 59 de

138 1024 253 62 physique
327 1024 126 62 et
391 1024 126 62 de
454 1024 358 62 mathématiques
748 1024 232 62 qu’elle
917 1024 253 62 possède,
1106 1024 126 62 et
1169 1024 168 62 ceux
1274 1024 232 62 qu’elle
1422 1024 126 62 veut

135 1078 287 51 acquérir
350 1078 191 51 pour
470 1078 311 51 complêter
709 1078 144 51 sa
781 1078 383 51 bibliothèque
1092 1078 407 51 scientifique.
1427 1078 144 51 18
1475 1078 72 51 »

88 1121 144 68 86.
171 1121 412 68 Duchesnoy
521 1121 329 68 (Joséphine),
788 1121 226 68 célèbre
953 1121 329 68 tragédienne.
1221 1121 124 68 L.
1282 1121 165 68 aut.
1385 1121 185 68 sig.,
1488 1121 62 68 à

135 1167 221 69 Madame
289 1167 243 69 Péries.
466 1167 221 69 Nîmes,
620 1167 132 69 18
687 1167 199 69 août.
819 1167 110 69 1
863 1167 132 69 p.
929 1167 154 69 pl.
1017 1167 199 69 in-8.
1150 1167 199 69 Jolie
1282 1167 243 69 lettre.
1459 1167 110 69 4
1481 1167 66 69 »

89 1216 129 65 87.
162 1216 166 65 Du
273 1216 221 65 Pont
439 1216 111 65 de
494 1216 350 65 Nemours
789 1216 276 65 économiste,
1010 1216 166 65 memb.
1120 1216 111 65 de
1176 1216 276 65 l'Institut.
1397 1216 111 65 L.
1433 1216 111 65 aut.

135 1263 195 52 sig.,
266 1263 109 52 à
309 1263 130 52 M.
374 1263 130 52 de
439 1263 130 52 La
505 1263 261 52 Bouïsse.
700 1263 109 52 9
743 1263 174 52 mars
852 1263 195 52 1810.
982 1263 109 52 3
1026 1263 130 52 p.
1091 1263 195 52 in-4.
1221 1263 152 52 Sur
1308 1263 130 52 la
1352 1263 195 52 lecture

135 1315 189 50 qu’il
261 1315 189 50 vient
387 1315 126 50 de
450 1315 189 50 faire
577 1315 126 50 de
640 1315 147 50 ses
724 1315 252 50 poésies.
913 1315 105 50 —
955 1315 147 50 Ses
1039 1315 294 50 sentiments
1250 1315 294 50 d’admiration

136 1367 117 67 et
195 1367 117 67 de
254 1367 215 67 respect
411 1367 157 67 pour
508 1367 117 67 M.
567 1367 117 67 et
626 1367 137 67 Mme
704 1367 294 67 Daubenton.—
939 1367 255 67 Dupont
1135 1367 117 67 de
1194 1367 294 67 Nemours
1409 1367 137 67 (Mme)

127 1408 155 62 L.
205 1408 206 62 aut.
333 1408 232 62 sig.,
488 1408 155 62 au
565 1408 232 62 même.
720 1408 232 62 1825.
875 1408 129 62 1
926 1408 155 62 p.
1004 1408 232 62 in-8.
1158 1408 335 62 Ensemble.
1416 1408 129 62 3
1442 1408 103 62 50

85 1451 138 70 88.
164 1451 335 70 Dupont
440 1451 138 70 (de
519 1451 374 70 l'Eure),
834 1451 217 70 député,
991 1451 197 70 membre
1129 1451 118 70 du
1188 1451 315 70 Gouvernement
1425 1451 118 70 pro-

131 1506 204 58 visoire
280 1506 111 58 de
335 1506 167 58 1848.
447 1506 111 58 Né
502 1506 111 58 au
558 1506 352 58 Neubourg
854 1506 204 58 (Eure).
1003 1506 111 58 L.
1058 1506 148 58 aut.
1151 1506 167 58 sig.,
1262 1506 93 58 à
1299 1506 111 58 M.
1336 1506 204 58 Renouard,

130 1550 181 61 maire
251 1550 121 61 du
311 1550 141 61 XIe
392 1550 383 61 arrondissement.
714 1550 201 61 Paris,
855 1550 101 61 3
895 1550 181 61 sept.
1016 1550 181 61 1830.
1137 1550 101 61 2
1177 1550 121 61 p.
1238 1550 141 61 pl.
1318 1550 181 61 in-4.
1439 1550 101 61 3
1459 1550 81 61 50

179 1599 115 68 Il
236 1599 115 68 le
294 1599 230 68 remercie
466 1599 115 68 de
524 1599 153 68 tout
619 1599 115 68 ce
677 1599 172 68 qu'il
792 1599 96 68 a
830 1599 153 68 fait
926 1599 153 68 pour
1022 1599 230 68 rétablir
1194 1599 115 68 la
1252 1599 153 68 paix
1328 1599 211 68 publique,

126 1651 255 60 troublée
317 1651 149 60 par
402 1651 149 60 les
487 1651 382 60 rassemblements
806 1651 297 60 d’ouvriers
1039 1651 319 60 imprimeurs,
1294 1651 191 60 etc.,
1401 1651 127 60 etc.

77 1685 142 70 89.
158 1685 426 70 Eprémnéail
523 1685 203 70 (Duval
665 1685 162 70 d’),
766 1685 284 70 conseiller
989 1685 122 70 au
1050 1685 264 70 parlement
1253 1685 122 70 de
1314 1685 203 70 Paris,
1436 1685 101 70 mis

123 1743 107 52 à
165 1743 171 52 mort
272 1743 128 52 en
336 1743 192 52 1794.
464 1743 128 52 L.
528 1743 171 52 aut.
635 1743 192 52 sig.,
763 1743 107 52 à
806 1743 128 52 M.
870 1743 128 52 de
934 1743 256 52 Quétang.
1126 1743 214 52 Paris,
1276 1743 107 52 4
1297 1743 235 52 septembre

88 1786 500 74 1786.
422 1786 278 74 1
533 1786 333 74 p.
699 1786 389 74 pl.
921 1786 500 74 in-4.
1254 1786 278 74 3
1310 1786 222 74 50

71 1833 153 57 90.
158 1833 502 57 Eschassériaux
595 1833 218 57 jeune,
748 1833 393 57 conventionnel.
1076 1833 131 57 L.
1141 1833 175 57 aut.
1250 1833 197 57 sig.,
1381 1833 131 57 au
1425 1833 109 57 mi-

122 1890 204 56 nistre
264 1890 122 56 de
326 1890 122 56 la
387 1890 225 56 guerre.
550 1890 204 56 Paris,
693 1890 122 56 20
754 1890 306 56 vendémiaire
999 1890 122 56 an
1061 1890 143 56 VI.
1142 1890 102 56 1
1183 1890 122 56 p.
1244 1890 143 56 pl.
1326 1890 184 56 in-4.
1448 1890 102 56 4
1469 1890 61 56 »

72 1927 142 74 91.
153 1927 364 74 Estrées
456 1927 142 74 (le
537 1927 243 74 maréchal
719 1927 182 74 comte
840 1927 162 74 d').
941 1927 121 74 L.
1002 1927 162 74 aut.
1103 1927 182 74 sig.,
1225 1927 101 74 à
1265 1927 121 74 M.
1306 1927 222 74 Boulogne.

110 1977 323 57 Paris,
336 1977 194 57 26
433 1977 355 57 juillet
691 1977 291 57 1726.
885 1977 162 57 1
950 1977 194 57 p.
1046 1977 226 57 pl.
1176 1977 291 57 in-4.
1337 1977 194 57 3750

70 2008 133 77 92.
146 2008 323 77 Fabert
412 2008 285 77 (Abrahiam),
639 2008 228 77 maréchal
810 2008 114 77 de
867 2008 209 77 France.
1019 2008 114 77 Né
1076 2008 95 77 à
1114 2008 304 77 Metz
1360 2008 114 77 L.
1398 2008 133 77 aut.,

114 2075 110 72 à
158 2075 132 72 M.
224 2075 307 72 d’Andilly,
465 2075 263 72 seigneur
663 2075 132 72 de
729 2075 285 72 Pomponne.
948 2075 220 72 Sédan,
1102 2075 132 72 11
1168 2075 176 72 mars
1278 2075 198 72 1662.
1409 2075 110 72 1
1431 2075 88 72 p.

107 2124 211 60 pl.
227 2124 271 60 in-4.
408 2124 331 60 Cachets
649 2124 181 60 et
740 2124 301 60 soies.
951 2124 271 60 Jolie
1131 2124 331 60 lettre.
1372 2124 181 60 15
1433 2124 90 60 »

67 2161 144 64 93.
150 2161 390 64 Fénelon,
478 2161 123 64 le
539 2161 226 64 célèbre
703 2161 287 64 archevêque
929 2161 123 64 de
970 2161 205 64 Cambrai.

159 2208 130 72 1°
224 2208 130 72 L.
289 2208 195 72 aut.,
419 2208 130 72 au
484 2208 152 72 duc
571 2208 130 72 de
636 2208 369 72 Beauvilliers.
940 2208 260 72 Cambrai,
1135 2208 108 72 7
1178 2208 282 72 septembre
1373 2208 152 72 1702.

111 2267 106 52 4
153 2267 148 52 gr.
238 2267 127 52 p.
301 2267 148 52 pl.
385 2267 190 52 in-4.
512 2267 211 52 Lettre
660 2267 338 52 intéressante
935 2267 127 52 au
998 2267 190 52 sujet
1125 2267 127 52 du
1188 2267 232 52 mémoire
1357 2267 148 52 sur
1420 2267 106 52 les

114 2312 241 62 affaires
295 2312 121 62 de
355 2312 181 62 Douai
476 2312 181 62 qu’il
597 2312 141 62 lui
657 2312 181 62 envoie.

156 2360 130 52 2°
221 2360 260 52 Mémoires
417 2360 152 52 sur
503 2360 152 52 les
590 2360 260 52 affaires
785 2360 130 52 de
851 2360 195 52 Douai
981 2360 282 52 (annoncés
1198 2360 174 52 dans
1306 2360 130 52 la
1349 2360 174 52 lettre

106 2409 150 65 qui
191 2409 278 65 précède).
405 2409 257 65 Cambrai,
598 2409 128 65 11
662 2409 278 65 septembre
876 2409 193 65 1702.
1005 2409 128 65 11
1069 2409 150 65 gr.
1155 2409 128 65 p.
1219 2409 150 65 pl.
1283 2409 150 65 in

148 2452 214 58 Ces
270 2452 244 58 deux
422 2452 305 58 pièces
636 2452 519 58 intéressantes
1063 2452 366 58 réunies.
1337 2452 214 58 100
1429 2452 92 58 »

62 2503 146 55 94.
146 2503 313 55 Frédéric
396 2503 208 55 HI
541 2503 146 55 roi
625 2503 125 55 de
687 2503 229 55 Prusse.
854 2503 125 55 L.
917 2503 188 55 sig.,
1042 2503 125 55 au
1104 2503 146 55 roi
1188 2503 125 55 de
1250 2503 250 55 Pologne,
1417 2503 104 55 duc

108 2556 137 64 de
177 2556 296 64 Lorraine.
404 2556 250 64 Berlin,
586 2556 137 64 11
654 2556 205 64 avril
791 2556 205 64 1747.
927 2556 114 64 1
973 2556 137 64 p.
1041 2556 250 64 in-fol.
1223 2556 250 64 Cachet.
1405 2556 114 64 7
1428 2556 91 64 50

155 2593 122 68 Au
216 2593 184 68 sujet
338 2593 122 68 de
399 2593 122 68 la
461 2593 204 68 lettre
603 2593 184 68 qu’il
726 2593 143 68 lui
807 2593 102 68 a
848 2593 204 68 écrite
991 2593 163 68 pour
1093 2593 143 68 lui
1174 2593 184 68 faire
1297 2593 163 68 part
1399 2593 122 68 de
1439 2593 82 68 la

111 2648 184 67 perte
233 2648 184 67 qu’il
356 2648 184 67 vient
479 2648 123 67 de
540 2648 184 67 faire
663 2648 123 67 de
724 2648 123 67 la
786 2648 184 67 reine
908 2648 143 67 son
970 2648 184 67 épouse.

63 2680 125 71 95.
135 2680 322 71 Garnier
403 2680 125 71 (le
475 2680 161 71 comte
582 2680 233 71 Germain),
761 2680 107 71 né
814 2680 89 71 à
850 2680 340 71 Auxerre
1136 2680 286 71 littérateur.
1369 2680 107 71 L.
1405 2680 107 71 aut.
