1610 2803
691 49 200 77 —
771 49 200 77 8
811 49 120 77 —

88 112 151 119 132.
183 112 359 119 Puységur
485 112 491 119 (Armand-Marie-Jacques,
919 112 208 119 marquis
1070 112 113 119 de
1127 112 378 119 Chastenet
1429 112 113 119 de),

129 177 250 77 célèbre
311 177 364 77 magnétiseur.
607 177 137 77 L.
676 177 205 77 aut.,
812 177 114 77 à
858 177 137 77 M.
926 177 250 77 Dammès,
1108 177 273 77 médecin.
1291 177 250 77 Soissons,

108 230 261 85 26
238 230 521 85 décembre
629 230 391 85 1821.
889 230 217 85 2
976 230 261 85 p.
1107 230 391 85 in-8.
1367 230 217 85 6
1411 230 130 85 »

178 282 271 66 Relative
382 282 113 66 à
427 282 158 66 des
518 282 204 66 faits
653 282 136 66 de
721 282 384 66 somnambulisme
1015 282 294 66 magnétique.

85 328 166 85 138.
189 328 437 85 Ramponeau,
564 328 229 85 célèbre
730 328 291 85 cabaretier
959 328 125 85 de
1021 328 125 85 la
1083 328 291 85 Courtille.
1312 328 187 85 Pièce
1416 328 125 85 avec

132 389 151 55 une
219 389 195 55 ligne
349 389 173 55 aut.
457 389 173 55 sig.
565 389 325 55 Montmartre,
825 389 130 55 10
890 389 173 55 juin
998 389 195 55 1789,
1128 389 108 55 1
1171 389 130 55 p.
1236 389 151 55 pl.
1323 389 195 55 in-4.
1452 389 108 55 5
1474 389 65 55 »

86 424 168 70 134.
191 424 400 70 Rousseau
528 424 400 70 (Jean-Jacques).
865 424 126 70 L.
928 424 190 70 aut.,
1055 424 105 70 à
1097 424 126 70 M.
1160 424 168 70 Guy,
1265 424 168 70 chez
1371 424 147 70 Mme
1434 424 105 70 Vve

129 464 283 74 Duchesne.
347 464 196 74 Trye,
477 464 109 74 2
520 464 239 74 janvier
694 464 196 74 1768.
825 464 109 74 3
868 464 152 74 gr.
955 464 130 74 p.
1020 464 152 74 pl.
1107 464 196 74 in-4.
1238 464 239 74 Cachet.
1390 464 152 74 Belle

37 512 1274 76 lettre.
964 512 695 76 38
1196 512 348 76 »

92 563 138 72 135.
178 563 328 72 Rousseau
455 563 225 72 (Pierre),
627 563 104 72 né
679 563 86 72 à
714 563 346 72 Toulouse
1007 563 173 72 auteur
1128 563 104 72 du
1180 563 242 72 Journal
1353 563 190 72 ency

134 619 405 66 clopédique
484 619 111 66 L.
539 619 147 66 aut.
631 619 166 66 sig.,
742 619 92 66 à
779 619 111 66 M.
834 619 240 66 Bontemps,
1018 619 92 66 à
1055 619 221 66 Navarre.
1221 619 240 66 Bouillon,
1405 619 92 66 5
1423 619 111 66 nov.

114 660 329 67 1767.
334 660 183 67 3
407 660 256 67 gr.
553 660 219 67 p.
662 660 256 67 pl.
808 660 329 67 in-4.
1028 660 475 67 Curieuse.
1393 660 183 67 5
1429 660 110 67 »

90 725 161 58 136.
190 725 442 58 Saint-Aubin
573 725 241 58 (Auguste
754 725 161 58 de),
854 725 221 58 peintre
1015 725 121 58 et
1075 725 241 58 graveur.
1256 725 121 58 L.
1317 725 161 58 aut.
1397 725 141 58 sig.,

132 759 122 65 au
193 759 224 65 citoyen
356 759 245 65 Chaptal.
539 759 204 65 Paris,
682 759 122 65 29
743 759 265 65 fructidor
947 759 122 65 an
1008 759 163 65 XII.
1110 759 102 65 2
1151 759 143 65 gr.
1232 759 143 65 pl.
1314 759 204 65 in-fol
1456 759 102 65 6
1477 759 61 65 »

86 814 166 68 137.
190 814 498 68 Saint-Sernain
626 814 145 68 (le
709 814 228 68 marquis
875 814 166 68 de).
979 814 125 68 L.
1041 814 166 68 aut.
1145 814 187 68 sig.,
1269 814 125 68 au
1311 814 228 68 chevalier

124 858 170 64 de
209 858 339 64 Fénelon,
463 858 170 64 12
548 858 226 64 août
689 858 254 64 1686.
859 858 141 64 3
915 858 170 64 p.
1000 858 254 64 in-4.
1170 858 311 64 Cachet.
1396 858 141 64 3
1424 858 113 64 50

83 901 168 70 138.
188 901 379 70 Servien
504 901 232 70 (Abel),
673 901 316 70 négociateur
925 901 168 70 pour
1031 901 126 70 la
1094 901 211 70 France
1241 901 126 70 au
1304 901 232 70 congrès
1452 901 84 70 de

133 942 252 74 Munster.
322 942 210 74 Quitt.
469 942 168 74 sig.
574 942 168 74 (sur
679 942 315 74 parchemin).
931 942 210 74 Paris,
1078 942 126 74 23
1141 942 231 74 janvier
1309 942 189 74 1629.
1435 942 105 74 2
1456 942 84 74 50

84 993 171 86 139.
190 993 277 86 Sidnev
404 993 277 86 Smith
617 993 320 86 (l’amiral).
873 993 128 86 L.
937 993 171 86 aut.
1044 993 192 86 sig.,
1172 993 128 86 au
1236 993 235 86 général
1386 993 149 86 Vial.

128 1057 201 60 Abord
262 1057 134 60 du
329 1057 223 60 Tigre,
485 1057 223 60 devant
641 1057 313 60 Alexandrie
887 1057 290 60 (Egypte),
1110 1057 112 60 8
1155 1057 179 60 mars
1266 1057 201 60 1800.
1400 1057 112 60 2
1422 1057 112 60 gr.

39 1092 691 73 p.
384 1092 1037 73 in-4.
1075 1092 576 73 6
1191 1092 346 73 »

85 1126 138 90 140.
171 1126 311 90 Sirmond
430 1126 242 90 (Jacques),
620 1126 104 90 né
672 1126 86 90 à
707 1126 276 90 Riom
931 1126 207 90 jésuite,
1087 1126 242 90 confesseur
1277 1126 104 90 de
1329 1126 155 90 Louis
1415 1126 121 90 XIII.

130 1189 255 63 Manuscrit
326 1189 137 63 sur
405 1189 117 63 la
463 1189 196 63 maison
600 1189 117 63 de
659 1189 215 63 Braine.
816 1189 255 63 Cy-git
1011 1189 196 63 madame
1148 1189 196 63 Marie,
1266 1189 274 63 contesse

130 1234 176 64 de
248 1234 195 64 Dreues
385 1234 117 64 et
443 1234 156 64 dame
541 1234 117 64 de
600 1234 235 64 Brainne,
776 1234 176 64 fille
893 1234 117 64 de
952 1234 293 64 Monseigneur
1186 1234 274 64 Erchembaut
1382 1234 156 64 de

132 1290 269 59 Borbon.
343 1290 192 59 Proiez
478 1290 154 59 pour
574 1290 173 59 Same.
690 1290 154 59 Elle
786 1290 250 59 trespassa
978 1290 115 59 la
1036 1290 192 59 Vigile
1151 1290 385 59 Saint

129 1340 176 61 en
247 1340 157 61 l'an
345 1340 117 61 de
403 1340 176 61 grâce
521 1340 333 61 MCCEXXIIII.
795 1340 157 61 Suit
892 1340 274 61 l’histoire
1108 1340 313 61 généalogique
1362 1340 137 61 des
1421 1340 117 61 com-

131 1378 145 70 tes
214 1378 124 70 de
276 1378 207 70 Braine
421 1378 269 70 descendus
627 1378 124 70 de
689 1378 186 70 Louis
813 1378 124 70 le
875 1378 186 70 Gros,
999 1378 145 70 roi
1082 1378 124 70 de
1144 1378 227 70 France,
1309 1378 124 70 et
1350 1378 186 70 d’Aline

126 1426 157 62 de
204 1426 287 62 Savoie,
413 1426 183 62 son
518 1426 287 62 épouse.
726 1426 131 62 3
779 1426 235 62 pages
935 1426 392 62 autographes
1249 1426 235 62 in-8.
1405 1426 157 62 12
1458 1426 78 62 »

82 1476 149 68 141.
176 1476 336 68 Sirmond
455 1476 261 68 (Jacques).
660 1476 168 68 Le
772 1476 242 68 même
959 1476 149 68 Vera
1052 1476 112 68 et
1108 1476 205 68 sincera
1257 1476 224 68 narratio
1406 1476 131 68 rerum

129 1520 149 73 quæ
214 1520 192 73 circa
342 1520 319 73 posteriorem
597 1520 362 73 Antirrseticum
895 1520 234 73 nostrum
1066 1520 192 73 gesta
1193 1520 170 73 sunt
1300 1520 106 73 à
1342 1520 128 73 P.
1406 1520 128 73 S.
1449 1520 85 73 I.

112 1571 285 68 tunc
290 1571 569 68 provinciali.
753 1571 178 68 4
824 1571 249 68 gr.
967 1571 214 68 p.
1073 1571 391 68 in-fol.
1358 1571 214 68 10
1429 1571 107 68 »

85 1616 147 71 142.
176 1616 348 71 Véronèse
470 1616 165 71 (Paul
580 1616 348 71 Caliar,
873 1616 165 71 dit),
983 1616 202 71 célèbre
1130 1616 220 71 peintre.
1295 1616 110 71 L.
1350 1616 147 71 aut.
1423 1616 110 71 sig.

129 1667 143 62 (en
210 1667 265 62 italien),
414 1667 102 62 à
455 1667 327 62 Marc-Antoine
721 1667 204 62 Eandi.
863 1667 102 62 1
904 1667 143 62 gr.
986 1667 122 62 p.
1047 1667 143 62 pl.
1129 1667 143 62 gr.
1210 1667 225 62 in-fol.
1353 1667 184 62 Superbe

111 1715 424 62 lettre,
420 1715 462 62 parfaite
766 1715 655 62 conservation.
1305 1715 270 62 150
1421 1715 116 62 »

83 1749 168 82 143.
188 1749 294 82 Vincent
419 1749 126 82 de
483 1749 252 82 Paul
672 1749 252 82 (Saint).
861 1749 126 82 L.
924 1749 189 82 sig.,
1050 1749 105 82 à
1092 1749 126 82 M.
1155 1749 126 82 Le
1219 1749 168 82 Bas.
1324 1749 126 82 De
1366 1749 168 82 Paris,

126 1798 134 75 29
193 1798 179 75 août
305 1798 201 75 1659,
439 1798 112 75 2
484 1798 134 75 p.
551 1798 157 75 pl.
641 1798 201 75 in-8.
775 1798 313 75 (Plusieurs
1021 1798 246 75 piqures
1200 1798 134 75 de
1267 1798 224 75 vers).
1424 1798 134 75 30
1469 1798 67 75 »

84 1859 138 65 144.
170 1859 345 65 Voltaire
463 1859 103 65 L.
515 1859 138 65 aut.
601 1859 138 65 sig.
687 1859 276 65 V.,
911 1859 86 65 à
946 1859 103 65 M.
998 1859 207 65 Lambert,
1153 1859 224 65 libraire.
1308 1859 224 65 Plombières,

126 1904 116 72 6
172 1904 324 72 juillet...
427 1904 116 72 1
473 1904 139 72 p.
542 1904 208 72 in-4.
681 1904 231 72 Cachet
843 1904 324 72 (inédite).
1097 1904 208 72 Jolie
1236 1904 254 72 lettre.
1421 1904 139 72 14
1468 1904 69 72 »

503 2065 189 100 POUR
640 2065 206 100 PARAITRE
777 2065 343 100 PROCHAINEMENT:

81 2155 431 68 Correspondance
450 2155 123 68 de
511 2155 226 68 Boileau
675 2155 123 68 et
737 2155 369 68 Brossette,
1044 2155 164 68 avec
1147 2155 144 68 les
1229 2155 205 68 œuvres
1352 2155 185 68 supplé-

123 2206 268 60 mentaires.
333 2206 134 60 1re
410 2206 210 60 édition
563 2206 249 60 complète,
754 2206 115 60 en
811 2206 191 60 partie
945 2206 229 60 inédite,
1117 2206 210 60 publiée
1270 2206 134 60 sur
1347 2206 134 60 les
1404 2206 134 60 manu-

122 2251 191 60 scrits
256 2251 268 60 originaux,
466 2251 134 60 par
543 2251 115 60 A.
600 2251 249 60 LAVERDET.
791 2251 96 60 —
829 2251 115 60 Un
887 2251 191 60 volume
1021 2251 172 60 in-8,
1135 2251 210 60 enrichi
1288 2251 115 60 de
1327 2251 210 60 plusieurs

107 2299 241 71 fac

127 2439 165 77 N.
237 2439 183 77 B
365 2439 110 77 M.
420 2439 220 77 LAVERDET
585 2439 128 77 est
659 2439 147 77 chez
750 2439 128 77 lui
824 2439 110 77 de
879 2439 92 77 1
915 2439 165 77 heure
1025 2439 92 77 à
1062 2439 110 77 4,
1117 2439 128 77 les
1191 2439 238 77 dimanches
1374 2439 110 77 et
1411 2439 128 77 fêtes

84 2511 242 71 exceptés,
270 2511 112 71 et
326 2511 112 71 du
382 2511 112 71 15
438 2511 167 71 avril
549 2511 112 71 au
605 2511 112 71 15
661 2511 223 71 octobre,
828 2511 130 71 les
903 2511 242 71 mercredis
1089 2511 112 71 et
1145 2511 205 71 samedis
1275 2511 223 71 seulement.

236 2686 194 63 Paris.
371 2686 97 63 —
410 2686 291 63 Typographie
643 2686 116 63 de
701 2686 213 63 Gaittet
856 2686 116 63 et
914 2686 155 63 Cie,
1011 2686 136 63 rue
1088 2686 310 63 Git-le-Cœur,
1321 2686 58 63 7
