<?xml version='1.0' encoding='UTF8'?>
<alto xmlns:xsi="http://www.w3.org/2001/XMLSchema-instance" xmlns="http://www.loc.gov/standards/alto/ns-v2#" xmlns:page="http://schema.primaresearch.org/PAGE/gts/pagecontent/2013-07-15" xsi:schemaLocation="http://www.loc.gov/standards/alto/ns-v2# http://www.loc.gov/standards/alto/alto.xsd">
  <Description>
    <MeasurementUnit>pixel</MeasurementUnit>
    <sourceImageInformation>
         <fileName>1880_02_LAC_N202_0015.xml</fileName>
      </sourceImageInformation>
    <OCRProcessing ID="IdOcr">
      <ocrProcessingStep>
        <processingDateTime>2020-11-06T13:48:26.993+01:00</processingDateTime>
        <processingSoftware>
               <softwareCreator>CONTRIBUTORS</softwareCreator>
               <softwareName>pdfalto</softwareName>
               <softwareVersion>0.1</softwareVersion>
            </processingSoftware>
      </ocrProcessingStep>
    </OCRProcessing>
  </Description>
  <Styles>
     <TextStyle ID="FONT0" FONTSTYLE=""/>
     <TextStyle ID="FONT1" FONTSTYLE="bold"/>
     <TextStyle ID="FONT2" FONTSTYLE="italics"/>
</Styles>
  <Tags/>
  <Layout>
    <Page ID="Page1" PHYSICAL_IMG_NR="1" HEIGHT="2090" WIDTH="1295">
      <PrintSpace HEIGHT="2090" WIDTH="1295" VPOS="0" HPOS="0">
        <TextBlock ID="r1" HEIGHT="2000" WIDTH="1183" VPOS="25" HPOS="49">
          <TextLine ID="r1l1" BASELINE="68" HEIGHT="64" WIDTH="1149" VPOS="4" HPOS="76">
            <String HEIGHT="64" WIDTH="144" VPOS="4" HPOS="60" CONTENT="Cette" ID="r1l1_1" STYLEREFS="FONT0"/>
            <SP HEIGHT="64" WIDTH="16" VPOS="4" HPOS="204"/>
            <String HEIGHT="64" WIDTH="160" VPOS="4" HPOS="156" CONTENT="revue," ID="r1l1_2" STYLEREFS="FONT0"/>
            <SP HEIGHT="64" WIDTH="16" VPOS="4" HPOS="315"/>
            <String HEIGHT="64" WIDTH="160" VPOS="4" HPOS="268" CONTENT="fondée" ID="r1l1_3" STYLEREFS="FONT0"/>
            <SP HEIGHT="64" WIDTH="16" VPOS="4" HPOS="427"/>
            <String HEIGHT="64" WIDTH="96" VPOS="4" HPOS="379" CONTENT="en" ID="r1l1_4" STYLEREFS="FONT0"/>
            <SP HEIGHT="64" WIDTH="16" VPOS="4" HPOS="475"/>
            <String HEIGHT="64" WIDTH="144" VPOS="4" HPOS="427" CONTENT="1862," ID="r1l1_5" STYLEREFS="FONT0"/>
            <SP HEIGHT="64" WIDTH="16" VPOS="4" HPOS="571"/>
            <String HEIGHT="64" WIDTH="112" VPOS="4" HPOS="523" CONTENT="est" ID="r1l1_6" STYLEREFS="FONT0"/>
            <SP HEIGHT="64" WIDTH="16" VPOS="4" HPOS="635"/>
            <String HEIGHT="64" WIDTH="96" VPOS="4" HPOS="587" CONTENT="le" ID="r1l1_7" STYLEREFS="FONT0"/>
            <SP HEIGHT="64" WIDTH="16" VPOS="4" HPOS="682"/>
            <String HEIGHT="64" WIDTH="128" VPOS="4" HPOS="635" CONTENT="seul" ID="r1l1_8" STYLEREFS="FONT0"/>
            <SP HEIGHT="64" WIDTH="16" VPOS="4" HPOS="762"/>
            <String HEIGHT="64" WIDTH="160" VPOS="4" HPOS="714" CONTENT="organe" ID="r1l1_9" STYLEREFS="FONT0"/>
            <SP HEIGHT="64" WIDTH="16" VPOS="4" HPOS="874"/>
            <String HEIGHT="64" WIDTH="112" VPOS="4" HPOS="826" CONTENT="que" ID="r1l1_10" STYLEREFS="FONT0"/>
            <SP HEIGHT="64" WIDTH="16" VPOS="4" HPOS="938"/>
            <String HEIGHT="64" WIDTH="112" VPOS="4" HPOS="890" CONTENT="les" ID="r1l1_11" STYLEREFS="FONT0"/>
            <SP HEIGHT="64" WIDTH="16" VPOS="4" HPOS="1002"/>
            <String HEIGHT="64" WIDTH="192" VPOS="4" HPOS="954" CONTENT="amateurs" ID="r1l1_12" STYLEREFS="FONT0"/>
            <SP HEIGHT="64" WIDTH="16" VPOS="4" HPOS="1145"/>
            <String HEIGHT="64" WIDTH="144" VPOS="4" HPOS="1081" CONTENT="d’auto" SUBS_TYPE="HypPart1" SUBS_CONTENT="d’autographes" ID="r1l1_13" STYLEREFS="FONT0"/>
            <HYP CONTENT="-"/>
          </TextLine>
          <TextLine ID="r1l2" BASELINE="113" HEIGHT="63" WIDTH="1185" VPOS="50" HPOS="41">
            <String HEIGHT="63" WIDTH="163" VPOS="50" HPOS="26" CONTENT="graphes" SUBS_TYPE="HypPart2" SUBS_CONTENT="d’autographes" ID="r1l2_1" STYLEREFS="FONT0"/>
            <SP HEIGHT="63" WIDTH="15" VPOS="50" HPOS="189"/>
            <String HEIGHT="63" WIDTH="133" VPOS="50" HPOS="145" CONTENT="aient" ID="r1l2_2" STYLEREFS="FONT0"/>
            <SP HEIGHT="63" WIDTH="15" VPOS="50" HPOS="278"/>
            <String HEIGHT="63" WIDTH="89" VPOS="50" HPOS="234" CONTENT="en" ID="r1l2_3" STYLEREFS="FONT0"/>
            <SP HEIGHT="63" WIDTH="15" VPOS="50" HPOS="322"/>
            <String HEIGHT="63" WIDTH="163" VPOS="50" HPOS="278" CONTENT="Europe." ID="r1l2_4" STYLEREFS="FONT0"/>
            <SP HEIGHT="63" WIDTH="15" VPOS="50" HPOS="441"/>
            <String HEIGHT="63" WIDTH="119" VPOS="50" HPOS="397" CONTENT="Elle" ID="r1l2_5" STYLEREFS="FONT0"/>
            <SP HEIGHT="63" WIDTH="15" VPOS="50" HPOS="515"/>
            <String HEIGHT="63" WIDTH="148" VPOS="50" HPOS="471" CONTENT="publie" ID="r1l2_6" STYLEREFS="FONT0"/>
            <SP HEIGHT="63" WIDTH="15" VPOS="50" HPOS="619"/>
            <String HEIGHT="63" WIDTH="89" VPOS="50" HPOS="574" CONTENT="le" ID="r1l2_7" STYLEREFS="FONT0"/>
            <SP HEIGHT="63" WIDTH="15" VPOS="50" HPOS="663"/>
            <String HEIGHT="63" WIDTH="193" VPOS="50" HPOS="619" CONTENT="Manuel" ID="r1l2_8" STYLEREFS="FONT2"/>
            <SP HEIGHT="63" WIDTH="15" VPOS="50" HPOS="811"/>
            <String HEIGHT="63" WIDTH="89" VPOS="50" HPOS="767" CONTENT="de" ID="r1l2_9" STYLEREFS="FONT2"/>
            <SP HEIGHT="63" WIDTH="15" VPOS="50" HPOS="856"/>
            <String HEIGHT="63" WIDTH="193" VPOS="50" HPOS="811" CONTENT="l’Amateur" ID="r1l2_10" STYLEREFS="FONT2"/>
            <SP HEIGHT="63" WIDTH="15" VPOS="50" HPOS="1004"/>
            <String HEIGHT="63" WIDTH="281" VPOS="50" HPOS="945" CONTENT="d’autographes" ID="r1l2_11" STYLEREFS="FONT2"/>
          </TextLine>
          <TextLine ID="r1l3" BASELINE="142" HEIGHT="49" WIDTH="1179" VPOS="93" HPOS="44">
            <String HEIGHT="49" WIDTH="97" VPOS="93" HPOS="28" CONTENT="et" ID="r1l3_1" STYLEREFS="FONT0"/>
            <SP HEIGHT="49" WIDTH="16" VPOS="93" HPOS="125"/>
            <String HEIGHT="49" WIDTH="113" VPOS="93" HPOS="76" CONTENT="des" ID="r1l3_2" STYLEREFS="FONT0"/>
            <SP HEIGHT="49" WIDTH="16" VPOS="93" HPOS="189"/>
            <String HEIGHT="49" WIDTH="162" VPOS="93" HPOS="141" CONTENT="pièces" ID="r1l3_3" STYLEREFS="FONT0"/>
            <SP HEIGHT="49" WIDTH="16" VPOS="93" HPOS="302"/>
            <String HEIGHT="49" WIDTH="210" VPOS="93" HPOS="254" CONTENT="inédites," ID="r1l3_4" STYLEREFS="FONT0"/>
            <SP HEIGHT="49" WIDTH="16" VPOS="93" HPOS="464"/>
            <String HEIGHT="49" WIDTH="145" VPOS="93" HPOS="415" CONTENT="donne" ID="r1l3_5" STYLEREFS="FONT0"/>
            <SP HEIGHT="49" WIDTH="16" VPOS="93" HPOS="561"/>
            <String HEIGHT="49" WIDTH="162" VPOS="93" HPOS="512" CONTENT="toutes" ID="r1l3_6" STYLEREFS="FONT0"/>
            <SP HEIGHT="49" WIDTH="16" VPOS="93" HPOS="674"/>
            <String HEIGHT="49" WIDTH="113" VPOS="93" HPOS="625" CONTENT="les" ID="r1l3_7" STYLEREFS="FONT0"/>
            <SP HEIGHT="49" WIDTH="16" VPOS="93" HPOS="738"/>
            <String HEIGHT="49" WIDTH="210" VPOS="93" HPOS="690" CONTENT="nouvelles" ID="r1l3_8" STYLEREFS="FONT0"/>
            <SP HEIGHT="49" WIDTH="16" VPOS="93" HPOS="900"/>
            <String HEIGHT="49" WIDTH="178" VPOS="93" HPOS="852" CONTENT="pouvant" ID="r1l3_9" STYLEREFS="FONT0"/>
            <SP HEIGHT="49" WIDTH="16" VPOS="93" HPOS="1029"/>
            <String HEIGHT="49" WIDTH="226" VPOS="93" HPOS="981" CONTENT="intéresser" ID="r1l3_10" STYLEREFS="FONT0"/>
            <SP HEIGHT="49" WIDTH="16" VPOS="93" HPOS="1207"/>
            <String HEIGHT="49" WIDTH="81" VPOS="93" HPOS="1142" CONTENT="les" ID="r1l3_11" STYLEREFS="FONT0"/>
          </TextLine>
          <TextLine ID="r1l4" BASELINE="175" HEIGHT="53" WIDTH="1187" VPOS="122" HPOS="43">
            <String HEIGHT="53" WIDTH="200" VPOS="122" HPOS="28" CONTENT="amateurs," ID="r1l4_1" STYLEREFS="FONT0"/>
            <SP HEIGHT="53" WIDTH="15" VPOS="122" HPOS="228"/>
            <String HEIGHT="53" WIDTH="92" VPOS="122" HPOS="182" CONTENT="et" ID="r1l4_2" STYLEREFS="FONT0"/>
            <SP HEIGHT="53" WIDTH="15" VPOS="122" HPOS="274"/>
            <String HEIGHT="53" WIDTH="200" VPOS="122" HPOS="228" CONTENT="reproduit" ID="r1l4_3" STYLEREFS="FONT0"/>
            <SP HEIGHT="53" WIDTH="15" VPOS="122" HPOS="428"/>
            <String HEIGHT="53" WIDTH="92" VPOS="122" HPOS="382" CONTENT="le" ID="r1l4_4" STYLEREFS="FONT0"/>
            <SP HEIGHT="53" WIDTH="15" VPOS="122" HPOS="475"/>
            <String HEIGHT="53" WIDTH="216" VPOS="122" HPOS="428" CONTENT="fac-similé" ID="r1l4_5" STYLEREFS="FONT0"/>
            <SP HEIGHT="53" WIDTH="15" VPOS="122" HPOS="644"/>
            <String HEIGHT="53" WIDTH="92" VPOS="122" HPOS="598" CONTENT="de" ID="r1l4_6" STYLEREFS="FONT0"/>
            <SP HEIGHT="53" WIDTH="15" VPOS="122" HPOS="690"/>
            <String HEIGHT="53" WIDTH="92" VPOS="122" HPOS="644" CONTENT="la" ID="r1l4_7" STYLEREFS="FONT0"/>
            <SP HEIGHT="53" WIDTH="15" VPOS="122" HPOS="737"/>
            <String HEIGHT="53" WIDTH="200" VPOS="122" HPOS="690" CONTENT="signature" ID="r1l4_8" STYLEREFS="FONT0"/>
            <SP HEIGHT="53" WIDTH="15" VPOS="122" HPOS="891"/>
            <String HEIGHT="53" WIDTH="108" VPOS="122" HPOS="845" CONTENT="des" ID="r1l4_9" STYLEREFS="FONT0"/>
            <SP HEIGHT="53" WIDTH="15" VPOS="122" HPOS="953"/>
            <String HEIGHT="53" WIDTH="231" VPOS="122" HPOS="906" CONTENT="personnages" ID="r1l4_10" STYLEREFS="FONT0"/>
            <SP HEIGHT="53" WIDTH="15" VPOS="122" HPOS="1138"/>
            <String HEIGHT="53" WIDTH="154" VPOS="122" HPOS="1076" CONTENT="célèbres" ID="r1l4_11" STYLEREFS="FONT0"/>
          </TextLine>
          <TextLine ID="r1l5" BASELINE="228" HEIGHT="55" WIDTH="315" VPOS="173" HPOS="46">
            <String HEIGHT="55" WIDTH="228" VPOS="173" HPOS="29" CONTENT="récemment" ID="r1l5_1" STYLEREFS="FONT0"/>
            <SP HEIGHT="55" WIDTH="18" VPOS="173" HPOS="256"/>
            <String HEIGHT="55" WIDTH="175" VPOS="173" HPOS="186" CONTENT="décédés." ID="r1l5_2" STYLEREFS="FONT0"/>
          </TextLine>
          <TextLine ID="r1l6" BASELINE="261" HEIGHT="74" WIDTH="148" VPOS="187" HPOS="1080">
            <String HEIGHT="74" WIDTH="207" VPOS="187" HPOS="1050" CONTENT="160" ID="r1l6_1" STYLEREFS="FONT0"/>
            <SP HEIGHT="74" WIDTH="30" VPOS="187" HPOS="1258"/>
            <String HEIGHT="74" WIDTH="89" VPOS="187" HPOS="1139" CONTENT="»" ID="r1l6_2" STYLEREFS="FONT0"/>
          </TextLine>
          <TextLine ID="r1l7" BASELINE="275" HEIGHT="81" WIDTH="912" VPOS="194" HPOS="86">
            <String HEIGHT="81" WIDTH="250" VPOS="194" HPOS="71" CONTENT="Collection" ID="r1l7_1" STYLEREFS="FONT2"/>
            <SP HEIGHT="81" WIDTH="15" VPOS="194" HPOS="321"/>
            <String HEIGHT="81" WIDTH="177" VPOS="194" HPOS="277" CONTENT="complète" ID="r1l7_2" STYLEREFS="FONT2"/>
            <SP HEIGHT="81" WIDTH="15" VPOS="194" HPOS="454"/>
            <String HEIGHT="81" WIDTH="147" VPOS="194" HPOS="410" CONTENT="de" ID="r1l7_3" STYLEREFS="FONT2"/>
            <SP HEIGHT="81" WIDTH="15" VPOS="194" HPOS="557"/>
            <String HEIGHT="81" WIDTH="118" VPOS="194" HPOS="513" CONTENT="1862" ID="r1l7_4" STYLEREFS="FONT0"/>
            <SP HEIGHT="81" WIDTH="15" VPOS="194" HPOS="630"/>
            <String HEIGHT="81" WIDTH="162" VPOS="194" HPOS="586" CONTENT="à" ID="r1l7_5" STYLEREFS="FONT2"/>
            <SP HEIGHT="81" WIDTH="15" VPOS="194" HPOS="748"/>
            <String HEIGHT="81" WIDTH="132" VPOS="194" HPOS="704" CONTENT="1879," ID="r1l7_6" STYLEREFS="FONT0"/>
            <SP HEIGHT="81" WIDTH="15" VPOS="194" HPOS="836"/>
            <String HEIGHT="81" WIDTH="88" VPOS="194" HPOS="792" CONTENT="17" ID="r1l7_7" STYLEREFS="FONT0"/>
            <SP HEIGHT="81" WIDTH="15" VPOS="194" HPOS="880"/>
            <String HEIGHT="81" WIDTH="118" VPOS="194" HPOS="836" CONTENT="vol." ID="r1l7_8" STYLEREFS="FONT0"/>
            <SP HEIGHT="81" WIDTH="15" VPOS="194" HPOS="954"/>
            <String HEIGHT="81" WIDTH="103" VPOS="194" HPOS="895" CONTENT="in" ID="r1l7_9" STYLEREFS="FONT0"/>
          </TextLine>
          <TextLine ID="r1l8" BASELINE="329" HEIGHT="88" WIDTH="946" VPOS="241" HPOS="83">
            <String HEIGHT="88" WIDTH="92" VPOS="241" HPOS="68" CONTENT="Il" ID="r1l8_1" STYLEREFS="FONT0"/>
            <SP HEIGHT="88" WIDTH="15" VPOS="241" HPOS="159"/>
            <String HEIGHT="88" WIDTH="92" VPOS="241" HPOS="114" CONTENT="ne" ID="r1l8_2" STYLEREFS="FONT0"/>
            <SP HEIGHT="88" WIDTH="15" VPOS="241" HPOS="205"/>
            <String HEIGHT="88" WIDTH="137" VPOS="241" HPOS="159" CONTENT="reste" ID="r1l8_3" STYLEREFS="FONT0"/>
            <SP HEIGHT="88" WIDTH="15" VPOS="241" HPOS="297"/>
            <String HEIGHT="88" WIDTH="107" VPOS="241" HPOS="251" CONTENT="que" ID="r1l8_4" STYLEREFS="FONT0"/>
            <SP HEIGHT="88" WIDTH="15" VPOS="241" HPOS="358"/>
            <String HEIGHT="88" WIDTH="153" VPOS="241" HPOS="312" CONTENT="quatre" ID="r1l8_5" STYLEREFS="FONT0"/>
            <SP HEIGHT="88" WIDTH="15" VPOS="241" HPOS="464"/>
            <String HEIGHT="88" WIDTH="229" VPOS="241" HPOS="419" CONTENT="exemplaires" ID="r1l8_6" STYLEREFS="FONT0"/>
            <SP HEIGHT="88" WIDTH="15" VPOS="241" HPOS="648"/>
            <String HEIGHT="88" WIDTH="92" VPOS="241" HPOS="602" CONTENT="de" ID="r1l8_7" STYLEREFS="FONT0"/>
            <SP HEIGHT="88" WIDTH="15" VPOS="241" HPOS="693"/>
            <String HEIGHT="88" WIDTH="107" VPOS="241" HPOS="648" CONTENT="cet" ID="r1l8_8" STYLEREFS="FONT0"/>
            <SP HEIGHT="88" WIDTH="15" VPOS="241" HPOS="754"/>
            <String HEIGHT="88" WIDTH="229" VPOS="241" HPOS="709" CONTENT="intéressant" ID="r1l8_9" STYLEREFS="FONT0"/>
            <SP HEIGHT="88" WIDTH="15" VPOS="241" HPOS="937"/>
            <String HEIGHT="88" WIDTH="153" VPOS="241" HPOS="876" CONTENT="recueil." ID="r1l8_10" STYLEREFS="FONT0"/>
          </TextLine>
          <TextLine ID="r1l9" BASELINE="381" HEIGHT="51" WIDTH="1188" VPOS="330" HPOS="42">
            <String HEIGHT="51" WIDTH="280" VPOS="330" HPOS="19" CONTENT="Table" ID="r1l9_1" STYLEREFS="FONT1"/>
            <SP HEIGHT="51" WIDTH="23" VPOS="330" HPOS="298"/>
            <String HEIGHT="51" WIDTH="280" VPOS="330" HPOS="228" CONTENT="générale" ID="r1l9_2" STYLEREFS="FONT1"/>
            <SP HEIGHT="51" WIDTH="23" VPOS="330" HPOS="508"/>
            <String HEIGHT="51" WIDTH="163" VPOS="330" HPOS="438" CONTENT="des" ID="r1l9_3" STYLEREFS="FONT1"/>
            <SP HEIGHT="51" WIDTH="23" VPOS="330" HPOS="601"/>
            <String HEIGHT="51" WIDTH="256" VPOS="330" HPOS="531" CONTENT="lettres" ID="r1l9_4" STYLEREFS="FONT1"/>
            <SP HEIGHT="51" WIDTH="23" VPOS="330" HPOS="787"/>
            <String HEIGHT="51" WIDTH="140" VPOS="330" HPOS="718" CONTENT="et" ID="r1l9_5" STYLEREFS="FONT1"/>
            <SP HEIGHT="51" WIDTH="23" VPOS="330" HPOS="857"/>
            <String HEIGHT="51" WIDTH="303" VPOS="330" HPOS="787" CONTENT="documents" ID="r1l9_6" STYLEREFS="FONT1"/>
            <SP HEIGHT="51" WIDTH="23" VPOS="330" HPOS="1090"/>
            <String HEIGHT="51" WIDTH="233" VPOS="330" HPOS="997" CONTENT="con" ID="r1l9_7" STYLEREFS="FONT1"/>
          </TextLine>
          <TextLine ID="r1l10" BASELINE="428" HEIGHT="65" WIDTH="1135" VPOS="363" HPOS="95">
            <String HEIGHT="65" WIDTH="267" VPOS="363" HPOS="73" CONTENT="tenus" ID="r1l10_1" STYLEREFS="FONT1"/>
            <SP HEIGHT="65" WIDTH="22" VPOS="363" HPOS="340"/>
            <String HEIGHT="65" WIDTH="178" VPOS="363" HPOS="273" CONTENT="dans" ID="r1l10_2" STYLEREFS="FONT1"/>
            <SP HEIGHT="65" WIDTH="22" VPOS="363" HPOS="451"/>
            <String HEIGHT="65" WIDTH="289" VPOS="363" HPOS="384" CONTENT="l’Amateur" ID="r1l10_3" STYLEREFS="FONT1"/>
            <SP HEIGHT="65" WIDTH="22" VPOS="363" HPOS="674"/>
            <String HEIGHT="65" WIDTH="401" VPOS="363" HPOS="607" CONTENT="d’autographes;" ID="r1l10_4" STYLEREFS="FONT1"/>
            <SP HEIGHT="65" WIDTH="22" VPOS="363" HPOS="1007"/>
            <String HEIGHT="65" WIDTH="312" VPOS="363" HPOS="918" CONTENT="première" ID="r1l10_5" STYLEREFS="FONT1"/>
          </TextLine>
          <TextLine ID="r1l11" BASELINE="472" HEIGHT="44" WIDTH="1144" VPOS="428" HPOS="86">
            <String HEIGHT="44" WIDTH="201" VPOS="428" HPOS="66" CONTENT="série," ID="r1l11_1" STYLEREFS="FONT0"/>
            <SP HEIGHT="44" WIDTH="20" VPOS="428" HPOS="267"/>
            <String HEIGHT="44" WIDTH="281" VPOS="428" HPOS="206" CONTENT="1862-1874," ID="r1l11_2" STYLEREFS="FONT0"/>
            <SP HEIGHT="44" WIDTH="20" VPOS="428" HPOS="487"/>
            <String HEIGHT="44" WIDTH="181" VPOS="428" HPOS="427" CONTENT="1877," ID="r1l11_3" STYLEREFS="FONT0"/>
            <SP HEIGHT="44" WIDTH="20" VPOS="428" HPOS="608"/>
            <String HEIGHT="44" WIDTH="181" VPOS="428" HPOS="548" CONTENT="in-8." ID="r1l11_4" STYLEREFS="FONT0"/>
            <SP HEIGHT="44" WIDTH="20" VPOS="428" HPOS="728"/>
            <String HEIGHT="44" WIDTH="161" VPOS="428" HPOS="668" CONTENT="Tiré" ID="r1l11_5" STYLEREFS="FONT0"/>
            <SP HEIGHT="44" WIDTH="20" VPOS="428" HPOS="829"/>
            <String HEIGHT="44" WIDTH="100" VPOS="428" HPOS="768" CONTENT="à" ID="r1l11_6" STYLEREFS="FONT0"/>
            <SP HEIGHT="44" WIDTH="20" VPOS="428" HPOS="869"/>
            <String HEIGHT="44" WIDTH="140" VPOS="428" HPOS="809" CONTENT="100" ID="r1l11_7" STYLEREFS="FONT0"/>
            <SP HEIGHT="44" WIDTH="20" VPOS="428" HPOS="949"/>
            <String HEIGHT="44" WIDTH="321" VPOS="428" HPOS="889" CONTENT="exemplaires." ID="r1l11_8" STYLEREFS="FONT0"/>
            <SP HEIGHT="44" WIDTH="20" VPOS="428" HPOS="1210"/>
            <String HEIGHT="44" WIDTH="100" VPOS="428" HPOS="1150" CONTENT="4" ID="r1l11_9" STYLEREFS="FONT0"/>
            <SP HEIGHT="44" WIDTH="20" VPOS="428" HPOS="1250"/>
            <String HEIGHT="44" WIDTH="60" VPOS="428" HPOS="1170" CONTENT="»" ID="r1l11_10" STYLEREFS="FONT0"/>
          </TextLine>
          <TextLine ID="r1l12" BASELINE="512" HEIGHT="58" WIDTH="1155" VPOS="454" HPOS="83">
            <String HEIGHT="58" WIDTH="146" VPOS="454" HPOS="67" CONTENT="Cette" ID="r1l12_1" STYLEREFS="FONT0"/>
            <SP HEIGHT="58" WIDTH="16" VPOS="454" HPOS="213"/>
            <String HEIGHT="58" WIDTH="163" VPOS="454" HPOS="164" CONTENT="table," ID="r1l12_2" STYLEREFS="FONT0"/>
            <SP HEIGHT="58" WIDTH="16" VPOS="454" HPOS="327"/>
            <String HEIGHT="58" WIDTH="179" VPOS="454" HPOS="278" CONTENT="rédigée" ID="r1l12_3" STYLEREFS="FONT0"/>
            <SP HEIGHT="58" WIDTH="16" VPOS="454" HPOS="457"/>
            <String HEIGHT="58" WIDTH="130" VPOS="454" HPOS="408" CONTENT="avec" ID="r1l12_4" STYLEREFS="FONT0"/>
            <SP HEIGHT="58" WIDTH="16" VPOS="454" HPOS="538"/>
            <String HEIGHT="58" WIDTH="130" VPOS="454" HPOS="490" CONTENT="soin" ID="r1l12_5" STYLEREFS="FONT0"/>
            <SP HEIGHT="58" WIDTH="16" VPOS="454" HPOS="620"/>
            <String HEIGHT="58" WIDTH="114" VPOS="454" HPOS="571" CONTENT="par" ID="r1l12_6" STYLEREFS="FONT0"/>
            <SP HEIGHT="58" WIDTH="16" VPOS="454" HPOS="685"/>
            <String HEIGHT="58" WIDTH="98" VPOS="454" HPOS="636" CONTENT="un" ID="r1l12_7" STYLEREFS="FONT0"/>
            <SP HEIGHT="58" WIDTH="16" VPOS="454" HPOS="734"/>
            <String HEIGHT="58" WIDTH="260" VPOS="454" HPOS="685" CONTENT="bibliographe" ID="r1l12_8" STYLEREFS="FONT0"/>
            <SP HEIGHT="58" WIDTH="16" VPOS="454" HPOS="945"/>
            <String HEIGHT="58" WIDTH="195" VPOS="454" HPOS="896" CONTENT="émérite," ID="r1l12_9" STYLEREFS="FONT0"/>
            <SP HEIGHT="58" WIDTH="16" VPOS="454" HPOS="1092"/>
            <String HEIGHT="58" WIDTH="98" VPOS="454" HPOS="1043" CONTENT="M." ID="r1l12_10" STYLEREFS="FONT0"/>
            <SP HEIGHT="58" WIDTH="16" VPOS="454" HPOS="1140"/>
            <String HEIGHT="58" WIDTH="163" VPOS="454" HPOS="1075" CONTENT="Maurice." ID="r1l12_11" STYLEREFS="FONT0"/>
          </TextLine>
          <TextLine ID="r1l13" BASELINE="554" HEIGHT="52" WIDTH="1194" VPOS="502" HPOS="46">
            <String HEIGHT="52" WIDTH="194" VPOS="502" HPOS="31" CONTENT="Tourneux," ID="r1l13_1" STYLEREFS="FONT0"/>
            <SP HEIGHT="52" WIDTH="15" VPOS="502" HPOS="225"/>
            <String HEIGHT="52" WIDTH="104" VPOS="502" HPOS="180" CONTENT="est" ID="r1l13_2" STYLEREFS="FONT0"/>
            <SP HEIGHT="52" WIDTH="15" VPOS="502" HPOS="285"/>
            <String HEIGHT="52" WIDTH="254" VPOS="502" HPOS="240" CONTENT="indispensable" ID="r1l13_3" STYLEREFS="FONT0"/>
            <SP HEIGHT="52" WIDTH="15" VPOS="502" HPOS="494"/>
            <String HEIGHT="52" WIDTH="104" VPOS="502" HPOS="449" CONTENT="aux" ID="r1l13_4" STYLEREFS="FONT0"/>
            <SP HEIGHT="52" WIDTH="15" VPOS="502" HPOS="553"/>
            <String HEIGHT="52" WIDTH="164" VPOS="502" HPOS="509" CONTENT="abonnés" ID="r1l13_5" STYLEREFS="FONT0"/>
            <SP HEIGHT="52" WIDTH="15" VPOS="502" HPOS="673"/>
            <String HEIGHT="52" WIDTH="90" VPOS="502" HPOS="628" CONTENT="de" ID="r1l13_6" STYLEREFS="FONT0"/>
            <SP HEIGHT="52" WIDTH="15" VPOS="502" HPOS="718"/>
            <String HEIGHT="52" WIDTH="239" VPOS="502" HPOS="673" CONTENT="l'Amateur" ID="r1l13_7" STYLEREFS="FONT2"/>
            <SP HEIGHT="52" WIDTH="15" VPOS="502" HPOS="912"/>
            <String HEIGHT="52" WIDTH="313" VPOS="502" HPOS="867" CONTENT="d’autographes" ID="r1l13_8" STYLEREFS="FONT2"/>
            <SP HEIGHT="52" WIDTH="15" VPOS="502" HPOS="1180"/>
            <String HEIGHT="52" WIDTH="90" VPOS="502" HPOS="1136" CONTENT="et" ID="r1l13_9" STYLEREFS="FONT0"/>
            <SP HEIGHT="52" WIDTH="15" VPOS="502" HPOS="1225"/>
            <String HEIGHT="52" WIDTH="75" VPOS="502" HPOS="1165" CONTENT="aux" ID="r1l13_10" STYLEREFS="FONT0"/>
          </TextLine>
          <TextLine ID="r1l14" BASELINE="589" HEIGHT="50" WIDTH="830" VPOS="539" HPOS="49">
            <String HEIGHT="50" WIDTH="169" VPOS="539" HPOS="34" CONTENT="érudits" ID="r1l14_1" STYLEREFS="FONT0"/>
            <SP HEIGHT="50" WIDTH="15" VPOS="539" HPOS="203"/>
            <String HEIGHT="50" WIDTH="108" VPOS="539" HPOS="157" CONTENT="qui" ID="r1l14_2" STYLEREFS="FONT0"/>
            <SP HEIGHT="50" WIDTH="15" VPOS="539" HPOS="264"/>
            <String HEIGHT="50" WIDTH="108" VPOS="539" HPOS="218" CONTENT="ont" ID="r1l14_3" STYLEREFS="FONT0"/>
            <SP HEIGHT="50" WIDTH="15" VPOS="539" HPOS="326"/>
            <String HEIGHT="50" WIDTH="154" VPOS="539" HPOS="280" CONTENT="besoin" ID="r1l14_4" STYLEREFS="FONT0"/>
            <SP HEIGHT="50" WIDTH="15" VPOS="539" HPOS="433"/>
            <String HEIGHT="50" WIDTH="92" VPOS="539" HPOS="387" CONTENT="de" ID="r1l14_5" STYLEREFS="FONT0"/>
            <SP HEIGHT="50" WIDTH="15" VPOS="539" HPOS="479"/>
            <String HEIGHT="50" WIDTH="200" VPOS="539" HPOS="433" CONTENT="consulter" ID="r1l14_6" STYLEREFS="FONT0"/>
            <SP HEIGHT="50" WIDTH="15" VPOS="539" HPOS="633"/>
            <String HEIGHT="50" WIDTH="108" VPOS="539" HPOS="587" CONTENT="cet" ID="r1l14_7" STYLEREFS="FONT0"/>
            <SP HEIGHT="50" WIDTH="15" VPOS="539" HPOS="695"/>
            <String HEIGHT="50" WIDTH="138" VPOS="539" HPOS="648" CONTENT="utile" ID="r1l14_8" STYLEREFS="FONT0"/>
            <SP HEIGHT="50" WIDTH="15" VPOS="539" HPOS="787"/>
            <String HEIGHT="50" WIDTH="154" VPOS="539" HPOS="725" CONTENT="recueil." ID="r1l14_9" STYLEREFS="FONT0"/>
          </TextLine>
          <TextLine ID="r1l15" BASELINE="649" HEIGHT="67" WIDTH="1192" VPOS="582" HPOS="46">
            <String HEIGHT="67" WIDTH="397" VPOS="582" HPOS="23" CONTENT="Inventaire" ID="r1l15_1" STYLEREFS="FONT1"/>
            <SP HEIGHT="67" WIDTH="23" VPOS="582" HPOS="420"/>
            <String HEIGHT="67" WIDTH="164" VPOS="582" HPOS="350" CONTENT="des" ID="r1l15_2" STYLEREFS="FONT1"/>
            <SP HEIGHT="67" WIDTH="23" VPOS="582" HPOS="513"/>
            <String HEIGHT="67" WIDTH="351" VPOS="582" HPOS="443" CONTENT="autographes" ID="r1l15_3" STYLEREFS="FONT1"/>
            <SP HEIGHT="67" WIDTH="23" VPOS="582" HPOS="794"/>
            <String HEIGHT="67" WIDTH="140" VPOS="582" HPOS="724" CONTENT="et" ID="r1l15_4" STYLEREFS="FONT1"/>
            <SP HEIGHT="67" WIDTH="23" VPOS="582" HPOS="864"/>
            <String HEIGHT="67" WIDTH="304" VPOS="582" HPOS="794" CONTENT="documents" ID="r1l15_5" STYLEREFS="FONT1"/>
            <SP HEIGHT="67" WIDTH="23" VPOS="582" HPOS="1098"/>
            <String HEIGHT="67" WIDTH="234" VPOS="582" HPOS="1004" CONTENT="his" ID="r1l15_6" STYLEREFS="FONT1"/>
          </TextLine>
          <TextLine ID="r1l16" BASELINE="693" HEIGHT="47" WIDTH="1141" VPOS="646" HPOS="94">
            <String HEIGHT="47" WIDTH="387" VPOS="646" HPOS="75" CONTENT="toriques," ID="r1l16_1" STYLEREFS="FONT1"/>
            <SP HEIGHT="47" WIDTH="19" VPOS="646" HPOS="461"/>
            <String HEIGHT="47" WIDTH="193" VPOS="646" HPOS="403" CONTENT="réunis" ID="r1l16_2" STYLEREFS="FONT0"/>
            <SP HEIGHT="47" WIDTH="19" VPOS="646" HPOS="597"/>
            <String HEIGHT="47" WIDTH="135" VPOS="646" HPOS="539" CONTENT="par" ID="r1l16_3" STYLEREFS="FONT0"/>
            <SP HEIGHT="47" WIDTH="19" VPOS="646" HPOS="674"/>
            <String HEIGHT="47" WIDTH="116" VPOS="646" HPOS="616" CONTENT="M." ID="r1l16_4" STYLEREFS="FONT0"/>
            <SP HEIGHT="47" WIDTH="19" VPOS="646" HPOS="732"/>
            <String HEIGHT="47" WIDTH="232" VPOS="646" HPOS="674" CONTENT="Benjamin" ID="r1l16_5" STYLEREFS="FONT0"/>
            <SP HEIGHT="47" WIDTH="19" VPOS="646" HPOS="906"/>
            <String HEIGHT="47" WIDTH="213" VPOS="646" HPOS="848" CONTENT="Fillon," ID="r1l16_6" STYLEREFS="FONT0"/>
            <SP HEIGHT="47" WIDTH="19" VPOS="646" HPOS="1061"/>
            <String HEIGHT="47" WIDTH="213" VPOS="646" HPOS="1003" CONTENT="décrits" ID="r1l16_7" STYLEREFS="FONT0"/>
            <SP HEIGHT="47" WIDTH="19" VPOS="646" HPOS="1216"/>
            <String HEIGHT="47" WIDTH="97" VPOS="646" HPOS="1138" CONTENT="par" ID="r1l16_8" STYLEREFS="FONT0"/>
          </TextLine>
          <TextLine ID="r1l17" BASELINE="739" HEIGHT="57" WIDTH="1144" VPOS="682" HPOS="89">
            <String HEIGHT="57" WIDTH="210" VPOS="682" HPOS="70" CONTENT="Étienne" ID="r1l17_1" STYLEREFS="FONT0"/>
            <SP HEIGHT="57" WIDTH="19" VPOS="682" HPOS="280"/>
            <String HEIGHT="57" WIDTH="248" VPOS="682" HPOS="222" CONTENT="Charavay." ID="r1l17_2" STYLEREFS="FONT0"/>
            <SP HEIGHT="57" WIDTH="19" VPOS="682" HPOS="470"/>
            <String HEIGHT="57" WIDTH="172" VPOS="682" HPOS="413" CONTENT="Tomes" ID="r1l17_3" STYLEREFS="FONT0"/>
            <SP HEIGHT="57" WIDTH="19" VPOS="682" HPOS="585"/>
            <String HEIGHT="57" WIDTH="95" VPOS="682" HPOS="528" CONTENT="I" ID="r1l17_4" STYLEREFS="FONT0"/>
            <SP HEIGHT="57" WIDTH="19" VPOS="682" HPOS="623"/>
            <String HEIGHT="57" WIDTH="114" VPOS="682" HPOS="566" CONTENT="et" ID="r1l17_5" STYLEREFS="FONT0"/>
            <SP HEIGHT="57" WIDTH="19" VPOS="682" HPOS="680"/>
            <String HEIGHT="57" WIDTH="133" VPOS="682" HPOS="623" CONTENT="II," ID="r1l17_6" STYLEREFS="FONT0"/>
            <SP HEIGHT="57" WIDTH="19" VPOS="682" HPOS="756"/>
            <String HEIGHT="57" WIDTH="95" VPOS="682" HPOS="699" CONTENT="2" ID="r1l17_7" STYLEREFS="FONT0"/>
            <SP HEIGHT="57" WIDTH="19" VPOS="682" HPOS="794"/>
            <String HEIGHT="57" WIDTH="172" VPOS="682" HPOS="737" CONTENT="beaux" ID="r1l17_8" STYLEREFS="FONT0"/>
            <SP HEIGHT="57" WIDTH="19" VPOS="682" HPOS="909"/>
            <String HEIGHT="57" WIDTH="153" VPOS="682" HPOS="852" CONTENT="vol." ID="r1l17_9" STYLEREFS="FONT0"/>
            <SP HEIGHT="57" WIDTH="19" VPOS="682" HPOS="1004"/>
            <String HEIGHT="57" WIDTH="172" VPOS="682" HPOS="947" CONTENT="in-4," ID="r1l17_10" STYLEREFS="FONT0"/>
            <SP HEIGHT="57" WIDTH="19" VPOS="682" HPOS="1119"/>
            <String HEIGHT="57" WIDTH="191" VPOS="682" HPOS="1042" CONTENT="imprimés" ID="r1l17_11" STYLEREFS="FONT0"/>
          </TextLine>
          <TextLine ID="r1l18" BASELINE="792" HEIGHT="46" WIDTH="818" VPOS="746" HPOS="88">
            <String HEIGHT="46" WIDTH="133" VPOS="746" HPOS="69" CONTENT="sur" ID="r1l18_1" STYLEREFS="FONT0"/>
            <SP HEIGHT="46" WIDTH="19" VPOS="746" HPOS="202"/>
            <String HEIGHT="46" WIDTH="190" VPOS="746" HPOS="145" CONTENT="papier" ID="r1l18_2" STYLEREFS="FONT0"/>
            <SP HEIGHT="46" WIDTH="19" VPOS="746" HPOS="335"/>
            <String HEIGHT="46" WIDTH="114" VPOS="746" HPOS="278" CONTENT="de" ID="r1l18_3" STYLEREFS="FONT0"/>
            <SP HEIGHT="46" WIDTH="19" VPOS="746" HPOS="392"/>
            <String HEIGHT="46" WIDTH="228" VPOS="746" HPOS="335" CONTENT="Hollande" ID="r1l18_4" STYLEREFS="FONT0"/>
            <SP HEIGHT="46" WIDTH="19" VPOS="746" HPOS="564"/>
            <String HEIGHT="46" WIDTH="133" VPOS="746" HPOS="507" CONTENT="par" ID="r1l18_5" STYLEREFS="FONT0"/>
            <SP HEIGHT="46" WIDTH="19" VPOS="746" HPOS="640"/>
            <String HEIGHT="46" WIDTH="114" VPOS="746" HPOS="583" CONTENT="M." ID="r1l18_6" STYLEREFS="FONT0"/>
            <SP HEIGHT="46" WIDTH="19" VPOS="746" HPOS="697"/>
            <String HEIGHT="46" WIDTH="133" VPOS="746" HPOS="640" CONTENT="Cl." ID="r1l18_7" STYLEREFS="FONT0"/>
            <SP HEIGHT="46" WIDTH="19" VPOS="746" HPOS="773"/>
            <String HEIGHT="46" WIDTH="209" VPOS="746" HPOS="697" CONTENT="Motteroz." ID="r1l18_8" STYLEREFS="FONT0"/>
          </TextLine>
          <TextLine ID="r1l19" BASELINE="828" HEIGHT="72" WIDTH="118" VPOS="756" HPOS="1110">
            <String HEIGHT="72" WIDTH="177" VPOS="756" HPOS="1081" CONTENT="25" ID="r1l19_1" STYLEREFS="FONT0"/>
            <SP HEIGHT="72" WIDTH="30" VPOS="756" HPOS="1258"/>
            <String HEIGHT="72" WIDTH="89" VPOS="756" HPOS="1140" CONTENT="»" ID="r1l19_2" STYLEREFS="FONT0"/>
          </TextLine>
          <TextLine ID="r1l20" BASELINE="847" HEIGHT="66" WIDTH="316" VPOS="781" HPOS="93">
            <String HEIGHT="66" WIDTH="226" VPOS="781" HPOS="70" CONTENT="Chaque" ID="r1l20_1" STYLEREFS="FONT0"/>
            <SP HEIGHT="66" WIDTH="23" VPOS="781" HPOS="296"/>
            <String HEIGHT="66" WIDTH="203" VPOS="781" HPOS="206" CONTENT="volume:" ID="r1l20_2" STYLEREFS="FONT0"/>
          </TextLine>
          <TextLine ID="r1l21" BASELINE="882" HEIGHT="44" WIDTH="1144" VPOS="838" HPOS="85">
            <String HEIGHT="44" WIDTH="97" VPOS="838" HPOS="69" CONTENT="Le" ID="r1l21_1" STYLEREFS="FONT0"/>
            <SP HEIGHT="44" WIDTH="16" VPOS="838" HPOS="166"/>
            <String HEIGHT="44" WIDTH="129" VPOS="838" HPOS="117" CONTENT="tome" ID="r1l21_2" STYLEREFS="FONT0"/>
            <SP HEIGHT="44" WIDTH="16" VPOS="838" HPOS="246"/>
            <String HEIGHT="44" WIDTH="81" VPOS="838" HPOS="198" CONTENT="I" ID="r1l21_3" STYLEREFS="FONT0"/>
            <SP HEIGHT="44" WIDTH="16" VPOS="838" HPOS="278"/>
            <String HEIGHT="44" WIDTH="97" VPOS="838" HPOS="230" CONTENT="de" ID="r1l21_4" STYLEREFS="FONT0"/>
            <SP HEIGHT="44" WIDTH="16" VPOS="838" HPOS="327"/>
            <String HEIGHT="44" WIDTH="145" VPOS="838" HPOS="278" CONTENT="cette" ID="r1l21_5" STYLEREFS="FONT0"/>
            <SP HEIGHT="44" WIDTH="16" VPOS="838" HPOS="423"/>
            <String HEIGHT="44" WIDTH="226" VPOS="838" HPOS="375" CONTENT="importante" ID="r1l21_6" STYLEREFS="FONT0"/>
            <SP HEIGHT="44" WIDTH="16" VPOS="838" HPOS="601"/>
            <String HEIGHT="44" WIDTH="242" VPOS="838" HPOS="552" CONTENT="publication" ID="r1l21_7" STYLEREFS="FONT0"/>
            <SP HEIGHT="44" WIDTH="16" VPOS="838" HPOS="794"/>
            <String HEIGHT="44" WIDTH="242" VPOS="838" HPOS="746" CONTENT="historique," ID="r1l21_8" STYLEREFS="FONT0"/>
            <SP HEIGHT="44" WIDTH="16" VPOS="838" HPOS="987"/>
            <String HEIGHT="44" WIDTH="145" VPOS="838" HPOS="939" CONTENT="tirée" ID="r1l21_9" STYLEREFS="FONT0"/>
            <SP HEIGHT="44" WIDTH="16" VPOS="838" HPOS="1084"/>
            <String HEIGHT="44" WIDTH="81" VPOS="838" HPOS="1036" CONTENT="à" ID="r1l21_10" STYLEREFS="FONT0"/>
            <SP HEIGHT="44" WIDTH="16" VPOS="838" HPOS="1116"/>
            <String HEIGHT="44" WIDTH="113" VPOS="838" HPOS="1068" CONTENT="250" ID="r1l21_11" STYLEREFS="FONT0"/>
            <SP HEIGHT="44" WIDTH="16" VPOS="838" HPOS="1181"/>
            <String HEIGHT="44" WIDTH="113" VPOS="838" HPOS="1116" CONTENT="exem" SUBS_TYPE="HypPart1" SUBS_CONTENT="exemplaires," ID="r1l21_12" STYLEREFS="FONT0"/>
            <HYP CONTENT="-"/>
          </TextLine>
          <TextLine ID="r1l22" BASELINE="921" HEIGHT="54" WIDTH="1175" VPOS="867" HPOS="51">
            <String HEIGHT="54" WIDTH="186" VPOS="867" HPOS="36" CONTENT="plaires," SUBS_TYPE="HypPart2" SUBS_CONTENT="exemplaires," ID="r1l22_1" STYLEREFS="FONT0"/>
            <SP HEIGHT="54" WIDTH="15" VPOS="867" HPOS="221"/>
            <String HEIGHT="54" WIDTH="186" VPOS="867" HPOS="175" CONTENT="comprend" ID="r1l22_2" STYLEREFS="FONT0"/>
            <SP HEIGHT="54" WIDTH="15" VPOS="867" HPOS="360"/>
            <String HEIGHT="54" WIDTH="108" VPOS="867" HPOS="314" CONTENT="les" ID="r1l22_3" STYLEREFS="FONT0"/>
            <SP HEIGHT="54" WIDTH="15" VPOS="867" HPOS="422"/>
            <String HEIGHT="54" WIDTH="108" VPOS="867" HPOS="376" CONTENT="six" ID="r1l22_4" STYLEREFS="FONT0"/>
            <SP HEIGHT="54" WIDTH="15" VPOS="867" HPOS="484"/>
            <String HEIGHT="54" WIDTH="201" VPOS="867" HPOS="438" CONTENT="premières" ID="r1l22_5" STYLEREFS="FONT0"/>
            <SP HEIGHT="54" WIDTH="15" VPOS="867" HPOS="639"/>
            <String HEIGHT="54" WIDTH="155" VPOS="867" HPOS="592" CONTENT="séries" ID="r1l22_6" STYLEREFS="FONT0"/>
            <SP HEIGHT="54" WIDTH="15" VPOS="867" HPOS="747"/>
            <String HEIGHT="54" WIDTH="93" VPOS="867" HPOS="700" CONTENT="de" ID="r1l22_7" STYLEREFS="FONT0"/>
            <SP HEIGHT="54" WIDTH="15" VPOS="867" HPOS="793"/>
            <String HEIGHT="54" WIDTH="93" VPOS="867" HPOS="747" CONTENT="la" ID="r1l22_8" STYLEREFS="FONT0"/>
            <SP HEIGHT="54" WIDTH="15" VPOS="867" HPOS="839"/>
            <String HEIGHT="54" WIDTH="216" VPOS="867" HPOS="793" CONTENT="collection" ID="r1l22_9" STYLEREFS="FONT0"/>
            <SP HEIGHT="54" WIDTH="15" VPOS="867" HPOS="1010"/>
            <String HEIGHT="54" WIDTH="93" VPOS="867" HPOS="963" CONTENT="de" ID="r1l22_10" STYLEREFS="FONT0"/>
            <SP HEIGHT="54" WIDTH="15" VPOS="867" HPOS="1056"/>
            <String HEIGHT="54" WIDTH="93" VPOS="867" HPOS="1010" CONTENT="M." ID="r1l22_11" STYLEREFS="FONT0"/>
            <SP HEIGHT="54" WIDTH="15" VPOS="867" HPOS="1102"/>
            <String HEIGHT="54" WIDTH="93" VPOS="867" HPOS="1056" CONTENT="B." ID="r1l22_12" STYLEREFS="FONT0"/>
            <SP HEIGHT="54" WIDTH="15" VPOS="867" HPOS="1149"/>
            <String HEIGHT="54" WIDTH="139" VPOS="867" HPOS="1087" CONTENT="Fillon," ID="r1l22_13" STYLEREFS="FONT0"/>
          </TextLine>
          <TextLine ID="r1l23" BASELINE="943" HEIGHT="22" WIDTH="27" VPOS="921" HPOS="623">
            <String HEIGHT="22" WIDTH="81" VPOS="921" HPOS="569" CONTENT="—" ID="r1l23_1" STYLEREFS="FONT0"/>
          </TextLine>
          <TextLine ID="r1l24" BASELINE="951" HEIGHT="41" WIDTH="562" VPOS="910" HPOS="669">
            <String HEIGHT="41" WIDTH="163" VPOS="910" HPOS="651" CONTENT="chefs" ID="r1l24_1" STYLEREFS="FONT0"/>
            <SP HEIGHT="41" WIDTH="18" VPOS="910" HPOS="814"/>
            <String HEIGHT="41" WIDTH="109" VPOS="910" HPOS="760" CONTENT="du" ID="r1l24_2" STYLEREFS="FONT0"/>
            <SP HEIGHT="41" WIDTH="18" VPOS="910" HPOS="868"/>
            <String HEIGHT="41" WIDTH="308" VPOS="910" HPOS="814" CONTENT="gouvernement;" ID="r1l24_3" STYLEREFS="FONT0"/>
            <SP HEIGHT="41" WIDTH="18" VPOS="910" HPOS="1122"/>
            <String HEIGHT="41" WIDTH="91" VPOS="910" HPOS="1068" CONTENT="—" ID="r1l24_4" STYLEREFS="FONT0"/>
            <SP HEIGHT="41" WIDTH="18" VPOS="910" HPOS="1158"/>
            <String HEIGHT="41" WIDTH="145" VPOS="910" HPOS="1086" CONTENT="hommes" ID="r1l24_5" STYLEREFS="FONT0"/>
          </TextLine>
          <TextLine ID="r1l25" BASELINE="959" HEIGHT="42" WIDTH="559" VPOS="917" HPOS="52">
            <String HEIGHT="42" WIDTH="78" VPOS="917" HPOS="36" CONTENT="à" ID="r1l25_1" STYLEREFS="FONT0"/>
            <SP HEIGHT="42" WIDTH="16" VPOS="917" HPOS="114"/>
            <String HEIGHT="42" WIDTH="171" VPOS="917" HPOS="68" CONTENT="savoir:" ID="r1l25_2" STYLEREFS="FONT0"/>
            <SP HEIGHT="42" WIDTH="16" VPOS="917" HPOS="238"/>
            <String HEIGHT="42" WIDTH="217" VPOS="917" HPOS="192" CONTENT="Inventeurs" ID="r1l25_3" STYLEREFS="FONT0"/>
            <SP HEIGHT="42" WIDTH="16" VPOS="917" HPOS="409"/>
            <String HEIGHT="42" WIDTH="93" VPOS="917" HPOS="363" CONTENT="et" ID="r1l25_4" STYLEREFS="FONT0"/>
            <SP HEIGHT="42" WIDTH="16" VPOS="917" HPOS="456"/>
            <String HEIGHT="42" WIDTH="217" VPOS="917" HPOS="394" CONTENT="initiateurs;" ID="r1l25_5" STYLEREFS="FONT0"/>
          </TextLine>
          <TextLine ID="r1l26" BASELINE="986" HEIGHT="46" WIDTH="122" VPOS="940" HPOS="1110">
            <String HEIGHT="46" WIDTH="157" VPOS="940" HPOS="1075" CONTENT="savants" ID="r1l26_1" STYLEREFS="FONT0"/>
          </TextLine>
          <TextLine ID="r1l27" BASELINE="987" HEIGHT="43" WIDTH="937" VPOS="944" HPOS="168">
            <String HEIGHT="43" WIDTH="84" VPOS="944" HPOS="151" CONTENT="—" ID="r1l27_1" STYLEREFS="FONT0"/>
            <SP HEIGHT="43" WIDTH="17" VPOS="944" HPOS="235"/>
            <String HEIGHT="43" WIDTH="234" VPOS="944" HPOS="185" CONTENT="Révolution" ID="r1l27_2" STYLEREFS="FONT0"/>
            <SP HEIGHT="43" WIDTH="17" VPOS="944" HPOS="419"/>
            <String HEIGHT="43" WIDTH="234" VPOS="944" HPOS="369" CONTENT="française:" ID="r1l27_3" STYLEREFS="FONT0"/>
            <SP HEIGHT="43" WIDTH="17" VPOS="944" HPOS="603"/>
            <String HEIGHT="43" WIDTH="84" VPOS="944" HPOS="553" CONTENT="—" ID="r1l27_4" STYLEREFS="FONT0"/>
            <SP HEIGHT="43" WIDTH="17" VPOS="944" HPOS="637"/>
            <String HEIGHT="43" WIDTH="251" VPOS="944" HPOS="586" CONTENT="navigateurs" ID="r1l27_5" STYLEREFS="FONT0"/>
            <SP HEIGHT="43" WIDTH="17" VPOS="944" HPOS="837"/>
            <String HEIGHT="43" WIDTH="100" VPOS="944" HPOS="787" CONTENT="et" ID="r1l27_6" STYLEREFS="FONT0"/>
            <SP HEIGHT="43" WIDTH="17" VPOS="944" HPOS="887"/>
            <String HEIGHT="43" WIDTH="284" VPOS="944" HPOS="837" CONTENT="explorateurs;" ID="r1l27_7" STYLEREFS="FONT0"/>
            <SP HEIGHT="43" WIDTH="17" VPOS="944" HPOS="1122"/>
            <String HEIGHT="43" WIDTH="50" VPOS="944" HPOS="1055" CONTENT="—" ID="r1l27_8" STYLEREFS="FONT0"/>
          </TextLine>
          <TextLine ID="r1l28" BASELINE="995" HEIGHT="50" WIDTH="111" VPOS="945" HPOS="52">
            <String HEIGHT="50" WIDTH="143" VPOS="945" HPOS="20" CONTENT="d’État;" ID="r1l28_1" STYLEREFS="FONT0"/>
          </TextLine>
          <TextLine ID="r1l29" BASELINE="1028" HEIGHT="50" WIDTH="1176" VPOS="978" HPOS="53">
            <String HEIGHT="50" WIDTH="97" VPOS="978" HPOS="37" CONTENT="et" ID="r1l29_1" STYLEREFS="FONT0"/>
            <SP HEIGHT="50" WIDTH="16" VPOS="978" HPOS="134"/>
            <String HEIGHT="50" WIDTH="193" VPOS="978" HPOS="85" CONTENT="érudits." ID="r1l29_2" STYLEREFS="FONT0"/>
            <SP HEIGHT="50" WIDTH="16" VPOS="978" HPOS="279"/>
            <String HEIGHT="50" WIDTH="97" VPOS="978" HPOS="230" CONTENT="Il" ID="r1l29_3" STYLEREFS="FONT0"/>
            <SP HEIGHT="50" WIDTH="16" VPOS="978" HPOS="327"/>
            <String HEIGHT="50" WIDTH="113" VPOS="978" HPOS="279" CONTENT="est" ID="r1l29_4" STYLEREFS="FONT0"/>
            <SP HEIGHT="50" WIDTH="16" VPOS="978" HPOS="391"/>
            <String HEIGHT="50" WIDTH="129" VPOS="978" HPOS="343" CONTENT="orné" ID="r1l29_5" STYLEREFS="FONT0"/>
            <SP HEIGHT="50" WIDTH="16" VPOS="978" HPOS="472"/>
            <String HEIGHT="50" WIDTH="97" VPOS="978" HPOS="424" CONTENT="du" ID="r1l29_6" STYLEREFS="FONT0"/>
            <SP HEIGHT="50" WIDTH="16" VPOS="978" HPOS="520"/>
            <String HEIGHT="50" WIDTH="193" VPOS="978" HPOS="472" CONTENT="portrait" ID="r1l29_7" STYLEREFS="FONT0"/>
            <SP HEIGHT="50" WIDTH="16" VPOS="978" HPOS="665"/>
            <String HEIGHT="50" WIDTH="97" VPOS="978" HPOS="617" CONTENT="de" ID="r1l29_8" STYLEREFS="FONT0"/>
            <SP HEIGHT="50" WIDTH="16" VPOS="978" HPOS="713"/>
            <String HEIGHT="50" WIDTH="97" VPOS="978" HPOS="665" CONTENT="M." ID="r1l29_9" STYLEREFS="FONT0"/>
            <SP HEIGHT="50" WIDTH="16" VPOS="978" HPOS="762"/>
            <String HEIGHT="50" WIDTH="161" VPOS="978" HPOS="713" CONTENT="Fillon" ID="r1l29_10" STYLEREFS="FONT0"/>
            <SP HEIGHT="50" WIDTH="16" VPOS="978" HPOS="875"/>
            <String HEIGHT="50" WIDTH="113" VPOS="978" HPOS="826" CONTENT="par" ID="r1l29_11" STYLEREFS="FONT0"/>
            <SP HEIGHT="50" WIDTH="16" VPOS="978" HPOS="939"/>
            <String HEIGHT="50" WIDTH="97" VPOS="978" HPOS="891" CONTENT="M." ID="r1l29_12" STYLEREFS="FONT0"/>
            <SP HEIGHT="50" WIDTH="16" VPOS="978" HPOS="987"/>
            <String HEIGHT="50" WIDTH="258" VPOS="978" HPOS="939" CONTENT="Bracquemond," ID="r1l29_13" STYLEREFS="FONT0"/>
            <SP HEIGHT="50" WIDTH="16" VPOS="978" HPOS="1197"/>
            <String HEIGHT="50" WIDTH="97" VPOS="978" HPOS="1132" CONTENT="d’un" ID="r1l29_14" STYLEREFS="FONT0"/>
          </TextLine>
          <TextLine ID="r1l30" BASELINE="1063" HEIGHT="49" WIDTH="1172" VPOS="1014" HPOS="57">
            <String HEIGHT="49" WIDTH="149" VPOS="1014" HPOS="40" CONTENT="grand" ID="r1l30_1" STYLEREFS="FONT0"/>
            <SP HEIGHT="49" WIDTH="17" VPOS="1014" HPOS="189"/>
            <String HEIGHT="49" WIDTH="165" VPOS="1014" HPOS="140" CONTENT="nombre" ID="r1l30_2" STYLEREFS="FONT0"/>
            <SP HEIGHT="49" WIDTH="17" VPOS="1014" HPOS="305"/>
            <String HEIGHT="49" WIDTH="99" VPOS="1014" HPOS="255" CONTENT="de" ID="r1l30_3" STYLEREFS="FONT0"/>
            <SP HEIGHT="49" WIDTH="17" VPOS="1014" HPOS="354"/>
            <String HEIGHT="49" WIDTH="248" VPOS="1014" HPOS="305" CONTENT="fac-similes" ID="r1l30_4" STYLEREFS="FONT0"/>
            <SP HEIGHT="49" WIDTH="17" VPOS="1014" HPOS="552"/>
            <String HEIGHT="49" WIDTH="198" VPOS="1014" HPOS="503" CONTENT="suivants" ID="r1l30_5" STYLEREFS="FONT0"/>
            <SP HEIGHT="49" WIDTH="17" VPOS="1014" HPOS="701"/>
            <String HEIGHT="49" WIDTH="198" VPOS="1014" HPOS="651" CONTENT="exécutés" ID="r1l30_6" STYLEREFS="FONT0"/>
            <SP HEIGHT="49" WIDTH="17" VPOS="1014" HPOS="849"/>
            <String HEIGHT="49" WIDTH="99" VPOS="1014" HPOS="800" CONTENT="en" ID="r1l30_7" STYLEREFS="FONT0"/>
            <SP HEIGHT="49" WIDTH="17" VPOS="1014" HPOS="899"/>
            <String HEIGHT="49" WIDTH="264" VPOS="1014" HPOS="849" CONTENT="héliogravure" ID="r1l30_8" STYLEREFS="FONT0"/>
            <SP HEIGHT="49" WIDTH="17" VPOS="1014" HPOS="1113"/>
            <String HEIGHT="49" WIDTH="116" VPOS="1014" HPOS="1064" CONTENT="par" ID="r1l30_9" STYLEREFS="FONT0"/>
            <SP HEIGHT="49" WIDTH="17" VPOS="1014" HPOS="1179"/>
            <String HEIGHT="49" WIDTH="99" VPOS="1014" HPOS="1130" CONTENT="M." ID="r1l30_10" STYLEREFS="FONT0"/>
            <SP HEIGHT="49" WIDTH="17" VPOS="1014" HPOS="1229"/>
            <String HEIGHT="49" WIDTH="66" VPOS="1014" HPOS="1163" CONTENT="P." ID="r1l30_11" STYLEREFS="FONT0"/>
          </TextLine>
          <TextLine ID="r1l31" BASELINE="1095" HEIGHT="45" WIDTH="1184" VPOS="1050" HPOS="49">
            <String HEIGHT="45" WIDTH="208" VPOS="1050" HPOS="33" CONTENT="Dujardin:" ID="r1l31_1" STYLEREFS="FONT0"/>
            <SP HEIGHT="45" WIDTH="16" VPOS="1050" HPOS="241"/>
            <String HEIGHT="45" WIDTH="96" VPOS="1050" HPOS="193" CONTENT="1°" ID="r1l31_2" STYLEREFS="FONT0"/>
            <SP HEIGHT="45" WIDTH="16" VPOS="1050" HPOS="289"/>
            <String HEIGHT="45" WIDTH="160" VPOS="1050" HPOS="241" CONTENT="charte" ID="r1l31_3" STYLEREFS="FONT0"/>
            <SP HEIGHT="45" WIDTH="16" VPOS="1050" HPOS="401"/>
            <String HEIGHT="45" WIDTH="208" VPOS="1050" HPOS="353" CONTENT="d’Aliénor" ID="r1l31_4" STYLEREFS="FONT0"/>
            <SP HEIGHT="45" WIDTH="16" VPOS="1050" HPOS="561"/>
            <String HEIGHT="45" WIDTH="256" VPOS="1050" HPOS="513" CONTENT="d’Aquitaine;" ID="r1l31_5" STYLEREFS="FONT0"/>
            <SP HEIGHT="45" WIDTH="16" VPOS="1050" HPOS="769"/>
            <String HEIGHT="45" WIDTH="80" VPOS="1050" HPOS="721" CONTENT="—" ID="r1l31_6" STYLEREFS="FONT0"/>
            <SP HEIGHT="45" WIDTH="16" VPOS="1050" HPOS="801"/>
            <String HEIGHT="45" WIDTH="96" VPOS="1050" HPOS="753" CONTENT="2°" ID="r1l31_7" STYLEREFS="FONT0"/>
            <SP HEIGHT="45" WIDTH="16" VPOS="1050" HPOS="849"/>
            <String HEIGHT="45" WIDTH="160" VPOS="1050" HPOS="801" CONTENT="lettre" ID="r1l31_8" STYLEREFS="FONT0"/>
            <SP HEIGHT="45" WIDTH="16" VPOS="1050" HPOS="961"/>
            <String HEIGHT="45" WIDTH="96" VPOS="1050" HPOS="913" CONTENT="de" ID="r1l31_9" STYLEREFS="FONT0"/>
            <SP HEIGHT="45" WIDTH="16" VPOS="1050" HPOS="1009"/>
            <String HEIGHT="45" WIDTH="192" VPOS="1050" HPOS="961" CONTENT="Philippe" ID="r1l31_10" STYLEREFS="FONT0"/>
            <SP HEIGHT="45" WIDTH="16" VPOS="1050" HPOS="1153"/>
            <String HEIGHT="45" WIDTH="96" VPOS="1050" HPOS="1105" CONTENT="de" ID="r1l31_11" STYLEREFS="FONT0"/>
            <SP HEIGHT="45" WIDTH="16" VPOS="1050" HPOS="1201"/>
            <String HEIGHT="45" WIDTH="96" VPOS="1050" HPOS="1137" CONTENT="Com" ID="r1l31_12" STYLEREFS="FONT0"/>
          </TextLine>
          <TextLine ID="r1l32" BASELINE="1132" HEIGHT="35" WIDTH="49" VPOS="1097" HPOS="802">
            <String HEIGHT="35" WIDTH="147" VPOS="1097" HPOS="704" CONTENT="—" ID="r1l32_1" STYLEREFS="FONT0"/>
          </TextLine>
          <TextLine ID="r1l33" BASELINE="1140" HEIGHT="50" WIDTH="380" VPOS="1090" HPOS="854">
            <String HEIGHT="50" WIDTH="109" VPOS="1090" HPOS="836" CONTENT="4°" ID="r1l33_1" STYLEREFS="FONT0"/>
            <SP HEIGHT="50" WIDTH="18" VPOS="1090" HPOS="944"/>
            <String HEIGHT="50" WIDTH="163" VPOS="1090" HPOS="890" CONTENT="pièce" ID="r1l33_2" STYLEREFS="FONT0"/>
            <SP HEIGHT="50" WIDTH="18" VPOS="1090" HPOS="1053"/>
            <String HEIGHT="50" WIDTH="109" VPOS="1090" HPOS="999" CONTENT="de" ID="r1l33_3" STYLEREFS="FONT0"/>
            <SP HEIGHT="50" WIDTH="18" VPOS="1090" HPOS="1107"/>
            <String HEIGHT="50" WIDTH="163" VPOS="1090" HPOS="1053" CONTENT="Romme" ID="r1l33_4" STYLEREFS="FONT0"/>
            <SP HEIGHT="50" WIDTH="18" VPOS="1090" HPOS="1216"/>
            <String HEIGHT="50" WIDTH="90" VPOS="1090" HPOS="1144" CONTENT="sur" ID="r1l33_5" STYLEREFS="FONT0"/>
          </TextLine>
          <TextLine ID="r1l34" BASELINE="1135" HEIGHT="51" WIDTH="640" VPOS="1084" HPOS="167">
            <String HEIGHT="51" WIDTH="67" VPOS="1084" HPOS="150" CONTENT="" ID="r1l34_1" STYLEREFS="FONT0"/>
            <SP HEIGHT="51" WIDTH="17" VPOS="1084" HPOS="218"/>
            <String HEIGHT="51" WIDTH="84" VPOS="1084" HPOS="167" CONTENT="—" ID="r1l34_2" STYLEREFS="FONT0"/>
            <SP HEIGHT="51" WIDTH="17" VPOS="1084" HPOS="251"/>
            <String HEIGHT="51" WIDTH="101" VPOS="1084" HPOS="201" CONTENT="3°" ID="r1l34_3" STYLEREFS="FONT0"/>
            <SP HEIGHT="51" WIDTH="17" VPOS="1084" HPOS="302"/>
            <String HEIGHT="51" WIDTH="168" VPOS="1084" HPOS="251" CONTENT="lettre" ID="r1l34_4" STYLEREFS="FONT0"/>
            <SP HEIGHT="51" WIDTH="17" VPOS="1084" HPOS="420"/>
            <String HEIGHT="51" WIDTH="101" VPOS="1084" HPOS="369" CONTENT="du" ID="r1l34_5" STYLEREFS="FONT0"/>
            <SP HEIGHT="51" WIDTH="17" VPOS="1084" HPOS="470"/>
            <String HEIGHT="51" WIDTH="202" VPOS="1084" HPOS="420" CONTENT="cardinal" ID="r1l34_6" STYLEREFS="FONT0"/>
            <SP HEIGHT="51" WIDTH="17" VPOS="1084" HPOS="622"/>
            <String HEIGHT="51" WIDTH="101" VPOS="1084" HPOS="571" CONTENT="de" ID="r1l34_7" STYLEREFS="FONT0"/>
            <SP HEIGHT="51" WIDTH="17" VPOS="1084" HPOS="672"/>
            <String HEIGHT="51" WIDTH="202" VPOS="1084" HPOS="605" CONTENT="Richelieu;" ID="r1l34_8" STYLEREFS="FONT0"/>
          </TextLine>
          <TextLine ID="r1l35" BASELINE="1139" HEIGHT="45" WIDTH="120" VPOS="1094" HPOS="52">
            <String HEIGHT="45" WIDTH="160" VPOS="1094" HPOS="12" CONTENT="mynes;" ID="r1l35_1" STYLEREFS="FONT0"/>
          </TextLine>
          <TextLine ID="r1l36" BASELINE="1170" HEIGHT="46" WIDTH="32" VPOS="1124" HPOS="926">
            <String HEIGHT="46" WIDTH="64" VPOS="1124" HPOS="894" CONTENT="50" ID="r1l36_1" STYLEREFS="FONT0"/>
          </TextLine>
          <TextLine ID="r1l37" BASELINE="1171" HEIGHT="51" WIDTH="249" VPOS="1120" HPOS="980">
            <String HEIGHT="51" WIDTH="140" VPOS="1120" HPOS="964" CONTENT="ettre" ID="r1l37_1" STYLEREFS="FONT0"/>
            <SP HEIGHT="51" WIDTH="16" VPOS="1120" HPOS="1105"/>
            <String HEIGHT="51" WIDTH="93" VPOS="1120" HPOS="1058" CONTENT="de" ID="r1l37_2" STYLEREFS="FONT0"/>
            <SP HEIGHT="51" WIDTH="16" VPOS="1120" HPOS="1151"/>
            <String HEIGHT="51" WIDTH="140" VPOS="1120" HPOS="1089" CONTENT="Camille" ID="r1l37_3" STYLEREFS="FONT0"/>
          </TextLine>
          <TextLine ID="r1l38" BASELINE="1168" HEIGHT="45" WIDTH="812" VPOS="1123" HPOS="54">
            <String HEIGHT="45" WIDTH="162" VPOS="1123" HPOS="38" CONTENT="l’abbé" ID="r1l38_1" STYLEREFS="FONT0"/>
            <SP HEIGHT="45" WIDTH="16" VPOS="1123" HPOS="200"/>
            <String HEIGHT="45" WIDTH="179" VPOS="1123" HPOS="151" CONTENT="Sicard," ID="r1l38_2" STYLEREFS="FONT0"/>
            <SP HEIGHT="45" WIDTH="16" VPOS="1123" HPOS="330"/>
            <String HEIGHT="45" WIDTH="179" VPOS="1123" HPOS="281" CONTENT="arraché" ID="r1l38_3" STYLEREFS="FONT0"/>
            <SP HEIGHT="45" WIDTH="16" VPOS="1123" HPOS="460"/>
            <String HEIGHT="45" WIDTH="114" VPOS="1123" HPOS="411" CONTENT="aux" ID="r1l38_4" STYLEREFS="FONT0"/>
            <SP HEIGHT="45" WIDTH="16" VPOS="1123" HPOS="525"/>
            <String HEIGHT="45" WIDTH="211" VPOS="1123" HPOS="476" CONTENT="massacres" ID="r1l38_5" STYLEREFS="FONT0"/>
            <SP HEIGHT="45" WIDTH="16" VPOS="1123" HPOS="687"/>
            <String HEIGHT="45" WIDTH="97" VPOS="1123" HPOS="639" CONTENT="de" ID="r1l38_6" STYLEREFS="FONT0"/>
            <SP HEIGHT="45" WIDTH="16" VPOS="1123" HPOS="736"/>
            <String HEIGHT="45" WIDTH="195" VPOS="1123" HPOS="671" CONTENT="septembre;" ID="r1l38_7" STYLEREFS="FONT0"/>
          </TextLine>
          <TextLine ID="r1l39" BASELINE="1203" HEIGHT="44" WIDTH="267" VPOS="1159" HPOS="971">
            <String HEIGHT="44" WIDTH="107" VPOS="1159" HPOS="953" CONTENT="7°" ID="r1l39_1" STYLEREFS="FONT0"/>
            <SP HEIGHT="44" WIDTH="18" VPOS="1159" HPOS="1060"/>
            <String HEIGHT="44" WIDTH="214" VPOS="1159" HPOS="1007" CONTENT="document" ID="r1l39_2" STYLEREFS="FONT0"/>
            <SP HEIGHT="44" WIDTH="18" VPOS="1159" HPOS="1220"/>
            <String HEIGHT="44" WIDTH="89" VPOS="1159" HPOS="1149" CONTENT="sur" ID="r1l39_3" STYLEREFS="FONT0"/>
          </TextLine>
          <TextLine ID="r1l40" BASELINE="1203" HEIGHT="40" WIDTH="407" VPOS="1163" HPOS="506">
            <String HEIGHT="40" WIDTH="98" VPOS="1163" HPOS="490" CONTENT="6°" ID="r1l40_1" STYLEREFS="FONT0"/>
            <SP HEIGHT="40" WIDTH="16" VPOS="1163" HPOS="587"/>
            <String HEIGHT="40" WIDTH="163" VPOS="1163" HPOS="539" CONTENT="lettre" ID="r1l40_2" STYLEREFS="FONT0"/>
            <SP HEIGHT="40" WIDTH="16" VPOS="1163" HPOS="701"/>
            <String HEIGHT="40" WIDTH="98" VPOS="1163" HPOS="653" CONTENT="de" ID="r1l40_3" STYLEREFS="FONT0"/>
            <SP HEIGHT="40" WIDTH="16" VPOS="1163" HPOS="750"/>
            <String HEIGHT="40" WIDTH="228" VPOS="1163" HPOS="685" CONTENT="Robespierre;" ID="r1l40_4" STYLEREFS="FONT0"/>
          </TextLine>
          <TextLine ID="r1l41" BASELINE="1209" HEIGHT="37" WIDTH="49" VPOS="1172" HPOS="448">
            <String HEIGHT="37" WIDTH="147" VPOS="1172" HPOS="350" CONTENT="—" ID="r1l41_1" STYLEREFS="FONT0"/>
          </TextLine>
          <TextLine ID="r1l42" BASELINE="1211" HEIGHT="49" WIDTH="392" VPOS="1162" HPOS="55">
            <String HEIGHT="49" WIDTH="249" VPOS="1162" HPOS="37" CONTENT="Desmoulins" ID="r1l42_1" STYLEREFS="FONT0"/>
            <SP HEIGHT="49" WIDTH="18" VPOS="1162" HPOS="287"/>
            <String HEIGHT="49" WIDTH="89" VPOS="1162" HPOS="233" CONTENT="à" ID="r1l42_2" STYLEREFS="FONT0"/>
            <SP HEIGHT="49" WIDTH="18" VPOS="1162" HPOS="322"/>
            <String HEIGHT="49" WIDTH="107" VPOS="1162" HPOS="269" CONTENT="sa" ID="r1l42_3" STYLEREFS="FONT0"/>
            <SP HEIGHT="49" WIDTH="18" VPOS="1162" HPOS="376"/>
            <String HEIGHT="49" WIDTH="143" VPOS="1162" HPOS="304" CONTENT="femme;" ID="r1l42_4" STYLEREFS="FONT0"/>
          </TextLine>
          <TextLine ID="r1l43" BASELINE="1235" HEIGHT="32" WIDTH="40" VPOS="1203" HPOS="1182">
            <String HEIGHT="32" WIDTH="120" VPOS="1203" HPOS="1102" CONTENT="—" ID="r1l43_1" STYLEREFS="FONT0"/>
          </TextLine>
          <TextLine ID="r1l44" BASELINE="1242" HEIGHT="48" WIDTH="218" VPOS="1194" HPOS="963">
            <String HEIGHT="48" WIDTH="93" VPOS="1194" HPOS="947" CONTENT="de" ID="r1l44_1" STYLEREFS="FONT0"/>
            <SP HEIGHT="48" WIDTH="16" VPOS="1194" HPOS="1041"/>
            <String HEIGHT="48" WIDTH="202" VPOS="1194" HPOS="979" CONTENT="Saint" ID="r1l44_2" STYLEREFS="FONT0"/>
          </TextLine>
          <TextLine ID="r1l45" BASELINE="1242" HEIGHT="46" WIDTH="899" VPOS="1196" HPOS="51">
            <String HEIGHT="46" WIDTH="96" VPOS="1196" HPOS="35" CONTENT="la" ID="r1l45_1" STYLEREFS="FONT0"/>
            <SP HEIGHT="46" WIDTH="16" VPOS="1196" HPOS="131"/>
            <String HEIGHT="46" WIDTH="177" VPOS="1196" HPOS="83" CONTENT="journée" ID="r1l45_2" STYLEREFS="FONT0"/>
            <SP HEIGHT="46" WIDTH="16" VPOS="1196" HPOS="260"/>
            <String HEIGHT="46" WIDTH="96" VPOS="1196" HPOS="212" CONTENT="du" ID="r1l45_3" STYLEREFS="FONT0"/>
            <SP HEIGHT="46" WIDTH="16" VPOS="1196" HPOS="308"/>
            <String HEIGHT="46" WIDTH="80" VPOS="1196" HPOS="260" CONTENT="9" ID="r1l45_4" STYLEREFS="FONT0"/>
            <SP HEIGHT="46" WIDTH="16" VPOS="1196" HPOS="340"/>
            <String HEIGHT="46" WIDTH="225" VPOS="1196" HPOS="292" CONTENT="thermidor," ID="r1l45_5" STYLEREFS="FONT0"/>
            <SP HEIGHT="46" WIDTH="16" VPOS="1196" HPOS="517"/>
            <String HEIGHT="46" WIDTH="177" VPOS="1196" HPOS="468" CONTENT="portant" ID="r1l45_6" STYLEREFS="FONT0"/>
            <SP HEIGHT="46" WIDTH="16" VPOS="1196" HPOS="645"/>
            <String HEIGHT="46" WIDTH="96" VPOS="1196" HPOS="597" CONTENT="la" ID="r1l45_7" STYLEREFS="FONT0"/>
            <SP HEIGHT="46" WIDTH="16" VPOS="1196" HPOS="693"/>
            <String HEIGHT="46" WIDTH="193" VPOS="1196" HPOS="645" CONTENT="dernière" ID="r1l45_8" STYLEREFS="FONT0"/>
            <SP HEIGHT="46" WIDTH="16" VPOS="1196" HPOS="838"/>
            <String HEIGHT="46" WIDTH="177" VPOS="1196" HPOS="773" CONTENT="signature" ID="r1l45_9" STYLEREFS="FONT0"/>
          </TextLine>
          <TextLine ID="r1l46" BASELINE="1288" HEIGHT="55" WIDTH="434" VPOS="1233" HPOS="51">
            <String HEIGHT="55" WIDTH="96" VPOS="1233" HPOS="35" CONTENT="8°" ID="r1l46_1" STYLEREFS="FONT0"/>
            <SP HEIGHT="55" WIDTH="16" VPOS="1233" HPOS="131"/>
            <String HEIGHT="55" WIDTH="161" VPOS="1233" HPOS="83" CONTENT="lettre" ID="r1l46_2" STYLEREFS="FONT0"/>
            <SP HEIGHT="55" WIDTH="16" VPOS="1233" HPOS="244"/>
            <String HEIGHT="55" WIDTH="193" VPOS="1233" HPOS="196" CONTENT="d’Améric" ID="r1l46_3" STYLEREFS="FONT0"/>
            <SP HEIGHT="55" WIDTH="16" VPOS="1233" HPOS="389"/>
            <String HEIGHT="55" WIDTH="161" VPOS="1233" HPOS="324" CONTENT="Vespuce." ID="r1l46_4" STYLEREFS="FONT0"/>
          </TextLine>
          <TextLine ID="r1l47" BASELINE="1323" HEIGHT="58" WIDTH="242" VPOS="1265" HPOS="988">
            <String HEIGHT="58" WIDTH="194" VPOS="1265" HPOS="972" CONTENT="artistes" ID="r1l47_1" STYLEREFS="FONT0"/>
            <SP HEIGHT="58" WIDTH="16" VPOS="1265" HPOS="1165"/>
            <String HEIGHT="58" WIDTH="129" VPOS="1265" HPOS="1101" CONTENT="drama" SUBS_TYPE="HypPart1" SUBS_CONTENT="dramaLe" ID="r1l47_2" STYLEREFS="FONT0"/>
            <HYP CONTENT="-"/>
          </TextLine>
          <TextLine ID="r1l48" BASELINE="1328" HEIGHT="62" WIDTH="840" VPOS="1266" HPOS="90">
            <String HEIGHT="62" WIDTH="97" VPOS="1266" HPOS="74" CONTENT="Le" SUBS_TYPE="HypPart2" SUBS_CONTENT="dramaLe" ID="r1l48_1" STYLEREFS="FONT0"/>
            <SP HEIGHT="62" WIDTH="16" VPOS="1266" HPOS="171"/>
            <String HEIGHT="62" WIDTH="129" VPOS="1266" HPOS="122" CONTENT="tome" ID="r1l48_2" STYLEREFS="FONT0"/>
            <SP HEIGHT="62" WIDTH="16" VPOS="1266" HPOS="252"/>
            <String HEIGHT="62" WIDTH="97" VPOS="1266" HPOS="203" CONTENT="II" ID="r1l48_3" STYLEREFS="FONT0"/>
            <SP HEIGHT="62" WIDTH="16" VPOS="1266" HPOS="300"/>
            <String HEIGHT="62" WIDTH="194" VPOS="1266" HPOS="252" CONTENT="comprend" ID="r1l48_4" STYLEREFS="FONT0"/>
            <SP HEIGHT="62" WIDTH="16" VPOS="1266" HPOS="445"/>
            <String HEIGHT="62" WIDTH="113" VPOS="1266" HPOS="397" CONTENT="les" ID="r1l48_5" STYLEREFS="FONT0"/>
            <SP HEIGHT="62" WIDTH="16" VPOS="1266" HPOS="510"/>
            <String HEIGHT="62" WIDTH="162" VPOS="1266" HPOS="462" CONTENT="séries" ID="r1l48_6" STYLEREFS="FONT0"/>
            <SP HEIGHT="62" WIDTH="16" VPOS="1266" HPOS="623"/>
            <String HEIGHT="62" WIDTH="226" VPOS="1266" HPOS="575" CONTENT="suivantes:" ID="r1l48_7" STYLEREFS="FONT0"/>
            <SP HEIGHT="62" WIDTH="16" VPOS="1266" HPOS="801"/>
            <String HEIGHT="62" WIDTH="194" VPOS="1266" HPOS="736" CONTENT="Écrivains;" ID="r1l48_8" STYLEREFS="FONT0"/>
          </TextLine>
          <TextLine ID="r1l49" BASELINE="1363" HEIGHT="52" WIDTH="261" VPOS="1311" HPOS="976">
            <String HEIGHT="52" WIDTH="215" VPOS="1311" HPOS="961" CONTENT="musiciens." ID="r1l49_1" STYLEREFS="FONT0"/>
            <SP HEIGHT="52" WIDTH="15" VPOS="1311" HPOS="1176"/>
            <String HEIGHT="52" WIDTH="92" VPOS="1311" HPOS="1130" CONTENT="Il" ID="r1l49_2" STYLEREFS="FONT0"/>
            <SP HEIGHT="52" WIDTH="15" VPOS="1311" HPOS="1222"/>
            <String HEIGHT="52" WIDTH="77" VPOS="1311" HPOS="1160" CONTENT="est" ID="r1l49_3" STYLEREFS="FONT0"/>
          </TextLine>
          <TextLine ID="r1l50" BASELINE="1367" HEIGHT="48" WIDTH="691" VPOS="1319" HPOS="227">
            <String HEIGHT="48" WIDTH="240" VPOS="1319" HPOS="212" CONTENT="architectes," ID="r1l50_1" STYLEREFS="FONT0"/>
            <SP HEIGHT="48" WIDTH="15" VPOS="1319" HPOS="452"/>
            <String HEIGHT="48" WIDTH="225" VPOS="1319" HPOS="407" CONTENT="sculpteurs," ID="r1l50_2" STYLEREFS="FONT0"/>
            <SP HEIGHT="48" WIDTH="15" VPOS="1319" HPOS="633"/>
            <String HEIGHT="48" WIDTH="180" VPOS="1319" HPOS="588" CONTENT="peintres" ID="r1l50_3" STYLEREFS="FONT0"/>
            <SP HEIGHT="48" WIDTH="15" VPOS="1319" HPOS="768"/>
            <String HEIGHT="48" WIDTH="90" VPOS="1319" HPOS="723" CONTENT="et" ID="r1l50_4" STYLEREFS="FONT0"/>
            <SP HEIGHT="48" WIDTH="15" VPOS="1319" HPOS="813"/>
            <String HEIGHT="48" WIDTH="165" VPOS="1319" HPOS="753" CONTENT="graveurs;" ID="r1l50_5" STYLEREFS="FONT0"/>
          </TextLine>
          <TextLine ID="r1l51" BASELINE="1366" HEIGHT="55" WIDTH="113" VPOS="1311" HPOS="51">
            <String HEIGHT="55" WIDTH="145" VPOS="1311" HPOS="19" CONTENT="tiques;" ID="r1l51_1" STYLEREFS="FONT0"/>
          </TextLine>
          <TextLine ID="r1l52" BASELINE="1394" HEIGHT="42" WIDTH="262" VPOS="1352" HPOS="977">
            <String HEIGHT="42" WIDTH="123" VPOS="1352" HPOS="962" CONTENT="dans" ID="r1l52_1" STYLEREFS="FONT0"/>
            <SP HEIGHT="42" WIDTH="15" VPOS="1352" HPOS="1085"/>
            <String HEIGHT="42" WIDTH="92" VPOS="1352" HPOS="1039" CONTENT="le" ID="r1l52_2" STYLEREFS="FONT0"/>
            <SP HEIGHT="42" WIDTH="15" VPOS="1352" HPOS="1131"/>
            <String HEIGHT="42" WIDTH="154" VPOS="1352" HPOS="1085" CONTENT="texte," ID="r1l52_3" STYLEREFS="FONT0"/>
            <SP HEIGHT="42" WIDTH="15" VPOS="1352" HPOS="1239"/>
            <String HEIGHT="42" WIDTH="62" VPOS="1352" HPOS="1177" CONTENT="et" ID="r1l52_4" STYLEREFS="FONT0"/>
          </TextLine>
          <TextLine ID="r1l53" BASELINE="1399" HEIGHT="51" WIDTH="921" VPOS="1348" HPOS="55">
            <String HEIGHT="51" WIDTH="151" VPOS="1348" HPOS="38" CONTENT="orné," ID="r1l53_1" STYLEREFS="FONT0"/>
            <SP HEIGHT="51" WIDTH="17" VPOS="1348" HPOS="189"/>
            <String HEIGHT="51" WIDTH="151" VPOS="1348" HPOS="139" CONTENT="comme" ID="r1l53_2" STYLEREFS="FONT0"/>
            <SP HEIGHT="51" WIDTH="17" VPOS="1348" HPOS="289"/>
            <String HEIGHT="51" WIDTH="100" VPOS="1348" HPOS="239" CONTENT="le" ID="r1l53_3" STYLEREFS="FONT0"/>
            <SP HEIGHT="51" WIDTH="17" VPOS="1348" HPOS="340"/>
            <String HEIGHT="51" WIDTH="134" VPOS="1348" HPOS="289" CONTENT="tome" ID="r1l53_4" STYLEREFS="FONT0"/>
            <SP HEIGHT="51" WIDTH="17" VPOS="1348" HPOS="423"/>
            <String HEIGHT="51" WIDTH="100" VPOS="1348" HPOS="373" CONTENT="I," ID="r1l53_5" STYLEREFS="FONT0"/>
            <SP HEIGHT="51" WIDTH="17" VPOS="1348" HPOS="474"/>
            <String HEIGHT="51" WIDTH="134" VPOS="1348" HPOS="423" CONTENT="d’un" ID="r1l53_6" STYLEREFS="FONT0"/>
            <SP HEIGHT="51" WIDTH="17" VPOS="1348" HPOS="557"/>
            <String HEIGHT="51" WIDTH="151" VPOS="1348" HPOS="507" CONTENT="grand" ID="r1l53_7" STYLEREFS="FONT0"/>
            <SP HEIGHT="51" WIDTH="17" VPOS="1348" HPOS="658"/>
            <String HEIGHT="51" WIDTH="167" VPOS="1348" HPOS="608" CONTENT="nombre" ID="r1l53_8" STYLEREFS="FONT0"/>
            <SP HEIGHT="51" WIDTH="17" VPOS="1348" HPOS="775"/>
            <String HEIGHT="51" WIDTH="100" VPOS="1348" HPOS="725" CONTENT="de" ID="r1l53_9" STYLEREFS="FONT0"/>
            <SP HEIGHT="51" WIDTH="17" VPOS="1348" HPOS="825"/>
            <String HEIGHT="51" WIDTH="218" VPOS="1348" HPOS="758" CONTENT="fac" ID="r1l53_10" STYLEREFS="FONT0"/>
          </TextLine>
          <TextLine ID="r1l54" BASELINE="1434" HEIGHT="50" WIDTH="251" VPOS="1384" HPOS="979">
            <String HEIGHT="50" WIDTH="94" VPOS="1384" HPOS="963" CONTENT="2°" ID="r1l54_1" STYLEREFS="FONT0"/>
            <SP HEIGHT="50" WIDTH="16" VPOS="1384" HPOS="1057"/>
            <String HEIGHT="50" WIDTH="141" VPOS="1384" HPOS="1010" CONTENT="Pièce" ID="r1l54_2" STYLEREFS="FONT0"/>
            <SP HEIGHT="50" WIDTH="16" VPOS="1384" HPOS="1152"/>
            <String HEIGHT="50" WIDTH="94" VPOS="1384" HPOS="1105" CONTENT="de" ID="r1l54_3" STYLEREFS="FONT0"/>
            <SP HEIGHT="50" WIDTH="16" VPOS="1384" HPOS="1199"/>
            <String HEIGHT="50" WIDTH="94" VPOS="1384" HPOS="1136" CONTENT="Jean" ID="r1l54_4" STYLEREFS="FONT0"/>
          </TextLine>
          <TextLine ID="r1l55" BASELINE="1432" HEIGHT="45" WIDTH="854" VPOS="1387" HPOS="63">
            <String HEIGHT="45" WIDTH="97" VPOS="1387" HPOS="47" CONTENT="de" ID="r1l55_1" STYLEREFS="FONT0"/>
            <SP HEIGHT="45" WIDTH="16" VPOS="1387" HPOS="144"/>
            <String HEIGHT="45" WIDTH="145" VPOS="1387" HPOS="95" CONTENT="douze" ID="r1l55_2" STYLEREFS="FONT0"/>
            <SP HEIGHT="45" WIDTH="16" VPOS="1387" HPOS="240"/>
            <String HEIGHT="45" WIDTH="290" VPOS="1387" HPOS="192" CONTENT="héliogravures:" ID="r1l55_3" STYLEREFS="FONT0"/>
            <SP HEIGHT="45" WIDTH="16" VPOS="1387" HPOS="482"/>
            <String HEIGHT="45" WIDTH="97" VPOS="1387" HPOS="434" CONTENT="1°" ID="r1l55_4" STYLEREFS="FONT0"/>
            <SP HEIGHT="45" WIDTH="16" VPOS="1387" HPOS="530"/>
            <String HEIGHT="45" WIDTH="161" VPOS="1387" HPOS="482" CONTENT="lettre" ID="r1l55_5" STYLEREFS="FONT0"/>
            <SP HEIGHT="45" WIDTH="16" VPOS="1387" HPOS="643"/>
            <String HEIGHT="45" WIDTH="97" VPOS="1387" HPOS="595" CONTENT="de" ID="r1l55_6" STYLEREFS="FONT0"/>
            <SP HEIGHT="45" WIDTH="16" VPOS="1387" HPOS="691"/>
            <String HEIGHT="45" WIDTH="193" VPOS="1387" HPOS="643" CONTENT="Rabelais" ID="r1l55_7" STYLEREFS="FONT0"/>
            <SP HEIGHT="45" WIDTH="16" VPOS="1387" HPOS="836"/>
            <String HEIGHT="45" WIDTH="81" VPOS="1387" HPOS="788" CONTENT="à" ID="r1l55_8" STYLEREFS="FONT0"/>
            <SP HEIGHT="45" WIDTH="16" VPOS="1387" HPOS="869"/>
            <String HEIGHT="45" WIDTH="113" VPOS="1387" HPOS="804" CONTENT="Budé;" ID="r1l55_9" STYLEREFS="FONT0"/>
          </TextLine>
          <TextLine ID="r1l56" BASELINE="1461" HEIGHT="29" WIDTH="36" VPOS="1432" HPOS="1009">
            <String HEIGHT="29" WIDTH="108" VPOS="1432" HPOS="937" CONTENT="—" ID="r1l56_1" STYLEREFS="FONT0"/>
          </TextLine>
          <TextLine ID="r1l57" BASELINE="1465" HEIGHT="44" WIDTH="193" VPOS="1421" HPOS="1046">
            <String HEIGHT="44" WIDTH="97" VPOS="1421" HPOS="1030" CONTENT="5°" ID="r1l57_1" STYLEREFS="FONT0"/>
            <SP HEIGHT="44" WIDTH="16" VPOS="1421" HPOS="1126"/>
            <String HEIGHT="44" WIDTH="161" VPOS="1421" HPOS="1078" CONTENT="lettre" ID="r1l57_2" STYLEREFS="FONT0"/>
            <SP HEIGHT="44" WIDTH="16" VPOS="1421" HPOS="1239"/>
            <String HEIGHT="44" WIDTH="64" VPOS="1421" HPOS="1175" CONTENT="de" ID="r1l57_3" STYLEREFS="FONT0"/>
          </TextLine>
          <TextLine ID="r1l58" BASELINE="1469" HEIGHT="50" WIDTH="941" VPOS="1419" HPOS="60">
            <String HEIGHT="50" WIDTH="162" VPOS="1419" HPOS="44" CONTENT="Juste;" ID="r1l58_1" STYLEREFS="FONT0"/>
            <SP HEIGHT="50" WIDTH="16" VPOS="1419" HPOS="206"/>
            <String HEIGHT="50" WIDTH="81" VPOS="1419" HPOS="157" CONTENT="—" ID="r1l58_2" STYLEREFS="FONT0"/>
            <SP HEIGHT="50" WIDTH="16" VPOS="1419" HPOS="238"/>
            <String HEIGHT="50" WIDTH="97" VPOS="1419" HPOS="190" CONTENT="3°" ID="r1l58_3" STYLEREFS="FONT0"/>
            <SP HEIGHT="50" WIDTH="16" VPOS="1419" HPOS="287"/>
            <String HEIGHT="50" WIDTH="162" VPOS="1419" HPOS="238" CONTENT="lettre" ID="r1l58_4" STYLEREFS="FONT0"/>
            <SP HEIGHT="50" WIDTH="16" VPOS="1419" HPOS="401"/>
            <String HEIGHT="50" WIDTH="97" VPOS="1419" HPOS="352" CONTENT="du" ID="r1l58_5" STYLEREFS="FONT0"/>
            <SP HEIGHT="50" WIDTH="16" VPOS="1419" HPOS="449"/>
            <String HEIGHT="50" WIDTH="195" VPOS="1419" HPOS="401" CONTENT="Pérugin;" ID="r1l58_6" STYLEREFS="FONT0"/>
            <SP HEIGHT="50" WIDTH="16" VPOS="1419" HPOS="595"/>
            <String HEIGHT="50" WIDTH="81" VPOS="1419" HPOS="547" CONTENT="—" ID="r1l58_7" STYLEREFS="FONT0"/>
            <SP HEIGHT="50" WIDTH="16" VPOS="1419" HPOS="628"/>
            <String HEIGHT="50" WIDTH="97" VPOS="1419" HPOS="579" CONTENT="4°" ID="r1l58_8" STYLEREFS="FONT0"/>
            <SP HEIGHT="50" WIDTH="16" VPOS="1419" HPOS="677"/>
            <String HEIGHT="50" WIDTH="162" VPOS="1419" HPOS="628" CONTENT="lettre" ID="r1l58_9" STYLEREFS="FONT0"/>
            <SP HEIGHT="50" WIDTH="16" VPOS="1419" HPOS="790"/>
            <String HEIGHT="50" WIDTH="97" VPOS="1419" HPOS="741" CONTENT="de" ID="r1l58_10" STYLEREFS="FONT0"/>
            <SP HEIGHT="50" WIDTH="16" VPOS="1419" HPOS="839"/>
            <String HEIGHT="50" WIDTH="227" VPOS="1419" HPOS="774" CONTENT="Michel" ID="r1l58_11" STYLEREFS="FONT0"/>
          </TextLine>
          <TextLine ID="r1l59" BASELINE="1505" HEIGHT="43" WIDTH="961" VPOS="1462" HPOS="275">
            <String HEIGHT="43" WIDTH="79" VPOS="1462" HPOS="259" CONTENT="—" ID="r1l59_1" STYLEREFS="FONT0"/>
            <SP HEIGHT="43" WIDTH="16" VPOS="1462" HPOS="338"/>
            <String HEIGHT="43" WIDTH="95" VPOS="1462" HPOS="291" CONTENT="6°" ID="r1l59_2" STYLEREFS="FONT0"/>
            <SP HEIGHT="43" WIDTH="16" VPOS="1462" HPOS="385"/>
            <String HEIGHT="43" WIDTH="158" VPOS="1462" HPOS="338" CONTENT="lettre" ID="r1l59_3" STYLEREFS="FONT0"/>
            <SP HEIGHT="43" WIDTH="16" VPOS="1462" HPOS="496"/>
            <String HEIGHT="43" WIDTH="95" VPOS="1462" HPOS="448" CONTENT="du" ID="r1l59_4" STYLEREFS="FONT0"/>
            <SP HEIGHT="43" WIDTH="16" VPOS="1462" HPOS="543"/>
            <String HEIGHT="43" WIDTH="173" VPOS="1462" HPOS="496" CONTENT="Titien;" ID="r1l59_5" STYLEREFS="FONT0"/>
            <SP HEIGHT="43" WIDTH="16" VPOS="1462" HPOS="669"/>
            <String HEIGHT="43" WIDTH="79" VPOS="1462" HPOS="622" CONTENT="—" ID="r1l59_6" STYLEREFS="FONT0"/>
            <SP HEIGHT="43" WIDTH="16" VPOS="1462" HPOS="700"/>
            <String HEIGHT="43" WIDTH="95" VPOS="1462" HPOS="653" CONTENT="7°" ID="r1l59_7" STYLEREFS="FONT0"/>
            <SP HEIGHT="43" WIDTH="16" VPOS="1462" HPOS="748"/>
            <String HEIGHT="43" WIDTH="205" VPOS="1462" HPOS="700" CONTENT="quittance" ID="r1l59_8" STYLEREFS="FONT0"/>
            <SP HEIGHT="43" WIDTH="16" VPOS="1462" HPOS="905"/>
            <String HEIGHT="43" WIDTH="95" VPOS="1462" HPOS="858" CONTENT="de" ID="r1l59_9" STYLEREFS="FONT0"/>
            <SP HEIGHT="43" WIDTH="16" VPOS="1462" HPOS="952"/>
            <String HEIGHT="43" WIDTH="189" VPOS="1462" HPOS="905" CONTENT="Raphaël;" ID="r1l59_10" STYLEREFS="FONT0"/>
            <SP HEIGHT="43" WIDTH="16" VPOS="1462" HPOS="1094"/>
            <String HEIGHT="43" WIDTH="79" VPOS="1462" HPOS="1047" CONTENT="—" ID="r1l59_11" STYLEREFS="FONT0"/>
            <SP HEIGHT="43" WIDTH="16" VPOS="1462" HPOS="1126"/>
            <String HEIGHT="43" WIDTH="95" VPOS="1462" HPOS="1078" CONTENT="8°" ID="r1l59_12" STYLEREFS="FONT0"/>
            <SP HEIGHT="43" WIDTH="16" VPOS="1462" HPOS="1173"/>
            <String HEIGHT="43" WIDTH="126" VPOS="1462" HPOS="1110" CONTENT="lettre" ID="r1l59_13" STYLEREFS="FONT0"/>
          </TextLine>
          <TextLine ID="r1l60" BASELINE="1510" HEIGHT="50" WIDTH="221" VPOS="1460" HPOS="53">
            <String HEIGHT="50" WIDTH="258" VPOS="1460" HPOS="16" CONTENT="Michel" ID="r1l60_1" STYLEREFS="FONT0"/>
          </TextLine>
          <TextLine ID="r1l61" BASELINE="1537" HEIGHT="29" WIDTH="55" VPOS="1508" HPOS="872">
            <String HEIGHT="29" WIDTH="165" VPOS="1508" HPOS="762" CONTENT="—" ID="r1l61_1" STYLEREFS="FONT0"/>
          </TextLine>
          <TextLine ID="r1l62" BASELINE="1545" HEIGHT="55" WIDTH="294" VPOS="1490" HPOS="938">
            <String HEIGHT="55" WIDTH="114" VPOS="1490" HPOS="922" CONTENT="10°" ID="r1l62_1" STYLEREFS="FONT0"/>
            <SP HEIGHT="55" WIDTH="16" VPOS="1490" HPOS="1036"/>
            <String HEIGHT="55" WIDTH="163" VPOS="1490" HPOS="987" CONTENT="lettre" ID="r1l62_2" STYLEREFS="FONT0"/>
            <SP HEIGHT="55" WIDTH="16" VPOS="1490" HPOS="1150"/>
            <String HEIGHT="55" WIDTH="98" VPOS="1490" HPOS="1101" CONTENT="de" ID="r1l62_3" STYLEREFS="FONT0"/>
            <SP HEIGHT="55" WIDTH="16" VPOS="1490" HPOS="1199"/>
            <String HEIGHT="55" WIDTH="98" VPOS="1490" HPOS="1134" CONTENT="Rem" SUBS_TYPE="HypPart1" SUBS_CONTENT="Remde" ID="r1l62_4" STYLEREFS="FONT0"/>
            <HYP CONTENT="-"/>
          </TextLine>
          <TextLine ID="r1l63" BASELINE="1546" HEIGHT="47" WIDTH="815" VPOS="1499" HPOS="54">
            <String HEIGHT="47" WIDTH="98" VPOS="1499" HPOS="38" CONTENT="de" SUBS_TYPE="HypPart2" SUBS_CONTENT="Remde" ID="r1l63_1" STYLEREFS="FONT0"/>
            <SP HEIGHT="47" WIDTH="16" VPOS="1499" HPOS="135"/>
            <String HEIGHT="47" WIDTH="147" VPOS="1499" HPOS="87" CONTENT="Jules" ID="r1l63_2" STYLEREFS="FONT0"/>
            <SP HEIGHT="47" WIDTH="16" VPOS="1499" HPOS="233"/>
            <String HEIGHT="47" WIDTH="179" VPOS="1499" HPOS="184" CONTENT="Romain;" ID="r1l63_3" STYLEREFS="FONT0"/>
            <SP HEIGHT="47" WIDTH="16" VPOS="1499" HPOS="364"/>
            <String HEIGHT="47" WIDTH="82" VPOS="1499" HPOS="315" CONTENT="—" ID="r1l63_4" STYLEREFS="FONT0"/>
            <SP HEIGHT="47" WIDTH="16" VPOS="1499" HPOS="396"/>
            <String HEIGHT="47" WIDTH="98" VPOS="1499" HPOS="347" CONTENT="9°" ID="r1l63_5" STYLEREFS="FONT0"/>
            <SP HEIGHT="47" WIDTH="16" VPOS="1499" HPOS="445"/>
            <String HEIGHT="47" WIDTH="163" VPOS="1499" HPOS="396" CONTENT="lettre" ID="r1l63_6" STYLEREFS="FONT0"/>
            <SP HEIGHT="47" WIDTH="16" VPOS="1499" HPOS="559"/>
            <String HEIGHT="47" WIDTH="98" VPOS="1499" HPOS="510" CONTENT="de" ID="r1l63_7" STYLEREFS="FONT0"/>
            <SP HEIGHT="47" WIDTH="16" VPOS="1499" HPOS="608"/>
            <String HEIGHT="47" WIDTH="212" VPOS="1499" HPOS="559" CONTENT="Benvenuto" ID="r1l63_8" STYLEREFS="FONT0"/>
            <SP HEIGHT="47" WIDTH="16" VPOS="1499" HPOS="771"/>
            <String HEIGHT="47" WIDTH="163" VPOS="1499" HPOS="706" CONTENT="Cellini;" ID="r1l63_9" STYLEREFS="FONT0"/>
          </TextLine>
          <TextLine ID="r1l64" BASELINE="1585" HEIGHT="60" WIDTH="892" VPOS="1525" HPOS="53">
            <String HEIGHT="60" WIDTH="182" VPOS="1525" HPOS="36" CONTENT="brandt;" ID="r1l64_1" STYLEREFS="FONT0"/>
            <SP HEIGHT="60" WIDTH="17" VPOS="1525" HPOS="218"/>
            <String HEIGHT="60" WIDTH="83" VPOS="1525" HPOS="169" CONTENT="—" ID="r1l64_2" STYLEREFS="FONT0"/>
            <SP HEIGHT="60" WIDTH="17" VPOS="1525" HPOS="251"/>
            <String HEIGHT="60" WIDTH="116" VPOS="1525" HPOS="202" CONTENT="11°" ID="r1l64_3" STYLEREFS="FONT0"/>
            <SP HEIGHT="60" WIDTH="17" VPOS="1525" HPOS="317"/>
            <String HEIGHT="60" WIDTH="165" VPOS="1525" HPOS="268" CONTENT="lettre" ID="r1l64_4" STYLEREFS="FONT0"/>
            <SP HEIGHT="60" WIDTH="17" VPOS="1525" HPOS="433"/>
            <String HEIGHT="60" WIDTH="99" VPOS="1525" HPOS="383" CONTENT="de" ID="r1l64_5" STYLEREFS="FONT0"/>
            <SP HEIGHT="60" WIDTH="17" VPOS="1525" HPOS="482"/>
            <String HEIGHT="60" WIDTH="182" VPOS="1525" HPOS="433" CONTENT="Rameau;" ID="r1l64_6" STYLEREFS="FONT0"/>
            <SP HEIGHT="60" WIDTH="17" VPOS="1525" HPOS="615"/>
            <String HEIGHT="60" WIDTH="83" VPOS="1525" HPOS="565" CONTENT="—" ID="r1l64_7" STYLEREFS="FONT0"/>
            <SP HEIGHT="60" WIDTH="17" VPOS="1525" HPOS="648"/>
            <String HEIGHT="60" WIDTH="116" VPOS="1525" HPOS="598" CONTENT="12°" ID="r1l64_8" STYLEREFS="FONT0"/>
            <SP HEIGHT="60" WIDTH="17" VPOS="1525" HPOS="714"/>
            <String HEIGHT="60" WIDTH="165" VPOS="1525" HPOS="664" CONTENT="lettre" ID="r1l64_9" STYLEREFS="FONT0"/>
            <SP HEIGHT="60" WIDTH="17" VPOS="1525" HPOS="829"/>
            <String HEIGHT="60" WIDTH="99" VPOS="1525" HPOS="780" CONTENT="de" ID="r1l64_10" STYLEREFS="FONT0"/>
            <SP HEIGHT="60" WIDTH="17" VPOS="1525" HPOS="879"/>
            <String HEIGHT="60" WIDTH="132" VPOS="1525" HPOS="813" CONTENT="Gluck." ID="r1l64_11" STYLEREFS="FONT0"/>
          </TextLine>
          <TextLine ID="r1l65" BASELINE="1625" HEIGHT="69" WIDTH="1145" VPOS="1556" HPOS="86">
            <String HEIGHT="69" WIDTH="93" VPOS="1556" HPOS="71" CONTENT="Le" ID="r1l65_1" STYLEREFS="FONT0"/>
            <SP HEIGHT="69" WIDTH="15" VPOS="1556" HPOS="163"/>
            <String HEIGHT="69" WIDTH="124" VPOS="1556" HPOS="117" CONTENT="tome" ID="r1l65_2" STYLEREFS="FONT0"/>
            <SP HEIGHT="69" WIDTH="15" VPOS="1556" HPOS="241"/>
            <String HEIGHT="69" WIDTH="124" VPOS="1556" HPOS="194" CONTENT="III," ID="r1l65_3" STYLEREFS="FONT0"/>
            <SP HEIGHT="69" WIDTH="15" VPOS="1556" HPOS="318"/>
            <String HEIGHT="69" WIDTH="108" VPOS="1556" HPOS="272" CONTENT="qui" ID="r1l65_4" STYLEREFS="FONT0"/>
            <SP HEIGHT="69" WIDTH="15" VPOS="1556" HPOS="380"/>
            <String HEIGHT="69" WIDTH="217" VPOS="1556" HPOS="334" CONTENT="complètera" ID="r1l65_5" STYLEREFS="FONT0"/>
            <SP HEIGHT="69" WIDTH="15" VPOS="1556" HPOS="550"/>
            <String HEIGHT="69" WIDTH="108" VPOS="1556" HPOS="504" CONTENT="cet" ID="r1l65_6" STYLEREFS="FONT0"/>
            <SP HEIGHT="69" WIDTH="15" VPOS="1556" HPOS="612"/>
            <String HEIGHT="69" WIDTH="186" VPOS="1556" HPOS="566" CONTENT="ouvrage," ID="r1l65_7" STYLEREFS="FONT0"/>
            <SP HEIGHT="69" WIDTH="15" VPOS="1556" HPOS="751"/>
            <String HEIGHT="69" WIDTH="186" VPOS="1556" HPOS="705" CONTENT="paraîtra" ID="r1l65_8" STYLEREFS="FONT0"/>
            <SP HEIGHT="69" WIDTH="15" VPOS="1556" HPOS="891"/>
            <String HEIGHT="69" WIDTH="124" VPOS="1556" HPOS="844" CONTENT="dans" ID="r1l65_9" STYLEREFS="FONT0"/>
            <SP HEIGHT="69" WIDTH="15" VPOS="1556" HPOS="968"/>
            <String HEIGHT="69" WIDTH="93" VPOS="1556" HPOS="922" CONTENT="le" ID="r1l65_10" STYLEREFS="FONT0"/>
            <SP HEIGHT="69" WIDTH="15" VPOS="1556" HPOS="1014"/>
            <String HEIGHT="69" WIDTH="170" VPOS="1556" HPOS="968" CONTENT="courant" ID="r1l65_11" STYLEREFS="FONT0"/>
            <SP HEIGHT="69" WIDTH="15" VPOS="1556" HPOS="1138"/>
            <String HEIGHT="69" WIDTH="93" VPOS="1556" HPOS="1092" CONTENT="de" ID="r1l65_12" STYLEREFS="FONT0"/>
            <SP HEIGHT="69" WIDTH="15" VPOS="1556" HPOS="1185"/>
            <String HEIGHT="69" WIDTH="108" VPOS="1556" HPOS="1123" CONTENT="l’an" ID="r1l65_13" STYLEREFS="FONT0"/>
          </TextLine>
          <TextLine ID="r1l66" BASELINE="1660" HEIGHT="47" WIDTH="108" VPOS="1613" HPOS="1124">
            <String HEIGHT="47" WIDTH="144" VPOS="1613" HPOS="1088" CONTENT="réfor" ID="r1l66_1" STYLEREFS="FONT0"/>
          </TextLine>
          <TextLine ID="r1l67" BASELINE="1658" HEIGHT="46" WIDTH="56" VPOS="1612" HPOS="1072">
            <String HEIGHT="46" WIDTH="168" VPOS="1612" HPOS="960" CONTENT="—" ID="r1l67_1" STYLEREFS="FONT0"/>
          </TextLine>
          <TextLine ID="r1l68" BASELINE="1664" HEIGHT="53" WIDTH="1021" VPOS="1611" HPOS="56">
            <String HEIGHT="53" WIDTH="112" VPOS="1611" HPOS="40" CONTENT="née" ID="r1l68_1" STYLEREFS="FONT0"/>
            <SP HEIGHT="53" WIDTH="16" VPOS="1611" HPOS="152"/>
            <String HEIGHT="53" WIDTH="144" VPOS="1611" HPOS="104" CONTENT="1880;" ID="r1l68_2" STYLEREFS="FONT0"/>
            <SP HEIGHT="53" WIDTH="16" VPOS="1611" HPOS="247"/>
            <String HEIGHT="53" WIDTH="96" VPOS="1611" HPOS="200" CONTENT="il" ID="r1l68_3" STYLEREFS="FONT0"/>
            <SP HEIGHT="53" WIDTH="16" VPOS="1611" HPOS="295"/>
            <String HEIGHT="53" WIDTH="223" VPOS="1611" HPOS="247" CONTENT="contiendra" ID="r1l68_4" STYLEREFS="FONT0"/>
            <SP HEIGHT="53" WIDTH="16" VPOS="1611" HPOS="471"/>
            <String HEIGHT="53" WIDTH="112" VPOS="1611" HPOS="423" CONTENT="les" ID="r1l68_5" STYLEREFS="FONT0"/>
            <SP HEIGHT="53" WIDTH="16" VPOS="1611" HPOS="535"/>
            <String HEIGHT="53" WIDTH="160" VPOS="1611" HPOS="487" CONTENT="séries" ID="r1l68_6" STYLEREFS="FONT0"/>
            <SP HEIGHT="53" WIDTH="16" VPOS="1611" HPOS="646"/>
            <String HEIGHT="53" WIDTH="223" VPOS="1611" HPOS="598" CONTENT="suivantes:" ID="r1l68_7" STYLEREFS="FONT0"/>
            <SP HEIGHT="53" WIDTH="16" VPOS="1611" HPOS="822"/>
            <String HEIGHT="53" WIDTH="160" VPOS="1611" HPOS="774" CONTENT="Clergé" ID="r1l68_8" STYLEREFS="FONT0"/>
            <SP HEIGHT="53" WIDTH="16" VPOS="1611" HPOS="933"/>
            <String HEIGHT="53" WIDTH="207" VPOS="1611" HPOS="870" CONTENT="catholique;" ID="r1l68_9" STYLEREFS="FONT0"/>
          </TextLine>
          <TextLine ID="r1l69" BASELINE="1701" HEIGHT="46" WIDTH="64" VPOS="1655" HPOS="878">
            <String HEIGHT="46" WIDTH="192" VPOS="1655" HPOS="750" CONTENT="—" ID="r1l69_1" STYLEREFS="FONT0"/>
          </TextLine>
          <TextLine ID="r1l70" BASELINE="1692" HEIGHT="34" WIDTH="61" VPOS="1658" HPOS="525">
            <String HEIGHT="34" WIDTH="183" VPOS="1658" HPOS="403" CONTENT="—" ID="r1l70_1" STYLEREFS="FONT0"/>
          </TextLine>
          <TextLine ID="r1l71" BASELINE="1708" HEIGHT="63" WIDTH="283" VPOS="1645" HPOS="944">
            <String HEIGHT="63" WIDTH="166" VPOS="1645" HPOS="927" CONTENT="Vendée" ID="r1l71_1" STYLEREFS="FONT0"/>
            <SP HEIGHT="63" WIDTH="17" VPOS="1645" HPOS="1094"/>
            <String HEIGHT="63" WIDTH="100" VPOS="1645" HPOS="1044" CONTENT="et" ID="r1l71_2" STYLEREFS="FONT0"/>
            <SP HEIGHT="63" WIDTH="17" VPOS="1645" HPOS="1144"/>
            <String HEIGHT="63" WIDTH="150" VPOS="1645" HPOS="1077" CONTENT="contre" SUBS_TYPE="HypPart1" SUBS_CONTENT="contrehommes" ID="r1l71_3" STYLEREFS="FONT0"/>
            <HYP CONTENT="-"/>
          </TextLine>
          <TextLine ID="r1l72" BASELINE="1702" HEIGHT="52" WIDTH="306" VPOS="1650" HPOS="580">
            <String HEIGHT="52" WIDTH="180" VPOS="1650" HPOS="562" CONTENT="hommes" SUBS_TYPE="HypPart2" SUBS_CONTENT="contrehommes" ID="r1l72_1" STYLEREFS="FONT0"/>
            <SP HEIGHT="52" WIDTH="18" VPOS="1650" HPOS="742"/>
            <String HEIGHT="52" WIDTH="108" VPOS="1650" HPOS="688" CONTENT="de" ID="r1l72_2" STYLEREFS="FONT0"/>
            <SP HEIGHT="52" WIDTH="18" VPOS="1650" HPOS="796"/>
            <String HEIGHT="52" WIDTH="162" VPOS="1650" HPOS="724" CONTENT="guerre;" ID="r1l72_3" STYLEREFS="FONT0"/>
          </TextLine>
          <TextLine ID="r1l73" BASELINE="1694" HEIGHT="33" WIDTH="469" VPOS="1661" HPOS="58">
            <String HEIGHT="33" WIDTH="172" VPOS="1661" HPOS="42" CONTENT="mateurs" ID="r1l73_1" STYLEREFS="FONT0"/>
            <SP HEIGHT="33" WIDTH="16" VPOS="1661" HPOS="214"/>
            <String HEIGHT="33" WIDTH="94" VPOS="1661" HPOS="167" CONTENT="et" ID="r1l73_2" STYLEREFS="FONT0"/>
            <SP HEIGHT="33" WIDTH="16" VPOS="1661" HPOS="261"/>
            <String HEIGHT="33" WIDTH="188" VPOS="1661" HPOS="214" CONTENT="réformés" ID="r1l73_3" STYLEREFS="FONT0"/>
            <SP HEIGHT="33" WIDTH="16" VPOS="1661" HPOS="402"/>
            <String HEIGHT="33" WIDTH="188" VPOS="1661" HPOS="339" CONTENT="illustres;" ID="r1l73_4" STYLEREFS="FONT0"/>
          </TextLine>
          <TextLine ID="r1l74" BASELINE="1734" HEIGHT="35" WIDTH="60" VPOS="1699" HPOS="318">
            <String HEIGHT="35" WIDTH="120" VPOS="1699" HPOS="288" CONTENT="" ID="r1l74_1" STYLEREFS="FONT0"/>
            <SP HEIGHT="35" WIDTH="30" VPOS="1699" HPOS="408"/>
            <String HEIGHT="35" WIDTH="90" VPOS="1699" HPOS="288" CONTENT="—" ID="r1l74_2" STYLEREFS="FONT0"/>
          </TextLine>
          <TextLine ID="r1l75" BASELINE="1746" HEIGHT="69" WIDTH="311" VPOS="1677" HPOS="378">
            <String HEIGHT="69" WIDTH="218" VPOS="1677" HPOS="362" CONTENT="célébrités" ID="r1l75_1" STYLEREFS="FONT0"/>
            <SP HEIGHT="69" WIDTH="16" VPOS="1677" HPOS="580"/>
            <String HEIGHT="69" WIDTH="171" VPOS="1677" HPOS="518" CONTENT="diverses." ID="r1l75_2" STYLEREFS="FONT0"/>
          </TextLine>
          <TextLine ID="r1l76" BASELINE="1741" HEIGHT="49" WIDTH="270" VPOS="1692" HPOS="55">
            <String HEIGHT="49" WIDTH="302" VPOS="1692" HPOS="23" CONTENT="révolutionnaires;" ID="r1l76_1" STYLEREFS="FONT0"/>
          </TextLine>
          <TextLine ID="r1l77" BASELINE="1901" HEIGHT="77" WIDTH="971" VPOS="1824" HPOS="160">
            <String HEIGHT="77" WIDTH="178" VPOS="1824" HPOS="140" CONTENT="VIENT" ID="r1l77_1" STYLEREFS="FONT0"/>
            <SP HEIGHT="77" WIDTH="20" VPOS="1824" HPOS="319"/>
            <String HEIGHT="77" WIDTH="119" VPOS="1824" HPOS="259" CONTENT="DE" ID="r1l77_2" STYLEREFS="FONT0"/>
            <SP HEIGHT="77" WIDTH="20" VPOS="1824" HPOS="378"/>
            <String HEIGHT="77" WIDTH="238" VPOS="1824" HPOS="319" CONTENT="PARAITRE" ID="r1l77_3" STYLEREFS="FONT0"/>
            <SP HEIGHT="77" WIDTH="20" VPOS="1824" HPOS="556"/>
            <String HEIGHT="77" WIDTH="99" VPOS="1824" HPOS="497" CONTENT="A" ID="r1l77_4" STYLEREFS="FONT0"/>
            <SP HEIGHT="77" WIDTH="20" VPOS="1824" HPOS="596"/>
            <String HEIGHT="77" WIDTH="119" VPOS="1824" HPOS="537" CONTENT="LA" ID="r1l77_5" STYLEREFS="FONT0"/>
            <SP HEIGHT="77" WIDTH="20" VPOS="1824" HPOS="655"/>
            <String HEIGHT="77" WIDTH="258" VPOS="1824" HPOS="596" CONTENT="LIBRAIRIE" ID="r1l77_6" STYLEREFS="FONT0"/>
            <SP HEIGHT="77" WIDTH="20" VPOS="1824" HPOS="854"/>
            <String HEIGHT="77" WIDTH="238" VPOS="1824" HPOS="794" CONTENT="CHARAVAY" ID="r1l77_7" STYLEREFS="FONT0"/>
            <SP HEIGHT="77" WIDTH="20" VPOS="1824" HPOS="1032"/>
            <String HEIGHT="77" WIDTH="178" VPOS="1824" HPOS="953" CONTENT="FRÈRES:" ID="r1l77_8" STYLEREFS="FONT0"/>
          </TextLine>
          <TextLine ID="r1l78" BASELINE="1992" HEIGHT="61" WIDTH="1182" VPOS="1931" HPOS="54">
            <String HEIGHT="61" WIDTH="322" VPOS="1931" HPOS="33" CONTENT="Légendes" ID="r1l78_1" STYLEREFS="FONT1"/>
            <SP HEIGHT="61" WIDTH="21" VPOS="1931" HPOS="355"/>
            <String HEIGHT="61" WIDTH="129" VPOS="1931" HPOS="290" CONTENT="de" ID="r1l78_2" STYLEREFS="FONT1"/>
            <SP HEIGHT="61" WIDTH="21" VPOS="1931" HPOS="419"/>
            <String HEIGHT="61" WIDTH="430" VPOS="1931" HPOS="355" CONTENT="Fontainebleau," ID="r1l78_3" STYLEREFS="FONT1"/>
            <SP HEIGHT="61" WIDTH="21" VPOS="1931" HPOS="785"/>
            <String HEIGHT="61" WIDTH="150" VPOS="1931" HPOS="720" CONTENT="par" ID="r1l78_4" STYLEREFS="FONT0"/>
            <SP HEIGHT="61" WIDTH="21" VPOS="1931" HPOS="871"/>
            <String HEIGHT="61" WIDTH="150" VPOS="1931" HPOS="806" CONTENT="Mme" ID="r1l78_5" STYLEREFS="FONT0"/>
            <SP HEIGHT="61" WIDTH="21" VPOS="1931" HPOS="957"/>
            <String HEIGHT="61" WIDTH="193" VPOS="1931" HPOS="892" CONTENT="J.-O." ID="r1l78_6" STYLEREFS="FONT0"/>
            <SP HEIGHT="61" WIDTH="21" VPOS="1931" HPOS="1086"/>
            <String HEIGHT="61" WIDTH="236" VPOS="1931" HPOS="1000" CONTENT="Lavergne," ID="r1l78_7" STYLEREFS="FONT0"/>
          </TextLine>
          <TextLine ID="r1l79" BASELINE="2024" HEIGHT="55" WIDTH="94" VPOS="1969" HPOS="1133">
            <String HEIGHT="55" WIDTH="118" VPOS="1969" HPOS="1110" CONTENT="3" ID="r1l79_1" STYLEREFS="FONT0"/>
            <SP HEIGHT="55" WIDTH="24" VPOS="1969" HPOS="1227"/>
            <String HEIGHT="55" WIDTH="94" VPOS="1969" HPOS="1133" CONTENT="50" ID="r1l79_2" STYLEREFS="FONT0"/>
          </TextLine>
          <TextLine ID="r1l80" BASELINE="2042" HEIGHT="68" WIDTH="606" VPOS="1974" HPOS="96">
            <String HEIGHT="68" WIDTH="95" VPOS="1974" HPOS="77" CONTENT="1" ID="r1l80_1" STYLEREFS="FONT0"/>
            <SP HEIGHT="68" WIDTH="19" VPOS="1974" HPOS="172"/>
            <String HEIGHT="68" WIDTH="152" VPOS="1974" HPOS="115" CONTENT="vol." ID="r1l80_2" STYLEREFS="FONT0"/>
            <SP HEIGHT="68" WIDTH="19" VPOS="1974" HPOS="266"/>
            <String HEIGHT="68" WIDTH="170" VPOS="1974" HPOS="210" CONTENT="in-18" ID="r1l80_3" STYLEREFS="FONT0"/>
            <SP HEIGHT="68" WIDTH="19" VPOS="1974" HPOS="380"/>
            <String HEIGHT="68" WIDTH="170" VPOS="1974" HPOS="323" CONTENT="jésus" ID="r1l80_4" STYLEREFS="FONT0"/>
            <SP HEIGHT="68" WIDTH="19" VPOS="1974" HPOS="494"/>
            <String HEIGHT="68" WIDTH="114" VPOS="1974" HPOS="437" CONTENT="de" ID="r1l80_5" STYLEREFS="FONT0"/>
            <SP HEIGHT="68" WIDTH="19" VPOS="1974" HPOS="551"/>
            <String HEIGHT="68" WIDTH="133" VPOS="1974" HPOS="494" CONTENT="300" ID="r1l80_6" STYLEREFS="FONT0"/>
            <SP HEIGHT="68" WIDTH="19" VPOS="1974" HPOS="626"/>
            <String HEIGHT="68" WIDTH="152" VPOS="1974" HPOS="551" CONTENT="pages." ID="r1l80_7" STYLEREFS="FONT0"/>
          </TextLine>
        </TextBlock>
      </PrintSpace>
    </Page>
  </Layout>
</alto>
