1687 2832
780 27 253 94 418
888 27 109 94 —

191 108 228 90 Chimay.
357 108 125 90 L.
420 108 166 90 aut.
523 108 187 90 sig.:
648 108 332 90 princesse
918 108 125 90 de
980 108 311 90 Chimay
1229 108 104 90 à
1271 108 125 90 M.
1333 108 125 90 le
1395 108 187 90 comte
1499 108 83 90 de

187 183 245 55 Vérac.
359 183 221 55 Jeudi
506 183 245 55 matin.
678 183 196 55 Deux
801 183 221 55 tiers
948 183 147 55 de
1022 183 196 55 page
1144 183 221 55 in-4.
1292 183 270 55 Cachet.
1488 183 123 55 4
1512 183 74 55 »

148 223 193 84 5060.
277 223 366 84 Terray
578 223 280 84 (l’abbé),
793 223 194 84 homme
922 223 237 84 d’État.
1094 223 129 84 L.
1158 223 172 84 aut.
1266 223 194 84 sig.,
1395 223 108 84 à
1438 223 129 84 M.
1481 223 108 84 Des

193 279 274 65 Aulnois.
399 279 228 65 Paris,
559 279 137 65 10
627 279 251 65 février
810 279 206 65 1776.
947 279 114 65 1
992 279 137 65 p.
1061 279 206 65 in-4.
1198 279 183 65 Joli
1312 279 251 65 Cachet.
1495 279 114 65 5
1518 279 69 65 »

147 321 194 79 5061.
277 321 409 79 Toulouse
621 321 560 79 (Marie-Victoire-Sophie
1117 321 129 79 de
1182 321 280 79 Noailles,
1376 321 215 79 comtesse

195 390 174 55 de).
304 390 130 55 L.
369 390 130 55 a.
434 390 152 55 s.,
521 390 108 55 à
564 390 152 55 Son
651 390 325 55 Eminence...
911 390 347 55 Rambouillet,
1193 390 108 55 4
1237 390 304 55 juillet...
1476 390 108 55 2
1497 390 87 55 p.

197 431 152 69 pl.
284 431 196 69 in-4.
415 431 239 69 (Rognée
589 431 109 69 à
632 431 130 69 la
697 431 196 69 marge
828 431 304 69 intérieure
1067 431 239 69 jusqu’à
1241 431 130 69 la
1306 431 261 69 lettre.)
1502 431 109 69 7
1524 431 65 69 »

245 480 171 81 Elle
351 480 213 81 espère
501 480 149 81 que
586 480 128 81 la
650 480 171 81 mort
757 480 128 81 du
821 480 149 81 roi
906 480 341 81 d’Angleterre
1184 480 128 81 ne
1248 480 320 81 l'empêchera
1482 480 107 81 pas

198 529 293 76 longtemps
424 529 135 76 de
492 529 203 76 venir
627 529 113 76 à
649 529 361 76 Rambouillet...

151 562 183 86 5062.
273 562 366 86 Trublet
577 562 264 86 (l’abbé),
780 562 325 86 littérateur,
1045 562 203 86 membre
1187 562 122 86 de
1248 562 284 86 l’Académie
1451 562 142 86 fran

202 630 204 64 çaise.
344 630 122 64 L.
405 630 163 64 aut.
507 630 183 64 sig.,
629 630 122 64 au
691 630 122 64 R.
752 630 122 64 F.
813 630 265 64 Jacquier.
1017 630 204 64 Paris,
1159 630 102 64 2
1200 630 224 64 juillet
1363 630 183 64 1844.
1485 630 102 64 3
1506 630 81 64 p.

124 682 687 61 pl.
516 682 883 61 in-4.
1105 682 588 61 40
1301 682 294 61 »

251 714 201 78 Lettre
391 714 321 78 intéressante
652 714 141 78 sur
733 714 241 78 diverses
913 714 261 78 affaires.
1114 714 120 78 Il
1174 714 100 78 y
1215 714 141 78 est
1295 714 181 78 ainsi
1395 714 201 78 question

197 780 145 55 de
269 780 362 55 d’Alembert:
559 780 169 55 «Il
655 780 121 55 y
703 780 121 55 a
752 780 265 55 quelque
945 780 217 55 temps
1089 780 169 55 que
1186 780 145 55 je
1258 780 217 55 dinai
1403 780 193 55 avec
1500 780 96 55 ce

201 810 229 69 «grand
361 810 344 69 philosophe,
636 810 298 69 physicien
865 810 137 69 et
934 810 298 69 géomêtre,
1163 810 183 69 chez
1277 810 137 69 H.
1346 810 137 69 de
1392 810 206 69 Mauper-

204 871 215 62 «tuis,
354 871 129 62 et
418 871 172 62 tout
526 871 322 62 philosophe,
783 871 172 62 tout
891 871 279 62 physicien
1105 871 129 62 et
1170 871 172 62 tout
1277 871 258 62 géomêtre
1449 871 150 62 qu’il

204 921 203 75 «est,
340 921 135 75 il
407 921 248 75 m’amusa
587 921 338 75 infiniment.
858 921 203 75 Cette
993 921 248 75 réunion
1173 921 135 75 de
1241 921 248 75 talens,
1398 921 203 75 surtout

204 967 212 72 «dans
346 967 165 72 une
440 967 141 72 si
510 967 235 72 grande
675 967 306 72 jeunesse,
910 967 165 72 est
1005 967 141 72 un
1052 967 235 72 prodigé»

157 997 194 91 5063.
287 997 430 91 Vaucanson
652 997 237 91 célèbre
824 997 323 91 mécanicien.
1083 997 129 91 L.
1147 997 172 91 aut.
1255 997 194 91 sig.,
1384 997 108 91 à
1427 997 151 91 MM.
1491 997 108 91 les

205 1073 221 55 frères
360 1073 221 55 Jubié,
514 1073 111 55 à
559 1073 133 55 la
625 1073 221 55 Sonne,
780 1073 177 55 près
890 1073 133 55 de
957 1073 420 55 Saint-Marcelin,
1311 1073 133 55 en
1355 1073 243 55 Dauphiné.

209 1115 217 60 Paris,
361 1115 130 60 le
426 1115 130 60 31
491 1115 239 60 janvier
665 1115 195 60 1777.
795 1115 108 60 2
839 1115 130 60 p.
904 1115 152 60 pl.
990 1115 195 60 in-4.
1121 1115 217 60 Cachet
1273 1115 130 60 en
1338 1115 174 60 cire
1424 1115 174 60 rouge.

207 1171 106 57 A
249 1171 191 57 cette
376 1171 191 57 belle
503 1171 127 57 et
567 1171 169 57 rare
673 1171 212 57 lettre
821 1171 127 57 se
884 1171 212 57 trouve
1032 1171 212 57 jointe
1181 1171 148 57 une
1265 1171 169 57 note
1350 1171 254 57 manuscrite

206 1221 127 64 (1
269 1221 127 64 p.
333 1221 212 64 in-4),
481 1221 191 64 datée
609 1221 127 64 du
672 1221 127 64 18
736 1221 233 64 février
905 1221 191 64 1777,
1033 1221 191 64 ayant
1160 1221 127 64 en
1223 1221 170 64 tête
1329 1221 106 64 :
1372 1221 106 64 «
1393 1221 212 64 Observa-

209 1265 222 79 «tions
364 1265 133 79 de
431 1265 133 79 M.
497 1265 222 79 Jubié,
653 1265 266 79 envoyées
852 1265 111 79 à
897 1265 133 79 M.
963 1265 333 79 l’intendant
1230 1265 111 79 à
1274 1265 133 79 la
1341 1265 200 79 suite
1474 1265 133 79 de
1518 1265 89 79 la

200 1315 320 52 «copie
424 1315 192 52 de
520 1315 192 52 la
615 1315 320 52 lettre
839 1315 192 52 de
935 1315 192 52 M.
1031 1315 447 52 Vaucanson.
1382 1315 160 52 »
1446 1315 192 52 70
1510 1315 96 52 »

261 1340 129 76 Il
325 1340 171 76 sera
432 1340 129 76 on
496 1340 129 76 ne
560 1340 171 76 peut
668 1340 171 76 plus
775 1340 214 76 flatté
925 1340 321 76 d’apprendre
1182 1340 129 76 de
1246 1340 150 76 lui
1332 1340 150 76 que
1417 1340 150 76 ses
1481 1340 129 76 mou-

215 1402 162 60 lins
316 1402 142 60 ont
397 1402 121 60 eu
458 1402 162 60 dans
559 1402 142 60 ses
640 1402 182 60 mains
761 1402 121 60 et
822 1402 162 60 dans
923 1402 121 60 le
984 1402 182 60 local
1105 1402 182 60 qu’il
1227 1402 162 60 leur
1328 1402 243 60 prépare,
1490 1402 121 60 toat

212 1455 137 62 le
281 1455 229 62 succès
441 1455 206 62 qu’il
578 1455 252 62 désire.
761 1455 137 62 Il
830 1455 114 62 a
875 1455 274 62 combattu
1081 1455 297 62 fortement
1310 1455 297 62 l’opinion
1516 1455 91 62 de

212 1507 136 53 M.
280 1507 339 53 l’intendant
551 1507 113 53 à
596 1507 158 53 cet
687 1507 226 53 égard,
845 1507 203 53 ainsi
980 1507 181 53 qu’à
1093 1507 248 53 l’égard
1274 1507 136 53 de
1342 1507 248 53 Romans.
1500 1507 113 53 «Je

213 1551 308 58 «souhaite
451 1551 166 58 que
545 1551 285 58 l’examen
759 1551 214 58 qu’il
901 1551 119 58 a
949 1551 190 58 fait
1067 1551 142 58 de
1139 1551 166 58 cet
1233 1551 214 58 objet
1376 1551 190 58 soit
1471 1551 142 58 plus

212 1609 271 70 «éclairé
416 1609 158 70 que
506 1609 136 70 le
574 1609 203 70 mien;
709 1609 316 70 j’avouerai
958 1609 181 70 avec
1071 1609 203 70 grand
1206 1609 248 70 plaisir
1387 1609 158 70 que
1477 1609 113 70 j
1500 1609 113 70 au-

217 1653 164 55 «rai
320 1653 123 55 eu
382 1653 185 55 tort,
505 1653 123 55 si
567 1653 144 55 les
649 1653 164 55 deux
751 1653 370 55 établissements
1059 1653 185 55 qu’il
1183 1653 103 55 a
1224 1653 185 55 voulu
1347 1653 205 55 faire,
1470 1653 144 55 pros-

216 1706 275 49 «duisent
423 1706 161 49 des
514 1706 298 49 organsins
744 1706 321 49 semblables
996 1706 115 49 à
1042 1706 184 49 ceux
1157 1706 161 49 que
1249 1706 138 49 la
1318 1706 275 49 première
1501 1706 115 49 fa-

217 1749 253 70 «brique
401 1749 115 70 a
447 1749 230 70 donnée
607 1749 115 70 à
653 1749 345 70 Aubenas...»
929 1749 390 70 Établissement
1251 1749 253 70 projeté
1434 1749 184 70 pour
1526 1749 92 70 la

217 1796 288 60 Touraine.
438 1796 354 60 Explications
726 1796 155 60 sur
814 1796 265 60 d’autres
1013 1796 332 60 mécanismes,
1256 1796 133 60 etc.

173 1826 170 86 5064
279 1826 405 86 Villeroy
620 1826 256 86 (Charles
812 1826 128 86 de
876 1826 298 86 Neufuille,
1110 1826 234 86 marquis
1280 1826 170 86 de),
1365 1826 256 86 gouverneur

220 1889 135 65 du
288 1889 293 65 Lyonnais;
514 1889 248 65 négocia
694 1889 113 65 à
740 1889 181 65 Rome
852 1889 135 65 le
920 1889 248 65 mariage
1101 1889 135 65 de
1169 1889 203 65 Henri
1304 1889 135 65 IV
1372 1889 181 65 avec
1462 1889 158 65 Marie

222 1938 131 66 de
288 1938 263 66 Médicis.
485 1938 131 66 L.
551 1938 175 66 aut.
660 1938 197 66 sig.,
792 1938 110 66 à
835 1938 131 66 M.
901 1938 131 66 de
967 1938 285 66 Valançay,
1186 1938 307 66 gouverneur
1427 1938 131 66 de
1471 1938 153 66 Hônt-

221 1993 276 71 pellier.
428 1993 207 71 Lyon,
566 1993 115 71 6
611 1993 184 71 mai.
726 1993 115 71 1
772 1993 138 71 p.
841 1993 161 71 pl.
933 1993 253 71 in-fol.
1117 1993 253 71 Cachets
1300 1993 138 71 et
1369 1993 230 71 soies.
1530 1993 115 71 9
1553 1993 69 71 »

256 2187 571 133 ISOGRAPHIE
726 2187 235 133 DES
861 2187 336 133 HOMMES
1062 2187 470 133 CÉLÈBRES

227 2309 160 81 Ayant
334 2309 178 81 acquis
458 2309 124 81 les
529 2309 320 81 défets
795 2309 107 81 ou
849 2309 195 81 parties
991 2309 231 81 restantes
1168 2309 124 81 des
1239 2309 195 81 volumes
1381 2309 249 81 incomplets
1559 2309 71 81 de

190 2373 330 58 l'Isographie
468 2373 122 58 des
537 2373 174 58 hommes
659 2373 278 58 célèbres
885 2373 261 58 (Collection
1094 2373 104 58 de
1146 2373 243 58 fac-simile
1337 2373 104 58 de
1390 2373 191 58 lettres
1511 2373 122 58 auto-

185 2419 215 54 graphes
342 2419 117 54 et
401 2419 117 54 de
459 2419 274 54 signatures
674 2419 156 54 dont
772 2419 137 54 les
851 2419 254 54 originaux
1046 2419 117 54 se
1105 2419 235 54 trouvent
1281 2419 98 54 à
1320 2419 117 54 la
1359 2419 274 54 Bibliothèque

186 2462 270 50 Impériale,
398 2462 135 50 aux
475 2462 232 50 Archives
649 2462 116 50 de
707 2462 251 50 l’Empire,
900 2462 96 50 à
938 2462 193 50 celles
1073 2462 135 50 des
1151 2462 270 50 différents
1363 2462 270 50 ministères
1556 2462 77 50 du

189 2506 285 55 département
417 2506 114 55 de
474 2506 114 55 la
531 2506 190 55 Seine,
664 2506 114 55 et
721 2506 152 55 dans
816 2506 133 55 les
892 2506 285 55 collections
1120 2506 342 55 particulières;
1405 2506 209 55 publiée
1538 2506 95 55 par

186 2553 137 47 MM.
265 2553 215 47 Bérard,
421 2553 215 47 marquis
578 2553 117 47 de
637 2553 333 47 Châteaugiron,
911 2553 235 47 Duchesne
1087 2553 176 47 ainé,
1204 2553 313 47 conservateur
1459 2553 98 47 à
1498 2553 117 47 la
1537 2553 98 47 Bi-

190 2588 270 50 bliothèque
402 2588 270 50 Impériale,
614 2588 231 50 Trémisot
788 2588 116 50 et
845 2588 251 50 Berthier.
1038 2588 193 50 Paris,
1173 2588 174 50 1840.
1289 2588 96 50 4
1327 2588 154 50 vol.
1424 2588 193 50 in-4).
1540 2588 96 50 Lés

189 2633 200 51 lettres,
339 2633 100 51 ou
389 2633 233 51 fac-simile
572 2633 183 51 séparés
705 2633 133 51 sont
788 2633 166 51 vendus
905 2633 100 51 au
955 2633 133 51 prix
1038 2633 100 51 de
1088 2633 283 51 vingt-cinq
1321 2633 266 51 centimès
1521 2633 116 51 (voir

191 2680 152 52 pour
286 2680 114 52 le
343 2680 190 52 détail
476 2680 114 52 de
533 2680 152 52 ceux
629 2680 228 52 restant,
800 2680 171 52 notre
914 2680 247 52 catalogue
1104 2680 114 52 de
1161 2680 209 52 lettres
1314 2680 304 52 autographes,
1542 2680 95 52 ma-

192 2722 231 75 nuscrits,
370 2722 160 75 etc.,
477 2722 142 75 avec
566 2722 160 75 prix,
672 2722 124 75 nos
743 2722 107 75 14
797 2722 107 75 et
832 2722 107 75 15.)
