1290 2093
576 10 83 59 —
610 10 83 59 6
626 10 50 59 —

171 71 162 49 27825.
284 71 194 49 COMMYNES
429 71 210 49 (Philippe
591 71 129 49 de),
672 71 97 49 le
720 71 145 49 grand
817 71 210 49 historien
979 71 97 49 de
1027 71 145 49 Louis
1108 71 81 49 XI.

169 119 107 55 L.
223 119 125 55 s.,
294 119 125 55 sur
365 119 178 55 vélin,
489 119 107 55 au
543 119 214 55 receveur
703 119 107 55 de
756 119 107 55 la
810 119 160 55 terre
917 119 107 55 de
970 119 107 55 La
1005 119 214 55 Motte-

165 168 148 56 pey;
258 168 93 56 8
295 168 204 56 février
444 168 167 56 1477,
555 168 93 56 1
592 168 111 56 p.
647 168 204 56 in-fol.
796 168 204 56 oblong.
944 168 111 56 Un
1000 168 130 56 peu
1055 168 167 56 jaunie.

1096 203 158 47 40
1148 203 79 47 »

176 223 152 72 27826.
282 223 152 72 DAUDET
389 223 228 72 (Alphonse),
571 223 182 72 l’auteur
708 223 91 72 de
754 223 213 72 Fromont
921 223 137 72 jeune
1012 223 91 72 et
1043 223 182 72 Risler

275 281 157 58 ainé
403 281 49 58 —
422 281 59 58 L.
452 281 59 58 a.
481 281 69 58 s.,
520 281 69 58 1/2
560 281 59 58 p.
589 281 88 58 in-8.
648 281 49 58 2
658 281 29 58 »

173 318 148 68 27827.
277 318 192 68 DELAVIGNE
425 318 207 68 (Casimir).
587 318 74 68 —
617 318 89 68 L.
661 318 89 68 a.
705 318 103 68 s.;
765 318 133 68 1838,
853 318 74 68 1
883 318 89 68 p.
927 318 133 68 in-8.
1016 318 74 68 3
1031 318 44 68 »

530 370 102 53 27828.
601 370 113 53 DELISLE
683 370 61 53 DE
714 370 102 53 SALES.
786 370 51 53 —
806 370 61 53 L.
837 370 61 53 a.
868 370 72 53 s.,
909 370 82 53 avec
960 370 61 53 un
991 370 174 53 post-scriptum
1124 370 41 53 de

194 413 82 49 9
226 413 163 49 lignes
340 413 130 49 aut.
422 413 130 49 sig.
503 413 98 49 de
552 413 98 49 sa
601 413 147 49 femme
699 413 277 49 Assomption
927 413 98 49 de
976 413 228 49 Badia
1139 413 49 49 à

169 455 306 52 Monseigneur...;
426 455 96 52 23
474 455 129 52 mars
555 455 145 52 1815,
651 455 80 52 1
683 455 96 52 p.
732 455 113 52 1/2
796 455 177 52 in-fol.
925 455 80 52 6
941 455 48 52 »

208 496 153 45 Superbe
319 496 139 45 lettre
416 496 97 45 sur
472 496 83 45 le
513 496 139 45 netour
611 496 83 45 en
652 496 139 45 France
749 496 83 45 du
791 496 180 45 ministre.
930 496 125 45 «J’en
1013 496 111 45 jure
1082 496 97 45 par
1124 496 97 45 votrc

170 517 158 55 courage:
289 517 106 55 vous
355 517 172 55 réparerés
487 517 92 55 les
539 517 132 55 ruines
632 517 79 55 de
671 517 198 55 l’Institut;
830 517 106 55 vous
896 517 92 55 lui
949 517 145 55 rendrés
1054 517 92 55 ses
1094 517 132 55 classes,

172 557 102 47 ses
231 557 160 47 membros
347 557 102 47 que
405 557 87 47 le
449 557 160 47 caprice
565 557 73 47 a
580 557 160 47 décimés.»

182 591 86 60 27829.
243 591 77 60 DORAT
294 591 129 60 (Cl.-Jos.),
398 591 103 60 l’auteur
475 591 60 60 des
510 591 164 60 Baisers
647 591 43 60 —
665 591 86 60 Billet
725 591 43 60 à
742 591 77 60 ordre
794 591 52 60 a.
811 591 43 60 s.;

169 634 155 62 Paris,
277 634 139 62 1777,
370 634 108 62 1/2
432 634 93 62 p.
478 634 124 62 in-8
555 634 170 62 oblong.
679 634 77 62 6
695 634 46 62 »

182 681 91 45 27830.
246 681 128 45 FENOUILLOT
347 681 55 45 DE
374 681 110 45 FALBAIRE
456 681 119 45 (Ch.-S.),
548 681 110 45 l’auteur
630 681 55 45 de
648 681 165 45 l'Honnête

165 722 344 44 criminel
457 722 86 44 —
492 722 103 44 L.
543 722 103 44 a.
595 722 103 44 s.
646 722 120 44 aux
715 722 189 44 membres
853 722 103 44 du
904 722 258 44 Directoire;
1094 722 120 44 Paris

172 771 87 47 28
215 771 173 47 pluviose
345 771 87 47 an
388 771 101 47 VI,
446 771 72 47 3
474 771 87 47 p.
518 771 159 47 in-fol.
633 771 87 47 10
662 771 43 47 »

205 806 92 43 Lettre
269 806 65 43 des
306 806 74 43 plus
352 806 120 43 curieuses
445 806 55 43 où
472 806 55 43 il
500 806 55 43 se
528 806 92 43 plaint
592 806 65 43 que
629 806 55 43 La
657 806 157 43 Chabeaussière
786 806 55 43 se
805 806 55 43 soit

183 833 120 42 approprié
275 833 65 42 les
312 833 83 42 idées
368 833 65 42 que
405 833 74 42 lui,
451 833 129 42 Fenouillot
552 833 55 42 de
580 833 111 42 Falbaire
663 833 83 42 avait
719 833 111 42 exposées
802 833 74 42 dans
839 833 46 42 son

182 873 97 43 Plan
253 873 177 43 d’administration
403 873 53 43 et
430 873 88 43 projet
491 873 53 43 de
518 873 141 43 règlement
633 873 124 43 général
730 873 71 43 pour
774 873 71 43 tous
809 873 80 43 les

184 906 130 35 théâtres
289 906 52 35 de
315 906 130 35 France
419 906 52 35 Il
445 906 104 35 rappelle
523 906 61 35 ses
558 906 104 35 ouvrages
636 906 52 35 et
662 906 61 35 ses
697 906 104 35 services
775 906 52 35 et
793 906 78 35 demande

185 938 74 52 une
228 938 96 52 place
292 938 85 52 dans
345 938 64 52 la
376 938 138 52 prochaine
483 938 191 52 administration
642 938 127 52 générale
737 938 74 52 des
769 938 117 52 théâtres.

182 967 94 46 27831.
247 967 132 46 FONTENETTE
351 967 104 46 (Fevret
426 967 75 46 de),
473 967 151 46 l’historien.
596 967 47 46 —
615 967 56 46 L.
643 967 56 46 a.
671 967 56 46 s.
699 967 47 46 à
709 967 94 46 Baculard

174 1015 155 57 d’Arnaud;
294 1015 108 57 Caen,
365 1015 60 57 7
389 1015 108 57 sept.
461 1015 108 57 1749,
533 1015 60 57 1
556 1015 72 57 p.
592 1015 108 57 in-4.
664 1015 108 57 Belle
736 1015 131 57 lettre.
831 1015 60 57 5
843 1015 36 57 »

32 1025 131 57 9

182 1053 113 54 27832.
261 1053 113 54 FORMEY
339 1053 135 54 (J.-H.),
441 1053 158 54 secrétaire
565 1053 146 54 perpétuel
677 1053 68 54 de
711 1053 158 54 l’Académie
824 1053 45 54 de

180 1095 128 59 Berlin.
273 1095 58 59 —
297 1095 70 59 L.
331 1095 70 59 a.
366 1095 70 59 s.
401 1095 58 59 à
424 1095 70 59 M.
459 1095 116 59 Klotz;
541 1095 128 59 Berlin,
634 1095 70 59 13
668 1095 105 59 janv.
738 1095 105 59 1767,
808 1095 58 59 1
820 1095 46 59 p.

181 1140 80 49 in-4.
235 1140 45 49 3
243 1140 36 49 >)

107 1149 23 53 )
120 1149 39 53 0
146 1149 10 53 O

180 1168 110 68 27833.
257 1168 132 68 GEOFFROY
356 1168 143 68 (l’abbé),
466 1168 66 68 le
499 1168 121 68 célèbre
586 1168 143 68 critique.
696 1168 55 68 —
718 1168 66 68 L.
751 1168 66 68 a.
784 1168 77 68 s.;
817 1168 77 68 1808,

170 1222 89 54 1/2
221 1222 76 54 p.
259 1222 114 54 in-4.
335 1222 63 54 3
348 1222 38 54 »

185 1256 105 61 27834.
259 1256 95 61 GRIMM
322 1256 74 61 (le
364 1256 95 61 baron
427 1256 84 61 de).
480 1256 53 61 —
501 1256 63 61 P.
532 1256 74 61 s.;
575 1256 105 61 Paris,
648 1256 63 61 14
680 1256 105 61 juill.
753 1256 95 61 1779,
816 1256 74 61 3/4
848 1256 42 61 de

183 1303 77 58 p.
222 1303 153 58 in-fol.,
337 1303 141 58 cachet.
439 1303 64 58 6
452 1303 38 58 »

210 1344 135 47 Chargé
305 1344 95 47 par
359 1344 81 47 le
400 1344 95 47 duc
454 1344 81 47 de
494 1344 189 47 Saxe-Gotha
643 1344 81 47 de
683 1344 162 47 réclamer
805 1344 95 47 les
859 1344 149 47 lettres
967 1344 189 47 originales
1116 1344 81 47 de
1143 1344 81 47 feue

178 1375 145 39 Madame
280 1375 87 39 la
324 1375 175 39 duchesse
455 1375 87 39 de
499 1375 204 39 Saxe-Gotha
659 1375 175 39 trouvées
790 1375 116 39 dans
862 1375 102 39 les
920 1375 160 39 papiers
1037 1375 87 39 de
1081 1375 102 39 feu
1139 1375 87 39 M.
1168 1375 58 39 de

187 1407 179 34 Voltaire,
325 1407 83 34 il
366 1407 179 34 reconnait
504 1407 124 34 avoir
587 1407 110 34 reçu
656 1407 83 34 de
697 1407 193 34 Panckoucke
848 1407 96 34 les
903 1407 124 34 dites
986 1407 152 34 lettres
1096 1407 83 34 au
1124 1407 110 34 nombre

182 1439 82 43 de
210 1439 68 43 99.

109 1464 43 32 b1

28 1462 141 73 27835.

170 1460 253 67 GUERRAZZI,
369 1460 108 67 le
423 1460 199 67 célèbre
568 1460 235 67 romancier
730 1460 181 67 italien.

924 1462 85 70 —
958 1462 102 70 L.
1009 1462 102 70 a.
1060 1462 119 70 s.;
1112 1462 119 70 1844,

1109 1517 120 37 »

1100 1517 69 43 3

179 1517 116 52 1/2
246 1517 100 52 p.
279 1517 116 52 in

25 1532 113 57 9

1119 1555 116 51 3
1142 1555 93 51 50

24 1560 153 45 21856.

179 1552 248 57 LAMENNAIS
370 1552 191 57 (F.-M.
484 1552 115 57 de).

584 1549 89 64 —
620 1549 107 64 L.
673 1549 107 64 a.
726 1549 124 64 s.,
798 1549 89 64 1
833 1549 107 64 p.
869 1549 124 64 in

48 1596 93 28 9—
79 1596 78 28 90-

1123 1592 109 63 2
1145 1592 87 63 50

23 1613 143 37 21831

177 1599 246 52 LAMENNAIS.
371 1599 141 52 Reçu
459 1599 106 52 a.
512 1599 123 52 s.;
582 1599 158 52 1853,
688 1599 123 52 1/2
758 1599 106 52 p.
793 1599 141 52 in

209 1639 105 46 Reçu
275 1639 79 46 de
314 1639 92 46 500
367 1639 132 46 francs
459 1639 105 46 pour
525 1639 79 46 le
564 1639 118 46 terme
643 1639 145 46 mensuel
748 1639 79 46 de
788 1639 92 46 son
827 1639 250 46 Imitation

182 1671 97 50 27838.
250 1671 136 50 LAURENTIE,
357 1671 58 50 le
387 1671 107 50 célèbre
464 1671 146 50 publiciste.
581 1671 49 50 —
600 1671 58 50 L.
630 1671 58 50 a.
659 1671 68 50 s.,
698 1671 49 50 1
717 1671 58 50 p.
737 1671 58 50 in

1110 1707 153 46 2
1141 1707 92 46 »

175 1752 138 50 27839.
272 1752 165 50 PAPILLON
395 1752 220 50 (Philibert),
574 1752 165 50 l’auteur
698 1752 83 50 de
739 1752 83 50 la
781 1752 261 50 Bibliothèque
1001 1752 96 50 des
1042 1752 179 50 auteurs

485 1796 106 52 de
556 1796 212 52 Bourgogne
732 1796 59 52 —
756 1796 71 52 L.
791 1796 71 52 a.
826 1796 71 52 s.
862 1796 71 52 (à
897 1796 71 52 La
932 1796 153 52 Monnoye);
1050 1796 118 52 Dijon,
1132 1796 71 52 22
1155 1796 71 52 août

186 1829 123 62 1715,
268 1829 82 62 11
309 1829 82 62 p.
350 1829 95 62 1/4
404 1829 123 62 in-4.
486 1829 82 62 30
513 1829 41 62 »

215 1869 138 50 Lettre
312 1869 96 50 des
367 1869 110 50 plus
436 1869 179 50 curieuses
573 1869 83 50 et
614 1869 96 50 des
670 1869 110 50 plus
738 1869 165 50 étendues
862 1869 96 50 sur
917 1869 83 50 la
959 1869 165 50 nouvelle
1083 1869 151 50 édition
1179 1869 55 50 du

181 1909 266 45 Menagiana
407 1909 133 45 donnée
500 1909 93 45 par
553 1909 80 45 La
593 1909 160 45 Monnoye.
713 1909 160 45 Papillon
833 1909 146 45 signale
939 1909 93 45 des
992 1909 160 45 articles
1099 1909 133 45 nombreux

182 1947 93 43 qui
235 1947 186 43 pourraient
381 1947 66 43 y
407 1947 106 43 être
474 1947 159 43 ajoutés.
593 1947 159 43 Piquants
699 1947 133 43 détails.

45 1974 125 61 27840.
132 1974 112 61 PARNY
207 1974 87 61 (le
257 1974 162 61 chevalier
381 1974 100 61 de),
444 1974 150 61 l’auteur
556 1974 75 61 de
593 1974 112 61 La
668 1974 175 61 Guerre
805 1974 125 61 des
880 1974 150 61 Dieux
