1505 2897
430 42 534 143 CATALOGUE

1 194 233 93 DE
118 194 428 93 LETTRES
429 194 623 93 AUTOGRAPHES,
896 194 506 93 MANUSCRITS,

382 285 304 105 DOCUMENTS
629 285 304 105 HISTORIQUES,
857 285 190 105 ETC

211 437 389 111 DE
470 437 259 111 A.
557 437 648 111 LATERDEI,

302 541 162 99 A
394 541 231 99 Paris,
556 541 162 99 rue
649 541 393 99 Saint-Lazare,
950 541 185 99 24

502 739 206 85 Vente
656 739 86 85 à
673 739 275 85 l’amiable,

281 801 196 75 soit
419 801 137 75 par
497 801 294 75 l’insertion
733 801 157 75 dans
831 801 118 75 le
870 801 294 75 bulletin,

104 854 168 67 soit
209 854 147 67 aux
293 854 251 67 enchères
481 854 293 67 publiques,
712 854 126 67 de
774 854 314 67 Collections
1026 854 126 67 ou
1068 854 272 67 partios

282 908 173 47 de
397 908 288 47 Collections
628 908 115 47 de
685 908 211 47 Lettres
820 908 346 47 autographes,

432 948 313 71 Documents
667 948 352 71 historiques,

475 999 342 65 Manuscrits,
760 999 171 65 etc.,
855 999 114 65 etc.

43 1029 280 80 Achats.
263 1029 100 80 —
303 1029 260 80 Echanges.
503 1029 100 80 —
543 1029 300 80 Expertises.
784 1029 100 80 —
824 1029 260 80 Rédaction
1024 1029 120 80 de
1064 1029 340 80 Cataloguos,

375 1183 225 105 N°
525 1183 150 105 7.
600 1183 125 105 —
650 1183 275 105 FÉVRIER
826 1183 250 105 1857

-2 1329 180 104 1012.
118 1329 339 104 Agier,
397 1329 199 104 membre
537 1329 120 104 de
596 1329 299 104 l’Assemblée
836 1329 339 104 Constituante;
1115 1329 120 104 il
1175 1329 120 104 se
1235 1329 140 104 fit
1294 1329 160 104 porter

44 1407 226 53 malade
202 1407 135 53 au
270 1407 158 53 Jeu
360 1407 135 53 de
428 1407 226 53 Paume,
586 1407 135 53 en
654 1407 203 53 1789,
789 1407 181 53 pour
902 1407 113 53 y
947 1407 226 53 prêter
1105 1407 135 53 le
1173 1407 271 53 serment.
1354 1407 90 53 L.

46 1453 174 58 aut,
155 1453 195 58 sig.,
285 1453 109 58 à
328 1453 152 58 ses
415 1453 391 58 concitoyens...
741 1453 217 58 Paris,
893 1453 130 58 12
958 1453 174 58 juin
1066 1453 195 58 1790.
1197 1453 109 58 1
1240 1453 152 58 gr.
1327 1453 130 58 p.
1370 1453 87 58 et

-8 1500 693 57 demie
454 1500 846 57 in-fol.
1069 1500 385 57 4
1146 1500 308 57 50

91 1538 126 68 Au
154 1538 189 68 sujet
280 1538 126 68 de
343 1538 126 68 la
406 1538 294 68 fédération
637 1538 126 68 du
700 1538 126 68 14
763 1538 252 68 juillet,
951 1538 126 68 et
1014 1538 147 68 des
1098 1538 210 68 gardes
1224 1538 231 68 nationaux

45 1597 150 55 qui
130 1597 236 55 doivent
302 1597 150 55 s’y
388 1597 214 55 rendre
538 1597 129 55 de
602 1597 214 55 toutes
752 1597 150 55 les
838 1597 236 55 parties
1010 1597 129 55 du
1053 1597 214 55 royaume.

-2 1646 177 64 1013.
116 1646 374 64 Alibert,
432 1646 236 64 médecin,
609 1646 315 64 littérateur.
865 1646 177 64 Copie
983 1646 118 64 de
1042 1646 118 64 la
1101 1646 158 64 main
1200 1646 256 64 d’Alibert
1377 1646 79 64 de

44 1692 128 56 la
108 1692 214 56 lettre
258 1692 257 56 adressée
450 1692 128 56 au
514 1692 193 56 poëte
643 1692 214 56 Ducis,
793 1692 150 56 par
878 1692 128 56 le
942 1692 193 56 comte
1071 1692 128 56 de
1135 1692 214 56 Bulof,
1263 1692 193 56 comman-

44 1744 185 82 dant
159 1744 139 82 le
229 1744 139 82 4e
298 1744 208 82 corps
437 1744 254 82 d’armée
622 1744 347 82 prussienne,
899 1744 208 82 datée
1038 1744 139 82 de
1107 1744 347 82 Versailles,
1362 1744 92 82 le

36 1790 181 50 15
126 1790 332 50 juillet
368 1790 272 50 1815.
549 1790 151 50 3
610 1790 181 50 p.
701 1790 272 50 in-4.
882 1790 514 50 Intéressante.
1305 1790 151 50 3
1335 1790 121 50 50

0 1828 177 78 1014.
118 1828 315 78 André
374 1828 256 78 (l’abbé),
571 1828 354 78 bibliothécaire
866 1828 118 78 du
925 1828 275 78 chancelier
1141 1828 295 78 Daguesseau.
1358 1828 98 78 Mé-

43 1882 205 64 moire
180 1882 182 64 aut.
294 1882 182 64 sig.
408 1882 137 64 (à
476 1882 137 64 la
544 1882 137 64 3e
612 1882 319 64 personne).
863 1882 205 64 1775.
1000 1882 114 64 2
1045 1882 137 64 p.
1113 1882 159 64 pl.
1205 1882 205 64 in-4.
1341 1882 114 64 2
1364 1882 91 64 50

95 1928 132 54 Sur
171 1928 132 54 son
246 1928 170 54 désir
360 1928 227 54 d’entrer
530 1928 95 54 à
568 1928 113 54 la
625 1928 303 54 Bibliothèque
871 1928 189 54 royale
1003 1928 113 54 en
1060 1928 208 54 qualité
1192 1928 265 54 d'ad

41 1980 306 79 joint
289 1980 153 79 pour
385 1980 249 79 accélérer
576 1980 115 79 la
634 1980 268 79 confection
844 1980 115 79 du
901 1980 249 79 Catalogue
1093 1980 115 79 de
1150 1980 115 79 la
1188 1980 268 79 Bibliothèque

46 2030 131 71 du
90 2030 131 71 roi.

-1 2044 187 100 1015.
124 2044 271 100 Angran
332 2044 354 100 d’Alleray
624 2044 458 100 (Louis-Alexandre),
1019 2044 187 100 frère
1144 2044 125 100 du
1185 2044 271 100 lieutenant-

48 2124 192 51 civil
176 2124 128 51 de
239 2124 192 51 Paris
367 2124 149 51 mis
453 2124 107 51 à
495 2124 170 51 mort
602 2124 128 51 en
666 2124 192 51 1794.
793 2124 170 51 Mort
900 2124 128 51 en
964 2124 192 51 1801.
1092 2124 128 51 L.
1156 2124 170 51 aut.
1262 2124 192 51 sig.,
1369 2124 85 51 au

45 2176 238 48 citoyen
218 2176 281 48 Dumarets.
435 2176 216 48 Paris,
586 2176 130 48 30
651 2176 238 48 vendém.
824 2176 130 48 an
889 2176 195 48 VIII.
1019 2176 108 48 1
1062 2176 130 48 p.
1127 2176 151 48 pl.
1214 2176 195 48 in-4.
1344 2176 108 48 2
1365 2176 87 48 50

-1 2206 195 72 1016.
129 2206 434 72 Amnebault
498 2206 239 72 (Claude
672 2206 174 72 d’),
780 2206 195 72 baron
911 2206 130 72 de
976 2206 195 72 Retz,
1084 2206 369 72 maréchal

47 2270 130 64 de
112 2270 238 64 France.
285 2270 173 64 Mort
393 2270 130 64 en
458 2270 194 64 1552.
588 2270 130 64 L.
652 2270 194 64 sig.,
782 2270 108 64 à
825 2270 130 64 M.
890 2270 130 64 de
955 2270 259 64 Baillet.
1149 2270 216 64 Paris,
1301 2270 130 64 12
1344 2270 108 64 dé-

10 2317 633 60 cembre.
471 2317 288 60 1
586 2317 346 60 p.
759 2317 633 60 in-fol.
1220 2317 288 60 3
1277 2317 173 60 »

-4 2352 215 74 1017.
139 2352 358 74 Anquetil
425 2352 405 74 sDuperron
759 2352 572 74 (Abraham-Hyacinthe),
1236 2352 215 74 célèbre

45 2414 336 59 orientaliste.
322 2414 118 59 L.
381 2414 158 59 aut.
480 2414 178 59 sig.,
598 2414 99 59 à
638 2414 118 59 M.
697 2414 118 59 de
756 2414 316 59 Malesherbes.
1013 2414 118 59 De
1072 2414 217 59 Surate,
1230 2414 118 59 le
1289 2414 118 59 19
1329 2414 118 59 juin

-2 2462 622 62 1759.
413 2462 346 62 3
551 2462 415 62 p.
758 2462 622 62 in-4.
1173 2462 346 62 5
1242 2462 207 62 »

92 2504 125 70 Au
155 2504 188 70 sujet
280 2504 125 70 de
342 2504 146 70 ses
426 2504 229 70 travaux
592 2504 313 70 littéraires
843 2504 167 70 dans
947 2504 229 70 l’Inde.
1114 2504 208 70 Enfin,
1259 2504 188 70 après
1364 2504 83 70 un

43 2559 138 69 an
112 2559 138 69 et
181 2559 184 69 demi
296 2559 138 69 de
365 2559 276 69 maladie,
572 2559 138 69 un
641 2559 138 69 an
710 2559 138 69 de
780 2559 253 69 voyages
964 2559 138 69 et
1033 2559 138 69 de
1102 2559 299 69 traverses
1309 2559 138 69 sans

48 2602 232 57 nombre,
216 2602 126 57 la
280 2602 295 57 traduction
511 2602 126 57 du
574 2602 274 57 manuscrit
785 2602 126 57 de
848 2602 274 57 Zoroastre
1059 2602 147 57 est
1143 2602 253 57 achevée,
1312 2602 126 57 etc.

1 2651 171 61 1018.
115 2651 228 61 Ansse
287 2651 114 61 de
344 2651 324 61 Villoison
610 2651 190 61 (J.-B.
744 2651 152 61 d’),
839 2651 286 61 helléniste.
1067 2651 114 61 Né
1124 2651 95 61 à
1143 2651 305 61 Corbeil

45 2701 429 63 (Seine-et-Oise).
409 2701 129 63 L.
473 2701 172 63 aut.
581 2701 193 63 sig.,
709 2701 107 63 à
752 2701 172 63 M...
859 2701 129 63 12
924 2701 257 63 novembre
1116 2701 193 63 1788.
1245 2701 107 63 2
1288 2701 129 63 p.
1331 2701 107 63 pl.

22 2746 377 83 in-4.
273 2746 461 83 Piqures
608 2746 251 83 de
734 2746 335 83 vers
943 2746 251 83 au
1069 2746 335 83 bas.
1278 2746 209 83 3
1320 2746 126 83 »
