1541 2872
688 48 231 97 82
765 48 116 97 —

22 124 178 91 1019.
141 124 355 91 Antoine
436 124 316 91 (Dominique),
693 124 217 91 médecin
851 124 118 91 de
910 124 118 91 la
969 124 217 91 Société
1127 124 197 91 royale
1265 124 118 91 de
1304 124 158 91 Paris.

71 193 280 67 Quittance
286 193 172 67 aut.
393 193 172 67 sig.
501 193 172 67 (sur
608 193 323 67 parchemin).
866 193 215 67 Paris,
1017 193 129 67 23
1081 193 237 67 février
1253 193 194 67 1708.
1382 193 108 67 2
1404 193 65 67 »

25 245 194 76 1020.
155 245 324 76 Apologie
414 245 130 76 de
479 245 130 76 la
544 245 259 76 religion
738 245 389 76 chrétienne
1062 245 194 76 faite
1191 245 151 76 par
1278 245 151 76 les
1342 245 130 76 mis

71 282 293 83 sionnaires
301 282 125 83 de
364 282 125 83 la
426 282 209 83 Chine,
573 282 188 83 après
698 282 167 83 leur
802 282 167 83 exil
907 282 125 83 de
970 282 230 83 Canton,
1137 282 125 83 en
1199 282 188 83 1732.
1304 282 167 83 Manus-

72 330 163 74 crit
173 330 122 74 en
234 330 244 74 chinois,
417 330 183 74 d’une
539 330 285 74 très-belle
763 330 264 74 écriture,
967 330 142 74 sur
1048 330 203 74 papier
1190 330 122 74 de
1251 330 203 74 Chine.
1373 330 102 74 Ca-

65 380 201 70 hier
191 380 151 70 de
266 380 151 70 48
341 380 226 70 pages
492 380 226 70 petit
643 380 226 70 in-4.
794 380 302 70 Parfaite
1020 380 402 70 conservation
1347 380 151 70 20
1398 380 75 70 »

26 442 179 58 1021.
145 442 358 58 Arougt,
443 442 159 58 père
543 442 119 58 de
602 442 258 58 Voltaire,
801 442 238 58 notaire.
979 442 179 58 Pièce
1099 442 179 58 sig.,
1218 442 119 58 au
1277 442 139 58 bas
1337 442 139 58 d’une

69 482 334 74 prorogation
336 482 134 74 de
403 482 201 74 délai
537 482 178 74 pour
648 482 134 74 un
715 482 267 74 payement
916 482 134 74 de
983 482 134 74 24
1049 482 156 74 000
1139 482 245 74 livres.
1295 482 178 74 Paris,

44 539 247 61 6
142 539 445 61 avril
439 539 445 61 1692.
735 539 247 61 1
834 539 296 61 p.
982 539 445 61 in-4.
1278 539 247 61 3
1328 539 148 61 »

29 572 161 95 4022.
136 572 303 95 Artus,
386 572 268 95 bénédictin.
600 572 268 95 Discours
815 572 107 95 du
868 572 196 95 citoyen
1011 572 179 95 Artus,
1118 572 357 95 ex

75 624 185 67 sur
204 624 111 67 la
259 624 148 67 paix
352 624 351 67 générale..
648 624 111 67 Il
703 624 203 67 termine
851 624 185 67 ainsi:
981 624 203 67 Vive
1129 624 92 67 à
1166 624 185 67 jamais
1277 624 203 67 Bona

72 668 322 85 parte..
343 668 254 85 Lûre
546 668 305 85 (Haute-Saône),
800 668 85 85 3
834 668 203 85 brumaire
986 668 102 85 an
1037 668 102 85 X.
1088 668 85 85 3
1122 668 118 85 gr.
1189 668 102 85 p.
1240 668 118 85 pl.
1308 668 135 85 aut.
1375 668 102 85 sig.

-27 719 1380 78 in-fol.
976 719 627 78 6
1102 719 376 78 »

123 776 191 56 Pièce
250 776 255 56 curieuse
441 776 149 56 par
526 776 340 56 l’expression
802 776 233 56 extrême
972 776 127 56 de
1035 776 149 56 ses
1120 776 297 56 sentiments
1332 776 149 56 d’ad-

78 815 252 77 miration
267 815 168 77 pour
372 815 126 77 le
435 815 231 77 premier
602 815 231 77 consul,
770 815 126 77 au
833 815 189 77 sujet
959 815 147 77 des
1043 815 231 77 dangers
1210 815 189 77 qu’il
1336 815 105 77 a
1357 815 126 77 cou-

80 863 146 70 rus
164 863 167 70 lors
268 863 126 70 de
331 863 314 70 l’explosion
582 863 126 70 de
645 863 126 70 la
708 863 230 70 machine
875 863 272 70 infernale
1084 863 126 70 le
1147 863 105 70 3
1168 863 188 70 nivôse.

31 907 184 85 1023.
153 907 389 85 Asselin,
481 907 225 85 docteur
645 907 205 85 régent
788 907 123 85 de
849 907 287 85 l’ancienne
1075 907 225 85 Faculté
1238 907 123 85 de
1279 907 205 85 médecine

79 969 128 61 de
143 969 213 61 Paris,
292 969 235 61 médecin
462 969 128 61 de
526 969 362 61 l’Hôtel-Dieu.
825 969 128 61 L.
889 969 171 61 aut.
996 969 171 61 sig.
1102 969 213 61 Paris,
1251 969 128 61 12
1294 969 192 61 janvier

32 1004 623 73 1792.
447 1004 346 73 1
586 1004 416 73 p.
794 1004 623 73 in-4.
1209 1004 346 73 2
1278 1004 208 73 »

36 1047 163 78 1024.
145 1047 308 78 Auber,
399 1047 200 78 célèbre
544 1047 290 78 compositeur;
780 1047 109 78 10
834 1047 181 78 billet
961 1047 145 78 aut.
1052 1047 145 78 sig.
1142 1047 236 78 A
1324 1047 109 78 au
1360 1047 127 78 baron

81 1107 128 74 de
145 1107 255 74 Trémont.
336 1107 191 74 1846.
464 1107 106 74 1
506 1107 128 74 p.
570 1107 213 74 in-18.
719 1107 106 74 —
762 1107 128 74 2°
825 1107 128 74 L.
889 1107 191 74 aut.,
1017 1107 128 74 au
1081 1107 170 74 même
1187 1107 149 74 (il
1251 1107 234 74 l’appelle

81 1158 151 68 son
168 1158 173 68 cher
276 1158 260 68 enfant).
471 1158 216 68 Paris,
622 1158 130 68 12
687 1158 195 68 avril
817 1158 195 68 1833.
946 1158 108 68 2
990 1158 130 68 p.
1055 1158 151 68 pl.
1141 1158 195 68 petit
1271 1158 195 68 in-8.
1401 1158 108 68 5
1422 1158 65 68 »

130 1208 128 62 Il
194 1208 128 62 le
257 1208 255 62 remercie
449 1208 128 62 de
512 1208 149 62 son
597 1208 191 62 offre
725 1208 170 62 pour
831 1208 298 62 Saint-Leu.
1065 1208 128 62 Le
1129 1208 234 62 choléra
1299 1208 170 62 fait
1384 1208 106 62 des

84 1254 241 70 ravages
260 1254 176 70 tout
369 1254 198 70 aussi
501 1254 176 70 bien
611 1254 176 70 dans
721 1254 154 70 les
808 1254 263 70 environs
1006 1254 176 70 qu’à
1116 1254 198 70 Paris
1248 1254 241 70 même...
1401 1254 88 70 Au

83 1292 192 73 sujet
211 1292 128 73 de
275 1292 149 73 ses
360 1292 277 73 affaires,
573 1292 128 73 il
637 1292 213 73 espère
787 1292 277 73 atteindre
1000 1292 299 73 facilement
1235 1292 256 73 l’époque
1406 1292 85 73 où

84 1349 413 66 l’Opéra-Comique
432 1349 261 66 renaîtra
628 1349 131 66 de
694 1349 152 66 ses
759 1349 261 66 cendres...

40 1366 187 113 1025.
165 1366 373 113 Augers,
476 1366 207 113 auteur
621 1366 311 113 dramatique.
870 1366 124 113 L.
932 1366 166 113 aut.
1036 1366 187 113 sig.,
1160 1366 104 113 à
1202 1366 207 113 madame
1326 1366 166 113 Allan

54 1433 585 74 Dorval.
479 1433 266 74 1
586 1433 319 74 p.
745 1433 372 74 pl.
958 1433 479 74 in-8.
1277 1433 266 74 3
1330 1433 160 74 »

131 1477 156 76 Les
220 1477 201 76 rôles
354 1477 134 76 de
421 1477 201 76 folle
555 1477 179 76 vont
667 1477 246 76 devenir
845 1477 112 76 à
890 1477 134 76 la
957 1477 201 76 mode.
1091 1477 357 76 Mademoiselle
1359 1477 134 76 Mars

87 1546 120 58 en
147 1546 120 58 va
207 1546 180 58 créer
327 1546 120 58 un
387 1546 160 58 dans
488 1546 120 58 le
548 1546 180 58 drame
668 1546 401 58 d’Emilia
1008 1546 140 58 qui
1088 1546 160 58 sera
1189 1546 220 58 bientôt
1329 1546 160 58 repré-

83 1582 199 68 senté
215 1582 110 68 à
259 1582 132 68 la
326 1582 485 68 Comédie-Française.
745 1582 132 68 Il
811 1582 154 68 est
899 1582 221 68 auteur
1054 1582 199 68 d’une
1186 1582 199 68 pièce
1318 1582 199 68 qu’il
1429 1582 66 68 a

87 1634 256 71 composée
278 1634 170 71 pour
385 1634 192 71 elle,
513 1634 170 71 mais
619 1634 128 71 il
683 1634 192 71 vient
811 1634 170 71 trop
917 1634 192 71 tard:
1045 1634 149 71 «Je
1130 1634 128 71 ne
1194 1634 170 71 vois
1300 1634 149 71 que
1364 1634 128 71 vous

87 1678 186 62 «qui,
211 1678 145 62 sur
294 1678 145 62 les
377 1678 248 62 théâtres
563 1678 124 62 de
625 1678 207 62 Paris,
770 1678 248 62 puissiez
956 1678 186 62 jouer
1080 1678 165 62 avec
1184 1678 207 62 succès
1329 1678 124 62 un
1370 1678 124 62 rôle

86 1741 281 59 «destiné
296 1741 187 59 pour
414 1741 375 59 mademoiselle
695 1741 234 59 Mars...»

44 1761 145 91 1026
134 1761 307 91 Azaïs,
387 1761 271 91 philosophe,
604 1761 181 91 auteur
731 1761 108 91 du
785 1761 253 91 Système
984 1761 127 91 des
1056 1761 398 91 Compensations
1382 1761 108 91 etc.

87 1825 113 68 Né
144 1825 94 68 à
181 1825 319 68 Sorèze
444 1825 207 68 (Tarn).
594 1825 113 68 L.
651 1825 150 68 aut.
745 1825 169 68 sig.,
857 1825 169 68 comme
970 1825 263 68 inspecteur
1177 1825 113 68 de
1233 1825 113 68 la
1271 1825 225 68 librairie,

87 1887 112 78 à
131 1887 134 78 M.
198 1887 134 78 le
265 1887 291 78 directeur
489 1887 268 78 général.
690 1887 268 78 Avignon,
891 1887 134 78 16
958 1887 268 78 juillet.
1160 1887 112 78 2
1204 1887 134 78 p.
1271 1887 201 78 in-4.
1406 1887 112 78 5
1428 1887 67 78 »

147 1929 145 69 ...
230 1929 125 69 Il
293 1929 104 69 a
334 1929 145 69 vu,
417 1929 166 69 dans
521 1929 125 69 la
583 1929 311 69 promptitude
832 1929 125 69 et
894 1929 374 69 l’impartialité
1206 1929 166 69 avec
1289 1929 208 69 laquelle

86 1965 137 78 M.
155 1965 228 78 Sauvo,
314 1965 251 78 censeur
497 1965 296 78 impérial,
725 1965 114 78 a
770 1965 251 78 annoncé
953 1965 160 78 son
1044 1965 274 78 ouvrage,
1249 1965 160 78 une
1318 1965 182 78 inten-

95 2024 167 69 tion
200 2024 460 69 très-bienveillante
597 2024 167 69 dans
702 2024 126 69 le
765 2024 167 69 soin
869 2024 188 69 qu’il
995 2024 105 69 a
1037 2024 126 69 eu
1099 2024 126 69 de
1162 2024 272 69 prévenir,
1371 2024 126 69 ou
1413 2024 84 69 du

91 2065 189 63 moins
217 2065 315 63 d’affaiblir
470 2065 252 63 d’avance
659 2065 147 63 les
743 2065 252 63 attaques
932 2065 147 63 des
1016 2065 210 63 hommes
1164 2065 147 63 qui
1248 2065 168 63 sont
1353 2065 126 63 ou
1395 2065 105 63 qui

91 2112 260 80 feignent
287 2112 217 80 d’être
438 2112 304 80 religieux.
677 2112 152 80 «Il
764 2112 130 80 en
829 2112 152 80 est
915 2112 152 80 ici
1002 2112 152 80 bon
1089 2112 217 80 nombre
1241 2112 130 80 de
1306 2112 152 80 ces
1371 2112 130 80 der-

92 2164 105 71 x
134 2164 189 71 niers
260 2164 147 71 qui
344 2164 126 71 me
407 2164 336 71 lapideraient
680 2164 294 71 volontiers
911 2164 105 71 à
953 2164 189 71 coups
1079 2164 126 71 de
1142 2164 231 71 pierres
1289 2164 210 71 sacrées.

97 2205 149 84 «Je
182 2205 298 84 m’inquiète
416 2205 149 84 peu
501 2205 128 84 de
565 2205 170 84 leur
671 2205 298 84 fanatisme;
905 2205 149 84 ils
990 2205 234 84 n’osent
1161 2205 191 84 point
1288 2205 128 84 en
1331 2205 170 84 suivre

91 2266 208 64 «les
195 2266 441 64 mouvements....»

46 2289 190 96 1027.
172 2289 274 96 Barbié
383 2289 126 96 du
446 2289 295 96 Bocage
678 2289 358 96 (Jean-Denis),
973 2289 211 96 membre
1121 2289 126 96 de
1184 2289 316 96 l’Institut.
1416 2289 84 96 L.

96 2362 167 67 aut.
201 2362 188 67 sig.,
326 2362 104 67 à
368 2362 167 67 M...
472 2362 104 67 à
514 2362 397 67 Constantinople.
848 2362 209 67 Paris,
995 2362 146 67 1er
1078 2362 167 67 mars
1183 2362 188 67 1791.
1308 2362 104 67 4
1350 2362 125 67 p.
1392 2362 104 67 pl.

-34 2402 1383 68 in-4.
888 2402 768 68 5
1042 2402 461 68 »

144 2456 209 65 Lettre
290 2456 334 65 intéréssante
562 2456 125 65 au
625 2456 188 65 sujet
750 2456 125 65 de
813 2456 125 65 la
875 2456 188 65 carte
1001 2456 125 65 de
1063 2456 125 65 la
1126 2456 230 65 Turquie
1272 2456 230 65 d’Europe,

95 2496 154 60 les
183 2496 264 60 tombeaux
381 2496 264 60 antiques
579 2496 154 60 qui
667 2496 264 60 existent
866 2496 220 60 encore
1020 2496 154 60 sur
1108 2496 154 60 les
1196 2496 198 60 rives
1328 2496 132 60 du
1372 2496 132 60 Bos-

98 2560 214 53 phore:
247 2560 342 53 appréciation
525 2560 150 53 peu
611 2560 278 53 favorable
825 2560 128 53 du
889 2560 278 53 caractère
1103 2560 150 53 des
1188 2560 214 53 Turcs,
1317 2560 128 53 etc.

51 2586 187 77 1028.
176 2586 353 77 Barras
466 2586 228 77 (Paul),
632 2586 374 77 conventionnel,
944 2586 208 77 membre
1089 2586 125 77 du
1151 2586 311 77 Directoire.
1400 2586 125 77 Né
1442 2586 62 77 à

100 2643 255 59 Fox
300 2643 182 59 (Var).
428 2643 109 59 1°
483 2643 182 59 Billet
610 2643 109 59 de
665 2643 128 59 six
738 2643 182 59 lignes
866 2643 146 59 aut.
957 2643 164 59 sig.,
1066 2643 91 59 1
1103 2643 109 59 p.
1158 2643 146 59 in-8
1249 2643 109 59 en
1303 2643 219 59 travers.
1449 2643 55 59 —

99 2703 132 72 2°
165 2703 307 72 Invitation
406 2703 110 72 à
450 2703 197 72 diner
582 2703 263 72 adressée
779 2703 110 72 à
823 2703 132 72 M.
889 2703 132 72 de
955 2703 285 72 Mouveran.
1174 2703 219 72 Paris,
1328 2703 110 72 6
1349 2703 154 72 mars.

95 2738 367 83 pemi-page
377 2738 254 83 in-4,
546 2738 226 83 aut.
687 2738 226 83 sig.
829 2738 169 83 (à
913 2738 169 83 la
998 2738 169 83 3e
1083 2738 395 83 personne).
1393 2738 141 83 4
1421 2738 85 83 »
