1558 2877
616 18 191 111 —
692 18 229 111 84
769 18 115 111 —

38 101 179 105 1044.
157 101 338 105 Bonald
436 101 139 105 (le
515 101 219 105 vicomte
675 101 159 105 de),
774 101 219 105 célèbre
933 101 239 105 écrivain
1112 101 278 105 politique,
1331 101 159 105 pair
1410 101 80 105 de

80 178 238 68 France,
253 178 216 68 membre
405 178 130 68 de
470 178 324 68 l’Institut.
729 178 130 68 L.
794 178 173 68 aut.
902 178 195 68 sig.,
1032 178 130 68 au
1097 178 195 68 baron
1227 178 130 68 de
1270 178 216 68 Trémont.

73 225 207 80 Aux
192 225 325 80 Mounes,
428 225 177 80 le
516 225 177 80 17
605 225 236 80 août
752 225 266 80 1813.
929 225 148 80 4
988 225 177 80 p.
1077 225 207 80 pl.
1195 225 266 80 in-4.
1372 225 148 80 5
1401 225 89 80 »

128 264 213 86 Lettre
277 264 340 86 intéressante
553 264 128 86 au
617 264 191 86 sujet
744 264 128 86 de
808 264 128 86 la
872 264 191 86 vente
999 264 149 86 des
1084 264 191 86 biens
1190 264 298 86 communaux...

35 327 180 75 1045.
155 327 379 75 Bordelon
474 327 279 75 (Laurent),
693 327 219 75 prêtre,
853 327 259 75 chapelain
1052 327 120 75 de
1112 327 239 75 l’église
1292 327 120 75 de
1331 327 160 75 Paris,

82 380 195 85 auteur
219 380 293 85 dramatique.
454 380 117 85 Né
512 380 98 85 à
551 380 352 85 Bourges
844 380 215 85 (Cher).
1001 380 195 85 Quitt.
1137 380 156 85 sig.
1235 380 156 85 (sur
1313 380 176 85 parche-

58 433 404 85 min).
328 433 449 85 Paris,
642 433 269 85 19
777 433 359 85 nov.
1001 433 404 85 1707.
1270 433 225 85 3
1315 433 180 85 50

36 479 178 82 1046.
155 479 316 82 Borie
411 479 178 82 (L.),
530 479 217 82 médecin
688 479 118 82 de
747 479 257 82 l’hospice
944 479 178 82 royal
1063 479 118 82 de
1122 479 296 82 Versailles.
1359 479 99 82 4
1379 479 118 82 août

45 529 522 83 1827.
393 529 290 83 1
509 529 348 83 p.
683 529 406 83 pl.
916 529 522 83 in-4.
1264 529 290 83 2
1322 529 174 83 »

36 582 164 76 1047
139 582 452 76 Bosquillon,
530 582 226 76 docteur
694 582 206 76 régent
838 582 123 76 de
900 582 123 76 la
962 582 226 76 Faculté
1126 582 123 76 de
1188 582 206 76 Paris.
1332 582 123 76 L.
1373 582 123 76 aut.

85 634 169 67 sig.
190 634 148 67 (en
275 634 274 67 anglais),
486 634 105 67 à
528 634 127 67 M.
591 634 295 67 Desjobert,
823 634 337 67 grand-maître
1097 634 148 67 des
1182 634 169 67 eaux
1287 634 127 67 et
1329 634 169 67 forêts

86 680 129 67 de
150 680 129 67 la
214 680 300 67 généralité
450 680 129 67 de
514 680 279 67 Soissons.
728 680 107 67 1
771 680 129 67 p.
836 680 150 67 pl.
921 680 193 67 in-4.
1050 680 279 67 Déchirure
1264 680 107 67 à
1307 680 129 67 la
1350 680 150 67 marge

72 728 454 73 intérieure
428 728 227 73 par
558 728 519 73 l’enlèvement
979 728 195 73 du
1077 728 357 73 cachet.
1336 728 162 73 3
1368 728 130 73 50

39 782 193 82 1048.
167 782 430 82 Boucher,
533 782 215 82 chargé
683 782 129 82 de
748 782 129 82 la
812 782 387 82 correspondance
1135 782 129 82 de
1199 782 279 82 Mirabeau,
1393 782 107 82 qui

87 843 254 61 l’appelait
286 843 181 61 son
413 843 127 61 bon
486 843 236 61 ange
667 843 109 61 L.
721 843 145 61 aut.
812 843 163 61 sig.,
921 843 109 61 au
975 843 163 61 major
1084 843 109 61 de
1138 843 109 61 la
1193 843 236 61 Bastille.
1374 843 109 61 11
1410 843 91 61 fé-

63 887 404 65 vrier
332 887 404 65 1782.
602 887 269 65 1.
736 887 269 65 p.
871 887 314 65 pl.
1050 887 404 65 in-4.
1320 887 224 65 3
1364 887 135 65 »

39 927 188 85 1049.
165 927 398 85 Bourdier
500 927 209 85 (dom),
646 927 314 85 hénédictin,
898 927 209 85 prieur
1044 927 126 85 de
1107 927 251 85 l’abbave
1296 927 126 85 de
1337 927 168 85 Saint

87 981 202 72 Denis.
228 981 121 72 L.
289 981 162 72 aut.
390 981 182 72 sig.,
511 981 101 72 à
552 981 202 72 l’abbé
693 981 222 72 Mercier
855 981 121 72 de
916 981 323 72 Saint-Léger.
1179 981 101 72 4
1219 981 222 72 février
1360 981 142 72 1775.

30 1023 388 77 1
184 1023 465 77 p.
417 1023 543 77 pl.
727 1023 698 77 in-4.
1192 1023 388 77 5
1270 1023 233 77 »

136 1086 137 60 On
205 1086 183 60 peut
319 1086 228 60 mettre
478 1086 137 60 au
547 1086 228 60 nombre
707 1086 160 60 des
798 1086 228 60 fautes
957 1086 160 60 qui
1049 1086 137 60 se
1117 1086 274 60 trouvent
1322 1086 183 60 dans
1414 1086 91 60 le

89 1132 301 61 cérémonial
325 1132 129 61 du
389 1132 193 61 sacre
518 1132 129 61 de
582 1132 150 61 nos
668 1132 193 61 rois,
797 1132 172 61 qu’a
905 1132 172 61 fait
1012 1132 258 61 imprimer
1205 1132 215 61 depuis
1356 1132 150 61 peu
1420 1132 86 61 le

90 1181 190 62 sieur
217 1181 253 62 Desprez,
407 1181 127 62 ce
470 1181 190 62 qu’on
597 1181 106 62 y
639 1181 169 62 lit,
745 1181 253 62 touchant
935 1181 127 62 le
998 1181 190 62 livre
1125 1181 148 62 des
1209 1181 232 62 prières
1357 1181 148 62 qu’on

91 1222 262 76 conserve
288 1222 175 76 dans
397 1222 131 76 le
462 1222 218 76 trésor
615 1222 131 76 de
680 1222 349 76 Saint-Denis.
964 1222 153 76 «Il
1051 1222 109 76 y
1095 1222 131 76 en
1160 1222 109 76 a
1182 1222 327 76 effectivement

95 1266 138 73 «un
174 1266 295 73 manuscripi,
410 1266 138 73 que
489 1266 118 73 je
548 1266 118 73 ne
607 1266 177 73 crois
725 1266 138 73 pas
803 1266 157 73 fort
901 1266 216 73 ancien;
1059 1266 177 73 c’est
1177 1266 118 73 un
1216 1266 295 73 Ponti

92 1327 97 52 «
130 1327 330 52 fical
402 1327 136 52 qui
479 1327 233 52 contient
654 1327 155 52 avec
751 1327 233 52 beaucoup
925 1327 252 52 d’autres,
1119 1327 136 52 les
1197 1327 213 52 prières
1352 1327 155 52 pour
1429 1327 78 52 le

90 1365 229 72 «sacre
250 1365 137 72 de
319 1365 160 72 nos
410 1365 206 72 roys,
547 1365 160 72 qui
639 1365 137 72 ne
707 1365 183 72 sont
821 1365 160 72 pas
913 1365 183 72 tout
1027 1365 114 72 à
1073 1365 183 72 fait
1187 1365 160 72 les
1278 1365 206 72 mêmes
1393 1365 114 72 que

92 1423 246 61 «celles
271 1423 179 61 dont
382 1423 134 61 on
449 1423 134 61 se
516 1423 179 61 sert
606 1423 380 61 aujourd’huy...»

48 1457 196 84 1050.
179 1457 523 84 Bourbon-Conti
636 1457 457 84 (Louise-Stéphanie
1028 1457 174 84 de).
1137 1457 131 84 L.
1202 1457 174 84 aut.
1311 1457 196 84 sig.,
1420 1457 87 84 au

96 1525 238 81 ministre
275 1525 139 81 des
354 1525 258 81 finances.
552 1525 198 81 Paris,
691 1525 119 81 11
750 1525 218 81 floréal
909 1525 119 81 an
968 1525 178 81 VIII.
1087 1525 99 81 2
1127 1525 139 81 gr.
1206 1525 119 81 p.
1265 1525 139 81 pl.
1325 1525 178 81 in

35 1585 734 48 Belle
525 1585 816 48 pièce.
1096 1585 490 48 12
1259 1585 245 48 »

143 1627 171 63 Elle
249 1627 149 63 lui
335 1627 213 63 expose
484 1627 299 63 longuement
719 1627 149 63 ses
804 1627 213 63 titres
953 1627 107 63 à
996 1627 149 63 une
1081 1627 235 63 pension
1252 1627 128 63 et
1316 1627 107 63 à
1359 1627 128 63 un
1401 1627 107 63 lo-

93 1676 225 60 gement
250 1676 157 60 aux
340 1676 202 60 frais
475 1676 135 60 de
542 1676 247 60 l’Etat.
722 1676 247 60 «Est-il
902 1676 180 60 donc
1014 1676 202 60 temps
1149 1676 135 60 de
1217 1676 270 60 hasarder
1397 1676 112 60 des

95 1723 354 58 «conjectures
383 1723 155 58 sur
471 1723 133 58 la
537 1723 221 58 vérité
692 1723 133 58 de
759 1723 155 58 mon
847 1723 155 58 nom
936 1723 133 58 et
1002 1723 133 58 de
1068 1723 155 58 mon
1157 1723 199 58 état,
1290 1723 199 58 après
1400 1723 111 58 que

94 1758 225 59 «Louis
252 1758 135 59 XV
320 1758 135 59 et
387 1758 203 59 Louis
522 1758 158 59 XVI
612 1758 203 59 l’ont
747 1758 248 59 reconnu
928 1758 135 59 et
995 1758 293 59 confirmé?
1220 1758 203 59 Apres
1333 1758 180 59 qu’ils

96 1820 183 58 «ont
210 1820 205 58 joint
347 1820 160 58 une
438 1820 342 58 distinction
712 1820 160 58 qui
804 1820 137 58 me
872 1820 251 58 plaçait
1055 1820 137 58 au
1123 1820 183 58 rang
1237 1820 160 58 des
1306 1820 205 58 membres

98 1857 148 61 «de
182 1857 127 61 la
246 1857 232 61 famille
414 1857 190 61 alors
541 1857 274 61 régnante?
752 1857 190 61 Après
878 1857 148 61 que
963 1857 190 61 Louis
1089 1857 148 61 XVI
1174 1857 232 61 m’avait
1321 1857 190 61 appellé

98 1902 133 65 «à
164 1902 133 65 la
231 1902 310 65 survivance
474 1902 133 65 de
540 1902 133 65 la
607 1902 199 65 place
740 1902 155 65 que
828 1902 221 65 madame
983 1902 133 65 de
1049 1902 266 65 Lamballe
1226 1902 288 65 remplissait

97 1960 130 55 «à
162 1960 130 55 la
228 1960 174 55 tête
336 1960 130 55 de
401 1960 130 55 la
466 1960 217 55 maison
618 1960 130 55 de
683 1960 130 55 la
727 1960 195 55 reine.»

50 1989 199 77 1051.
183 1989 332 77 Bourdier
449 1989 133 77 de
515 1989 133 77 la
582 1989 399 77 lHoulière,
914 1989 244 77 médecin
1091 1989 288 77 ordinaire
1313 1989 133 77 de
1357 1989 155 77 l’im

99 2052 262 75 pératrice
301 2052 121 75 et
361 2052 202 75 reine,
502 2052 222 75 médecin
664 2052 121 75 de
724 2052 323 75 l’Hôtel-Dicu
986 2052 121 75 de
1047 2052 202 75 Paris.
1188 2052 282 75 Certificat
1390 2052 121 75 aut.

89 2096 253 65 sig.
248 2096 317 65 Paris,
469 2096 190 65 21
564 2096 348 65 février
818 2096 285 65 1813.
1007 2096 158 65 1
1071 2096 190 65 p.
1166 2096 285 65 in-4.
1356 2096 158 65 2
1387 2096 127 65 50

55 2155 193 74 1052.
183 2155 387 74 Bourdon
506 2155 236 74 (Aimé),
677 2155 236 74 médecin
849 2155 129 74 de
914 2155 258 74 Cambrai.
1107 2155 129 74 Né
1171 2155 129 74 en
1236 2155 193 74 1638,
1365 2155 172 74 mort
1451 2155 64 74 à

102 2221 221 68 Cambrai
263 2221 120 68 en
323 2221 181 68 1706.
443 2221 201 68 Auteur
584 2221 141 68 des
664 2221 321 68 Nouvelles
925 2221 201 68 tables
1065 2221 401 68 anatomiques,
1387 2221 120 68 etc.

100 2262 319 65 Certificat
351 2262 183 65 aut.
465 2262 183 65 sig.
579 2262 137 65 17
648 2262 183 65 nov.
762 2262 205 65 1706.
899 2262 114 65 1
945 2262 137 65 p.
1013 2262 183 65 in-8
1127 2262 137 65 en
1196 2262 274 65 travers.
1401 2262 114 65 2
1424 2262 91 65 50

51 2306 206 96 1053.
188 2306 618 96 Bournon-Mfalarmc
737 2306 252 96 (Madame
920 2306 137 96 la
989 2306 320 96 comtesse),
1241 2306 252 96 célèbre
1401 2306 114 96 ro

100 2360 274 92 mancière.
311 2360 127 92 L.
374 2360 169 92 aut.
480 2360 190 92 sig.,
606 2360 127 92 au
670 2360 253 92 libraire
860 2360 253 92 Maradan.
1050 2360 211 92 Paris,
1197 2360 127 92 19
1240 2360 274 92 vendémiatre

90 2407 220 66 an
200 2407 329 66 VIII.
420 2407 183 66 1
493 2407 220 66 p.
603 2407 256 66 pl.
749 2407 329 66 in-4.
969 2407 476 66 Curieuse.
1335 2407 183 66 3
1372 2407 146 66 50

57 2456 182 71 1054.
178 2456 385 71 Brisseau
502 2456 182 71 (P.),
623 2456 243 71 médecin,
806 2456 283 71 inspecteur
1028 2456 142 71 des
1109 2456 243 71 hôpitaux
1291 2456 121 71 du
1352 2456 162 71 roi.
1433 2456 81 71 Né

108 2516 88 82 à
144 2516 282 82 Paris
373 2516 106 82 en
425 2516 158 82 1631,
531 2516 141 82 mort
619 2516 88 82 à
654 2516 282 82 Doua
883 2516 106 82 en
936 2516 158 82 1717.
1042 2516 264 82 Certificat.
1253 2516 158 82 sig.,
1341 2516 176 82 Tournav,

85 2553 253 75 22
211 2553 337 75 juin
422 2553 379 75 1693.
675 2553 464 75 Demi-p.
1012 2553 422 75 in-4.5
1307 2553 211 75 1
1349 2553 169 75 50

58 2609 183 78 1055.
180 2609 406 78 Broussais
525 2609 284 78 (Casimir),
748 2609 244 78 médecin.
931 2609 122 78 L.
992 2609 162 78 aut.
1093 2609 183 78 sig.,
1215 2609 122 78 au
1276 2609 223 78 docteur
1418 2609 102 78 Ro

96 2659 324 69 bouam.
322 2659 324 69 Paris,
549 2659 324 69 samedi
776 2659 194 69 7.
873 2659 162 69 1
938 2659 194 69 p.
1035 2659 227 69 pl.
1165 2659 292 69 in-8.
1359 2659 162 69 2
1391 2659 130 69 50

60 2712 183 86 1056.
181 2712 365 86 Calonne
486 2712 447 86 (Charles-Alexandre
872 2712 162 86 de),
973 2712 284 86 contrôleur
1196 2712 223 86 général
1359 2712 142 86 des
1420 2712 101 86 fi
