<?xml version='1.0' encoding='UTF8'?>
<alto xmlns:xsi="http://www.w3.org/2001/XMLSchema-instance" xmlns="http://www.loc.gov/standards/alto/ns-v2#" xmlns:page="http://schema.primaresearch.org/PAGE/gts/pagecontent/2013-07-15" xsi:schemaLocation="http://www.loc.gov/standards/alto/ns-v2# http://www.loc.gov/standards/alto/alto.xsd">
  <Description>
    <MeasurementUnit>mm10</MeasurementUnit>
    <sourceImageInformation>
         <fileName>113.jpg</fileName>
      </sourceImageInformation>
    <OCRProcessing ID="IdOcr">
      <ocrProcessingStep>
        <processingDateTime>2020-10-13T13:56:03.923+02:00</processingDateTime>
        <processingSoftware>
               <softwareCreator>CONTRIBUTORS</softwareCreator>
               <softwareName>pdfalto</softwareName>
               <softwareVersion>0.1</softwareVersion>
            </processingSoftware>
      </ocrProcessingStep>
    </OCRProcessing>
  </Description>
  <Styles>
     <TextStyle ID="FONT0" FONTSTYLE=""/>
     <TextStyle ID="FONT1" FONTSTYLE="bold"/>
     <TextStyle ID="FONT2" FONTSTYLE="italics"/>
</Styles>
  <Tags/>
  <Layout>
    <Page ID="Page1" PHYSICAL_IMG_NR="1" HEIGHT="2883" WIDTH="1519">
      <PrintSpace HEIGHT="2744" WIDTH="1449" VPOS="75" HPOS="25">
        <TextBlock ID="r_1_1" HEIGHT="45" WIDTH="213" VPOS="83" HPOS="658">
          <TextLine ID="tl_1" BASELINE="153" HEIGHT="102" WIDTH="232" VPOS="51" HPOS="649">
            <String HEIGHT="102" WIDTH="193" VPOS="51" HPOS="610" CONTENT="—" ID="tl_1_1" STYLEREFS="FONT0"/>
            <SP HEIGHT="102" WIDTH="39" VPOS="51" HPOS="804"/>
            <String HEIGHT="102" WIDTH="232" VPOS="51" HPOS="688" CONTENT="85" ID="tl_1_2" STYLEREFS="FONT0"/>
            <SP HEIGHT="102" WIDTH="39" VPOS="51" HPOS="920"/>
            <String HEIGHT="102" WIDTH="116" VPOS="51" HPOS="765" CONTENT="—" ID="tl_1_3" STYLEREFS="FONT0"/>
          </TextLine>
        </TextBlock>
        <TextBlock ID="r_1_2" HEIGHT="98" WIDTH="1376" VPOS="171" HPOS="88">
          <TextLine ID="tl_2" BASELINE="235" HEIGHT="97" WIDTH="1389" VPOS="138" HPOS="82">
            <String HEIGHT="97" WIDTH="255" VPOS="138" HPOS="59" CONTENT="nances." ID="tl_2_1" STYLEREFS="FONT0"/>
            <SP HEIGHT="97" WIDTH="23" VPOS="138" HPOS="314"/>
            <String HEIGHT="97" WIDTH="139" VPOS="138" HPOS="244" CONTENT="L." ID="tl_2_2" STYLEREFS="FONT0"/>
            <SP HEIGHT="97" WIDTH="23" VPOS="138" HPOS="383"/>
            <String HEIGHT="97" WIDTH="185" VPOS="138" HPOS="314" CONTENT="aut." ID="tl_2_3" STYLEREFS="FONT0"/>
            <SP HEIGHT="97" WIDTH="23" VPOS="138" HPOS="499"/>
            <String HEIGHT="97" WIDTH="208" VPOS="138" HPOS="429" CONTENT="sig.," ID="tl_2_4" STYLEREFS="FONT0"/>
            <SP HEIGHT="97" WIDTH="23" VPOS="138" HPOS="638"/>
            <String HEIGHT="97" WIDTH="116" VPOS="138" HPOS="568" CONTENT="à" ID="tl_2_5" STYLEREFS="FONT0"/>
            <SP HEIGHT="97" WIDTH="23" VPOS="138" HPOS="684"/>
            <String HEIGHT="97" WIDTH="139" VPOS="138" HPOS="614" CONTENT="M." ID="tl_2_6" STYLEREFS="FONT0"/>
            <SP HEIGHT="97" WIDTH="23" VPOS="138" HPOS="753"/>
            <String HEIGHT="97" WIDTH="139" VPOS="138" HPOS="684" CONTENT="le" ID="tl_2_7" STYLEREFS="FONT0"/>
            <SP HEIGHT="97" WIDTH="23" VPOS="138" HPOS="823"/>
            <String HEIGHT="97" WIDTH="232" VPOS="138" HPOS="753" CONTENT="prince" ID="tl_2_8" STYLEREFS="FONT0"/>
            <SP HEIGHT="97" WIDTH="23" VPOS="138" HPOS="985"/>
            <String HEIGHT="97" WIDTH="139" VPOS="138" HPOS="915" CONTENT="de" ID="tl_2_9" STYLEREFS="FONT0"/>
            <SP HEIGHT="97" WIDTH="23" VPOS="138" HPOS="1054"/>
            <String HEIGHT="97" WIDTH="301" VPOS="138" HPOS="985" CONTENT="Monbarey." ID="tl_2_10" STYLEREFS="FONT0"/>
            <SP HEIGHT="97" WIDTH="23" VPOS="138" HPOS="1286"/>
            <String HEIGHT="97" WIDTH="278" VPOS="138" HPOS="1193" CONTENT="Dunkerque," ID="tl_2_11" STYLEREFS="FONT0"/>
          </TextLine>
          <TextLine ID="tl_3" BASELINE="281" HEIGHT="66" WIDTH="1391" VPOS="215" HPOS="80">
            <String HEIGHT="66" WIDTH="224" VPOS="215" HPOS="35" CONTENT="7" ID="tl_3_1" STYLEREFS="FONT0"/>
            <SP HEIGHT="66" WIDTH="45" VPOS="215" HPOS="259"/>
            <String HEIGHT="66" WIDTH="359" VPOS="215" HPOS="125" CONTENT="août" ID="tl_3_2" STYLEREFS="FONT0"/>
            <SP HEIGHT="66" WIDTH="45" VPOS="215" HPOS="484"/>
            <String HEIGHT="66" WIDTH="404" VPOS="215" HPOS="349" CONTENT="1780." ID="tl_3_3" STYLEREFS="FONT0"/>
            <SP HEIGHT="66" WIDTH="45" VPOS="215" HPOS="753"/>
            <String HEIGHT="66" WIDTH="224" VPOS="215" HPOS="618" CONTENT="2" ID="tl_3_4" STYLEREFS="FONT0"/>
            <SP HEIGHT="66" WIDTH="45" VPOS="215" HPOS="843"/>
            <String HEIGHT="66" WIDTH="269" VPOS="215" HPOS="708" CONTENT="p." ID="tl_3_5" STYLEREFS="FONT0"/>
            <SP HEIGHT="66" WIDTH="45" VPOS="215" HPOS="977"/>
            <String HEIGHT="66" WIDTH="314" VPOS="215" HPOS="843" CONTENT="pl." ID="tl_3_6" STYLEREFS="FONT0"/>
            <SP HEIGHT="66" WIDTH="45" VPOS="215" HPOS="1157"/>
            <String HEIGHT="66" WIDTH="404" VPOS="215" HPOS="1022" CONTENT="in-4." ID="tl_3_7" STYLEREFS="FONT0"/>
            <SP HEIGHT="66" WIDTH="45" VPOS="215" HPOS="1426"/>
            <String HEIGHT="66" WIDTH="224" VPOS="215" HPOS="1292" CONTENT="4" ID="tl_3_8" STYLEREFS="FONT0"/>
            <SP HEIGHT="66" WIDTH="45" VPOS="215" HPOS="1516"/>
            <String HEIGHT="66" WIDTH="135" VPOS="215" HPOS="1336" CONTENT="»" ID="tl_3_9" STYLEREFS="FONT0"/>
          </TextLine>
        </TextBlock>
        <TextBlock ID="r_1_3" HEIGHT="48" WIDTH="1071" VPOS="268" HPOS="134">
          <TextLine ID="tl_4" BASELINE="328" HEIGHT="62" WIDTH="1087" VPOS="266" HPOS="126">
            <String HEIGHT="62" WIDTH="136" VPOS="266" HPOS="103" CONTENT="Au" ID="tl_4_1" STYLEREFS="FONT0"/>
            <SP HEIGHT="62" WIDTH="23" VPOS="266" HPOS="239"/>
            <String HEIGHT="62" WIDTH="204" VPOS="266" HPOS="171" CONTENT="sujet" ID="tl_4_2" STYLEREFS="FONT0"/>
            <SP HEIGHT="62" WIDTH="23" VPOS="266" HPOS="375"/>
            <String HEIGHT="62" WIDTH="159" VPOS="266" HPOS="307" CONTENT="des" ID="tl_4_3" STYLEREFS="FONT0"/>
            <SP HEIGHT="62" WIDTH="23" VPOS="266" HPOS="466"/>
            <String HEIGHT="62" WIDTH="385" VPOS="266" HPOS="398" CONTENT="dénonciations" ID="tl_4_4" STYLEREFS="FONT0"/>
            <SP HEIGHT="62" WIDTH="23" VPOS="266" HPOS="783"/>
            <String HEIGHT="62" WIDTH="181" VPOS="266" HPOS="715" CONTENT="d’un" ID="tl_4_5" STYLEREFS="FONT0"/>
            <SP HEIGHT="62" WIDTH="23" VPOS="266" HPOS="896"/>
            <String HEIGHT="62" WIDTH="204" VPOS="266" HPOS="828" CONTENT="nommé" ID="tl_4_6" STYLEREFS="FONT0"/>
            <SP HEIGHT="62" WIDTH="23" VPOS="266" HPOS="1032"/>
            <String HEIGHT="62" WIDTH="272" VPOS="266" HPOS="941" CONTENT="Desalmons." ID="tl_4_7" STYLEREFS="FONT0"/>
          </TextLine>
        </TextBlock>
        <TextBlock ID="r_1_4" HEIGHT="146" WIDTH="1428" VPOS="322" HPOS="39">
          <TextLine ID="tl_5" BASELINE="374" HEIGHT="69" WIDTH="1441" VPOS="305" HPOS="32">
            <String HEIGHT="69" WIDTH="166" VPOS="305" HPOS="14" CONTENT="1057." ID="tl_5_1" STYLEREFS="FONT0"/>
            <SP HEIGHT="69" WIDTH="18" VPOS="305" HPOS="180"/>
            <String HEIGHT="69" WIDTH="333" VPOS="305" HPOS="124" CONTENT="Capelle" ID="tl_5_2" STYLEREFS="FONT1"/>
            <SP HEIGHT="69" WIDTH="18" VPOS="305" HPOS="457"/>
            <String HEIGHT="69" WIDTH="222" VPOS="305" HPOS="401" CONTENT="(Marie)," ID="tl_5_3" STYLEREFS="FONT0"/>
            <SP HEIGHT="69" WIDTH="18" VPOS="305" HPOS="623"/>
            <String HEIGHT="69" WIDTH="166" VPOS="305" HPOS="568" CONTENT="veuve" ID="tl_5_4" STYLEREFS="FONT0"/>
            <SP HEIGHT="69" WIDTH="18" VPOS="305" HPOS="734"/>
            <String HEIGHT="69" WIDTH="351" VPOS="305" HPOS="679" CONTENT="Lafarge" ID="tl_5_5" STYLEREFS="FONT2"/>
            <SP HEIGHT="69" WIDTH="18" VPOS="305" HPOS="1030"/>
            <String HEIGHT="69" WIDTH="240" VPOS="305" HPOS="974" CONTENT="condamnée" ID="tl_5_6" STYLEREFS="FONT0"/>
            <SP HEIGHT="69" WIDTH="18" VPOS="305" HPOS="1214"/>
            <String HEIGHT="69" WIDTH="148" VPOS="305" HPOS="1159" CONTENT="pour" ID="tl_5_7" STYLEREFS="FONT0"/>
            <SP HEIGHT="69" WIDTH="18" VPOS="305" HPOS="1307"/>
            <String HEIGHT="69" WIDTH="166" VPOS="305" HPOS="1251" CONTENT="crime" ID="tl_5_8" STYLEREFS="FONT0"/>
            <SP HEIGHT="69" WIDTH="18" VPOS="305" HPOS="1418"/>
            <String HEIGHT="69" WIDTH="129" VPOS="305" HPOS="1344" CONTENT="d’em" SUBS_TYPE="HypPart1" SUBS_CONTENT="d’empoisonnement" ID="tl_5_9" STYLEREFS="FONT0"/>
            <HYP CONTENT="-"/>
          </TextLine>
          <TextLine ID="tl_6" BASELINE="424" HEIGHT="62" WIDTH="1393" VPOS="362" HPOS="80">
            <String HEIGHT="62" WIDTH="314" VPOS="362" HPOS="60" CONTENT="poisonnement" SUBS_TYPE="HypPart2" SUBS_CONTENT="d’empoisonnement" ID="tl_6_1" STYLEREFS="FONT0"/>
            <SP HEIGHT="62" WIDTH="20" VPOS="362" HPOS="374"/>
            <String HEIGHT="62" WIDTH="137" VPOS="362" HPOS="315" CONTENT="sur" ID="tl_6_2" STYLEREFS="FONT0"/>
            <SP HEIGHT="62" WIDTH="20" VPOS="362" HPOS="453"/>
            <String HEIGHT="62" WIDTH="118" VPOS="362" HPOS="394" CONTENT="la" ID="tl_6_3" STYLEREFS="FONT0"/>
            <SP HEIGHT="62" WIDTH="20" VPOS="362" HPOS="512"/>
            <String HEIGHT="62" WIDTH="235" VPOS="362" HPOS="453" CONTENT="personne" ID="tl_6_4" STYLEREFS="FONT0"/>
            <SP HEIGHT="62" WIDTH="20" VPOS="362" HPOS="688"/>
            <String HEIGHT="62" WIDTH="118" VPOS="362" HPOS="629" CONTENT="de" ID="tl_6_5" STYLEREFS="FONT0"/>
            <SP HEIGHT="62" WIDTH="20" VPOS="362" HPOS="747"/>
            <String HEIGHT="62" WIDTH="137" VPOS="362" HPOS="688" CONTENT="son" ID="tl_6_6" STYLEREFS="FONT0"/>
            <SP HEIGHT="62" WIDTH="20" VPOS="362" HPOS="826"/>
            <String HEIGHT="62" WIDTH="177" VPOS="362" HPOS="767" CONTENT="mari." ID="tl_6_7" STYLEREFS="FONT0"/>
            <SP HEIGHT="62" WIDTH="20" VPOS="362" HPOS="943"/>
            <String HEIGHT="62" WIDTH="118" VPOS="362" HPOS="884" CONTENT="L." ID="tl_6_8" STYLEREFS="FONT0"/>
            <SP HEIGHT="62" WIDTH="20" VPOS="362" HPOS="1002"/>
            <String HEIGHT="62" WIDTH="118" VPOS="362" HPOS="943" CONTENT="a." ID="tl_6_9" STYLEREFS="FONT0"/>
            <SP HEIGHT="62" WIDTH="20" VPOS="362" HPOS="1061"/>
            <String HEIGHT="62" WIDTH="118" VPOS="362" HPOS="1002" CONTENT="s." ID="tl_6_10" STYLEREFS="FONT0"/>
            <SP HEIGHT="62" WIDTH="20" VPOS="362" HPOS="1120"/>
            <String HEIGHT="62" WIDTH="314" VPOS="362" HPOS="1061" CONTENT="Marie" ID="tl_6_11" STYLEREFS="FONT2"/>
            <SP HEIGHT="62" WIDTH="20" VPOS="362" HPOS="1375"/>
            <String HEIGHT="62" WIDTH="177" VPOS="362" HPOS="1296" CONTENT="(écrite" ID="tl_6_12" STYLEREFS="FONT0"/>
          </TextLine>
          <TextLine ID="tl_7" BASELINE="475" HEIGHT="63" WIDTH="1397" VPOS="412" HPOS="79">
            <String HEIGHT="63" WIDTH="140" VPOS="412" HPOS="56" CONTENT="de" ID="tl_7_1" STYLEREFS="FONT0"/>
            <SP HEIGHT="63" WIDTH="23" VPOS="412" HPOS="195"/>
            <String HEIGHT="63" WIDTH="140" VPOS="412" HPOS="126" CONTENT="sa" ID="tl_7_2" STYLEREFS="FONT0"/>
            <SP HEIGHT="63" WIDTH="23" VPOS="412" HPOS="265"/>
            <String HEIGHT="63" WIDTH="279" VPOS="412" HPOS="195" CONTENT="prison)," ID="tl_7_3" STYLEREFS="FONT0"/>
            <SP HEIGHT="63" WIDTH="23" VPOS="412" HPOS="475"/>
            <String HEIGHT="63" WIDTH="116" VPOS="412" HPOS="405" CONTENT="à" ID="tl_7_4" STYLEREFS="FONT0"/>
            <SP HEIGHT="63" WIDTH="23" VPOS="412" HPOS="521"/>
            <String HEIGHT="63" WIDTH="186" VPOS="412" HPOS="452" CONTENT="M..." ID="tl_7_5" STYLEREFS="FONT0"/>
            <SP HEIGHT="63" WIDTH="23" VPOS="412" HPOS="638"/>
            <String HEIGHT="63" WIDTH="116" VPOS="412" HPOS="568" CONTENT="1" ID="tl_7_6" STYLEREFS="FONT0"/>
            <SP HEIGHT="63" WIDTH="23" VPOS="412" HPOS="684"/>
            <String HEIGHT="63" WIDTH="140" VPOS="412" HPOS="615" CONTENT="p." ID="tl_7_7" STYLEREFS="FONT0"/>
            <SP HEIGHT="63" WIDTH="23" VPOS="412" HPOS="754"/>
            <String HEIGHT="63" WIDTH="163" VPOS="412" HPOS="684" CONTENT="pl." ID="tl_7_8" STYLEREFS="FONT0"/>
            <SP HEIGHT="63" WIDTH="23" VPOS="412" HPOS="847"/>
            <String HEIGHT="63" WIDTH="140" VPOS="412" HPOS="777" CONTENT="et" ID="tl_7_9" STYLEREFS="FONT0"/>
            <SP HEIGHT="63" WIDTH="23" VPOS="412" HPOS="917"/>
            <String HEIGHT="63" WIDTH="210" VPOS="412" HPOS="847" CONTENT="demie" ID="tl_7_10" STYLEREFS="FONT0"/>
            <SP HEIGHT="63" WIDTH="23" VPOS="412" HPOS="1057"/>
            <String HEIGHT="63" WIDTH="210" VPOS="412" HPOS="987" CONTENT="in-8." ID="tl_7_11" STYLEREFS="FONT0"/>
            <SP HEIGHT="63" WIDTH="23" VPOS="412" HPOS="1197"/>
            <String HEIGHT="63" WIDTH="303" VPOS="412" HPOS="1127" CONTENT="Curieuse." ID="tl_7_12" STYLEREFS="FONT0"/>
            <SP HEIGHT="63" WIDTH="23" VPOS="412" HPOS="1429"/>
            <String HEIGHT="63" WIDTH="116" VPOS="412" HPOS="1360" CONTENT="6" ID="tl_7_13" STYLEREFS="FONT0"/>
            <SP HEIGHT="63" WIDTH="23" VPOS="412" HPOS="1476"/>
            <String HEIGHT="63" WIDTH="93" VPOS="412" HPOS="1383" CONTENT="50" ID="tl_7_14" STYLEREFS="FONT0"/>
          </TextLine>
        </TextBlock>
        <TextBlock ID="r_1_5" HEIGHT="99" WIDTH="1427" VPOS="471" HPOS="38">
          <TextLine ID="tl_8" BASELINE="533" HEIGHT="73" WIDTH="1444" VPOS="460" HPOS="30">
            <String HEIGHT="73" WIDTH="181" VPOS="460" HPOS="10" CONTENT="1058." ID="tl_8_1" STYLEREFS="FONT0"/>
            <SP HEIGHT="73" WIDTH="20" VPOS="460" HPOS="190"/>
            <String HEIGHT="73" WIDTH="321" VPOS="460" HPOS="130" CONTENT="Catherine" ID="tl_8_2" STYLEREFS="FONT1"/>
            <SP HEIGHT="73" WIDTH="20" VPOS="460" HPOS="451"/>
            <String HEIGHT="73" WIDTH="241" VPOS="460" HPOS="391" CONTENT="II," ID="tl_8_3" STYLEREFS="FONT1"/>
            <SP HEIGHT="73" WIDTH="20" VPOS="460" HPOS="632"/>
            <String HEIGHT="73" WIDTH="301" VPOS="460" HPOS="571" CONTENT="impératrice" ID="tl_8_4" STYLEREFS="FONT0"/>
            <SP HEIGHT="73" WIDTH="20" VPOS="460" HPOS="872"/>
            <String HEIGHT="73" WIDTH="120" VPOS="460" HPOS="812" CONTENT="de" ID="tl_8_5" STYLEREFS="FONT0"/>
            <SP HEIGHT="73" WIDTH="20" VPOS="460" HPOS="933"/>
            <String HEIGHT="73" WIDTH="221" VPOS="460" HPOS="872" CONTENT="Russie." ID="tl_8_6" STYLEREFS="FONT0"/>
            <SP HEIGHT="73" WIDTH="20" VPOS="460" HPOS="1093"/>
            <String HEIGHT="73" WIDTH="120" VPOS="460" HPOS="1033" CONTENT="Sa" ID="tl_8_7" STYLEREFS="FONT0"/>
            <SP HEIGHT="73" WIDTH="20" VPOS="460" HPOS="1153"/>
            <String HEIGHT="73" WIDTH="261" VPOS="460" HPOS="1093" CONTENT="signature" ID="tl_8_8" STYLEREFS="FONT0"/>
            <SP HEIGHT="73" WIDTH="20" VPOS="460" HPOS="1354"/>
            <String HEIGHT="73" WIDTH="120" VPOS="460" HPOS="1294" CONTENT="en" ID="tl_8_9" STYLEREFS="FONT0"/>
            <SP HEIGHT="73" WIDTH="20" VPOS="460" HPOS="1414"/>
            <String HEIGHT="73" WIDTH="140" VPOS="460" HPOS="1334" CONTENT="russe" ID="tl_8_10" STYLEREFS="FONT0"/>
          </TextLine>
          <TextLine ID="tl_9" BASELINE="576" HEIGHT="65" WIDTH="1395" VPOS="511" HPOS="77">
            <String HEIGHT="65" WIDTH="211" VPOS="511" HPOS="51" CONTENT="(sur" ID="tl_9_1" STYLEREFS="FONT0"/>
            <SP HEIGHT="65" WIDTH="26" VPOS="511" HPOS="261"/>
            <String HEIGHT="65" WIDTH="395" VPOS="511" HPOS="182" CONTENT="parchemin)," ID="tl_9_2" STYLEREFS="FONT0"/>
            <SP HEIGHT="65" WIDTH="26" VPOS="511" HPOS="577"/>
            <String HEIGHT="65" WIDTH="316" VPOS="511" HPOS="498" CONTENT="découpée" ID="tl_9_3" STYLEREFS="FONT0"/>
            <SP HEIGHT="65" WIDTH="26" VPOS="511" HPOS="814"/>
            <String HEIGHT="65" WIDTH="237" VPOS="511" HPOS="735" CONTENT="d’une" ID="tl_9_4" STYLEREFS="FONT0"/>
            <SP HEIGHT="65" WIDTH="26" VPOS="511" HPOS="972"/>
            <String HEIGHT="65" WIDTH="237" VPOS="511" HPOS="893" CONTENT="pièce" ID="tl_9_5" STYLEREFS="FONT0"/>
            <SP HEIGHT="65" WIDTH="26" VPOS="511" HPOS="1130"/>
            <String HEIGHT="65" WIDTH="395" VPOS="511" HPOS="1051" CONTENT="officielle." ID="tl_9_6" STYLEREFS="FONT0"/>
            <SP HEIGHT="65" WIDTH="26" VPOS="511" HPOS="1446"/>
            <String HEIGHT="65" WIDTH="132" VPOS="511" HPOS="1367" CONTENT="5" ID="tl_9_7" STYLEREFS="FONT0"/>
            <SP HEIGHT="65" WIDTH="26" VPOS="511" HPOS="1498"/>
            <String HEIGHT="65" WIDTH="79" VPOS="511" HPOS="1393" CONTENT="»" ID="tl_9_8" STYLEREFS="FONT0"/>
          </TextLine>
        </TextBlock>
        <TextBlock ID="r_1_6" HEIGHT="146" WIDTH="1425" VPOS="573" HPOS="38">
          <TextLine ID="tl_10" BASELINE="635" HEIGHT="88" WIDTH="1439" VPOS="547" HPOS="31">
            <String HEIGHT="88" WIDTH="193" VPOS="547" HPOS="10" CONTENT="1059." ID="tl_10_1" STYLEREFS="FONT0"/>
            <SP HEIGHT="88" WIDTH="21" VPOS="547" HPOS="203"/>
            <String HEIGHT="88" WIDTH="322" VPOS="547" HPOS="138" CONTENT="Célestin" ID="tl_10_2" STYLEREFS="FONT1"/>
            <SP HEIGHT="88" WIDTH="21" VPOS="547" HPOS="461"/>
            <String HEIGHT="88" WIDTH="129" VPOS="547" HPOS="396" CONTENT="de" ID="tl_10_3" STYLEREFS="FONT1"/>
            <SP HEIGHT="88" WIDTH="21" VPOS="547" HPOS="525"/>
            <String HEIGHT="88" WIDTH="258" VPOS="547" HPOS="461" CONTENT="Jong" ID="tl_10_4" STYLEREFS="FONT1"/>
            <SP HEIGHT="88" WIDTH="21" VPOS="547" HPOS="718"/>
            <String HEIGHT="88" WIDTH="215" VPOS="547" HPOS="654" CONTENT="(dom)," ID="tl_10_5" STYLEREFS="FONT0"/>
            <SP HEIGHT="88" WIDTH="21" VPOS="547" HPOS="869"/>
            <String HEIGHT="88" WIDTH="193" VPOS="547" HPOS="804" CONTENT="moine" ID="tl_10_6" STYLEREFS="FONT0"/>
            <SP HEIGHT="88" WIDTH="21" VPOS="547" HPOS="997"/>
            <String HEIGHT="88" WIDTH="129" VPOS="547" HPOS="933" CONTENT="de" ID="tl_10_7" STYLEREFS="FONT0"/>
            <SP HEIGHT="88" WIDTH="21" VPOS="547" HPOS="1062"/>
            <String HEIGHT="88" WIDTH="258" VPOS="547" HPOS="997" CONTENT="l’abbaye" ID="tl_10_8" STYLEREFS="FONT0"/>
            <SP HEIGHT="88" WIDTH="21" VPOS="547" HPOS="1255"/>
            <String HEIGHT="88" WIDTH="129" VPOS="547" HPOS="1191" CONTENT="de" ID="tl_10_9" STYLEREFS="FONT0"/>
            <SP HEIGHT="88" WIDTH="21" VPOS="547" HPOS="1320"/>
            <String HEIGHT="88" WIDTH="215" VPOS="547" HPOS="1255" CONTENT="Clunv." ID="tl_10_10" STYLEREFS="FONT0"/>
            <SP HEIGHT="88" WIDTH="21" VPOS="547" HPOS="1470"/>
            <String HEIGHT="88" WIDTH="86" VPOS="547" HPOS="1384" CONTENT="L." ID="tl_10_11" STYLEREFS="FONT0"/>
          </TextLine>
          <TextLine ID="tl_11" BASELINE="695" HEIGHT="75" WIDTH="1391" VPOS="620" HPOS="79">
            <String HEIGHT="75" WIDTH="159" VPOS="620" HPOS="59" CONTENT="aut." ID="tl_11_1" STYLEREFS="FONT0"/>
            <SP HEIGHT="75" WIDTH="20" VPOS="620" HPOS="218"/>
            <String HEIGHT="75" WIDTH="179" VPOS="620" HPOS="158" CONTENT="sig.," ID="tl_11_2" STYLEREFS="FONT0"/>
            <SP HEIGHT="75" WIDTH="20" VPOS="620" HPOS="337"/>
            <String HEIGHT="75" WIDTH="119" VPOS="620" HPOS="278" CONTENT="au" ID="tl_11_3" STYLEREFS="FONT0"/>
            <SP HEIGHT="75" WIDTH="20" VPOS="620" HPOS="397"/>
            <String HEIGHT="75" WIDTH="139" VPOS="620" HPOS="337" CONTENT="duc" ID="tl_11_4" STYLEREFS="FONT0"/>
            <SP HEIGHT="75" WIDTH="20" VPOS="620" HPOS="476"/>
            <String HEIGHT="75" WIDTH="119" VPOS="620" HPOS="417" CONTENT="de" ID="tl_11_5" STYLEREFS="FONT0"/>
            <SP HEIGHT="75" WIDTH="20" VPOS="620" HPOS="536"/>
            <String HEIGHT="75" WIDTH="258" VPOS="620" HPOS="476" CONTENT="Bouillon." ID="tl_11_6" STYLEREFS="FONT0"/>
            <SP HEIGHT="75" WIDTH="20" VPOS="620" HPOS="735"/>
            <String HEIGHT="75" WIDTH="119" VPOS="620" HPOS="675" CONTENT="Du" ID="tl_11_7" STYLEREFS="FONT0"/>
            <SP HEIGHT="75" WIDTH="20" VPOS="620" HPOS="794"/>
            <String HEIGHT="75" WIDTH="219" VPOS="620" HPOS="735" CONTENT="collège" ID="tl_11_8" STYLEREFS="FONT0"/>
            <SP HEIGHT="75" WIDTH="20" VPOS="620" HPOS="953"/>
            <String HEIGHT="75" WIDTH="119" VPOS="620" HPOS="894" CONTENT="de" ID="tl_11_9" STYLEREFS="FONT0"/>
            <SP HEIGHT="75" WIDTH="20" VPOS="620" HPOS="1013"/>
            <String HEIGHT="75" WIDTH="199" VPOS="620" HPOS="953" CONTENT="Cluny," ID="tl_11_10" STYLEREFS="FONT0"/>
            <SP HEIGHT="75" WIDTH="20" VPOS="620" HPOS="1152"/>
            <String HEIGHT="75" WIDTH="119" VPOS="620" HPOS="1092" CONTENT="le" ID="tl_11_11" STYLEREFS="FONT0"/>
            <SP HEIGHT="75" WIDTH="20" VPOS="620" HPOS="1212"/>
            <String HEIGHT="75" WIDTH="99" VPOS="620" HPOS="1152" CONTENT="8" ID="tl_11_12" STYLEREFS="FONT0"/>
            <SP HEIGHT="75" WIDTH="20" VPOS="620" HPOS="1251"/>
            <String HEIGHT="75" WIDTH="219" VPOS="620" HPOS="1192" CONTENT="juillet" ID="tl_11_13" STYLEREFS="FONT0"/>
            <SP HEIGHT="75" WIDTH="20" VPOS="620" HPOS="1410"/>
            <String HEIGHT="75" WIDTH="139" VPOS="620" HPOS="1331" CONTENT="1727." ID="tl_11_14" STYLEREFS="FONT0"/>
          </TextLine>
          <TextLine ID="tl_12" BASELINE="715" HEIGHT="55" WIDTH="1393" VPOS="660" HPOS="78">
            <String HEIGHT="55" WIDTH="464" VPOS="660" HPOS="-15" CONTENT="3" ID="tl_12_1" STYLEREFS="FONT0"/>
            <SP HEIGHT="55" WIDTH="93" VPOS="660" HPOS="449"/>
            <String HEIGHT="55" WIDTH="557" VPOS="660" HPOS="171" CONTENT="p." ID="tl_12_2" STYLEREFS="FONT0"/>
            <SP HEIGHT="55" WIDTH="93" VPOS="660" HPOS="728"/>
            <String HEIGHT="55" WIDTH="836" VPOS="660" HPOS="449" CONTENT="in-4." ID="tl_12_3" STYLEREFS="FONT0"/>
            <SP HEIGHT="55" WIDTH="93" VPOS="660" HPOS="1285"/>
            <String HEIGHT="55" WIDTH="464" VPOS="660" HPOS="1007" CONTENT="3" ID="tl_12_4" STYLEREFS="FONT0"/>
            <SP HEIGHT="55" WIDTH="93" VPOS="660" HPOS="1471"/>
            <String HEIGHT="55" WIDTH="371" VPOS="660" HPOS="1100" CONTENT="50" ID="tl_12_5" STYLEREFS="FONT0"/>
          </TextLine>
        </TextBlock>
        <TextBlock ID="r_1_7" HEIGHT="50" WIDTH="1427" VPOS="717" HPOS="38">
          <TextLine ID="tl_13" BASELINE="762" HEIGHT="66" WIDTH="1444" VPOS="696" HPOS="30">
            <String HEIGHT="66" WIDTH="191" VPOS="696" HPOS="9" CONTENT="1060." ID="tl_13_1" STYLEREFS="FONT0"/>
            <SP HEIGHT="66" WIDTH="21" VPOS="696" HPOS="200"/>
            <String HEIGHT="66" WIDTH="382" VPOS="696" HPOS="136" CONTENT="Chapuis" ID="tl_13_2" STYLEREFS="FONT1"/>
            <SP HEIGHT="66" WIDTH="21" VPOS="696" HPOS="518"/>
            <String HEIGHT="66" WIDTH="212" VPOS="696" HPOS="455" CONTENT="(dom)," ID="tl_13_3" STYLEREFS="FONT0"/>
            <SP HEIGHT="66" WIDTH="21" VPOS="696" HPOS="667"/>
            <String HEIGHT="66" WIDTH="319" VPOS="696" HPOS="603" CONTENT="bénédictin," ID="tl_13_4" STYLEREFS="FONT0"/>
            <SP HEIGHT="66" WIDTH="21" VPOS="696" HPOS="922"/>
            <String HEIGHT="66" WIDTH="212" VPOS="696" HPOS="858" CONTENT="prieur" ID="tl_13_5" STYLEREFS="FONT0"/>
            <SP HEIGHT="66" WIDTH="21" VPOS="696" HPOS="1071"/>
            <String HEIGHT="66" WIDTH="127" VPOS="696" HPOS="1007" CONTENT="de" ID="tl_13_6" STYLEREFS="FONT0"/>
            <SP HEIGHT="66" WIDTH="21" VPOS="696" HPOS="1134"/>
            <String HEIGHT="66" WIDTH="255" VPOS="696" HPOS="1071" CONTENT="l’abbaye" ID="tl_13_7" STYLEREFS="FONT0"/>
            <SP HEIGHT="66" WIDTH="21" VPOS="696" HPOS="1325"/>
            <String HEIGHT="66" WIDTH="127" VPOS="696" HPOS="1262" CONTENT="de" ID="tl_13_8" STYLEREFS="FONT0"/>
            <SP HEIGHT="66" WIDTH="21" VPOS="696" HPOS="1389"/>
            <String HEIGHT="66" WIDTH="170" VPOS="696" HPOS="1304" CONTENT="Saint" ID="tl_13_9" STYLEREFS="FONT0"/>
          </TextLine>
        </TextBlock>
        <TextBlock ID="r_1_8" HEIGHT="98" WIDTH="1380" VPOS="764" HPOS="85">
          <TextLine ID="tl_14" BASELINE="821" HEIGHT="64" WIDTH="1396" VPOS="757" HPOS="77">
            <String HEIGHT="64" WIDTH="225" VPOS="757" HPOS="54" CONTENT="Allyre" ID="tl_14_1" STYLEREFS="FONT0"/>
            <SP HEIGHT="64" WIDTH="23" VPOS="757" HPOS="280"/>
            <String HEIGHT="64" WIDTH="135" VPOS="757" HPOS="212" CONTENT="de" ID="tl_14_2" STYLEREFS="FONT0"/>
            <SP HEIGHT="64" WIDTH="23" VPOS="757" HPOS="347"/>
            <String HEIGHT="64" WIDTH="473" VPOS="757" HPOS="280" CONTENT="Clermont-Ferrand." ID="tl_14_3" STYLEREFS="FONT0"/>
            <SP HEIGHT="64" WIDTH="23" VPOS="757" HPOS="752"/>
            <String HEIGHT="64" WIDTH="135" VPOS="757" HPOS="685" CONTENT="L." ID="tl_14_4" STYLEREFS="FONT0"/>
            <SP HEIGHT="64" WIDTH="23" VPOS="757" HPOS="820"/>
            <String HEIGHT="64" WIDTH="180" VPOS="757" HPOS="752" CONTENT="aut." ID="tl_14_5" STYLEREFS="FONT0"/>
            <SP HEIGHT="64" WIDTH="23" VPOS="757" HPOS="933"/>
            <String HEIGHT="64" WIDTH="203" VPOS="757" HPOS="865" CONTENT="sig.," ID="tl_14_6" STYLEREFS="FONT0"/>
            <SP HEIGHT="64" WIDTH="23" VPOS="757" HPOS="1068"/>
            <String HEIGHT="64" WIDTH="113" VPOS="757" HPOS="1000" CONTENT="à" ID="tl_14_7" STYLEREFS="FONT0"/>
            <SP HEIGHT="64" WIDTH="23" VPOS="757" HPOS="1113"/>
            <String HEIGHT="64" WIDTH="180" VPOS="757" HPOS="1045" CONTENT="M..." ID="tl_14_8" STYLEREFS="FONT0"/>
            <SP HEIGHT="64" WIDTH="23" VPOS="757" HPOS="1225"/>
            <String HEIGHT="64" WIDTH="338" VPOS="757" HPOS="1135" CONTENT="Clermond" SUBS_TYPE="HypPart1" SUBS_CONTENT="Clermondrand," ID="tl_14_9" STYLEREFS="FONT0"/>
            <HYP CONTENT="-"/>
          </TextLine>
          <TextLine ID="tl_15" BASELINE="874" HEIGHT="67" WIDTH="1395" VPOS="807" HPOS="76">
            <String HEIGHT="67" WIDTH="339" VPOS="807" HPOS="38" CONTENT="rand," SUBS_TYPE="HypPart2" SUBS_CONTENT="Clermondrand," ID="tl_15_1" STYLEREFS="FONT0"/>
            <SP HEIGHT="67" WIDTH="38" VPOS="807" HPOS="378"/>
            <String HEIGHT="67" WIDTH="226" VPOS="807" HPOS="265" CONTENT="le" ID="tl_15_2" STYLEREFS="FONT0"/>
            <SP HEIGHT="67" WIDTH="38" VPOS="807" HPOS="491"/>
            <String HEIGHT="67" WIDTH="226" VPOS="807" HPOS="378" CONTENT="22" ID="tl_15_3" STYLEREFS="FONT0"/>
            <SP HEIGHT="67" WIDTH="38" VPOS="807" HPOS="604"/>
            <String HEIGHT="67" WIDTH="302" VPOS="807" HPOS="491" CONTENT="nov." ID="tl_15_4" STYLEREFS="FONT0"/>
            <SP HEIGHT="67" WIDTH="38" VPOS="807" HPOS="792"/>
            <String HEIGHT="67" WIDTH="339" VPOS="807" HPOS="679" CONTENT="1779." ID="tl_15_5" STYLEREFS="FONT0"/>
            <SP HEIGHT="67" WIDTH="38" VPOS="807" HPOS="1019"/>
            <String HEIGHT="67" WIDTH="189" VPOS="807" HPOS="905" CONTENT="2" ID="tl_15_6" STYLEREFS="FONT0"/>
            <SP HEIGHT="67" WIDTH="38" VPOS="807" HPOS="1094"/>
            <String HEIGHT="67" WIDTH="226" VPOS="807" HPOS="981" CONTENT="p." ID="tl_15_7" STYLEREFS="FONT0"/>
            <SP HEIGHT="67" WIDTH="38" VPOS="807" HPOS="1207"/>
            <String HEIGHT="67" WIDTH="339" VPOS="807" HPOS="1094" CONTENT="in-4." ID="tl_15_8" STYLEREFS="FONT0"/>
            <SP HEIGHT="67" WIDTH="38" VPOS="807" HPOS="1433"/>
            <String HEIGHT="67" WIDTH="189" VPOS="807" HPOS="1320" CONTENT="3" ID="tl_15_9" STYLEREFS="FONT0"/>
            <SP HEIGHT="67" WIDTH="38" VPOS="807" HPOS="1509"/>
            <String HEIGHT="67" WIDTH="113" VPOS="807" HPOS="1358" CONTENT="»" ID="tl_15_10" STYLEREFS="FONT0"/>
          </TextLine>
        </TextBlock>
        <TextBlock ID="r_1_9" HEIGHT="49" WIDTH="998" VPOS="861" HPOS="130">
          <TextLine ID="tl_16" BASELINE="906" HEIGHT="53" WIDTH="1013" VPOS="853" HPOS="123">
            <String HEIGHT="53" WIDTH="308" VPOS="853" HPOS="101" CONTENT="Concernant" ID="tl_16_1" STYLEREFS="FONT0"/>
            <SP HEIGHT="53" WIDTH="22" VPOS="853" HPOS="409"/>
            <String HEIGHT="53" WIDTH="132" VPOS="853" HPOS="343" CONTENT="le" ID="tl_16_2" STYLEREFS="FONT0"/>
            <SP HEIGHT="53" WIDTH="22" VPOS="853" HPOS="475"/>
            <String HEIGHT="53" WIDTH="220" VPOS="853" HPOS="409" CONTENT="procès" ID="tl_16_3" STYLEREFS="FONT0"/>
            <SP HEIGHT="53" WIDTH="22" VPOS="853" HPOS="630"/>
            <String HEIGHT="53" WIDTH="154" VPOS="853" HPOS="563" CONTENT="des" ID="tl_16_4" STYLEREFS="FONT0"/>
            <SP HEIGHT="53" WIDTH="22" VPOS="853" HPOS="718"/>
            <String HEIGHT="53" WIDTH="286" VPOS="853" HPOS="652" CONTENT="chanoines" ID="tl_16_5" STYLEREFS="FONT0"/>
            <SP HEIGHT="53" WIDTH="22" VPOS="853" HPOS="938"/>
            <String HEIGHT="53" WIDTH="132" VPOS="853" HPOS="872" CONTENT="de" ID="tl_16_6" STYLEREFS="FONT0"/>
            <SP HEIGHT="53" WIDTH="22" VPOS="853" HPOS="1004"/>
            <String HEIGHT="53" WIDTH="220" VPOS="853" HPOS="916" CONTENT="Brioude." ID="tl_16_7" STYLEREFS="FONT0"/>
          </TextLine>
        </TextBlock>
        <TextBlock ID="r_1_10" HEIGHT="49" WIDTH="1428" VPOS="909" HPOS="37">
          <TextLine ID="tl_17" BASELINE="953" HEIGHT="68" WIDTH="1445" VPOS="885" HPOS="28">
            <String HEIGHT="68" WIDTH="186" VPOS="885" HPOS="7" CONTENT="1061." ID="tl_17_1" STYLEREFS="FONT0"/>
            <SP HEIGHT="68" WIDTH="21" VPOS="885" HPOS="193"/>
            <String HEIGHT="68" WIDTH="392" VPOS="885" HPOS="131" CONTENT="Chartier" ID="tl_17_2" STYLEREFS="FONT1"/>
            <SP HEIGHT="68" WIDTH="21" VPOS="885" HPOS="523"/>
            <String HEIGHT="68" WIDTH="227" VPOS="885" HPOS="462" CONTENT="(René)," ID="tl_17_3" STYLEREFS="FONT0"/>
            <SP HEIGHT="68" WIDTH="21" VPOS="885" HPOS="689"/>
            <String HEIGHT="68" WIDTH="227" VPOS="885" HPOS="627" CONTENT="médecin" ID="tl_17_4" STYLEREFS="FONT0"/>
            <SP HEIGHT="68" WIDTH="21" VPOS="885" HPOS="854"/>
            <String HEIGHT="68" WIDTH="124" VPOS="885" HPOS="792" CONTENT="du" ID="tl_17_5" STYLEREFS="FONT0"/>
            <SP HEIGHT="68" WIDTH="21" VPOS="885" HPOS="916"/>
            <String HEIGHT="68" WIDTH="165" VPOS="885" HPOS="854" CONTENT="roi." ID="tl_17_6" STYLEREFS="FONT0"/>
            <SP HEIGHT="68" WIDTH="21" VPOS="885" HPOS="1019"/>
            <String HEIGHT="68" WIDTH="206" VPOS="885" HPOS="957" CONTENT="Quitt." ID="tl_17_7" STYLEREFS="FONT0"/>
            <SP HEIGHT="68" WIDTH="21" VPOS="885" HPOS="1163"/>
            <String HEIGHT="68" WIDTH="165" VPOS="885" HPOS="1101" CONTENT="sig." ID="tl_17_8" STYLEREFS="FONT0"/>
            <SP HEIGHT="68" WIDTH="21" VPOS="885" HPOS="1267"/>
            <String HEIGHT="68" WIDTH="165" VPOS="885" HPOS="1205" CONTENT="(sur" ID="tl_17_9" STYLEREFS="FONT0"/>
            <SP HEIGHT="68" WIDTH="21" VPOS="885" HPOS="1370"/>
            <String HEIGHT="68" WIDTH="186" VPOS="885" HPOS="1287" CONTENT="parche" ID="tl_17_10" STYLEREFS="FONT0"/>
          </TextLine>
        </TextBlock>
        <TextBlock ID="r_1_11" HEIGHT="97" WIDTH="1382" VPOS="957" HPOS="83">
          <TextLine ID="tl_18" BASELINE="1015" HEIGHT="61" WIDTH="1399" VPOS="954" HPOS="75">
            <String HEIGHT="61" WIDTH="206" VPOS="954" HPOS="52" CONTENT="min)," ID="tl_18_1" STYLEREFS="FONT0"/>
            <SP HEIGHT="61" WIDTH="23" VPOS="954" HPOS="258"/>
            <String HEIGHT="61" WIDTH="138" VPOS="954" HPOS="190" CONTENT="de" ID="tl_18_2" STYLEREFS="FONT0"/>
            <SP HEIGHT="61" WIDTH="23" VPOS="954" HPOS="327"/>
            <String HEIGHT="61" WIDTH="138" VPOS="954" HPOS="258" CONTENT="la" ID="tl_18_3" STYLEREFS="FONT0"/>
            <SP HEIGHT="61" WIDTH="23" VPOS="954" HPOS="396"/>
            <String HEIGHT="61" WIDTH="206" VPOS="954" HPOS="327" CONTENT="somme" ID="tl_18_4" STYLEREFS="FONT0"/>
            <SP HEIGHT="61" WIDTH="23" VPOS="954" HPOS="534"/>
            <String HEIGHT="61" WIDTH="138" VPOS="954" HPOS="465" CONTENT="de" ID="tl_18_5" STYLEREFS="FONT0"/>
            <SP HEIGHT="61" WIDTH="23" VPOS="954" HPOS="602"/>
            <String HEIGHT="61" WIDTH="161" VPOS="954" HPOS="534" CONTENT="620" ID="tl_18_6" STYLEREFS="FONT0"/>
            <SP HEIGHT="61" WIDTH="23" VPOS="954" HPOS="694"/>
            <String HEIGHT="61" WIDTH="252" VPOS="954" HPOS="625" CONTENT="livres," ID="tl_18_7" STYLEREFS="FONT0"/>
            <SP HEIGHT="61" WIDTH="23" VPOS="954" HPOS="878"/>
            <String HEIGHT="61" WIDTH="183" VPOS="954" HPOS="809" CONTENT="pour" ID="tl_18_8" STYLEREFS="FONT0"/>
            <SP HEIGHT="61" WIDTH="23" VPOS="954" HPOS="992"/>
            <String HEIGHT="61" WIDTH="161" VPOS="954" HPOS="924" CONTENT="ses" ID="tl_18_9" STYLEREFS="FONT0"/>
            <SP HEIGHT="61" WIDTH="23" VPOS="954" HPOS="1084"/>
            <String HEIGHT="61" WIDTH="206" VPOS="954" HPOS="1015" CONTENT="gages" ID="tl_18_10" STYLEREFS="FONT0"/>
            <SP HEIGHT="61" WIDTH="23" VPOS="954" HPOS="1222"/>
            <String HEIGHT="61" WIDTH="161" VPOS="954" HPOS="1153" CONTENT="des" ID="tl_18_11" STYLEREFS="FONT0"/>
            <SP HEIGHT="61" WIDTH="23" VPOS="954" HPOS="1313"/>
            <String HEIGHT="61" WIDTH="183" VPOS="954" HPOS="1245" CONTENT="deux" ID="tl_18_12" STYLEREFS="FONT0"/>
            <SP HEIGHT="61" WIDTH="23" VPOS="954" HPOS="1428"/>
            <String HEIGHT="61" WIDTH="138" VPOS="954" HPOS="1336" CONTENT="der" SUBS_TYPE="HypPart1" SUBS_CONTENT="derniers" ID="tl_18_13" STYLEREFS="FONT0"/>
            <HYP CONTENT="-"/>
          </TextLine>
          <TextLine ID="tl_19" BASELINE="1051" HEIGHT="53" WIDTH="1394" VPOS="998" HPOS="76">
            <String HEIGHT="53" WIDTH="256" VPOS="998" HPOS="48" CONTENT="niers" SUBS_TYPE="HypPart2" SUBS_CONTENT="derniers" ID="tl_19_1" STYLEREFS="FONT0"/>
            <SP HEIGHT="53" WIDTH="28" VPOS="998" HPOS="304"/>
            <String HEIGHT="53" WIDTH="370" VPOS="998" HPOS="218" CONTENT="quartiers" ID="tl_19_2" STYLEREFS="FONT0"/>
            <SP HEIGHT="53" WIDTH="28" VPOS="998" HPOS="588"/>
            <String HEIGHT="53" WIDTH="171" VPOS="998" HPOS="503" CONTENT="de" ID="tl_19_3" STYLEREFS="FONT0"/>
            <SP HEIGHT="53" WIDTH="28" VPOS="998" HPOS="673"/>
            <String HEIGHT="53" WIDTH="313" VPOS="998" HPOS="588" CONTENT="l’année" ID="tl_19_4" STYLEREFS="FONT0"/>
            <SP HEIGHT="53" WIDTH="28" VPOS="998" HPOS="901"/>
            <String HEIGHT="53" WIDTH="256" VPOS="998" HPOS="816" CONTENT="1620." ID="tl_19_5" STYLEREFS="FONT0"/>
            <SP HEIGHT="53" WIDTH="28" VPOS="998" HPOS="1072"/>
            <String HEIGHT="53" WIDTH="142" VPOS="998" HPOS="986" CONTENT="2" ID="tl_19_6" STYLEREFS="FONT0"/>
            <SP HEIGHT="53" WIDTH="28" VPOS="998" HPOS="1129"/>
            <String HEIGHT="53" WIDTH="228" VPOS="998" HPOS="1043" CONTENT="mars" ID="tl_19_7" STYLEREFS="FONT0"/>
            <SP HEIGHT="53" WIDTH="28" VPOS="998" HPOS="1271"/>
            <String HEIGHT="53" WIDTH="256" VPOS="998" HPOS="1186" CONTENT="1621." ID="tl_19_8" STYLEREFS="FONT0"/>
            <SP HEIGHT="53" WIDTH="28" VPOS="998" HPOS="1442"/>
            <String HEIGHT="53" WIDTH="142" VPOS="998" HPOS="1356" CONTENT="3" ID="tl_19_9" STYLEREFS="FONT0"/>
            <SP HEIGHT="53" WIDTH="28" VPOS="998" HPOS="1498"/>
            <String HEIGHT="53" WIDTH="85" VPOS="998" HPOS="1385" CONTENT="»" ID="tl_19_10" STYLEREFS="FONT0"/>
          </TextLine>
        </TextBlock>
        <TextBlock ID="r_1_12" HEIGHT="52" WIDTH="1424" VPOS="1058" HPOS="36">
          <TextLine ID="tl_20" BASELINE="1107" HEIGHT="65" WIDTH="1439" VPOS="1042" HPOS="28">
            <String HEIGHT="65" WIDTH="177" VPOS="1042" HPOS="8" CONTENT="1062." ID="tl_20_1" STYLEREFS="FONT0"/>
            <SP HEIGHT="65" WIDTH="20" VPOS="1042" HPOS="186"/>
            <String HEIGHT="65" WIDTH="355" VPOS="1042" HPOS="127" CONTENT="Chevert" ID="tl_20_2" STYLEREFS="FONT1"/>
            <SP HEIGHT="65" WIDTH="20" VPOS="1042" HPOS="481"/>
            <String HEIGHT="65" WIDTH="256" VPOS="1042" HPOS="422" CONTENT="(François" ID="tl_20_3" STYLEREFS="FONT0"/>
            <SP HEIGHT="65" WIDTH="20" VPOS="1042" HPOS="679"/>
            <String HEIGHT="65" WIDTH="158" VPOS="1042" HPOS="619" CONTENT="de)," ID="tl_20_4" STYLEREFS="FONT0"/>
            <SP HEIGHT="65" WIDTH="20" VPOS="1042" HPOS="777"/>
            <String HEIGHT="65" WIDTH="276" VPOS="1042" HPOS="718" CONTENT="lieutenant" ID="tl_20_5" STYLEREFS="FONT0"/>
            <SP HEIGHT="65" WIDTH="20" VPOS="1042" HPOS="994"/>
            <String HEIGHT="65" WIDTH="237" VPOS="1042" HPOS="935" CONTENT="général." ID="tl_20_6" STYLEREFS="FONT0"/>
            <SP HEIGHT="65" WIDTH="20" VPOS="1042" HPOS="1171"/>
            <String HEIGHT="65" WIDTH="118" VPOS="1042" HPOS="1112" CONTENT="L." ID="tl_20_7" STYLEREFS="FONT0"/>
            <SP HEIGHT="65" WIDTH="20" VPOS="1042" HPOS="1230"/>
            <String HEIGHT="65" WIDTH="177" VPOS="1042" HPOS="1171" CONTENT="sig.," ID="tl_20_8" STYLEREFS="FONT0"/>
            <SP HEIGHT="65" WIDTH="20" VPOS="1042" HPOS="1349"/>
            <String HEIGHT="65" WIDTH="99" VPOS="1042" HPOS="1290" CONTENT="à" ID="tl_20_9" STYLEREFS="FONT0"/>
            <SP HEIGHT="65" WIDTH="20" VPOS="1042" HPOS="1388"/>
            <String HEIGHT="65" WIDTH="158" VPOS="1042" HPOS="1309" CONTENT="Mgr..." ID="tl_20_10" STYLEREFS="FONT0"/>
          </TextLine>
        </TextBlock>
        <TextBlock ID="r_1_13" HEIGHT="49" WIDTH="1377" VPOS="1107" HPOS="85">
          <TextLine ID="tl_21" BASELINE="1161" HEIGHT="64" WIDTH="1393" VPOS="1097" HPOS="77">
            <String HEIGHT="64" WIDTH="144" VPOS="1097" HPOS="53" CONTENT="Au" ID="tl_21_1" STYLEREFS="FONT0"/>
            <SP HEIGHT="64" WIDTH="24" VPOS="1097" HPOS="197"/>
            <String HEIGHT="64" WIDTH="192" VPOS="1097" HPOS="125" CONTENT="camp" ID="tl_21_2" STYLEREFS="FONT0"/>
            <SP HEIGHT="64" WIDTH="24" VPOS="1097" HPOS="317"/>
            <String HEIGHT="64" WIDTH="192" VPOS="1097" HPOS="245" CONTENT="sous" ID="tl_21_3" STYLEREFS="FONT0"/>
            <SP HEIGHT="64" WIDTH="24" VPOS="1097" HPOS="437"/>
            <String HEIGHT="64" WIDTH="360" VPOS="1097" HPOS="365" CONTENT="Sarrelouis," ID="tl_21_4" STYLEREFS="FONT0"/>
            <SP HEIGHT="64" WIDTH="24" VPOS="1097" HPOS="725"/>
            <String HEIGHT="64" WIDTH="144" VPOS="1097" HPOS="653" CONTENT="le" ID="tl_21_5" STYLEREFS="FONT0"/>
            <SP HEIGHT="64" WIDTH="24" VPOS="1097" HPOS="798"/>
            <String HEIGHT="64" WIDTH="120" VPOS="1097" HPOS="725" CONTENT="4" ID="tl_21_6" STYLEREFS="FONT0"/>
            <SP HEIGHT="64" WIDTH="24" VPOS="1097" HPOS="846"/>
            <String HEIGHT="64" WIDTH="216" VPOS="1097" HPOS="773" CONTENT="sept." ID="tl_21_7" STYLEREFS="FONT0"/>
            <SP HEIGHT="64" WIDTH="24" VPOS="1097" HPOS="990"/>
            <String HEIGHT="64" WIDTH="216" VPOS="1097" HPOS="918" CONTENT="1753." ID="tl_21_8" STYLEREFS="FONT0"/>
            <SP HEIGHT="64" WIDTH="24" VPOS="1097" HPOS="1134"/>
            <String HEIGHT="64" WIDTH="120" VPOS="1097" HPOS="1062" CONTENT="6" ID="tl_21_9" STYLEREFS="FONT0"/>
            <SP HEIGHT="64" WIDTH="24" VPOS="1097" HPOS="1182"/>
            <String HEIGHT="64" WIDTH="144" VPOS="1097" HPOS="1110" CONTENT="p." ID="tl_21_10" STYLEREFS="FONT0"/>
            <SP HEIGHT="64" WIDTH="24" VPOS="1097" HPOS="1254"/>
            <String HEIGHT="64" WIDTH="264" VPOS="1097" HPOS="1182" CONTENT="in-fol." ID="tl_21_11" STYLEREFS="FONT0"/>
            <SP HEIGHT="64" WIDTH="24" VPOS="1097" HPOS="1446"/>
            <String HEIGHT="64" WIDTH="120" VPOS="1097" HPOS="1374" CONTENT="5" ID="tl_21_12" STYLEREFS="FONT0"/>
            <SP HEIGHT="64" WIDTH="24" VPOS="1097" HPOS="1494"/>
            <String HEIGHT="64" WIDTH="72" VPOS="1097" HPOS="1398" CONTENT="»" ID="tl_21_13" STYLEREFS="FONT0"/>
          </TextLine>
        </TextBlock>
        <TextBlock ID="r_1_14" HEIGHT="98" WIDTH="1381" VPOS="1154" HPOS="83">
          <TextLine ID="tl_22" BASELINE="1205" HEIGHT="57" WIDTH="1350" VPOS="1148" HPOS="122">
            <String HEIGHT="57" WIDTH="228" VPOS="1148" HPOS="101" CONTENT="Rapport" ID="tl_22_1" STYLEREFS="FONT0"/>
            <SP HEIGHT="57" WIDTH="21" VPOS="1148" HPOS="330"/>
            <String HEIGHT="57" WIDTH="312" VPOS="1148" HPOS="267" CONTENT="intéressant" ID="tl_22_2" STYLEREFS="FONT0"/>
            <SP HEIGHT="57" WIDTH="21" VPOS="1148" HPOS="579"/>
            <String HEIGHT="57" WIDTH="145" VPOS="1148" HPOS="517" CONTENT="sur" ID="tl_22_3" STYLEREFS="FONT0"/>
            <SP HEIGHT="57" WIDTH="21" VPOS="1148" HPOS="662"/>
            <String HEIGHT="57" WIDTH="270" VPOS="1148" HPOS="600" CONTENT="l’arrivée" ID="tl_22_4" STYLEREFS="FONT0"/>
            <SP HEIGHT="57" WIDTH="21" VPOS="1148" HPOS="870"/>
            <String HEIGHT="57" WIDTH="125" VPOS="1148" HPOS="807" CONTENT="du" ID="tl_22_5" STYLEREFS="FONT0"/>
            <SP HEIGHT="57" WIDTH="21" VPOS="1148" HPOS="932"/>
            <String HEIGHT="57" WIDTH="249" VPOS="1148" HPOS="870" CONTENT="maréchal" ID="tl_22_6" STYLEREFS="FONT0"/>
            <SP HEIGHT="57" WIDTH="21" VPOS="1148" HPOS="1119"/>
            <String HEIGHT="57" WIDTH="125" VPOS="1148" HPOS="1057" CONTENT="de" ID="tl_22_7" STYLEREFS="FONT0"/>
            <SP HEIGHT="57" WIDTH="21" VPOS="1148" HPOS="1181"/>
            <String HEIGHT="57" WIDTH="291" VPOS="1148" HPOS="1119" CONTENT="Belle-Isle" ID="tl_22_8" STYLEREFS="FONT0"/>
            <SP HEIGHT="57" WIDTH="21" VPOS="1148" HPOS="1410"/>
            <String HEIGHT="57" WIDTH="125" VPOS="1148" HPOS="1347" CONTENT="et" ID="tl_22_9" STYLEREFS="FONT0"/>
            <SP HEIGHT="57" WIDTH="21" VPOS="1148" HPOS="1472"/>
            <String HEIGHT="57" WIDTH="83" VPOS="1148" HPOS="1389" CONTENT="de" ID="tl_22_10" STYLEREFS="FONT0"/>
          </TextLine>
          <TextLine ID="tl_23" BASELINE="1252" HEIGHT="59" WIDTH="1388" VPOS="1193" HPOS="75">
            <String HEIGHT="59" WIDTH="126" VPOS="1193" HPOS="54" CONTENT="M." ID="tl_23_1" STYLEREFS="FONT0"/>
            <SP HEIGHT="59" WIDTH="21" VPOS="1193" HPOS="180"/>
            <String HEIGHT="59" WIDTH="126" VPOS="1193" HPOS="117" CONTENT="le" ID="tl_23_2" STYLEREFS="FONT0"/>
            <SP HEIGHT="59" WIDTH="21" VPOS="1193" HPOS="243"/>
            <String HEIGHT="59" WIDTH="189" VPOS="1193" HPOS="180" CONTENT="comte" ID="tl_23_3" STYLEREFS="FONT0"/>
            <SP HEIGHT="59" WIDTH="21" VPOS="1193" HPOS="369"/>
            <String HEIGHT="59" WIDTH="126" VPOS="1193" HPOS="306" CONTENT="de" ID="tl_23_4" STYLEREFS="FONT0"/>
            <SP HEIGHT="59" WIDTH="21" VPOS="1193" HPOS="433"/>
            <String HEIGHT="59" WIDTH="210" VPOS="1193" HPOS="369" CONTENT="Girons" ID="tl_23_5" STYLEREFS="FONT0"/>
            <SP HEIGHT="59" WIDTH="21" VPOS="1193" HPOS="580"/>
            <String HEIGHT="59" WIDTH="126" VPOS="1193" HPOS="517" CONTENT="au" ID="tl_23_6" STYLEREFS="FONT0"/>
            <SP HEIGHT="59" WIDTH="21" VPOS="1193" HPOS="643"/>
            <String HEIGHT="59" WIDTH="189" VPOS="1193" HPOS="580" CONTENT="camp," ID="tl_23_7" STYLEREFS="FONT0"/>
            <SP HEIGHT="59" WIDTH="21" VPOS="1193" HPOS="769"/>
            <String HEIGHT="59" WIDTH="126" VPOS="1193" HPOS="706" CONTENT="et" ID="tl_23_8" STYLEREFS="FONT0"/>
            <SP HEIGHT="59" WIDTH="21" VPOS="1193" HPOS="832"/>
            <String HEIGHT="59" WIDTH="126" VPOS="1193" HPOS="769" CONTENT="de" ID="tl_23_9" STYLEREFS="FONT0"/>
            <SP HEIGHT="59" WIDTH="21" VPOS="1193" HPOS="895"/>
            <String HEIGHT="59" WIDTH="126" VPOS="1193" HPOS="832" CONTENT="la" ID="tl_23_10" STYLEREFS="FONT0"/>
            <SP HEIGHT="59" WIDTH="21" VPOS="1193" HPOS="958"/>
            <String HEIGHT="59" WIDTH="189" VPOS="1193" HPOS="895" CONTENT="revue" ID="tl_23_11" STYLEREFS="FONT0"/>
            <SP HEIGHT="59" WIDTH="21" VPOS="1193" HPOS="1084"/>
            <String HEIGHT="59" WIDTH="147" VPOS="1193" HPOS="1021" CONTENT="qui" ID="tl_23_12" STYLEREFS="FONT0"/>
            <SP HEIGHT="59" WIDTH="21" VPOS="1193" HPOS="1169"/>
            <String HEIGHT="59" WIDTH="168" VPOS="1193" HPOS="1105" CONTENT="s’en" ID="tl_23_13" STYLEREFS="FONT0"/>
            <SP HEIGHT="59" WIDTH="21" VPOS="1193" HPOS="1274"/>
            <String HEIGHT="59" WIDTH="147" VPOS="1193" HPOS="1211" CONTENT="est" ID="tl_23_14" STYLEREFS="FONT0"/>
            <SP HEIGHT="59" WIDTH="21" VPOS="1193" HPOS="1358"/>
            <String HEIGHT="59" WIDTH="189" VPOS="1193" HPOS="1274" CONTENT="suivie." ID="tl_23_15" STYLEREFS="FONT0"/>
          </TextLine>
        </TextBlock>
        <TextBlock ID="r_1_15" HEIGHT="147" WIDTH="1422" VPOS="1255" HPOS="40">
          <TextLine ID="tl_24" BASELINE="1310" HEIGHT="69" WIDTH="1438" VPOS="1241" HPOS="32">
            <String HEIGHT="69" WIDTH="199" VPOS="1241" HPOS="10" CONTENT="1063." ID="tl_24_1" STYLEREFS="FONT0"/>
            <SP HEIGHT="69" WIDTH="22" VPOS="1241" HPOS="209"/>
            <String HEIGHT="69" WIDTH="619" VPOS="1241" HPOS="143" CONTENT="Choiseul-Gouffier" ID="tl_24_2" STYLEREFS="FONT1"/>
            <SP HEIGHT="69" WIDTH="22" VPOS="1241" HPOS="762"/>
            <String HEIGHT="69" WIDTH="155" VPOS="1241" HPOS="696" CONTENT="(le" ID="tl_24_3" STYLEREFS="FONT0"/>
            <SP HEIGHT="69" WIDTH="22" VPOS="1241" HPOS="851"/>
            <String HEIGHT="69" WIDTH="199" VPOS="1241" HPOS="784" CONTENT="comte" ID="tl_24_4" STYLEREFS="FONT0"/>
            <SP HEIGHT="69" WIDTH="22" VPOS="1241" HPOS="983"/>
            <String HEIGHT="69" WIDTH="177" VPOS="1241" HPOS="917" CONTENT="de)," ID="tl_24_5" STYLEREFS="FONT0"/>
            <SP HEIGHT="69" WIDTH="22" VPOS="1241" HPOS="1094"/>
            <String HEIGHT="69" WIDTH="354" VPOS="1241" HPOS="1028" CONTENT="ambassadeur," ID="tl_24_6" STYLEREFS="FONT0"/>
            <SP HEIGHT="69" WIDTH="22" VPOS="1241" HPOS="1382"/>
            <String HEIGHT="69" WIDTH="177" VPOS="1241" HPOS="1293" CONTENT="membre" ID="tl_24_7" STYLEREFS="FONT0"/>
          </TextLine>
          <TextLine ID="tl_25" BASELINE="1353" HEIGHT="60" WIDTH="1394" VPOS="1293" HPOS="76">
            <String HEIGHT="60" WIDTH="125" VPOS="1293" HPOS="55" CONTENT="de" ID="tl_25_1" STYLEREFS="FONT0"/>
            <SP HEIGHT="60" WIDTH="21" VPOS="1293" HPOS="180"/>
            <String HEIGHT="60" WIDTH="291" VPOS="1293" HPOS="118" CONTENT="l’Académie" ID="tl_25_2" STYLEREFS="FONT0"/>
            <SP HEIGHT="60" WIDTH="21" VPOS="1293" HPOS="409"/>
            <String HEIGHT="60" WIDTH="291" VPOS="1293" HPOS="346" CONTENT="française." ID="tl_25_3" STYLEREFS="FONT0"/>
            <SP HEIGHT="60" WIDTH="21" VPOS="1293" HPOS="638"/>
            <String HEIGHT="60" WIDTH="125" VPOS="1293" HPOS="575" CONTENT="L." ID="tl_25_4" STYLEREFS="FONT0"/>
            <SP HEIGHT="60" WIDTH="21" VPOS="1293" HPOS="700"/>
            <String HEIGHT="60" WIDTH="125" VPOS="1293" HPOS="638" CONTENT="a." ID="tl_25_5" STYLEREFS="FONT0"/>
            <SP HEIGHT="60" WIDTH="21" VPOS="1293" HPOS="763"/>
            <String HEIGHT="60" WIDTH="146" VPOS="1293" HPOS="700" CONTENT="s.," ID="tl_25_6" STYLEREFS="FONT0"/>
            <SP HEIGHT="60" WIDTH="21" VPOS="1293" HPOS="846"/>
            <String HEIGHT="60" WIDTH="104" VPOS="1293" HPOS="783" CONTENT="à" ID="tl_25_7" STYLEREFS="FONT0"/>
            <SP HEIGHT="60" WIDTH="21" VPOS="1293" HPOS="887"/>
            <String HEIGHT="60" WIDTH="125" VPOS="1293" HPOS="825" CONTENT="M." ID="tl_25_8" STYLEREFS="FONT0"/>
            <SP HEIGHT="60" WIDTH="21" VPOS="1293" HPOS="950"/>
            <String HEIGHT="60" WIDTH="229" VPOS="1293" HPOS="887" CONTENT="Dubois," ID="tl_25_9" STYLEREFS="FONT0"/>
            <SP HEIGHT="60" WIDTH="21" VPOS="1293" HPOS="1116"/>
            <String HEIGHT="60" WIDTH="333" VPOS="1293" HPOS="1054" CONTENT="dessinateur." ID="tl_25_10" STYLEREFS="FONT0"/>
            <SP HEIGHT="60" WIDTH="21" VPOS="1293" HPOS="1387"/>
            <String HEIGHT="60" WIDTH="166" VPOS="1293" HPOS="1304" CONTENT="Paris," ID="tl_25_11" STYLEREFS="FONT0"/>
          </TextLine>
          <TextLine ID="tl_26" BASELINE="1397" HEIGHT="52" WIDTH="1395" VPOS="1345" HPOS="73">
            <String HEIGHT="52" WIDTH="258" VPOS="1345" HPOS="52" CONTENT="vendredi" ID="tl_26_1" STYLEREFS="FONT0"/>
            <SP HEIGHT="52" WIDTH="21" VPOS="1345" HPOS="309"/>
            <String HEIGHT="52" WIDTH="129" VPOS="1345" HPOS="245" CONTENT="15" ID="tl_26_2" STYLEREFS="FONT0"/>
            <SP HEIGHT="52" WIDTH="21" VPOS="1345" HPOS="373"/>
            <String HEIGHT="52" WIDTH="193" VPOS="1345" HPOS="309" CONTENT="juin." ID="tl_26_3" STYLEREFS="FONT0"/>
            <SP HEIGHT="52" WIDTH="21" VPOS="1345" HPOS="502"/>
            <String HEIGHT="52" WIDTH="107" VPOS="1345" HPOS="438" CONTENT="1" ID="tl_26_4" STYLEREFS="FONT0"/>
            <SP HEIGHT="52" WIDTH="21" VPOS="1345" HPOS="545"/>
            <String HEIGHT="52" WIDTH="129" VPOS="1345" HPOS="481" CONTENT="p." ID="tl_26_5" STYLEREFS="FONT0"/>
            <SP HEIGHT="52" WIDTH="21" VPOS="1345" HPOS="610"/>
            <String HEIGHT="52" WIDTH="150" VPOS="1345" HPOS="545" CONTENT="pl." ID="tl_26_6" STYLEREFS="FONT0"/>
            <SP HEIGHT="52" WIDTH="21" VPOS="1345" HPOS="695"/>
            <String HEIGHT="52" WIDTH="193" VPOS="1345" HPOS="631" CONTENT="in-4." ID="tl_26_7" STYLEREFS="FONT0"/>
            <SP HEIGHT="52" WIDTH="21" VPOS="1345" HPOS="824"/>
            <String HEIGHT="52" WIDTH="129" VPOS="1345" HPOS="760" CONTENT="Un" ID="tl_26_8" STYLEREFS="FONT0"/>
            <SP HEIGHT="52" WIDTH="21" VPOS="1345" HPOS="889"/>
            <String HEIGHT="52" WIDTH="150" VPOS="1345" HPOS="824" CONTENT="peu" ID="tl_26_9" STYLEREFS="FONT0"/>
            <SP HEIGHT="52" WIDTH="21" VPOS="1345" HPOS="974"/>
            <String HEIGHT="52" WIDTH="215" VPOS="1345" HPOS="910" CONTENT="jaunie" ID="tl_26_10" STYLEREFS="FONT0"/>
            <SP HEIGHT="52" WIDTH="21" VPOS="1345" HPOS="1125"/>
            <String HEIGHT="52" WIDTH="150" VPOS="1345" HPOS="1060" CONTENT="par" ID="tl_26_11" STYLEREFS="FONT0"/>
            <SP HEIGHT="52" WIDTH="21" VPOS="1345" HPOS="1210"/>
            <String HEIGHT="52" WIDTH="129" VPOS="1345" HPOS="1146" CONTENT="le" ID="tl_26_12" STYLEREFS="FONT0"/>
            <SP HEIGHT="52" WIDTH="21" VPOS="1345" HPOS="1275"/>
            <String HEIGHT="52" WIDTH="215" VPOS="1345" HPOS="1210" CONTENT="temps." ID="tl_26_13" STYLEREFS="FONT0"/>
            <SP HEIGHT="52" WIDTH="21" VPOS="1345" HPOS="1425"/>
            <String HEIGHT="52" WIDTH="107" VPOS="1345" HPOS="1361" CONTENT="2" ID="tl_26_14" STYLEREFS="FONT0"/>
            <SP HEIGHT="52" WIDTH="21" VPOS="1345" HPOS="1468"/>
            <String HEIGHT="52" WIDTH="86" VPOS="1345" HPOS="1382" CONTENT="50" ID="tl_26_15" STYLEREFS="FONT0"/>
          </TextLine>
        </TextBlock>
        <TextBlock ID="r_1_16" HEIGHT="99" WIDTH="1374" VPOS="1399" HPOS="84">
          <TextLine ID="tl_27" BASELINE="1456" HEIGHT="69" WIDTH="1345" VPOS="1387" HPOS="120">
            <String HEIGHT="69" WIDTH="126" VPOS="1387" HPOS="99" CONTENT="Il" ID="tl_27_1" STYLEREFS="FONT0"/>
            <SP HEIGHT="69" WIDTH="21" VPOS="1387" HPOS="225"/>
            <String HEIGHT="69" WIDTH="126" VPOS="1387" HPOS="162" CONTENT="le" ID="tl_27_2" STYLEREFS="FONT0"/>
            <SP HEIGHT="69" WIDTH="21" VPOS="1387" HPOS="288"/>
            <String HEIGHT="69" WIDTH="168" VPOS="1387" HPOS="225" CONTENT="prie" ID="tl_27_3" STYLEREFS="FONT0"/>
            <SP HEIGHT="69" WIDTH="21" VPOS="1387" HPOS="393"/>
            <String HEIGHT="69" WIDTH="126" VPOS="1387" HPOS="330" CONTENT="de" ID="tl_27_4" STYLEREFS="FONT0"/>
            <SP HEIGHT="69" WIDTH="21" VPOS="1387" HPOS="456"/>
            <String HEIGHT="69" WIDTH="189" VPOS="1387" HPOS="393" CONTENT="venir" ID="tl_27_5" STYLEREFS="FONT0"/>
            <SP HEIGHT="69" WIDTH="21" VPOS="1387" HPOS="582"/>
            <String HEIGHT="69" WIDTH="168" VPOS="1387" HPOS="519" CONTENT="pour" ID="tl_27_6" STYLEREFS="FONT0"/>
            <SP HEIGHT="69" WIDTH="21" VPOS="1387" HPOS="687"/>
            <String HEIGHT="69" WIDTH="252" VPOS="1387" HPOS="624" CONTENT="dessiner" ID="tl_27_7" STYLEREFS="FONT0"/>
            <SP HEIGHT="69" WIDTH="21" VPOS="1387" HPOS="877"/>
            <String HEIGHT="69" WIDTH="126" VPOS="1387" HPOS="814" CONTENT="un" ID="tl_27_8" STYLEREFS="FONT0"/>
            <SP HEIGHT="69" WIDTH="21" VPOS="1387" HPOS="940"/>
            <String HEIGHT="69" WIDTH="189" VPOS="1387" HPOS="877" CONTENT="trait" ID="tl_27_9" STYLEREFS="FONT0"/>
            <SP HEIGHT="69" WIDTH="21" VPOS="1387" HPOS="1066"/>
            <String HEIGHT="69" WIDTH="336" VPOS="1387" HPOS="1003" CONTENT="préparatoire" ID="tl_27_10" STYLEREFS="FONT0"/>
            <SP HEIGHT="69" WIDTH="21" VPOS="1387" HPOS="1339"/>
            <String HEIGHT="69" WIDTH="126" VPOS="1387" HPOS="1276" CONTENT="du" ID="tl_27_11" STYLEREFS="FONT0"/>
            <SP HEIGHT="69" WIDTH="21" VPOS="1387" HPOS="1402"/>
            <String HEIGHT="69" WIDTH="147" VPOS="1387" HPOS="1318" CONTENT="golfe" ID="tl_27_12" STYLEREFS="FONT0"/>
          </TextLine>
          <TextLine ID="tl_28" BASELINE="1493" HEIGHT="62" WIDTH="868" VPOS="1431" HPOS="77">
            <String HEIGHT="62" WIDTH="127" VPOS="1431" HPOS="56" CONTENT="où" ID="tl_28_1" STYLEREFS="FONT0"/>
            <SP HEIGHT="62" WIDTH="21" VPOS="1431" HPOS="183"/>
            <String HEIGHT="62" WIDTH="212" VPOS="1431" HPOS="119" CONTENT="aborda" ID="tl_28_2" STYLEREFS="FONT0"/>
            <SP HEIGHT="62" WIDTH="21" VPOS="1431" HPOS="331"/>
            <String HEIGHT="62" WIDTH="127" VPOS="1431" HPOS="268" CONTENT="la" ID="tl_28_3" STYLEREFS="FONT0"/>
            <SP HEIGHT="62" WIDTH="21" VPOS="1431" HPOS="395"/>
            <String HEIGHT="62" WIDTH="212" VPOS="1431" HPOS="331" CONTENT="flotte" ID="tl_28_4" STYLEREFS="FONT0"/>
            <SP HEIGHT="62" WIDTH="21" VPOS="1431" HPOS="543"/>
            <String HEIGHT="62" WIDTH="233" VPOS="1431" HPOS="479" CONTENT="grecque" ID="tl_28_5" STYLEREFS="FONT0"/>
            <SP HEIGHT="62" WIDTH="21" VPOS="1431" HPOS="712"/>
            <String HEIGHT="62" WIDTH="212" VPOS="1431" HPOS="649" CONTENT="devant" ID="tl_28_6" STYLEREFS="FONT0"/>
            <SP HEIGHT="62" WIDTH="21" VPOS="1431" HPOS="860"/>
            <String HEIGHT="62" WIDTH="169" VPOS="1431" HPOS="776" CONTENT="Troie." ID="tl_28_7" STYLEREFS="FONT0"/>
          </TextLine>
        </TextBlock>
        <TextBlock ID="r_1_17" HEIGHT="53" WIDTH="1426" VPOS="1499" HPOS="35">
          <TextLine ID="tl_29" BASELINE="1555" HEIGHT="76" WIDTH="1441" VPOS="1479" HPOS="27">
            <String HEIGHT="76" WIDTH="173" VPOS="1479" HPOS="8" CONTENT="1064." ID="tl_29_1" STYLEREFS="FONT0"/>
            <SP HEIGHT="76" WIDTH="19" VPOS="1479" HPOS="181"/>
            <String HEIGHT="76" WIDTH="346" VPOS="1479" HPOS="123" CONTENT="Citeaux" ID="tl_29_2" STYLEREFS="FONT1"/>
            <SP HEIGHT="76" WIDTH="19" VPOS="1479" HPOS="469"/>
            <String HEIGHT="76" WIDTH="154" VPOS="1479" HPOS="411" CONTENT="(Fr." ID="tl_29_3" STYLEREFS="FONT0"/>
            <SP HEIGHT="76" WIDTH="19" VPOS="1479" HPOS="565"/>
            <String HEIGHT="76" WIDTH="250" VPOS="1479" HPOS="507" CONTENT="François," ID="tl_29_4" STYLEREFS="FONT0"/>
            <SP HEIGHT="76" WIDTH="19" VPOS="1479" HPOS="757"/>
            <String HEIGHT="76" WIDTH="154" VPOS="1479" HPOS="699" CONTENT="abbé" ID="tl_29_5" STYLEREFS="FONT0"/>
            <SP HEIGHT="76" WIDTH="19" VPOS="1479" HPOS="853"/>
            <String HEIGHT="76" WIDTH="211" VPOS="1479" HPOS="796" CONTENT="général" ID="tl_29_6" STYLEREFS="FONT0"/>
            <SP HEIGHT="76" WIDTH="19" VPOS="1479" HPOS="1007"/>
            <String HEIGHT="76" WIDTH="154" VPOS="1479" HPOS="949" CONTENT="de)." ID="tl_29_7" STYLEREFS="FONT0"/>
            <SP HEIGHT="76" WIDTH="19" VPOS="1479" HPOS="1103"/>
            <String HEIGHT="76" WIDTH="115" VPOS="1479" HPOS="1045" CONTENT="L." ID="tl_29_8" STYLEREFS="FONT0"/>
            <SP HEIGHT="76" WIDTH="19" VPOS="1479" HPOS="1161"/>
            <String HEIGHT="76" WIDTH="154" VPOS="1479" HPOS="1103" CONTENT="aut." ID="tl_29_9" STYLEREFS="FONT0"/>
            <SP HEIGHT="76" WIDTH="19" VPOS="1479" HPOS="1257"/>
            <String HEIGHT="76" WIDTH="173" VPOS="1479" HPOS="1199" CONTENT="sig.," ID="tl_29_10" STYLEREFS="FONT0"/>
            <SP HEIGHT="76" WIDTH="19" VPOS="1479" HPOS="1372"/>
            <String HEIGHT="76" WIDTH="96" VPOS="1479" HPOS="1314" CONTENT="à" ID="tl_29_11" STYLEREFS="FONT0"/>
            <SP HEIGHT="76" WIDTH="19" VPOS="1479" HPOS="1410"/>
            <String HEIGHT="76" WIDTH="115" VPOS="1479" HPOS="1353" CONTENT="M." ID="tl_29_12" STYLEREFS="FONT0"/>
            <SP HEIGHT="76" WIDTH="19" VPOS="1479" HPOS="1468"/>
            <String HEIGHT="76" WIDTH="77" VPOS="1479" HPOS="1391" CONTENT="le" ID="tl_29_13" STYLEREFS="FONT0"/>
          </TextLine>
        </TextBlock>
        <TextBlock ID="r_1_18" HEIGHT="146" WIDTH="1382" VPOS="1548" HPOS="80">
          <TextLine ID="tl_30" BASELINE="1595" HEIGHT="55" WIDTH="1395" VPOS="1540" HPOS="74">
            <String HEIGHT="55" WIDTH="305" VPOS="1540" HPOS="52" CONTENT="chancelier" ID="tl_30_1" STYLEREFS="FONT0"/>
            <SP HEIGHT="55" WIDTH="22" VPOS="1540" HPOS="357"/>
            <String HEIGHT="55" WIDTH="131" VPOS="1540" HPOS="292" CONTENT="de" ID="tl_30_2" STYLEREFS="FONT0"/>
            <SP HEIGHT="55" WIDTH="22" VPOS="1540" HPOS="423"/>
            <String HEIGHT="55" WIDTH="305" VPOS="1540" HPOS="357" CONTENT="Lamoignon." ID="tl_30_3" STYLEREFS="FONT0"/>
            <SP HEIGHT="55" WIDTH="22" VPOS="1540" HPOS="663"/>
            <String HEIGHT="55" WIDTH="262" VPOS="1540" HPOS="597" CONTENT="Citeaux," ID="tl_30_4" STYLEREFS="FONT0"/>
            <SP HEIGHT="55" WIDTH="22" VPOS="1540" HPOS="859"/>
            <String HEIGHT="55" WIDTH="131" VPOS="1540" HPOS="793" CONTENT="13" ID="tl_30_5" STYLEREFS="FONT0"/>
            <SP HEIGHT="55" WIDTH="22" VPOS="1540" HPOS="924"/>
            <String HEIGHT="55" WIDTH="174" VPOS="1540" HPOS="859" CONTENT="déc." ID="tl_30_6" STYLEREFS="FONT0"/>
            <SP HEIGHT="55" WIDTH="22" VPOS="1540" HPOS="1033"/>
            <String HEIGHT="55" WIDTH="196" VPOS="1540" HPOS="968" CONTENT="1751." ID="tl_30_7" STYLEREFS="FONT0"/>
            <SP HEIGHT="55" WIDTH="22" VPOS="1540" HPOS="1164"/>
            <String HEIGHT="55" WIDTH="109" VPOS="1540" HPOS="1098" CONTENT="4" ID="tl_30_8" STYLEREFS="FONT0"/>
            <SP HEIGHT="55" WIDTH="22" VPOS="1540" HPOS="1207"/>
            <String HEIGHT="55" WIDTH="153" VPOS="1540" HPOS="1142" CONTENT="gr." ID="tl_30_9" STYLEREFS="FONT0"/>
            <SP HEIGHT="55" WIDTH="22" VPOS="1540" HPOS="1295"/>
            <String HEIGHT="55" WIDTH="131" VPOS="1540" HPOS="1229" CONTENT="p." ID="tl_30_10" STYLEREFS="FONT0"/>
            <SP HEIGHT="55" WIDTH="22" VPOS="1540" HPOS="1360"/>
            <String HEIGHT="55" WIDTH="153" VPOS="1540" HPOS="1295" CONTENT="pl." ID="tl_30_11" STYLEREFS="FONT0"/>
            <SP HEIGHT="55" WIDTH="22" VPOS="1540" HPOS="1447"/>
            <String HEIGHT="55" WIDTH="109" VPOS="1540" HPOS="1360" CONTENT="in" SUBS_TYPE="HypPart1" SUBS_CONTENT="infol." ID="tl_30_12" STYLEREFS="FONT0"/>
            <HYP CONTENT="-"/>
          </TextLine>
          <TextLine ID="tl_31" BASELINE="1674" HEIGHT="92" WIDTH="1396" VPOS="1582" HPOS="72">
            <String HEIGHT="92" WIDTH="151" VPOS="1582" HPOS="53" CONTENT="fol." SUBS_TYPE="HypPart2" SUBS_CONTENT="infol." ID="tl_31_1" STYLEREFS="FONT0"/>
            <SP HEIGHT="92" WIDTH="19" VPOS="1582" HPOS="204"/>
            <String HEIGHT="92" WIDTH="113" VPOS="1582" HPOS="147" CONTENT="On" ID="tl_31_2" STYLEREFS="FONT0"/>
            <SP HEIGHT="92" WIDTH="19" VPOS="1582" HPOS="261"/>
            <String HEIGHT="92" WIDTH="132" VPOS="1582" HPOS="204" CONTENT="lit" ID="tl_31_3" STYLEREFS="FONT0"/>
            <SP HEIGHT="92" WIDTH="19" VPOS="1582" HPOS="336"/>
            <String HEIGHT="92" WIDTH="113" VPOS="1582" HPOS="280" CONTENT="en" ID="tl_31_4" STYLEREFS="FONT0"/>
            <SP HEIGHT="92" WIDTH="19" VPOS="1582" HPOS="393"/>
            <String HEIGHT="92" WIDTH="170" VPOS="1582" HPOS="336" CONTENT="tête," ID="tl_31_5" STYLEREFS="FONT0"/>
            <SP HEIGHT="92" WIDTH="19" VPOS="1582" HPOS="506"/>
            <String HEIGHT="92" WIDTH="170" VPOS="1582" HPOS="449" CONTENT="d’une" ID="tl_31_6" STYLEREFS="FONT0"/>
            <SP HEIGHT="92" WIDTH="19" VPOS="1582" HPOS="619"/>
            <String HEIGHT="92" WIDTH="226" VPOS="1582" HPOS="562" CONTENT="écriture" ID="tl_31_7" STYLEREFS="FONT0"/>
            <SP HEIGHT="92" WIDTH="19" VPOS="1582" HPOS="789"/>
            <String HEIGHT="92" WIDTH="113" VPOS="1582" HPOS="732" CONTENT="du" ID="tl_31_8" STYLEREFS="FONT0"/>
            <SP HEIGHT="92" WIDTH="19" VPOS="1582" HPOS="845"/>
            <String HEIGHT="92" WIDTH="189" VPOS="1582" HPOS="789" CONTENT="temps:" ID="tl_31_9" STYLEREFS="FONT0"/>
            <SP HEIGHT="92" WIDTH="19" VPOS="1582" HPOS="978"/>
            <String HEIGHT="92" WIDTH="208" VPOS="1582" HPOS="921" CONTENT="Pour" ID="tl_31_10" STYLEREFS="FONT2"/>
            <SP HEIGHT="92" WIDTH="19" VPOS="1582" HPOS="1128"/>
            <String HEIGHT="92" WIDTH="113" VPOS="1582" HPOS="1072" CONTENT="en" ID="tl_31_11" STYLEREFS="FONT2"/>
            <SP HEIGHT="92" WIDTH="19" VPOS="1582" HPOS="1185"/>
            <String HEIGHT="92" WIDTH="189" VPOS="1582" HPOS="1128" CONTENT="rendre" ID="tl_31_12" STYLEREFS="FONT2"/>
            <SP HEIGHT="92" WIDTH="19" VPOS="1582" HPOS="1317"/>
            <String HEIGHT="92" WIDTH="226" VPOS="1582" HPOS="1242" CONTENT="compte" ID="tl_31_13" STYLEREFS="FONT2"/>
          </TextLine>
          <TextLine ID="tl_32" BASELINE="1698" HEIGHT="59" WIDTH="1391" VPOS="1639" HPOS="75">
            <String HEIGHT="59" WIDTH="506" VPOS="1639" HPOS="12" CONTENT="à" ID="tl_32_1" STYLEREFS="FONT2"/>
            <SP HEIGHT="59" WIDTH="63" VPOS="1639" HPOS="518"/>
            <String HEIGHT="59" WIDTH="379" VPOS="1639" HPOS="328" CONTENT="la" ID="tl_32_2" STYLEREFS="FONT2"/>
            <SP HEIGHT="59" WIDTH="63" VPOS="1639" HPOS="707"/>
            <String HEIGHT="59" WIDTH="885" VPOS="1639" HPOS="518" CONTENT="reyne" ID="tl_32_3" STYLEREFS="FONT2"/>
            <SP HEIGHT="59" WIDTH="63" VPOS="1639" HPOS="1403"/>
            <String HEIGHT="59" WIDTH="316" VPOS="1639" HPOS="1213" CONTENT="0" ID="tl_32_4" STYLEREFS="FONT0"/>
            <SP HEIGHT="59" WIDTH="63" VPOS="1639" HPOS="1529"/>
            <String HEIGHT="59" WIDTH="190" VPOS="1639" HPOS="1276" CONTENT="»" ID="tl_32_5" STYLEREFS="FONT0"/>
          </TextLine>
        </TextBlock>
        <TextBlock ID="r_1_19" HEIGHT="88" WIDTH="1374" VPOS="1692" HPOS="79">
          <TextLine ID="tl_33" BASELINE="1735" HEIGHT="60" WIDTH="1341" VPOS="1675" HPOS="119">
            <String HEIGHT="60" WIDTH="130" VPOS="1675" HPOS="97" CONTENT="Au" ID="tl_33_1" STYLEREFS="FONT0"/>
            <SP HEIGHT="60" WIDTH="22" VPOS="1675" HPOS="227"/>
            <String HEIGHT="60" WIDTH="195" VPOS="1675" HPOS="162" CONTENT="sujet" ID="tl_33_2" STYLEREFS="FONT0"/>
            <SP HEIGHT="60" WIDTH="22" VPOS="1675" HPOS="357"/>
            <String HEIGHT="60" WIDTH="195" VPOS="1675" HPOS="292" CONTENT="d’une" ID="tl_33_3" STYLEREFS="FONT0"/>
            <SP HEIGHT="60" WIDTH="22" VPOS="1675" HPOS="487"/>
            <String HEIGHT="60" WIDTH="324" VPOS="1675" HPOS="422" CONTENT="réclamation" ID="tl_33_4" STYLEREFS="FONT0"/>
            <SP HEIGHT="60" WIDTH="22" VPOS="1675" HPOS="746"/>
            <String HEIGHT="60" WIDTH="195" VPOS="1675" HPOS="681" CONTENT="faite" ID="tl_33_5" STYLEREFS="FONT0"/>
            <SP HEIGHT="60" WIDTH="22" VPOS="1675" HPOS="876"/>
            <String HEIGHT="60" WIDTH="151" VPOS="1675" HPOS="811" CONTENT="par" ID="tl_33_6" STYLEREFS="FONT0"/>
            <SP HEIGHT="60" WIDTH="22" VPOS="1675" HPOS="963"/>
            <String HEIGHT="60" WIDTH="151" VPOS="1675" HPOS="898" CONTENT="dom" ID="tl_33_7" STYLEREFS="FONT0"/>
            <SP HEIGHT="60" WIDTH="22" VPOS="1675" HPOS="1049"/>
            <String HEIGHT="60" WIDTH="216" VPOS="1675" HPOS="984" CONTENT="Gérard" ID="tl_33_8" STYLEREFS="FONT0"/>
            <SP HEIGHT="60" WIDTH="22" VPOS="1675" HPOS="1200"/>
            <String HEIGHT="60" WIDTH="130" VPOS="1675" HPOS="1136" CONTENT="et" ID="tl_33_9" STYLEREFS="FONT0"/>
            <SP HEIGHT="60" WIDTH="22" VPOS="1675" HPOS="1265"/>
            <String HEIGHT="60" WIDTH="151" VPOS="1675" HPOS="1200" CONTENT="par" ID="tl_33_10" STYLEREFS="FONT0"/>
            <SP HEIGHT="60" WIDTH="22" VPOS="1675" HPOS="1352"/>
            <String HEIGHT="60" WIDTH="151" VPOS="1675" HPOS="1287" CONTENT="ses" ID="tl_33_11" STYLEREFS="FONT0"/>
            <SP HEIGHT="60" WIDTH="22" VPOS="1675" HPOS="1438"/>
            <String HEIGHT="60" WIDTH="108" VPOS="1675" HPOS="1352" CONTENT="pa" SUBS_TYPE="HypPart1" SUBS_CONTENT="parents." ID="tl_33_12" STYLEREFS="FONT0"/>
            <HYP CONTENT="-"/>
          </TextLine>
          <TextLine ID="tl_34" BASELINE="1788" HEIGHT="55" WIDTH="480" VPOS="1733" HPOS="70">
            <String HEIGHT="55" WIDTH="209" VPOS="1733" HPOS="49" CONTENT="rents." SUBS_TYPE="HypPart2" SUBS_CONTENT="parents." ID="tl_34_1" STYLEREFS="FONT0"/>
            <SP HEIGHT="55" WIDTH="21" VPOS="1733" HPOS="258"/>
            <String HEIGHT="55" WIDTH="230" VPOS="1733" HPOS="195" CONTENT="Curieux" ID="tl_34_2" STYLEREFS="FONT0"/>
            <SP HEIGHT="55" WIDTH="21" VPOS="1733" HPOS="425"/>
            <String HEIGHT="55" WIDTH="209" VPOS="1733" HPOS="341" CONTENT="détails." ID="tl_34_3" STYLEREFS="FONT0"/>
          </TextLine>
        </TextBlock>
        <TextBlock ID="r_1_20" HEIGHT="52" WIDTH="1421" VPOS="1787" HPOS="34">
          <TextLine ID="tl_35" BASELINE="1845" HEIGHT="94" WIDTH="1438" VPOS="1751" HPOS="26">
            <String HEIGHT="94" WIDTH="190" VPOS="1751" HPOS="5" CONTENT="1065." ID="tl_35_1" STYLEREFS="FONT0"/>
            <SP HEIGHT="94" WIDTH="21" VPOS="1751" HPOS="195"/>
            <String HEIGHT="94" WIDTH="381" VPOS="1751" HPOS="132" CONTENT="Clément" ID="tl_35_2" STYLEREFS="FONT1"/>
            <SP HEIGHT="94" WIDTH="21" VPOS="1751" HPOS="512"/>
            <String HEIGHT="94" WIDTH="275" VPOS="1751" HPOS="449" CONTENT="(Julien)," ID="tl_35_3" STYLEREFS="FONT0"/>
            <SP HEIGHT="94" WIDTH="21" VPOS="1751" HPOS="724"/>
            <String HEIGHT="94" WIDTH="296" VPOS="1751" HPOS="660" CONTENT="accoucheur" ID="tl_35_4" STYLEREFS="FONT0"/>
            <SP HEIGHT="94" WIDTH="21" VPOS="1751" HPOS="956"/>
            <String HEIGHT="94" WIDTH="127" VPOS="1751" HPOS="893" CONTENT="de" ID="tl_35_5" STYLEREFS="FONT0"/>
            <SP HEIGHT="94" WIDTH="21" VPOS="1751" HPOS="1020"/>
            <String HEIGHT="94" WIDTH="148" VPOS="1751" HPOS="956" CONTENT="feu" ID="tl_35_6" STYLEREFS="FONT0"/>
            <SP HEIGHT="94" WIDTH="21" VPOS="1751" HPOS="1104"/>
            <String HEIGHT="94" WIDTH="211" VPOS="1751" HPOS="1041" CONTENT="madame" ID="tl_35_7" STYLEREFS="FONT0"/>
            <SP HEIGHT="94" WIDTH="21" VPOS="1751" HPOS="1253"/>
            <String HEIGHT="94" WIDTH="127" VPOS="1751" HPOS="1189" CONTENT="la" ID="tl_35_8" STYLEREFS="FONT0"/>
            <SP HEIGHT="94" WIDTH="21" VPOS="1751" HPOS="1316"/>
            <String HEIGHT="94" WIDTH="233" VPOS="1751" HPOS="1231" CONTENT="Dauphine." ID="tl_35_9" STYLEREFS="FONT0"/>
          </TextLine>
        </TextBlock>
        <TextBlock ID="r_1_21" HEIGHT="53" WIDTH="1375" VPOS="1835" HPOS="80">
          <TextLine ID="tl_36" BASELINE="1885" HEIGHT="56" WIDTH="1392" VPOS="1829" HPOS="71">
            <String HEIGHT="56" WIDTH="253" VPOS="1829" HPOS="46" CONTENT="Quitt." ID="tl_36_1" STYLEREFS="FONT0"/>
            <SP HEIGHT="56" WIDTH="25" VPOS="1829" HPOS="299"/>
            <String HEIGHT="56" WIDTH="202" VPOS="1829" HPOS="223" CONTENT="sig." ID="tl_36_2" STYLEREFS="FONT0"/>
            <SP HEIGHT="56" WIDTH="25" VPOS="1829" HPOS="425"/>
            <String HEIGHT="56" WIDTH="202" VPOS="1829" HPOS="349" CONTENT="(sur" ID="tl_36_3" STYLEREFS="FONT0"/>
            <SP HEIGHT="56" WIDTH="25" VPOS="1829" HPOS="552"/>
            <String HEIGHT="56" WIDTH="380" VPOS="1829" HPOS="476" CONTENT="parchemin)." ID="tl_36_4" STYLEREFS="FONT0"/>
            <SP HEIGHT="56" WIDTH="25" VPOS="1829" HPOS="856"/>
            <String HEIGHT="56" WIDTH="253" VPOS="1829" HPOS="780" CONTENT="Paris," ID="tl_36_5" STYLEREFS="FONT0"/>
            <SP HEIGHT="56" WIDTH="25" VPOS="1829" HPOS="1033"/>
            <String HEIGHT="56" WIDTH="127" VPOS="1829" HPOS="957" CONTENT="2" ID="tl_36_6" STYLEREFS="FONT0"/>
            <SP HEIGHT="56" WIDTH="25" VPOS="1829" HPOS="1083"/>
            <String HEIGHT="56" WIDTH="278" VPOS="1829" HPOS="1007" CONTENT="janvier" ID="tl_36_7" STYLEREFS="FONT0"/>
            <SP HEIGHT="56" WIDTH="25" VPOS="1829" HPOS="1286"/>
            <String HEIGHT="56" WIDTH="228" VPOS="1829" HPOS="1210" CONTENT="1703." ID="tl_36_8" STYLEREFS="FONT0"/>
            <SP HEIGHT="56" WIDTH="25" VPOS="1829" HPOS="1438"/>
            <String HEIGHT="56" WIDTH="127" VPOS="1829" HPOS="1362" CONTENT="2" ID="tl_36_9" STYLEREFS="FONT0"/>
            <SP HEIGHT="56" WIDTH="25" VPOS="1829" HPOS="1488"/>
            <String HEIGHT="56" WIDTH="76" VPOS="1829" HPOS="1387" CONTENT="»" ID="tl_36_10" STYLEREFS="FONT0"/>
          </TextLine>
        </TextBlock>
        <TextBlock ID="r_1_22" HEIGHT="52" WIDTH="1423" VPOS="1889" HPOS="32">
          <TextLine ID="tl_37" BASELINE="1943" HEIGHT="66" WIDTH="1437" VPOS="1877" HPOS="25">
            <String HEIGHT="66" WIDTH="199" VPOS="1877" HPOS="3" CONTENT="1066." ID="tl_37_1" STYLEREFS="FONT0"/>
            <SP HEIGHT="66" WIDTH="22" VPOS="1877" HPOS="202"/>
            <String HEIGHT="66" WIDTH="287" VPOS="1877" HPOS="136" CONTENT="Cochon" ID="tl_37_2" STYLEREFS="FONT1"/>
            <SP HEIGHT="66" WIDTH="22" VPOS="1877" HPOS="423"/>
            <String HEIGHT="66" WIDTH="133" VPOS="1877" HPOS="357" CONTENT="de" ID="tl_37_3" STYLEREFS="FONT1"/>
            <SP HEIGHT="66" WIDTH="22" VPOS="1877" HPOS="489"/>
            <String HEIGHT="66" WIDTH="398" VPOS="1877" HPOS="423" CONTENT="l'Apparent" ID="tl_37_4" STYLEREFS="FONT1"/>
            <SP HEIGHT="66" WIDTH="22" VPOS="1877" HPOS="821"/>
            <String HEIGHT="66" WIDTH="310" VPOS="1877" HPOS="755" CONTENT="(Charles)," ID="tl_37_5" STYLEREFS="FONT0"/>
            <SP HEIGHT="66" WIDTH="22" VPOS="1877" HPOS="1064"/>
            <String HEIGHT="66" WIDTH="354" VPOS="1877" HPOS="998" CONTENT="constituant," ID="tl_37_6" STYLEREFS="FONT0"/>
            <SP HEIGHT="66" WIDTH="22" VPOS="1877" HPOS="1351"/>
            <String HEIGHT="66" WIDTH="199" VPOS="1877" HPOS="1263" CONTENT="conven" ID="tl_37_7" STYLEREFS="FONT0"/>
          </TextLine>
        </TextBlock>
        <TextBlock ID="r_1_23" HEIGHT="148" WIDTH="1378" VPOS="1937" HPOS="79">
          <TextLine ID="tl_38" BASELINE="1977" HEIGHT="50" WIDTH="1388" VPOS="1927" HPOS="72">
            <String HEIGHT="50" WIDTH="260" VPOS="1927" HPOS="50" CONTENT="tionnel," ID="tl_38_1" STYLEREFS="FONT0"/>
            <SP HEIGHT="50" WIDTH="22" VPOS="1927" HPOS="311"/>
            <String HEIGHT="50" WIDTH="217" VPOS="1927" HPOS="246" CONTENT="membre" ID="tl_38_2" STYLEREFS="FONT0"/>
            <SP HEIGHT="50" WIDTH="22" VPOS="1927" HPOS="462"/>
            <String HEIGHT="50" WIDTH="130" VPOS="1927" HPOS="397" CONTENT="du" ID="tl_38_3" STYLEREFS="FONT0"/>
            <SP HEIGHT="50" WIDTH="22" VPOS="1927" HPOS="527"/>
            <String HEIGHT="50" WIDTH="217" VPOS="1927" HPOS="462" CONTENT="comité" ID="tl_38_4" STYLEREFS="FONT0"/>
            <SP HEIGHT="50" WIDTH="22" VPOS="1927" HPOS="679"/>
            <String HEIGHT="50" WIDTH="130" VPOS="1927" HPOS="614" CONTENT="de" ID="tl_38_5" STYLEREFS="FONT0"/>
            <SP HEIGHT="50" WIDTH="22" VPOS="1927" HPOS="744"/>
            <String HEIGHT="50" WIDTH="195" VPOS="1927" HPOS="679" CONTENT="salut" ID="tl_38_6" STYLEREFS="FONT0"/>
            <SP HEIGHT="50" WIDTH="22" VPOS="1927" HPOS="874"/>
            <String HEIGHT="50" WIDTH="239" VPOS="1927" HPOS="809" CONTENT="public," ID="tl_38_7" STYLEREFS="FONT0"/>
            <SP HEIGHT="50" WIDTH="22" VPOS="1927" HPOS="1048"/>
            <String HEIGHT="50" WIDTH="260" VPOS="1927" HPOS="983" CONTENT="ministre" ID="tl_38_8" STYLEREFS="FONT0"/>
            <SP HEIGHT="50" WIDTH="22" VPOS="1927" HPOS="1243"/>
            <String HEIGHT="50" WIDTH="130" VPOS="1927" HPOS="1178" CONTENT="de" ID="tl_38_9" STYLEREFS="FONT0"/>
            <SP HEIGHT="50" WIDTH="22" VPOS="1927" HPOS="1308"/>
            <String HEIGHT="50" WIDTH="130" VPOS="1927" HPOS="1243" CONTENT="la" ID="tl_38_10" STYLEREFS="FONT0"/>
            <SP HEIGHT="50" WIDTH="22" VPOS="1927" HPOS="1373"/>
            <String HEIGHT="50" WIDTH="174" VPOS="1927" HPOS="1287" CONTENT="police" ID="tl_38_11" STYLEREFS="FONT0"/>
          </TextLine>
          <TextLine ID="tl_39" BASELINE="2037" HEIGHT="64" WIDTH="1395" VPOS="1973" HPOS="70">
            <String HEIGHT="64" WIDTH="279" VPOS="1973" HPOS="49" CONTENT="générale." ID="tl_39_1" STYLEREFS="FONT0"/>
            <SP HEIGHT="64" WIDTH="21" VPOS="1973" HPOS="328"/>
            <String HEIGHT="64" WIDTH="129" VPOS="1973" HPOS="263" CONTENT="L." ID="tl_39_2" STYLEREFS="FONT0"/>
            <SP HEIGHT="64" WIDTH="21" VPOS="1973" HPOS="392"/>
            <String HEIGHT="64" WIDTH="172" VPOS="1973" HPOS="328" CONTENT="aut." ID="tl_39_3" STYLEREFS="FONT0"/>
            <SP HEIGHT="64" WIDTH="21" VPOS="1973" HPOS="499"/>
            <String HEIGHT="64" WIDTH="193" VPOS="1973" HPOS="435" CONTENT="sig.," ID="tl_39_4" STYLEREFS="FONT0"/>
            <SP HEIGHT="64" WIDTH="21" VPOS="1973" HPOS="628"/>
            <String HEIGHT="64" WIDTH="129" VPOS="1973" HPOS="564" CONTENT="au" ID="tl_39_5" STYLEREFS="FONT0"/>
            <SP HEIGHT="64" WIDTH="21" VPOS="1973" HPOS="692"/>
            <String HEIGHT="64" WIDTH="258" VPOS="1973" HPOS="628" CONTENT="sénateur" ID="tl_39_6" STYLEREFS="FONT0"/>
            <SP HEIGHT="64" WIDTH="21" VPOS="1973" HPOS="886"/>
            <String HEIGHT="64" WIDTH="300" VPOS="1973" HPOS="821" CONTENT="Lemercier." ID="tl_39_7" STYLEREFS="FONT0"/>
            <SP HEIGHT="64" WIDTH="21" VPOS="1973" HPOS="1122"/>
            <String HEIGHT="64" WIDTH="300" VPOS="1973" HPOS="1057" CONTENT="Rochefort," ID="tl_39_8" STYLEREFS="FONT0"/>
            <SP HEIGHT="64" WIDTH="21" VPOS="1973" HPOS="1358"/>
            <String HEIGHT="64" WIDTH="129" VPOS="1973" HPOS="1293" CONTENT="18" ID="tl_39_9" STYLEREFS="FONT0"/>
            <SP HEIGHT="64" WIDTH="21" VPOS="1973" HPOS="1422"/>
            <String HEIGHT="64" WIDTH="129" VPOS="1973" HPOS="1336" CONTENT="sep" SUBS_TYPE="HypPart1" SUBS_CONTENT="septembre" ID="tl_39_10" STYLEREFS="FONT0"/>
            <HYP CONTENT="-"/>
          </TextLine>
          <TextLine ID="tl_40" BASELINE="2082" HEIGHT="62" WIDTH="1392" VPOS="2020" HPOS="72">
            <String HEIGHT="62" WIDTH="435" VPOS="2020" HPOS="29" CONTENT="tembre" SUBS_TYPE="HypPart2" SUBS_CONTENT="septembre" ID="tl_40_1" STYLEREFS="FONT0"/>
            <SP HEIGHT="62" WIDTH="44" VPOS="2020" HPOS="464"/>
            <String HEIGHT="62" WIDTH="392" VPOS="2020" HPOS="333" CONTENT="1807." ID="tl_40_2" STYLEREFS="FONT0"/>
            <SP HEIGHT="62" WIDTH="44" VPOS="2020" HPOS="725"/>
            <String HEIGHT="62" WIDTH="218" VPOS="2020" HPOS="594" CONTENT="1" ID="tl_40_3" STYLEREFS="FONT0"/>
            <SP HEIGHT="62" WIDTH="44" VPOS="2020" HPOS="812"/>
            <String HEIGHT="62" WIDTH="261" VPOS="2020" HPOS="681" CONTENT="p." ID="tl_40_4" STYLEREFS="FONT0"/>
            <SP HEIGHT="62" WIDTH="44" VPOS="2020" HPOS="942"/>
            <String HEIGHT="62" WIDTH="305" VPOS="2020" HPOS="812" CONTENT="pl." ID="tl_40_5" STYLEREFS="FONT0"/>
            <SP HEIGHT="62" WIDTH="44" VPOS="2020" HPOS="1116"/>
            <String HEIGHT="62" WIDTH="392" VPOS="2020" HPOS="986" CONTENT="in-4." ID="tl_40_6" STYLEREFS="FONT0"/>
            <SP HEIGHT="62" WIDTH="44" VPOS="2020" HPOS="1377"/>
            <String HEIGHT="62" WIDTH="218" VPOS="2020" HPOS="1247" CONTENT="2" ID="tl_40_7" STYLEREFS="FONT0"/>
            <SP HEIGHT="62" WIDTH="44" VPOS="2020" HPOS="1464"/>
            <String HEIGHT="62" WIDTH="174" VPOS="2020" HPOS="1290" CONTENT="50" ID="tl_40_8" STYLEREFS="FONT0"/>
          </TextLine>
        </TextBlock>
        <TextBlock ID="r_1_24" HEIGHT="53" WIDTH="1419" VPOS="2086" HPOS="34">
          <TextLine ID="tl_41" BASELINE="2151" HEIGHT="81" WIDTH="1434" VPOS="2070" HPOS="27">
            <String HEIGHT="81" WIDTH="159" VPOS="2070" HPOS="9" CONTENT="1067." ID="tl_41_1" STYLEREFS="FONT0"/>
            <SP HEIGHT="81" WIDTH="18" VPOS="2070" HPOS="169"/>
            <String HEIGHT="81" WIDTH="283" VPOS="2070" HPOS="116" CONTENT="Colet" ID="tl_41_2" STYLEREFS="FONT1"/>
            <SP HEIGHT="81" WIDTH="18" VPOS="2070" HPOS="399"/>
            <String HEIGHT="81" WIDTH="354" VPOS="2070" HPOS="346" CONTENT="(Madame-Louise)," ID="tl_41_3" STYLEREFS="FONT0"/>
            <SP HEIGHT="81" WIDTH="18" VPOS="2070" HPOS="700"/>
            <String HEIGHT="81" WIDTH="124" VPOS="2070" HPOS="647" CONTENT="née" ID="tl_41_4" STYLEREFS="FONT0"/>
            <SP HEIGHT="81" WIDTH="18" VPOS="2070" HPOS="771"/>
            <String HEIGHT="81" WIDTH="319" VPOS="2070" HPOS="717" CONTENT="Revoil" ID="tl_41_5" STYLEREFS="FONT2"/>
            <SP HEIGHT="81" WIDTH="18" VPOS="2070" HPOS="1036"/>
            <String HEIGHT="81" WIDTH="177" VPOS="2070" HPOS="983" CONTENT="poëte." ID="tl_41_6" STYLEREFS="FONT0"/>
            <SP HEIGHT="81" WIDTH="18" VPOS="2070" HPOS="1160"/>
            <String HEIGHT="81" WIDTH="106" VPOS="2070" HPOS="1107" CONTENT="L." ID="tl_41_7" STYLEREFS="FONT0"/>
            <SP HEIGHT="81" WIDTH="18" VPOS="2070" HPOS="1213"/>
            <String HEIGHT="81" WIDTH="142" VPOS="2070" HPOS="1160" CONTENT="aut." ID="tl_41_8" STYLEREFS="FONT0"/>
            <SP HEIGHT="81" WIDTH="18" VPOS="2070" HPOS="1302"/>
            <String HEIGHT="81" WIDTH="142" VPOS="2070" HPOS="1249" CONTENT="sig." ID="tl_41_9" STYLEREFS="FONT0"/>
            <SP HEIGHT="81" WIDTH="18" VPOS="2070" HPOS="1390"/>
            <String HEIGHT="81" WIDTH="142" VPOS="2070" HPOS="1319" CONTENT="Paris," ID="tl_41_10" STYLEREFS="FONT0"/>
          </TextLine>
        </TextBlock>
        <TextBlock ID="r_1_25" HEIGHT="51" WIDTH="1373" VPOS="2135" HPOS="79">
          <TextLine ID="tl_42" BASELINE="2174" HEIGHT="47" WIDTH="1388" VPOS="2127" HPOS="72">
            <String HEIGHT="47" WIDTH="582" VPOS="2127" HPOS="27" CONTENT="dimanche," ID="tl_42_1" STYLEREFS="FONT0"/>
            <SP HEIGHT="47" WIDTH="45" VPOS="2127" HPOS="609"/>
            <String HEIGHT="47" WIDTH="403" VPOS="2127" HPOS="475" CONTENT="1844." ID="tl_42_2" STYLEREFS="FONT0"/>
            <SP HEIGHT="47" WIDTH="45" VPOS="2127" HPOS="878"/>
            <String HEIGHT="47" WIDTH="224" VPOS="2127" HPOS="744" CONTENT="1" ID="tl_42_3" STYLEREFS="FONT0"/>
            <SP HEIGHT="47" WIDTH="45" VPOS="2127" HPOS="967"/>
            <String HEIGHT="47" WIDTH="269" VPOS="2127" HPOS="833" CONTENT="p." ID="tl_42_4" STYLEREFS="FONT0"/>
            <SP HEIGHT="47" WIDTH="45" VPOS="2127" HPOS="1102"/>
            <String HEIGHT="47" WIDTH="403" VPOS="2127" HPOS="967" CONTENT="in-8." ID="tl_42_5" STYLEREFS="FONT0"/>
            <SP HEIGHT="47" WIDTH="45" VPOS="2127" HPOS="1370"/>
            <String HEIGHT="47" WIDTH="224" VPOS="2127" HPOS="1236" CONTENT="2" ID="tl_42_6" STYLEREFS="FONT0"/>
            <SP HEIGHT="47" WIDTH="45" VPOS="2127" HPOS="1460"/>
            <String HEIGHT="47" WIDTH="179" VPOS="2127" HPOS="1281" CONTENT="50" ID="tl_42_7" STYLEREFS="FONT0"/>
          </TextLine>
        </TextBlock>
        <TextBlock ID="r_1_26" HEIGHT="53" WIDTH="1422" VPOS="2181" HPOS="34">
          <TextLine ID="tl_43" BASELINE="2227" HEIGHT="57" WIDTH="1437" VPOS="2170" HPOS="26">
            <String HEIGHT="57" WIDTH="154" VPOS="2170" HPOS="9" CONTENT="1068." ID="tl_43_1" STYLEREFS="FONT0"/>
            <SP HEIGHT="57" WIDTH="17" VPOS="2170" HPOS="163"/>
            <String HEIGHT="57" WIDTH="291" VPOS="2170" HPOS="112" CONTENT="Collet" ID="tl_43_2" STYLEREFS="FONT1"/>
            <SP HEIGHT="57" WIDTH="17" VPOS="2170" HPOS="402"/>
            <String HEIGHT="57" WIDTH="222" VPOS="2170" HPOS="351" CONTENT="(Pierre)," ID="tl_43_3" STYLEREFS="FONT0"/>
            <SP HEIGHT="57" WIDTH="17" VPOS="2170" HPOS="573"/>
            <String HEIGHT="57" WIDTH="171" VPOS="2170" HPOS="522" CONTENT="prêtre" ID="tl_43_4" STYLEREFS="FONT0"/>
            <SP HEIGHT="57" WIDTH="17" VPOS="2170" HPOS="693"/>
            <String HEIGHT="57" WIDTH="103" VPOS="2170" HPOS="642" CONTENT="de" ID="tl_43_5" STYLEREFS="FONT0"/>
            <SP HEIGHT="57" WIDTH="17" VPOS="2170" HPOS="745"/>
            <String HEIGHT="57" WIDTH="103" VPOS="2170" HPOS="693" CONTENT="la" ID="tl_43_6" STYLEREFS="FONT0"/>
            <SP HEIGHT="57" WIDTH="17" VPOS="2170" HPOS="796"/>
            <String HEIGHT="57" WIDTH="205" VPOS="2170" HPOS="745" CONTENT="Mission," ID="tl_43_7" STYLEREFS="FONT0"/>
            <SP HEIGHT="57" WIDTH="17" VPOS="2170" HPOS="950"/>
            <String HEIGHT="57" WIDTH="171" VPOS="2170" HPOS="898" CONTENT="auteur" ID="tl_43_8" STYLEREFS="FONT0"/>
            <SP HEIGHT="57" WIDTH="17" VPOS="2170" HPOS="1070"/>
            <String HEIGHT="57" WIDTH="103" VPOS="2170" HPOS="1018" CONTENT="de" ID="tl_43_9" STYLEREFS="FONT0"/>
            <SP HEIGHT="57" WIDTH="17" VPOS="2170" HPOS="1121"/>
            <String HEIGHT="57" WIDTH="103" VPOS="2170" HPOS="1070" CONTENT="la" ID="tl_43_10" STYLEREFS="FONT0"/>
            <SP HEIGHT="57" WIDTH="17" VPOS="2170" HPOS="1172"/>
            <String HEIGHT="57" WIDTH="171" VPOS="2170" HPOS="1121" CONTENT="Vie" ID="tl_43_11" STYLEREFS="FONT2"/>
            <SP HEIGHT="57" WIDTH="17" VPOS="2170" HPOS="1292"/>
            <String HEIGHT="57" WIDTH="103" VPOS="2170" HPOS="1241" CONTENT="de" ID="tl_43_12" STYLEREFS="FONT2"/>
            <SP HEIGHT="57" WIDTH="17" VPOS="2170" HPOS="1343"/>
            <String HEIGHT="57" WIDTH="188" VPOS="2170" HPOS="1275" CONTENT="saint" ID="tl_43_13" STYLEREFS="FONT2"/>
          </TextLine>
        </TextBlock>
        <TextBlock ID="r_1_27" HEIGHT="95" WIDTH="1372" VPOS="2231" HPOS="82">
          <TextLine ID="tl_44" BASELINE="2307" HEIGHT="91" WIDTH="1379" VPOS="2216" HPOS="77">
            <String HEIGHT="91" WIDTH="257" VPOS="2216" HPOS="59" CONTENT="Vincent" ID="tl_44_1" STYLEREFS="FONT2"/>
            <SP HEIGHT="91" WIDTH="18" VPOS="2216" HPOS="316"/>
            <String HEIGHT="91" WIDTH="110" VPOS="2216" HPOS="261" CONTENT="de" ID="tl_44_2" STYLEREFS="FONT2"/>
            <SP HEIGHT="91" WIDTH="18" VPOS="2216" HPOS="371"/>
            <String HEIGHT="91" WIDTH="239" VPOS="2216" HPOS="316" CONTENT="Paul" ID="tl_44_3" STYLEREFS="FONT2"/>
            <SP HEIGHT="91" WIDTH="18" VPOS="2216" HPOS="555"/>
            <String HEIGHT="91" WIDTH="184" VPOS="2216" HPOS="500" CONTENT="Quitt." ID="tl_44_4" STYLEREFS="FONT0"/>
            <SP HEIGHT="91" WIDTH="18" VPOS="2216" HPOS="684"/>
            <String HEIGHT="91" WIDTH="110" VPOS="2216" HPOS="629" CONTENT="en" ID="tl_44_5" STYLEREFS="FONT0"/>
            <SP HEIGHT="91" WIDTH="18" VPOS="2216" HPOS="739"/>
            <String HEIGHT="91" WIDTH="184" VPOS="2216" HPOS="684" CONTENT="partie" ID="tl_44_6" STYLEREFS="FONT0"/>
            <SP HEIGHT="91" WIDTH="18" VPOS="2216" HPOS="868"/>
            <String HEIGHT="91" WIDTH="147" VPOS="2216" HPOS="812" CONTENT="aut." ID="tl_44_7" STYLEREFS="FONT0"/>
            <SP HEIGHT="91" WIDTH="18" VPOS="2216" HPOS="960"/>
            <String HEIGHT="91" WIDTH="147" VPOS="2216" HPOS="904" CONTENT="sig." ID="tl_44_8" STYLEREFS="FONT0"/>
            <SP HEIGHT="91" WIDTH="18" VPOS="2216" HPOS="1051"/>
            <String HEIGHT="91" WIDTH="184" VPOS="2216" HPOS="996" CONTENT="Paris," ID="tl_44_9" STYLEREFS="FONT0"/>
            <SP HEIGHT="91" WIDTH="18" VPOS="2216" HPOS="1180"/>
            <String HEIGHT="91" WIDTH="92" VPOS="2216" HPOS="1125" CONTENT="8" ID="tl_44_10" STYLEREFS="FONT0"/>
            <SP HEIGHT="91" WIDTH="18" VPOS="2216" HPOS="1217"/>
            <String HEIGHT="91" WIDTH="202" VPOS="2216" HPOS="1162" CONTENT="juillet" ID="tl_44_11" STYLEREFS="FONT0"/>
            <SP HEIGHT="91" WIDTH="18" VPOS="2216" HPOS="1364"/>
            <String HEIGHT="91" WIDTH="165" VPOS="2216" HPOS="1309" CONTENT="1768." ID="tl_44_12" STYLEREFS="FONT0"/>
            <SP HEIGHT="91" WIDTH="18" VPOS="2216" HPOS="1474"/>
            <String HEIGHT="91" WIDTH="55" VPOS="2216" HPOS="1401" CONTENT="1" ID="tl_44_13" STYLEREFS="FONT0"/>
          </TextLine>
          <TextLine ID="tl_45" BASELINE="2328" HEIGHT="61" WIDTH="1387" VPOS="2267" HPOS="75">
            <String HEIGHT="61" WIDTH="640" VPOS="2267" HPOS="-32" CONTENT="p." ID="tl_45_1" STYLEREFS="FONT0"/>
            <SP HEIGHT="61" WIDTH="107" VPOS="2267" HPOS="608"/>
            <String HEIGHT="61" WIDTH="960" VPOS="2267" HPOS="288" CONTENT="in-4." ID="tl_45_2" STYLEREFS="FONT0"/>
            <SP HEIGHT="61" WIDTH="107" VPOS="2267" HPOS="1249"/>
            <String HEIGHT="61" WIDTH="533" VPOS="2267" HPOS="929" CONTENT="2" ID="tl_45_3" STYLEREFS="FONT0"/>
            <SP HEIGHT="61" WIDTH="107" VPOS="2267" HPOS="1462"/>
            <String HEIGHT="61" WIDTH="427" VPOS="2267" HPOS="1035" CONTENT="50" ID="tl_45_4" STYLEREFS="FONT0"/>
          </TextLine>
        </TextBlock>
        <TextBlock ID="r_1_28" HEIGHT="103" WIDTH="1418" VPOS="2325" HPOS="36">
          <TextLine ID="tl_46" BASELINE="2383" HEIGHT="64" WIDTH="1434" VPOS="2319" HPOS="29">
            <String HEIGHT="64" WIDTH="212" VPOS="2319" HPOS="5" CONTENT="1069." ID="tl_46_1" STYLEREFS="FONT0"/>
            <SP HEIGHT="64" WIDTH="24" VPOS="2319" HPOS="217"/>
            <String HEIGHT="64" WIDTH="306" VPOS="2319" HPOS="147" CONTENT="Comète" ID="tl_46_2" STYLEREFS="FONT1"/>
            <SP HEIGHT="64" WIDTH="24" VPOS="2319" HPOS="452"/>
            <String HEIGHT="64" WIDTH="141" VPOS="2319" HPOS="382" CONTENT="de" ID="tl_46_3" STYLEREFS="FONT1"/>
            <SP HEIGHT="64" WIDTH="24" VPOS="2319" HPOS="523"/>
            <String HEIGHT="64" WIDTH="282" VPOS="2319" HPOS="452" CONTENT="1742" ID="tl_46_4" STYLEREFS="FONT1"/>
            <SP HEIGHT="64" WIDTH="24" VPOS="2319" HPOS="734"/>
            <String HEIGHT="64" WIDTH="376" VPOS="2319" HPOS="664" CONTENT="Observations" ID="tl_46_5" STYLEREFS="FONT0"/>
            <SP HEIGHT="64" WIDTH="24" VPOS="2319" HPOS="1040"/>
            <String HEIGHT="64" WIDTH="165" VPOS="2319" HPOS="969" CONTENT="sur" ID="tl_46_6" STYLEREFS="FONT0"/>
            <SP HEIGHT="64" WIDTH="24" VPOS="2319" HPOS="1134"/>
            <String HEIGHT="64" WIDTH="141" VPOS="2319" HPOS="1063" CONTENT="la" ID="tl_46_7" STYLEREFS="FONT0"/>
            <SP HEIGHT="64" WIDTH="24" VPOS="2319" HPOS="1204"/>
            <String HEIGHT="64" WIDTH="259" VPOS="2319" HPOS="1134" CONTENT="comète," ID="tl_46_8" STYLEREFS="FONT0"/>
            <SP HEIGHT="64" WIDTH="24" VPOS="2319" HPOS="1392"/>
            <String HEIGHT="64" WIDTH="165" VPOS="2319" HPOS="1298" CONTENT="telle" ID="tl_46_9" STYLEREFS="FONT0"/>
          </TextLine>
          <TextLine ID="tl_47" BASELINE="2432" HEIGHT="64" WIDTH="1381" VPOS="2368" HPOS="73">
            <String HEIGHT="64" WIDTH="234" VPOS="2368" HPOS="52" CONTENT="qu’elle" ID="tl_47_1" STYLEREFS="FONT0"/>
            <SP HEIGHT="64" WIDTH="21" VPOS="2368" HPOS="285"/>
            <String HEIGHT="64" WIDTH="106" VPOS="2368" HPOS="222" CONTENT="a" ID="tl_47_2" STYLEREFS="FONT0"/>
            <SP HEIGHT="64" WIDTH="21" VPOS="2368" HPOS="328"/>
            <String HEIGHT="64" WIDTH="149" VPOS="2368" HPOS="264" CONTENT="été" ID="tl_47_3" STYLEREFS="FONT0"/>
            <SP HEIGHT="64" WIDTH="21" VPOS="2368" HPOS="413"/>
            <String HEIGHT="64" WIDTH="234" VPOS="2368" HPOS="349" CONTENT="aperçue" ID="tl_47_4" STYLEREFS="FONT0"/>
            <SP HEIGHT="64" WIDTH="21" VPOS="2368" HPOS="583"/>
            <String HEIGHT="64" WIDTH="106" VPOS="2368" HPOS="519" CONTENT="à" ID="tl_47_5" STYLEREFS="FONT0"/>
            <SP HEIGHT="64" WIDTH="21" VPOS="2368" HPOS="625"/>
            <String HEIGHT="64" WIDTH="297" VPOS="2368" HPOS="562" CONTENT="Stuttgard," ID="tl_47_6" STYLEREFS="FONT0"/>
            <SP HEIGHT="64" WIDTH="21" VPOS="2368" HPOS="859"/>
            <String HEIGHT="64" WIDTH="127" VPOS="2368" HPOS="795" CONTENT="la" ID="tl_47_7" STYLEREFS="FONT0"/>
            <SP HEIGHT="64" WIDTH="21" VPOS="2368" HPOS="923"/>
            <String HEIGHT="64" WIDTH="170" VPOS="2368" HPOS="859" CONTENT="nuit" ID="tl_47_8" STYLEREFS="FONT0"/>
            <SP HEIGHT="64" WIDTH="21" VPOS="2368" HPOS="1029"/>
            <String HEIGHT="64" WIDTH="127" VPOS="2368" HPOS="965" CONTENT="du" ID="tl_47_9" STYLEREFS="FONT0"/>
            <SP HEIGHT="64" WIDTH="21" VPOS="2368" HPOS="1093"/>
            <String HEIGHT="64" WIDTH="127" VPOS="2368" HPOS="1029" CONTENT="16" ID="tl_47_10" STYLEREFS="FONT0"/>
            <SP HEIGHT="64" WIDTH="21" VPOS="2368" HPOS="1157"/>
            <String HEIGHT="64" WIDTH="127" VPOS="2368" HPOS="1093" CONTENT="au" ID="tl_47_11" STYLEREFS="FONT0"/>
            <SP HEIGHT="64" WIDTH="21" VPOS="2368" HPOS="1220"/>
            <String HEIGHT="64" WIDTH="127" VPOS="2368" HPOS="1157" CONTENT="17" ID="tl_47_12" STYLEREFS="FONT0"/>
            <SP HEIGHT="64" WIDTH="21" VPOS="2368" HPOS="1284"/>
            <String HEIGHT="64" WIDTH="170" VPOS="2368" HPOS="1220" CONTENT="mars" ID="tl_47_13" STYLEREFS="FONT0"/>
            <SP HEIGHT="64" WIDTH="21" VPOS="2368" HPOS="1390"/>
            <String HEIGHT="64" WIDTH="149" VPOS="2368" HPOS="1305" CONTENT="1742." ID="tl_47_14" STYLEREFS="FONT0"/>
          </TextLine>
        </TextBlock>
        <TextBlock ID="r_1_29" HEIGHT="53" WIDTH="1371" VPOS="2423" HPOS="79">
          <TextLine ID="tl_48" BASELINE="2474" HEIGHT="57" WIDTH="1386" VPOS="2417" HPOS="72">
            <String HEIGHT="57" WIDTH="100" VPOS="2417" HPOS="52" CONTENT="1" ID="tl_48_1" STYLEREFS="FONT0"/>
            <SP HEIGHT="57" WIDTH="20" VPOS="2417" HPOS="152"/>
            <String HEIGHT="57" WIDTH="121" VPOS="2417" HPOS="92" CONTENT="p." ID="tl_48_2" STYLEREFS="FONT0"/>
            <SP HEIGHT="57" WIDTH="20" VPOS="2417" HPOS="213"/>
            <String HEIGHT="57" WIDTH="121" VPOS="2417" HPOS="152" CONTENT="et" ID="tl_48_3" STYLEREFS="FONT0"/>
            <SP HEIGHT="57" WIDTH="20" VPOS="2417" HPOS="273"/>
            <String HEIGHT="57" WIDTH="181" VPOS="2417" HPOS="213" CONTENT="quart" ID="tl_48_4" STYLEREFS="FONT0"/>
            <SP HEIGHT="57" WIDTH="20" VPOS="2417" HPOS="393"/>
            <String HEIGHT="57" WIDTH="181" VPOS="2417" HPOS="333" CONTENT="in-4," ID="tl_48_5" STYLEREFS="FONT0"/>
            <SP HEIGHT="57" WIDTH="20" VPOS="2417" HPOS="514"/>
            <String HEIGHT="57" WIDTH="121" VPOS="2417" HPOS="454" CONTENT="et" ID="tl_48_6" STYLEREFS="FONT0"/>
            <SP HEIGHT="57" WIDTH="20" VPOS="2417" HPOS="574"/>
            <String HEIGHT="57" WIDTH="121" VPOS="2417" HPOS="514" CONTENT="la" ID="tl_48_7" STYLEREFS="FONT0"/>
            <SP HEIGHT="57" WIDTH="20" VPOS="2417" HPOS="634"/>
            <String HEIGHT="57" WIDTH="201" VPOS="2417" HPOS="574" CONTENT="figure" ID="tl_48_8" STYLEREFS="FONT0"/>
            <SP HEIGHT="57" WIDTH="20" VPOS="2417" HPOS="775"/>
            <String HEIGHT="57" WIDTH="241" VPOS="2417" HPOS="715" CONTENT="dessinée" ID="tl_48_9" STYLEREFS="FONT0"/>
            <SP HEIGHT="57" WIDTH="20" VPOS="2417" HPOS="956"/>
            <String HEIGHT="57" WIDTH="100" VPOS="2417" HPOS="896" CONTENT="à" ID="tl_48_10" STYLEREFS="FONT0"/>
            <SP HEIGHT="57" WIDTH="20" VPOS="2417" HPOS="996"/>
            <String HEIGHT="57" WIDTH="121" VPOS="2417" HPOS="936" CONTENT="la" ID="tl_48_11" STYLEREFS="FONT0"/>
            <SP HEIGHT="57" WIDTH="20" VPOS="2417" HPOS="1056"/>
            <String HEIGHT="57" WIDTH="181" VPOS="2417" HPOS="996" CONTENT="plume" ID="tl_48_12" STYLEREFS="FONT0"/>
            <SP HEIGHT="57" WIDTH="20" VPOS="2417" HPOS="1177"/>
            <String HEIGHT="57" WIDTH="121" VPOS="2417" HPOS="1117" CONTENT="de" ID="tl_48_13" STYLEREFS="FONT0"/>
            <SP HEIGHT="57" WIDTH="20" VPOS="2417" HPOS="1237"/>
            <String HEIGHT="57" WIDTH="181" VPOS="2417" HPOS="1177" CONTENT="cette" ID="tl_48_14" STYLEREFS="FONT0"/>
            <SP HEIGHT="57" WIDTH="20" VPOS="2417" HPOS="1358"/>
            <String HEIGHT="57" WIDTH="181" VPOS="2417" HPOS="1277" CONTENT="comète." ID="tl_48_15" STYLEREFS="FONT0"/>
          </TextLine>
        </TextBlock>
        <TextBlock ID="r_1_30" HEIGHT="49" WIDTH="1369" VPOS="2470" HPOS="81">
          <TextLine ID="tl_49" BASELINE="2526" HEIGHT="65" WIDTH="1385" VPOS="2461" HPOS="73">
            <String HEIGHT="65" WIDTH="495" VPOS="2461" HPOS="-26" CONTENT="1" ID="tl_49_1" STYLEREFS="FONT0"/>
            <SP HEIGHT="65" WIDTH="99" VPOS="2461" HPOS="469"/>
            <String HEIGHT="65" WIDTH="594" VPOS="2461" HPOS="172" CONTENT="p." ID="tl_49_2" STYLEREFS="FONT0"/>
            <SP HEIGHT="65" WIDTH="99" VPOS="2461" HPOS="766"/>
            <String HEIGHT="65" WIDTH="890" VPOS="2461" HPOS="469" CONTENT="in-4." ID="tl_49_3" STYLEREFS="FONT0"/>
            <SP HEIGHT="65" WIDTH="99" VPOS="2461" HPOS="1359"/>
            <String HEIGHT="65" WIDTH="495" VPOS="2461" HPOS="1062" CONTENT="4" ID="tl_49_4" STYLEREFS="FONT0"/>
            <SP HEIGHT="65" WIDTH="99" VPOS="2461" HPOS="1557"/>
            <String HEIGHT="65" WIDTH="297" VPOS="2461" HPOS="1161" CONTENT="»" ID="tl_49_5" STYLEREFS="FONT0"/>
          </TextLine>
        </TextBlock>
        <TextBlock ID="r_1_31" HEIGHT="200" WIDTH="1417" VPOS="2516" HPOS="36">
          <TextLine ID="tl_50" BASELINE="2563" HEIGHT="71" WIDTH="1432" VPOS="2492" HPOS="28">
            <String HEIGHT="71" WIDTH="187" VPOS="2492" HPOS="7" CONTENT="1070." ID="tl_50_1" STYLEREFS="FONT0"/>
            <SP HEIGHT="71" WIDTH="21" VPOS="2492" HPOS="194"/>
            <String HEIGHT="71" WIDTH="332" VPOS="2492" HPOS="132" CONTENT="Condé" ID="tl_50_2" STYLEREFS="FONT1"/>
            <SP HEIGHT="71" WIDTH="21" VPOS="2492" HPOS="464"/>
            <String HEIGHT="71" WIDTH="706" VPOS="2492" HPOS="402" CONTENT="(Louise-Marie-Thérèse-Bathilde" ID="tl_50_3" STYLEREFS="FONT0"/>
            <SP HEIGHT="71" WIDTH="21" VPOS="2492" HPOS="1107"/>
            <String HEIGHT="71" WIDTH="291" VPOS="2492" HPOS="1045" CONTENT="d’Orléans," ID="tl_50_4" STYLEREFS="FONT0"/>
            <SP HEIGHT="71" WIDTH="21" VPOS="2492" HPOS="1335"/>
            <String HEIGHT="71" WIDTH="208" VPOS="2492" HPOS="1252" CONTENT="duchesse" ID="tl_50_5" STYLEREFS="FONT0"/>
          </TextLine>
          <TextLine ID="tl_51" BASELINE="2617" HEIGHT="57" WIDTH="1377" VPOS="2560" HPOS="75">
            <String HEIGHT="57" WIDTH="138" VPOS="2560" HPOS="52" CONTENT="de" ID="tl_51_1" STYLEREFS="FONT0"/>
            <SP HEIGHT="57" WIDTH="23" VPOS="2560" HPOS="190"/>
            <String HEIGHT="57" WIDTH="298" VPOS="2560" HPOS="121" CONTENT="Bourbon)," ID="tl_51_2" STYLEREFS="FONT0"/>
            <SP HEIGHT="57" WIDTH="23" VPOS="2560" HPOS="419"/>
            <String HEIGHT="57" WIDTH="230" VPOS="2560" HPOS="350" CONTENT="épouse" ID="tl_51_3" STYLEREFS="FONT0"/>
            <SP HEIGHT="57" WIDTH="23" VPOS="2560" HPOS="580"/>
            <String HEIGHT="57" WIDTH="138" VPOS="2560" HPOS="511" CONTENT="du" ID="tl_51_4" STYLEREFS="FONT0"/>
            <SP HEIGHT="57" WIDTH="23" VPOS="2560" HPOS="649"/>
            <String HEIGHT="57" WIDTH="230" VPOS="2560" HPOS="580" CONTENT="prince" ID="tl_51_5" STYLEREFS="FONT0"/>
            <SP HEIGHT="57" WIDTH="23" VPOS="2560" HPOS="809"/>
            <String HEIGHT="57" WIDTH="138" VPOS="2560" HPOS="741" CONTENT="de" ID="tl_51_6" STYLEREFS="FONT0"/>
            <SP HEIGHT="57" WIDTH="23" VPOS="2560" HPOS="878"/>
            <String HEIGHT="57" WIDTH="207" VPOS="2560" HPOS="809" CONTENT="Condé" ID="tl_51_7" STYLEREFS="FONT0"/>
            <SP HEIGHT="57" WIDTH="23" VPOS="2560" HPOS="1016"/>
            <String HEIGHT="57" WIDTH="184" VPOS="2560" HPOS="947" CONTENT="mort" ID="tl_51_8" STYLEREFS="FONT0"/>
            <SP HEIGHT="57" WIDTH="23" VPOS="2560" HPOS="1131"/>
            <String HEIGHT="57" WIDTH="138" VPOS="2560" HPOS="1062" CONTENT="en" ID="tl_51_9" STYLEREFS="FONT0"/>
            <SP HEIGHT="57" WIDTH="23" VPOS="2560" HPOS="1200"/>
            <String HEIGHT="57" WIDTH="207" VPOS="2560" HPOS="1131" CONTENT="1830." ID="tl_51_10" STYLEREFS="FONT0"/>
            <SP HEIGHT="57" WIDTH="23" VPOS="2560" HPOS="1337"/>
            <String HEIGHT="57" WIDTH="138" VPOS="2560" HPOS="1268" CONTENT="L." ID="tl_51_11" STYLEREFS="FONT0"/>
            <SP HEIGHT="57" WIDTH="23" VPOS="2560" HPOS="1406"/>
            <String HEIGHT="57" WIDTH="138" VPOS="2560" HPOS="1314" CONTENT="aut." ID="tl_51_12" STYLEREFS="FONT0"/>
          </TextLine>
          <TextLine ID="tl_52" BASELINE="2662" HEIGHT="53" WIDTH="1386" VPOS="2609" HPOS="73">
            <String HEIGHT="53" WIDTH="161" VPOS="2609" HPOS="53" CONTENT="sig." ID="tl_52_1" STYLEREFS="FONT0"/>
            <SP HEIGHT="53" WIDTH="20" VPOS="2609" HPOS="214"/>
            <String HEIGHT="53" WIDTH="362" VPOS="2609" HPOS="153" CONTENT="L.-M.-T.-B." ID="tl_52_2" STYLEREFS="FONT2"/>
            <SP HEIGHT="53" WIDTH="20" VPOS="2609" HPOS="515"/>
            <String HEIGHT="53" WIDTH="241" VPOS="2609" HPOS="455" CONTENT="Orléans," ID="tl_52_3" STYLEREFS="FONT2"/>
            <SP HEIGHT="53" WIDTH="20" VPOS="2609" HPOS="696"/>
            <String HEIGHT="53" WIDTH="121" VPOS="2609" HPOS="635" CONTENT="f." ID="tl_52_4" STYLEREFS="FONT2"/>
            <SP HEIGHT="53" WIDTH="20" VPOS="2609" HPOS="756"/>
            <String HEIGHT="53" WIDTH="321" VPOS="2609" HPOS="696" CONTENT="Bourbon" ID="tl_52_5" STYLEREFS="FONT2"/>
            <SP HEIGHT="53" WIDTH="20" VPOS="2609" HPOS="1017"/>
            <String HEIGHT="53" WIDTH="141" VPOS="2609" HPOS="957" CONTENT="aux" ID="tl_52_6" STYLEREFS="FONT0"/>
            <SP HEIGHT="53" WIDTH="20" VPOS="2609" HPOS="1097"/>
            <String HEIGHT="53" WIDTH="221" VPOS="2609" HPOS="1037" CONTENT="membres" ID="tl_52_7" STYLEREFS="FONT0"/>
            <SP HEIGHT="53" WIDTH="20" VPOS="2609" HPOS="1258"/>
            <String HEIGHT="53" WIDTH="261" VPOS="2609" HPOS="1198" CONTENT="composant" ID="tl_52_8" STYLEREFS="FONT0"/>
            <SP HEIGHT="53" WIDTH="20" VPOS="2609" HPOS="1459"/>
            <String HEIGHT="53" WIDTH="80" VPOS="2609" HPOS="1379" CONTENT="le" ID="tl_52_9" STYLEREFS="FONT0"/>
          </TextLine>
          <TextLine ID="tl_53" BASELINE="2718" HEIGHT="67" WIDTH="1379" VPOS="2651" HPOS="75">
            <String HEIGHT="67" WIDTH="297" VPOS="2651" HPOS="54" CONTENT="Directoire" ID="tl_53_1" STYLEREFS="FONT0"/>
            <SP HEIGHT="67" WIDTH="21" VPOS="2651" HPOS="351"/>
            <String HEIGHT="67" WIDTH="255" VPOS="2651" HPOS="287" CONTENT="exécutif" ID="tl_53_2" STYLEREFS="FONT0"/>
            <SP HEIGHT="67" WIDTH="21" VPOS="2651" HPOS="542"/>
            <String HEIGHT="67" WIDTH="127" VPOS="2651" HPOS="478" CONTENT="de" ID="tl_53_3" STYLEREFS="FONT0"/>
            <SP HEIGHT="67" WIDTH="21" VPOS="2651" HPOS="605"/>
            <String HEIGHT="67" WIDTH="127" VPOS="2651" HPOS="542" CONTENT="la" ID="tl_53_4" STYLEREFS="FONT0"/>
            <SP HEIGHT="67" WIDTH="21" VPOS="2651" HPOS="669"/>
            <String HEIGHT="67" WIDTH="297" VPOS="2651" HPOS="605" CONTENT="République" ID="tl_53_5" STYLEREFS="FONT0"/>
            <SP HEIGHT="67" WIDTH="21" VPOS="2651" HPOS="902"/>
            <String HEIGHT="67" WIDTH="297" VPOS="2651" HPOS="839" CONTENT="française." ID="tl_53_6" STYLEREFS="FONT0"/>
            <SP HEIGHT="67" WIDTH="21" VPOS="2651" HPOS="1136"/>
            <String HEIGHT="67" WIDTH="106" VPOS="2651" HPOS="1072" CONTENT="1" ID="tl_53_7" STYLEREFS="FONT0"/>
            <SP HEIGHT="67" WIDTH="21" VPOS="2651" HPOS="1178"/>
            <String HEIGHT="67" WIDTH="127" VPOS="2651" HPOS="1115" CONTENT="p." ID="tl_53_8" STYLEREFS="FONT0"/>
            <SP HEIGHT="67" WIDTH="21" VPOS="2651" HPOS="1242"/>
            <String HEIGHT="67" WIDTH="233" VPOS="2651" HPOS="1178" CONTENT="in-fol." ID="tl_53_9" STYLEREFS="FONT0"/>
            <SP HEIGHT="67" WIDTH="21" VPOS="2651" HPOS="1412"/>
            <String HEIGHT="67" WIDTH="127" VPOS="2651" HPOS="1348" CONTENT="12" ID="tl_53_10" STYLEREFS="FONT0"/>
            <SP HEIGHT="67" WIDTH="21" VPOS="2651" HPOS="1475"/>
            <String HEIGHT="67" WIDTH="64" VPOS="2651" HPOS="1390" CONTENT="»" ID="tl_53_11" STYLEREFS="FONT0"/>
          </TextLine>
        </TextBlock>
        <TextBlock ID="r_1_32" HEIGHT="103" WIDTH="1367" VPOS="2709" HPOS="85">
          <TextLine ID="tl_54" BASELINE="2756" HEIGHT="58" WIDTH="1338" VPOS="2698" HPOS="122">
            <String HEIGHT="58" WIDTH="167" VPOS="2698" HPOS="101" CONTENT="Elle" ID="tl_54_1" STYLEREFS="FONT0"/>
            <SP HEIGHT="58" WIDTH="21" VPOS="2698" HPOS="268"/>
            <String HEIGHT="58" WIDTH="167" VPOS="2698" HPOS="206" CONTENT="leur" ID="tl_54_2" STYLEREFS="FONT0"/>
            <SP HEIGHT="58" WIDTH="21" VPOS="2698" HPOS="373"/>
            <String HEIGHT="58" WIDTH="230" VPOS="2698" HPOS="310" CONTENT="expose," ID="tl_54_3" STYLEREFS="FONT0"/>
            <SP HEIGHT="58" WIDTH="21" VPOS="2698" HPOS="540"/>
            <String HEIGHT="58" WIDTH="146" VPOS="2698" HPOS="477" CONTENT="que" ID="tl_54_4" STYLEREFS="FONT0"/>
            <SP HEIGHT="58" WIDTH="21" VPOS="2698" HPOS="624"/>
            <String HEIGHT="58" WIDTH="209" VPOS="2698" HPOS="561" CONTENT="privée" ID="tl_54_5" STYLEREFS="FONT0"/>
            <SP HEIGHT="58" WIDTH="21" VPOS="2698" HPOS="770"/>
            <String HEIGHT="58" WIDTH="125" VPOS="2698" HPOS="707" CONTENT="de" ID="tl_54_6" STYLEREFS="FONT0"/>
            <SP HEIGHT="58" WIDTH="21" VPOS="2698" HPOS="833"/>
            <String HEIGHT="58" WIDTH="167" VPOS="2698" HPOS="770" CONTENT="tout" ID="tl_54_7" STYLEREFS="FONT0"/>
            <SP HEIGHT="58" WIDTH="21" VPOS="2698" HPOS="937"/>
            <String HEIGHT="58" WIDTH="125" VPOS="2698" HPOS="875" CONTENT="ce" ID="tl_54_8" STYLEREFS="FONT0"/>
            <SP HEIGHT="58" WIDTH="21" VPOS="2698" HPOS="1000"/>
            <String HEIGHT="58" WIDTH="146" VPOS="2698" HPOS="937" CONTENT="qui" ID="tl_54_9" STYLEREFS="FONT0"/>
            <SP HEIGHT="58" WIDTH="21" VPOS="2698" HPOS="1084"/>
            <String HEIGHT="58" WIDTH="146" VPOS="2698" HPOS="1021" CONTENT="lui" ID="tl_54_10" STYLEREFS="FONT0"/>
            <SP HEIGHT="58" WIDTH="21" VPOS="2698" HPOS="1167"/>
            <String HEIGHT="58" WIDTH="314" VPOS="2698" HPOS="1105" CONTENT="appartient," ID="tl_54_11" STYLEREFS="FONT0"/>
            <SP HEIGHT="58" WIDTH="21" VPOS="2698" HPOS="1418"/>
            <String HEIGHT="58" WIDTH="125" VPOS="2698" HPOS="1335" CONTENT="elle" ID="tl_54_12" STYLEREFS="FONT0"/>
          </TextLine>
          <TextLine ID="tl_55" BASELINE="2833" HEIGHT="88" WIDTH="1382" VPOS="2745" HPOS="77">
            <String HEIGHT="88" WIDTH="149" VPOS="2745" HPOS="56" CONTENT="est" ID="tl_55_1" STYLEREFS="FONT0"/>
            <SP HEIGHT="88" WIDTH="21" VPOS="2745" HPOS="205"/>
            <String HEIGHT="88" WIDTH="170" VPOS="2745" HPOS="141" CONTENT="loin" ID="tl_55_2" STYLEREFS="FONT0"/>
            <SP HEIGHT="88" WIDTH="21" VPOS="2745" HPOS="311"/>
            <String HEIGHT="88" WIDTH="234" VPOS="2745" HPOS="247" CONTENT="d’avoir" ID="tl_55_3" STYLEREFS="FONT0"/>
            <SP HEIGHT="88" WIDTH="21" VPOS="2745" HPOS="481"/>
            <String HEIGHT="88" WIDTH="149" VPOS="2745" HPOS="417" CONTENT="une" ID="tl_55_4" STYLEREFS="FONT0"/>
            <SP HEIGHT="88" WIDTH="21" VPOS="2745" HPOS="566"/>
            <String HEIGHT="88" WIDTH="276" VPOS="2745" HPOS="502" CONTENT="existence" ID="tl_55_5" STYLEREFS="FONT0"/>
            <SP HEIGHT="88" WIDTH="21" VPOS="2745" HPOS="779"/>
            <String HEIGHT="88" WIDTH="319" VPOS="2745" HPOS="715" CONTENT="supportable" ID="tl_55_6" STYLEREFS="FONT0"/>
            <SP HEIGHT="88" WIDTH="21" VPOS="2745" HPOS="1034"/>
            <String HEIGHT="88" WIDTH="255" VPOS="2745" HPOS="970" CONTENT="jusqu’au" ID="tl_55_7" STYLEREFS="FONT0"/>
            <SP HEIGHT="88" WIDTH="21" VPOS="2745" HPOS="1225"/>
            <String HEIGHT="88" WIDTH="213" VPOS="2745" HPOS="1161" CONTENT="moment" ID="tl_55_8" STYLEREFS="FONT0"/>
            <SP HEIGHT="88" WIDTH="21" VPOS="2745" HPOS="1374"/>
            <String HEIGHT="88" WIDTH="128" VPOS="2745" HPOS="1310" CONTENT="où" ID="tl_55_9" STYLEREFS="FONT0"/>
            <SP HEIGHT="88" WIDTH="21" VPOS="2745" HPOS="1438"/>
            <String HEIGHT="88" WIDTH="106" VPOS="2745" HPOS="1353" CONTENT="ils" ID="tl_55_10" STYLEREFS="FONT0"/>
          </TextLine>
        </TextBlock>
      </PrintSpace>
    </Page>
  </Layout>
</alto>
