1565 2857
697 55 227 89 87
773 55 113 89 —

86 146 200 75 Plus,
219 146 133 75 un
286 146 244 75 croquis
464 146 356 75 représentant
753 146 156 75 une
841 146 133 75 de
908 146 156 75 ces
997 146 244 75 maisons
1175 146 244 75 russes,
1330 146 156 75 qu’il

90 205 229 87 trouvera
262 205 153 87 dans
357 205 172 87 Le
472 205 287 87 Prince
701 205 115 87 et
759 205 134 87 qui
835 205 115 87 ne
893 205 153 87 sont
988 205 210 87 formées
1141 205 134 87 que
1217 205 115 87 de
1275 205 210 87 solives
1409 205 76 87 de

88 257 147 65 pin
172 257 273 65 engrénées
382 257 147 65 les
466 257 168 65 unes
571 257 168 65 dans
676 257 147 65 les
739 257 231 65 autres...

43 278 173 94 1086.
158 278 173 94 De
274 278 289 94 Tournes
505 278 251 94 (Samuel),
698 278 251 94 imprimeur
891 278 96 94 à
929 278 347 94 Genève
1218 278 116 94 L.
1276 278 154 94 aut.
1353 278 135 94 sig.,

87 360 111 53 à
131 360 200 53 M....
264 360 244 53 Genève,
442 360 133 53 18
508 360 200 53 avril
642 360 200 53 1778.
775 360 111 53 3
819 360 155 53 gr.
908 360 133 53 p.
975 360 155 53 pl.
1063 360 133 53 et
1130 360 200 53 demie
1263 360 200 53 in-4.
1396 360 111 53 5
1418 360 67 53 »

135 387 258 68 Relative
328 387 107 68 à
371 387 343 68 l’impression
650 387 129 68 de
714 387 150 68 son
800 387 236 68 ouvrage
972 387 172 68 pour
1079 387 215 68 lequel
1229 387 129 68 il
1294 387 150 68 lui
1358 387 129 68 fau-

85 443 161 62 dra
177 443 413 62 nécessairement
521 443 252 62 trouver
705 443 161 62 des
797 443 252 62 savants
980 443 138 62 au
1049 443 230 62 nombre
1210 443 138 62 de
1278 443 207 62 trois
1393 443 92 62 ou

86 504 212 65 quatre
234 504 149 65 qui
319 504 234 65 sachent
489 504 191 65 entre
617 504 170 65 eux,
723 504 191 65 outre
850 504 127 65 le
914 504 191 65 latin
1041 504 127 65 et
1105 504 127 65 le
1169 504 191 65 grec,
1296 504 127 65 au
1338 504 149 65 moins

87 544 266 61 l’anglais,
296 544 266 61 l’allemand
506 544 114 61 et
544 544 285 61 l’italien....

40 577 183 74 1087.
162 577 489 74 D’obsonville,
590 577 285 74 navigateur
814 577 285 74 militaire,
1039 577 204 74 auteur
1161 577 326 74 d’observations

86 643 149 78 sur
171 643 149 78 les
256 643 255 78 animaux.
446 643 127 78 L.
510 643 170 78 aut.
616 643 191 78 sig.,
743 643 106 78 à
786 643 127 78 M.
850 643 276 78 Renouard.
1062 643 212 78 Paris,
1210 643 106 78 5
1253 643 170 78 mars
1337 643 149 78 1790.

35 688 363 67 2
181 688 436 67 p.
399 688 508 67 pl.
689 688 654 67 in-4.
1125 688 363 67 2
1197 688 291 67 50

40 727 186 73 1088.
164 727 352 73 Dombey
454 727 227 73 (Jean),
619 727 227 73 célèbre
785 727 227 73 médecin
950 727 124 73 et
1012 727 290 73 botaniste,
1240 727 248 73 voyageur
1405 727 83 73 au

86 787 177 56 Pérou
205 787 118 56 et
264 787 138 56 aux
343 787 296 56 Etats-Unis.
579 787 118 56 Né
638 787 99 56 à
678 787 315 56 Mâcon
934 787 414 56 (Saône-et-Loire).
1289 787 118 56 L.
1348 787 118 56 a.
1387 787 99 56 s.,

90 827 104 61 à
132 827 146 61 son
215 827 251 61 confrère
403 827 125 61 et
466 827 230 61 ami....
633 827 230 61 Madrid,
800 827 125 61 27
863 827 230 61 février
1030 827 188 61 1777.
1155 827 104 61 2
1197 827 125 61 p.
1259 827 188 61 in-4.
1385 827 104 61 3
1405 827 84 61 50

41 875 179 68 1089.
160 875 337 68 Drack,
438 875 198 68 rabbin
577 875 258 68 converti,
775 875 278 68 professeur
993 875 119 68 de
1053 875 218 68 l’école
1192 875 298 68 consistoriale

87 932 268 50 israélite
293 932 123 50 de
355 932 206 50 Paris,
499 932 206 50 depuis
643 932 370 50 bibliothécaire
952 932 123 50 de
1014 932 123 50 M.
1075 932 123 50 le
1137 932 144 50 duc
1219 932 123 50 de
1261 932 226 50 Bordeaux.

87 972 124 61 L.
149 972 124 61 a.
211 972 144 61 s.,
294 972 103 61 à
335 972 124 61 M.
397 972 124 61 de
459 972 309 61 Saint-Marc.
706 972 206 61 Paris,
851 972 124 61 20
912 972 186 61 févr.
1036 972 186 61 1823.
1160 972 103 61 1
1201 972 124 61 p.
1263 972 186 61 in-4.
1387 972 103 61 2
1407 972 83 61 50

40 1019 184 69 1090.
162 1019 327 69 Ducis
428 1019 409 69 (Jean-François),
776 1019 184 69 poëte
898 1019 307 69 dramatique,
1143 1019 204 69 membre
1287 1019 123 69 de
1327 1019 164 69 l’Aca

90 1063 166 67 démie
200 1063 258 67 française.
403 1063 111 67 Né
458 1063 92 67 à
495 1063 405 67 Versailles
845 1063 111 67 1°
900 1063 166 67 Envoi
1011 1063 111 67 de
1066 1063 166 67 trois
1177 1063 184 67 lignes
1306 1063 147 67 aut.
1379 1063 111 67 sig.

89 1132 129 47 sur
162 1132 111 47 le
218 1132 166 47 titre
329 1132 111 47 du
384 1132 203 47 recueil
532 1132 111 47 de
587 1132 129 47 ses
661 1132 222 47 poésies.
827 1132 166 47 1809.
938 1132 92 47 1
975 1132 111 47 p.
1030 1132 166 47 in-8.
1141 1132 92 47 —
1178 1132 111 47 2°
1215 1132 277 47 Epître

91 1176 151 49 à
186 1176 227 49 Légouvé.
356 1176 114 49 On
413 1176 114 49 ne
469 1176 151 49 doit
564 1176 132 49 pas
640 1176 170 49 mêler
753 1176 265 49 l’horrible
961 1176 114 49 et
1018 1176 114 49 le
1075 1176 227 49 gracieux
1245 1176 151 49 dans
1321 1176 170 49 lés

91 1215 273 89 aris
309 1215 127 89 (en
382 1215 182 89 vers).
509 1215 109 89 10
564 1215 127 89 gr.
637 1215 109 89 p.
691 1215 127 89 pl.
764 1215 164 89 in-4,
873 1215 164 89 aut.,
982 1215 109 89 et
1037 1215 109 89 sa
1092 1215 237 89 signature
1274 1215 127 89 sur
1328 1215 164 89 l’enve-

-19 1257 1258 60 loppe.
862 1257 755 60 12
1114 1257 377 60 »

44 1292 174 80 1091.
159 1292 309 80 Elian
410 1292 212 80 (Elie),
564 1292 270 80 chirurgion
777 1292 116 80 du
834 1292 154 80 roi.
931 1292 193 80 Quitt.
1066 1292 154 80 sig.
1162 1292 154 80 (sur
1239 1292 251 80 parchemin).

55 1356 532 62 Paris,
427 1356 372 62 1er
640 1356 478 62 avril
958 1356 478 62 1683.
1277 1356 266 62 2
1331 1356 159 62 »

42 1393 189 74 1092.
168 1393 378 74 Etiènne
483 1393 504 74 (Charles-Guillaume),
925 1393 336 74 littérateur,
1198 1393 210 74 auteur
1324 1393 168 74 drama

89 1452 198 59 tique,
228 1452 198 59 membre
366 1452 119 59 de
426 1452 277 59 l’Académie
643 1452 277 59 française.
861 1452 119 59 Né
920 1452 99 59 à
960 1452 435 59 Chamouillèy
1316 1452 178 59 (Haute-

88 1496 237 60 Saône).
261 1496 129 60 1°
325 1496 237 60 Adresse
498 1496 172 60 sig.
606 1496 323 60 (imprimée),
864 1496 151 60 aux
950 1496 280 60 électeurs
1166 1496 129 60 de
1230 1496 129 60 la
1274 1496 215 60 Moselle.

90 1552 227 64 Octobre
255 1552 186 64 1818.
379 1552 103 64 2
421 1552 124 64 p.
483 1552 186 64 in-4.
606 1552 103 64 —
648 1552 124 64 2°
710 1552 124 64 L.
772 1552 165 64 aut.
875 1552 186 64 sig.,
999 1552 124 64 au
1061 1552 268 64 président
1267 1552 124 64 de
1329 1552 124 64 la
1370 1552 124 64 cour

86 1595 310 61 d’assises
324 1595 143 61 de
396 1595 405 61 Saint-Mihiel.
730 1595 119 61 8
777 1595 262 61 janvier
968 1595 214 61 1829.
1111 1595 119 61 2
1158 1595 143 61 p.
1230 1595 214 61 in-4.
1373 1595 119 61 3
1397 1595 95 61 50

44 1640 178 80 1093.
163 1640 357 80 Expilly
460 1640 238 80 (L.-A.),
638 1640 158 80 curé
737 1640 119 80 de
797 1640 317 80 Saint-Martin
1054 1640 119 80 de
1114 1640 238 80 Morlaix,
1292 1640 198 80 député
1411 1640 79 80 du

86 1700 230 48 clergé
247 1700 138 48 de
316 1700 484 48 Saint-Pol-de-Léon
731 1700 115 48 à
777 1700 346 48 l’Assemblée
1053 1700 299 48 nationale
1284 1700 138 48 de
1330 1700 161 48 1789,

88 1746 195 49 évêque
225 1746 371 49 constitutionnel
537 1746 117 49 de
596 1746 371 49 Quimper
908 1746 195 49 Accusé
1044 1746 117 49 de
1103 1746 312 49 fédéralisme,
1356 1746 117 49 il
1395 1746 98 49 fut

91 1794 146 66 mis
174 1794 104 66 à
216 1794 167 66 mort
320 1794 125 66 en
383 1794 187 66 1794.
508 1794 125 66 L.
570 1794 167 66 aut.
674 1794 187 66 sig.,
799 1794 104 66 à
841 1794 208 66 MM....
986 1794 208 66 Paris,
1132 1794 125 66 30
1195 1794 229 66 oétobre
1340 1794 146 66 1790.

30 1813 407 78 1
192 1813 488 78 p.
436 1813 895 78 in-fol.
1087 1813 407 78 7
1169 1813 325 78 50

135 1866 129 81 Il
200 1866 108 81 a
243 1866 194 81 porté
372 1866 259 81 lui-même
566 1866 172 81 leur
674 1866 237 81 dépêche
847 1866 129 81 au
911 1866 215 81 Comité
1062 1866 151 81 des
1148 1866 323 81 recherches;
1385 1866 108 81 les

88 1932 241 65 membres
264 1932 154 65 qui
351 1932 132 65 le
417 1932 285 65 composent
636 1932 154 65 lui
724 1932 154 65 ont
812 1932 219 65 promis
966 1932 132 65 la
1031 1932 175 65 plus
1141 1932 219 65 grande
1273 1932 219 65 célérité

88 1975 184 64 dans
203 1975 161 64 les
295 1975 276 64 rapports
503 1975 115 64 à
549 1975 346 64 l’Assemblée
825 1975 322 64 nationale,
1078 1975 138 64 et
1148 1975 138 64 de
1217 1975 253 64 prendre
1378 1975 115 64 les

89 2021 223 62 moyens
245 2021 156 62 les
334 2021 179 62 plus
446 2021 290 62 efficaces
669 2021 179 62 pour
781 2021 246 62 arrêter
959 2021 134 62 le
1026 2021 156 62 mal
1116 2021 179 62 dont
1227 2021 156 62 ils
1294 2021 201 62 sentent

93 2071 199 59 toutes
232 2071 139 59 les
312 2071 199 59 suites
431 2071 278 59 funestes....

46 2119 176 68 1094.
164 2119 293 68 Fain
398 2119 137 68 (le
477 2119 215 68 baron),
633 2119 215 68 premier
789 2119 274 68 secrétaire
1004 2119 117 68 de
1063 2119 235 68 Napoléon
1239 2119 156 68 Ier,
1337 2119 156 68 puis
1415 2119 78 68 du

95 2172 134 56 roi
172 2172 365 56 Louis-Philippe,
479 2172 192 56 auteur
613 2172 115 56 de
671 2172 365 56 Mémoires
978 2172 134 56 sur
1055 2172 250 56 l’Empire.
1246 2172 115 56 L.
1304 2172 154 56 aut.
1381 2172 115 56 sig.

81 2228 522 44 Palais-Royal,
511 2228 184 44 30
603 2228 338 44 octobre
849 2228 276 44 1830.
1033 2228 154 44 1
1095 2228 184 44 p.
1187 2228 276 44 in-4.
1371 2228 154 44 3
1402 2228 92 44 »

47 2254 192 74 1095.
175 2254 491 74 Fauche-Borel
601 2254 213 74 (Louis
751 2254 171 74 de),
857 2254 235 74 d’abord
1028 2254 299 74 imprimeur,
1241 2254 256 74 diplomate,

92 2308 176 60 l’un
202 2308 154 60 des
290 2308 220 60 agents
443 2308 154 60 les
531 2308 176 60 plus
641 2308 220 60 actifs
795 2308 154 60 des
882 2308 263 60 Bourbons
1080 2308 241 60 pendant
1256 2308 132 60 la
1299 2308 198 60 Révolu-

94 2360 180 65 tion.
214 2360 120 65 L.
274 2360 120 65 a.
334 2360 140 65 s.,
415 2360 100 65 à
455 2360 120 65 M.
515 2360 120 65 le
575 2360 261 65 comte....
775 2360 200 65 Paris,
916 2360 100 65 6
956 2360 160 65 mars
1056 2360 180 65 1820.
1176 2360 100 65 2
1216 2360 120 65 p.
1277 2360 180 65 in-4.
1397 2360 100 65 3
1417 2360 80 65 50

140 2415 123 55 Au
201 2415 184 55 sujet
324 2415 123 55 de
385 2415 143 55 ses
467 2415 328 55 réclamations
734 2415 307 55 financières
980 2415 205 55 contre
1103 2415 184 55 l’Etat.

51 2446 179 64 1096.
170 2446 317 64 Ferry
428 2446 218 64 (Paul),
587 2446 218 64 célèbre
745 2446 238 64 ministre
924 2446 298 64 protestant.
1162 2446 198 64 Quitt.
1301 2446 159 64 aut.
1380 2446 119 64 deux

93 2502 170 55 fois
199 2502 234 55 signée,
370 2502 128 55 de
434 2502 128 55 la
498 2502 192 55 somme
625 2502 128 55 de
689 2502 170 55 cent
796 2502 298 55 vingt-cinq
1030 2502 234 55 livres.
1201 2502 128 55 23
1265 2502 170 55 août
1350 2502 149 55 1626.

50 2551 898 54 Demi-page
741 2551 622 54 in-4.
1156 2551 346 54 2
1225 2551 276 54 50

53 2596 157 64 1097.
157 2596 314 64 Fiévée,
419 2596 279 64 littérateur,
645 2596 262 64 publiciste,
855 2596 174 64 auteur
977 2596 105 64 de
1029 2596 157 64 la
1134 2596 122 64 Dot
1204 2596 105 64 dé
1238 2596 262 64 Suxelté,

100 2647 170 53 etc.
206 2647 128 53 1°
270 2647 128 53 L.
334 2647 170 53 aut.
440 2647 191 53 sig.,
567 2647 106 53 à
610 2647 128 53 M.
674 2647 234 53 Paulin.
844 2647 128 53 22
908 2647 255 53 novembre
1099 2647 191 53 1832.
1227 2647 106 53 1
1269 2647 128 53 p.
1333 2647 191 53 in-4.
1439 2647 64 53 —

102 2697 123 78 2°
164 2697 206 78 Notice
308 2697 165 78 aut.
411 2697 144 78 sur
493 2697 226 78 Charles
658 2697 247 78 d’Albert
843 2697 123 78 de
905 2697 226 78 Luynes,
1070 2697 123 78 né
1132 2697 123 78 en
1193 2697 185 78 1578.
1317 2697 103 78 2
1358 2697 123 78 p.
1399 2697 103 78 pl.

86 2743 354 68 in-4,
322 2743 472 68 écriture
676 2743 315 68 fine
873 2743 236 68 et
991 2743 433 68 serrée.
1305 2743 197 68 4
1384 2743 118 68 »
