1589 2939
673 106 189 85 —
749 106 227 85 90
825 106 114 85 —

92 185 188 99 1123.
217 185 313 99 Hugo
468 185 271 99 (Victor),
676 185 188 99 poëte
801 185 125 99 et
864 185 209 99 auteur
1010 185 313 99 dramatique.
1260 185 125 99 L.
1322 185 167 99 aut.
1406 185 125 99 sig.

131 257 595 64 Victor
621 257 210 64 H.
726 257 175 64 2
796 257 315 64 mars.
1006 257 175 64 1
1076 257 210 64 p.
1181 257 315 64 in-8.
1391 257 175 64 2
1426 257 105 64 »

95 309 166 67 1124.
205 309 369 67 Isabelle,
519 309 166 67 reine
630 309 258 67 douairière
833 309 111 67 de
888 309 203 67 France.
1036 309 185 67 Quitt.
1165 309 148 67 sig.
1239 309 295 67 Isabel

142 349 181 64 comme
263 349 242 64 royne
444 349 282 64 douairière
665 349 121 64 de
726 349 282 64 France
947 349 161 64 (sur
1048 349 302 64 parchemin),
1289 349 121 64 de
1350 349 121 64 la
1390 349 141 64 somme

141 413 123 56 de
202 413 184 56 trois
325 413 184 56 mille
447 413 143 56 six
529 413 184 56 cents
652 413 164 56 écus
754 413 184 56 d’or,
877 413 184 56 reçue
1000 413 123 56 de
1061 413 143 56 son
1143 413 266 56 trésorier
1348 413 123 56 et
1389 413 143 56 rece-

138 464 174 48 veur
247 464 240 48 général
422 464 131 48 en
487 464 240 48 France.
662 464 196 48 Donné
792 464 109 48 à
836 464 240 48 Vienne,
1011 464 131 48 en
1076 464 284 48 Autriche,
1294 464 131 48 le
1338 464 196 48 dernier

142 503 119 57 de
202 503 219 57 février
361 503 139 57 mil
440 503 159 57 cinq
540 503 159 57 cent
639 503 437 57 quatre-vingt-cinq.
1017 503 219 57 In-fol.
1176 503 119 57 en
1236 503 239 57 travers,
1395 503 139 57 trace

73 552 549 64 de
347 552 1006 64 cachet.
1079 552 457 64 7
1170 552 366 64 50

90 588 185 71 1425.
214 588 453 71 Kalkbrenner
606 588 309 71 (Frédéric),
853 588 227 71 célèbre
1018 588 247 71 pianiste
1203 588 124 71 et
1244 588 289 71 compositeur.

142 646 119 61 L.
202 646 159 61 aut.
301 646 159 61 sig.
401 646 239 61 Fritz
580 646 179 61 I
699 646 139 61 (en
778 646 258 61 anglais),
977 646 119 61 au
1037 646 179 61 baron
1156 646 119 61 de
1216 646 239 61 Trémont.
1375 646 159 61 Passy,

129 702 156 51 7
191 702 250 51 août
348 702 281 51 1845.
535 702 156 51 2
598 702 219 51 gr.
723 702 188 51 p.
816 702 219 51 pl.
941 702 188 51 et
1035 702 281 51 demie
1223 702 281 51 in-8.
1410 702 156 51 4
1441 702 94 51 »

92 730 186 75 1126.
216 730 310 75 Kock
464 730 557 75 (Christophe-Guillaume),
959 730 206 75 savant
1104 730 310 75 publiciste,
1351 730 186 75 élève
1454 730 83 75 de

140 794 261 64 Schœpflin.
345 794 112 64 Né
401 794 93 64 à
438 794 391 64 Strasbourg
774 794 279 64 (Bas-Rhin).
997 794 112 64 L.
1053 794 149 64 aut.
1146 794 168 64 sig.,
1258 794 93 64 à
1295 794 168 64 M....
1388 794 149 64 Stras-

128 834 328 60 bourg,
358 834 197 60 le
456 834 197 60 23
554 834 262 60 oct.
718 834 295 60 1780.
915 834 164 60 1
981 834 197 60 p.
1079 834 230 60 pl.
1210 834 295 60 in-4.
1407 834 164 60 3
1440 834 98 60 »

95 886 173 71 1127.
210 886 365 71 Lacépède
518 886 135 71 (le
594 886 173 71 comte
710 886 154 71 de),
806 886 211 71 célèbre
960 886 307 71 naturaliste.
1209 886 115 71 Né
1267 886 96 71 à
1286 886 250 71 Agen

140 926 432 72 (Lot-et-Garonne).
510 926 123 72 L.
572 926 164 72 aut.
675 926 185 72 sig.,
798 926 123 72 au
860 926 226 72 citoyen
1024 926 247 72 Rœderer.
1209 926 206 72 Paris,
1353 926 123 72 28
1394 926 144 72 ther-

129 983 317 64 midor
340 983 211 64 an
446 983 211 64 X.
552 983 176 64 1
622 983 211 64 p.
728 983 247 64 pl.
869 983 211 64 et
974 983 317 64 demie
1186 983 317 64 in-4.
1397 983 176 64 7
1432 983 106 64 »

186 1027 180 60 Leur
299 1027 271 60 confrère
502 1027 225 60 Lacuée
660 1027 135 60 se
727 1027 248 60 propose
908 1027 135 60 de
975 1027 158 60 lui
1066 1027 225 60 parler
1223 1027 135 60 de
1291 1027 248 60 l’opéra
1449 1027 90 60 de

138 1062 226 72 Médée,
297 1062 158 72 que
387 1062 226 72 désire
545 1062 136 72 de
613 1062 226 72 donner
771 1062 361 72 incessamment
1065 1062 136 72 au
1132 1062 226 72 public
1291 1062 136 72 le
1336 1062 203 72 citoyen

142 1133 309 53 Fontenelle,
389 1133 206 53 auteur
533 1133 123 53 de
595 1133 144 53 la,
677 1133 226 53 musique
842 1133 432 53 d'Hécube.
1212 1133 123 53 Le
1274 1133 185 53 poëme
1397 1133 144 53 que
1459 1133 82 53 le

140 1178 237 53 citoyen
313 1178 301 53 Fontenelle
550 1178 194 53 vient
679 1178 129 53 de
743 1178 215 53 mettre
894 1178 129 53 en
959 1178 258 53 musique,
1152 1178 151 53 est
1239 1178 151 53 une
1303 1178 237 53 imitation

142 1222 118 60 de
201 1222 118 60 la
260 1222 216 60 fameuse
418 1222 315 60 Médée
673 1222 118 60 de
732 1222 216 60 Glover:
889 1222 118 60 au
948 1222 157 60 lieu
1047 1222 177 60 d’une
1165 1222 275 60 magicienne
1361 1222 177 60 féroce,

142 1276 131 54 il
208 1276 262 54 présente
405 1276 153 54 une
492 1276 197 54 femme
623 1276 109 54 à
667 1276 197 54 grand
798 1276 306 54 caractère,
1039 1276 175 54 mais
1148 1276 153 54 des
1236 1276 175 54 plus
1323 1276 219 54 intéres-

140 1313 227 60 santes,
305 1313 186 60 etc.,
429 1313 165 60 etc.
532 1313 103 60 A
574 1313 227 60 l’égard
739 1313 124 60 de
800 1313 124 60 la
862 1313 248 60 musique,
1048 1313 124 60 il
1110 1313 186 60 croit
1234 1313 186 60 qu’on
1357 1313 124 60 la
1399 1313 144 60 trou-

143 1364 160 62 vera
243 1364 380 62 très-supérieure
563 1364 100 62 à
603 1364 180 62 celle
723 1364 400 62 d'Hécube
1062 1364 140 62 qui
1142 1364 260 62 cependant
1342 1364 180 62 offre
1442 1364 100 62 des

140 1412 271 62 morceaux
344 1412 204 62 d’unc
480 1412 339 62 très-grande
751 1412 249 62 beauté,
932 1412 226 62 brille
1091 1412 136 62 de
1158 1412 226 62 traits
1294 1412 249 62 sublimes,

144 1471 197 58 montre
282 1471 118 58 un
342 1471 375 58 ensemble
657 1471 316 58 remarquable,
914 1471 138 58 est
993 1471 237 58 toujours
1170 1471 256 58 applaudie
1367 1471 158 58 avec
1446 1471 99 58 en-

148 1508 311 69 thousiasme,
397 1508 187 69 etc.,
501 1508 124 69 etc.

94 1537 195 75 1128.
224 1537 390 75 Lalande
549 1537 238 75 (Jérôme
722 1537 173 75 de),
830 1537 303 75 astronome,
1069 1537 217 75 membre
1220 1537 130 75 de
1285 1537 238 75 l’Acad.
1437 1537 108 75 des

146 1604 267 65 sciences.
352 1604 123 65 L.
414 1604 123 65 a.
476 1604 144 65 s.,
558 1604 103 65 à
599 1604 185 65 M....
722 1604 103 65 1
763 1604 123 65 p.
825 1604 185 65 in-4.
949 1604 206 65 Collée
1093 1604 144 65 sur
1175 1604 206 65 papier
1319 1604 206 65 blanc.
1463 1604 103 65 3
1483 1604 62 65 »

96 1648 198 75 1129.
228 1648 417 75 Lassonne
579 1648 615 75 (Joseph-Marie-François),
1129 1648 242 75 premier
1304 1648 242 75 médecin
1458 1648 88 75 de

145 1708 167 59 Louis
257 1708 130 59 XVI
331 1708 112 59 et
387 1708 112 59 de
443 1708 112 59 la
499 1708 186 59 reine.
629 1708 112 59 Né
685 1708 93 59 à
722 1708 390 59 Carpentras
1057 1708 279 59 (Vaucluse).
1280 1708 112 59 L.
1335 1708 149 59 aut.
1410 1708 130 59 sig.,

147 1758 106 55 à
189 1758 127 55 M.
253 1758 255 55 Germain,
444 1758 234 55 orfèvre
614 1758 106 55 à
656 1758 212 55 Paris.
805 1758 212 55 Marly,
954 1758 106 55 3
996 1758 149 55 mai
1081 1758 191 55 1765.
1208 1758 106 55 2
1251 1758 149 55 gr.
1336 1758 127 55 p.
1399 1758 149 55 pl.
1463 1758 85 55 et

146 1797 194 60 demie
276 1797 194 60 in-4.
405 1797 173 60 Trou
513 1797 173 60 dans
621 1797 129 60 la
686 1797 194 60 marge
815 1797 302 60 intérieure
1053 1797 194 60 formé
1182 1797 151 60 par
1247 1797 302 60 l’enlévement

77 1842 552 75 du
353 1842 1011 75 cachet.
1088 1842 460 75 4
1180 1842 368 75 50

193 1894 265 53 Commande
391 1894 132 53 de
458 1894 265 53 services
656 1894 375 53 d’argenterie,
943 1894 132 53 etc.

101 1927 141 76 1130
189 1927 299 76 Larive
436 1927 159 76 (Jean
542 1927 335 76 Mauduit
824 1927 159 76 dit),
929 1927 194 76 célèbre
1070 1927 176 76 acteur
1194 1927 229 76 tragique.
1370 1927 106 76 L.
1423 1927 106 76 a.
1458 1927 88 76 s.,

144 1990 111 65 à
188 1990 134 65 M.
255 1990 290 65 Alavoine,
478 1990 334 65 architecte.
746 1990 223 65 Paris,
902 1990 111 65 2
946 1990 178 65 déc.
1058 1990 201 65 1805.
1191 1990 201 65 D.-p.
1325 1990 201 65 in-4.
1459 1990 111 65 4
1481 1990 67 65 »

99 2025 184 68 1131.
221 2025 428 68 Lavallette
588 2025 143 68 (le
670 2025 184 68 comte
792 2025 163 68 de),
894 2025 265 68 directeur
1098 2025 224 68 général
1261 2025 143 68 des
1343 2025 204 68 postes
1465 2025 82 68 en

143 2084 208 65 1815.
281 2084 277 65 Condamné
489 2084 138 65 et
558 2084 208 65 sauvé
697 2084 161 65 (le
789 2084 138 65 21
858 2084 277 65 décembre
1066 2084 208 65 1815)
1204 2084 161 65 par
1296 2084 138 65 le
1342 2084 208 65 dévoue-

144 2134 187 65 ment
261 2134 140 65 de
331 2134 140 65 sa
401 2134 234 65 femme.
565 2134 140 65 L.
635 2134 187 65 aut.
752 2134 211 65 sig.,
893 2134 211 65 comme
1033 2134 304 65 directeur
1267 2134 257 65 général
1431 2134 117 65 des

145 2178 217 62 postes,
303 2178 99 62 à
343 2178 119 62 M.
402 2178 119 62 le
461 2178 217 62 duc....
619 2178 119 62 13
679 2178 198 62 mai...
817 2178 99 62 1
857 2178 119 62 p.
916 2178 217 62 in-fol.
1074 2178 277 62 Très-belle
1291 2178 217 62 lettre.
1449 2178 119 62 10
1489 2178 59 62 »

102 2236 161 60 1132.
209 2236 161 60 Le
317 2236 215 60 Brun
478 2236 232 60 (Pierre),
656 2236 179 60 prêtre
781 2236 107 60 de
835 2236 268 60 l’Oratoire,
1050 2236 179 60 auteur
1175 2236 107 60 de
1210 2236 340 60 l'Histoire

151 2278 162 62 des
264 2278 211 62 pratiques
427 2278 389 62 superstitieuses
767 2278 130 62 etc.
848 2278 97 62 Né
897 2278 81 62 à
930 2278 324 62 Brignoles
1205 2278 162 62 (Var).
1319 2278 97 62 L.
1368 2278 130 62 aut.
1432 2278 114 62 sig.,

147 2319 129 62 au
212 2319 172 62 père
320 2319 151 62 Dom
406 2319 237 62 Calmet.
578 2319 108 62 A
621 2319 409 62 Saint-Magloire,
966 2319 108 62 à
1009 2319 215 62 Paris,
1160 2319 108 62 8
1203 2319 172 62 août
1311 2319 194 62 1728.
1440 2319 108 62 3
1462 2319 86 62 p.

140 2369 176 66 pl.
240 2369 226 66 in-4.
391 2369 277 66 Cachet.
592 2369 327 66 Déchirure
844 2369 201 66 dans
970 2369 151 66 la
1045 2369 226 66 marge
1196 2369 151 66 du
1271 2369 226 66 fond.
1422 2369 126 66 7
1447 2369 101 66 50

192 2422 219 55 Lettre
345 2422 350 55 intéressante
630 2422 131 55 au
695 2422 197 55 sujet
827 2422 131 55 de
892 2422 153 55 son
980 2422 285 55 sentiment
1199 2422 153 55 sur
1286 2422 131 55 la
1352 2422 197 55 forme
1461 2422 88 55 de

143 2465 126 55 la
206 2465 357 55 consécration;
500 2465 252 55 quelques
689 2465 231 55 efforts
858 2465 147 55 que
942 2465 147 55 les
1026 2465 252 55 Jésuites
1215 2465 189 55 aient
1341 2465 168 55 fait
1425 2465 126 55 pour

145 2516 256 59 émpêcher
336 2516 192 59 qu’on
464 2516 341 59 l’enseignât,
741 2516 128 59 il
805 2516 192 59 croit
933 2516 447 59 qu’insensiblement
1316 2516 128 59 on
1380 2516 128 59 se
1422 2516 128 59 per-

146 2571 230 55 suadera
313 2571 146 55 que
397 2571 125 55 ce
460 2571 272 55 sentiment
669 2571 146 55 est
752 2571 167 55 bien
857 2571 209 55 fondé,
1003 2571 125 55 et
1066 2571 188 55 qu’il
1192 2571 251 55 n’expose
1380 2571 105 55 à
1401 2571 146 55 aucun

145 2613 362 54 inconvénient.
443 2613 128 54 Il
506 2613 149 54 lui
592 2613 191 54 reste
719 2613 106 54 à
762 2613 213 54 donner
911 2613 128 54 un
975 2613 404 54 éclaircissement
1315 2613 149 54 sur
1400 2613 128 54 la
1443 2613 106 54 ru-

145 2655 223 67 brique
301 2655 156 67 que
390 2655 156 67 des
479 2655 379 67 scholastiques
792 2655 156 67 ont
881 2655 178 67 fait
992 2655 223 67 mettre
1148 2655 178 67 dans
1260 2655 134 67 le
1327 2655 223 67 canon,
1461 2655 89 67 et

149 2709 175 57 dans
259 2709 153 57 les
346 2709 328 57 résolutions
609 2709 263 57 touchant
806 2709 153 57 les
893 2709 285 57 accidents
1112 2709 153 57 qui
1200 2709 241 57 peuvent
1353 2709 197 57 arriver

149 2753 230 63 pendant
316 2753 125 63 la
379 2753 313 63 célébration
630 2753 125 63 de
692 2753 125 63 la
755 2753 209 63 messe.
901 2753 125 63 Il
964 2753 188 63 n’est
1089 2753 146 63 pas
1173 2753 272 63 difficile
1382 2753 125 63 de
1424 2753 125 63 mon-

152 2805 177 84 trer,
270 2805 138 84 par
349 2805 138 84 les
428 2805 216 84 auteurs
585 2805 138 84 les
664 2805 157 84 plus
762 2805 216 84 anciens
920 2805 118 84 et
979 2805 138 84 les
1057 2805 157 84 plus
1156 2805 216 84 exacts,
1313 2805 138 84 que
1392 2805 118 84 si
1431 2805 118 84 l’on
