2109 3439
1023 317 227 72 —
1068 317 136 72 6

431 419 171 87 41.
528 419 292 87 Portrait
747 419 146 87 de
821 419 146 87 M.
894 419 146 87 F.
942 419 171 87 père.

438 499 149 83 42.
523 499 298 83 Id.
757 499 128 83 de
821 499 128 83 M.
885 499 128 83 F.
927 499 149 83 fils.

430 570 159 89 43.
521 570 318 89 Id.
771 570 136 89 de
839 570 136 89 M.
884 570 91 89 B.

432 646 159 87 44.
523 646 317 87 Id.
772 646 136 87 de
840 646 136 87 M.
885 646 91 87 C.

433 726 153 84 45.
521 726 306 84 Id.
761 726 131 84 de
827 726 131 84 M.
871 726 87 84 J.

435 804 156 87 46.
524 804 311 87 Id.
768 804 133 87 de
835 804 133 87 M.
879 804 89 87 H.

434 885 158 83 47.
525 885 317 83 Id.
774 885 136 83 de
842 885 158 83 Mme
910 885 91 83 M.

440 958 157 95 48.
529 958 314 95 Id.
776 958 135 95 de
843 958 135 95 M.
910 958 135 95 G.
955 958 90 95 C.

444 1037 150 93 49.
529 1037 300 93 Id.
765 1037 128 93 de
829 1037 171 93 Mlle
936 1037 128 93 L.
978 1037 86 93 G.

441 1108 144 95 50.
523 1108 287 95 Id.
748 1108 123 95 de
810 1108 164 95 Mlle
912 1108 123 95 N.
953 1108 82 95 G.

440 1186 143 88 51.
521 1186 285 88 Id.
745 1186 122 88 de
806 1186 163 88 Mlle
908 1186 122 88 A.
949 1186 81 88 G.

424 1262 200 107 52.
539 1262 257 107 Étude
682 1262 314 107 d’enfant.

817 1349 257 124 GUÉRARD,
1009 1349 299 124 peintre
1244 1349 107 124 à
1266 1349 257 124 Paris

439 1470 163 99 53.
532 1470 140 99 Un
602 1470 302 99 Cavalier,
834 1470 209 99 effet
974 1470 140 99 du
1020 1470 163 99 soir.

438 1549 174 93 54.
538 1549 298 93 Chasseur
737 1549 298 93 d’Afrique.

440 1632 167 84 95.
535 1632 333 84 Procession
797 1632 143 84 au
868 1632 167 84 16e
940 1632 214 84 siècle,

438 1702 172 95 36.
537 1702 172 95 Une
635 1702 197 95 loge
759 1702 443 95 d’avant-scène,
1128 1702 123 95 à
1177 1702 271 95 l’Opéra
1350 1702 246 95 comique.

441 1789 167 70 57.
537 1789 143 70 Un
608 1789 311 70 intérieur
847 1789 143 70 de
895 1789 191 70 forêt.

440 1840 177 125 58.
541 1840 177 125 Une
642 1840 177 125 rue
743 1840 253 125 d’Oran
895 1840 304 125 (Algérie).

439 1934 189 98 59.
547 1934 189 98 Une
628 1934 242 98 marine.

445 2018 158 104 60.
536 2018 317 104 L’attente,
785 2018 181 104 tête
898 2018 136 104 de
943 2018 272 104 fantaisie.

442 2097 173 85 61.
541 2097 296 85 Portrait
763 2097 148 85 de
837 2097 148 85 M.
886 2097 99 85 M.

443 2189 178 76 62.
544 2189 280 76 Sépias,
748 2189 203 76 sous
875 2189 153 76 le
951 2189 203 76 même
1053 2189 127 76 n°.

451 2245 136 98 63.
528 2245 291 98 Aquarelles,
742 2245 272 98 idem

670 2356 162 110 Mle
762 2356 371 110 HAILLECOURT,
1064 2356 232 110 rue
1226 2356 162 110 des
1319 2356 348 110 Carmes
1573 2356 93 110 40

450 2462 159 91 64.
541 2462 273 91 Portrait
746 2462 137 91 de
814 2462 182 91 Mlle
928 2462 159 91 L.,
997 2462 250 91 (pastel).

452 2531 138 79 65.
531 2531 276 79 Id.
748 2531 138 79 des
827 2531 217 79 enfants
985 2531 118 79 de
1044 2531 138 79 Mme
1123 2531 138 79 B.,
1183 2531 276 79 idem

450 2619 174 83 66.
550 2619 150 83 Un
625 2619 224 83 cadre
774 2619 150 83 de
849 2619 374 83 miniatures,
1123 2619 299 83 contenant:

561 2686 282 82 Portrait
772 2686 141 82 de
842 2686 164 82 Mme
936 2686 141 82 de
983 2686 94 82 F.

626 2774 255 78 Id.
826 2774 109 78 de
881 2774 109 78 M.
917 2774 73 78 G.
