2109 3417
753 302 238 108 —
801 302 143 108 7

278 407 267 96 Portrait
478 407 133 96 de
544 407 178 96 Mlle
633 407 89 96 L.

278 487 197 84 Deux
401 487 246 84 copies
573 487 270 84 d’après
770 487 295 84 Van-Dick
991 487 147 84 et
1040 487 295 84 Velesquez.

279 574 215 90 Copie
422 574 262 90 d’après
613 574 143 90 la
684 574 262 90 gravure
875 574 191 90 d’un
994 574 262 90 tableau
1185 574 143 90 de
1233 574 238 90 Raphaël.

586 666 166 103 Mlle
690 666 250 103 HUMBERT,
877 666 187 103 de
981 666 229 103 Metz

166 758 175 123 67.
266 758 150 123 Un
316 758 300 123 intérieur.

754 813 238 110 HEYM.

165 909 177 114 68.
266 909 177 114 Une
367 909 380 114 Cathédrale,
671 909 279 114 ouvrage
874 909 152 114 en
925 909 177 114 bois.

561 1018 231 99 JACQUEL
729 1018 252 99 (Émile),
919 1018 189 99 de
1024 1018 210 99 Vie

163 1128 174 100 69.
262 1128 273 100 L’heure
461 1128 149 100 du
535 1128 273 100 Berger,
709 1128 347 100 (aquarelle).

165 1209 158 96 70.
256 1209 158 96 Une
346 1209 180 96 nuit
458 1209 135 96 de
526 1209 225 96 noces,
683 1209 338 96 idem
954 1209 248 96 d’après
1134 1209 203 96 Tonny
1269 1209 293 96 Johannot,
1471 1209 158 96 sujet

342 1303 202 88 tiré
468 1303 152 88 du
544 1303 227 88 roman
696 1303 152 88 de
771 1303 354 88 Notre-Dame
1049 1303 152 88 de
1100 1303 202 88 Paris.

162 1362 176 92 71.
263 1362 176 92 Les
363 1362 202 92 oies
490 1362 151 92 du
565 1362 227 92 frère
716 1362 328 92 Philippe,
969 1362 277 92 d’après
1170 1362 252 92 Baron,
1347 1362 227 92 sujet
1473 1362 151 92 d’un

341 1441 219 88 conte
487 1441 146 88 de
535 1441 244 88 Boccace.

703 1506 321 113 LÆEMLIN
907 1506 175 113 (A).

164 1581 163 97 72.
257 1581 372 97 Lithographie
559 1581 163 97 par
651 1581 279 97 l’auteur
860 1581 139 97 de
930 1581 163 97 son
1023 1581 255 97 tableau
1209 1581 139 97 de
1278 1581 139 97 la
1325 1581 232 97 Charité.

358 1693 284 108 LEBORNE,
571 1693 378 108 Directeur
878 1693 142 108 du
949 1693 213 108 Musée
1091 1693 142 108 de
1138 1693 284 108 Nancy

161 1786 168 118 73.
257 1786 241 118 Séjour
426 1786 144 118 de
498 1786 289 118 Salvator
714 1786 193 118 Rosa
835 1786 217 118 parmi
979 1786 168 118 les
1051 1786 241 118 bandits.

212 1900 287 90 Salvator,
432 1900 243 90 peintre
609 1900 265 90 célèbre,
807 1900 309 90 parcourant
1050 1900 176 90 dans
1160 1900 132 90 sa
1226 1900 265 90 jeunesse
1425 1900 154 90 les
1491 1900 132 90 mon-

162 1961 218 72 tagnes
315 1961 153 72 des
402 1961 283 72 Abruzzes,
620 1961 153 72 fut
707 1961 174 72 pris
816 1961 153 72 par
903 1961 153 72 une
991 1961 218 72 troupe
1143 1961 131 72 de
1209 1961 240 72 bandits
1383 1961 153 72 qui
1470 1961 131 72 le
1514 1961 109 72 re-

167 2037 223 71 tinrent
329 2037 304 71 prisonnier.
572 2037 121 71 Il
632 2037 162 71 tira
733 2037 182 71 parti
855 2037 121 71 de
916 2037 182 71 cette
1037 2037 142 71 vie
1118 2037 223 71 errante
1280 2037 121 71 au
1341 2037 202 71 profit
1482 2037 121 71 de
1523 2037 101 71 son

163 2091 169 74 art,
269 2091 127 74 en
332 2091 296 74 dessinant,
564 2091 169 74 dans
670 2091 148 74 les
755 2091 232 74 moments
924 2091 127 74 de
987 2091 211 74 repos,
1135 2091 148 74 les
1219 2091 190 74 sites
1346 2091 254 74 sauvages
1515 2091 106 74 qui

162 2158 381 89 l’entouraient,
479 2158 190 89 ainsi
606 2158 148 89 que
691 2158 148 89 les
776 2158 233 89 figures
945 2158 254 89 étranges
1135 2158 127 89 et
1199 2158 339 89 pittoresques
1474 2158 127 89 de
1516 2158 106 89 ses

132 2221 332 81 compagnons.

158 2305 176 87 74.
258 2305 276 87 Épisode
459 2305 151 87 de
534 2305 151 87 la
610 2305 251 87 guerre
785 2305 326 87 d’Espagne
1036 2305 151 87 en
1086 2305 176 87 1809.

208 2390 155 79 Des
296 2390 287 79 guérillas
517 2390 309 79 poursuivis
760 2390 155 79 par
849 2390 133 79 un
915 2390 331 79 détachement
1180 2390 133 79 de
1246 2390 243 79 soldats
1401 2390 221 79 Français

161 2461 127 78 se
224 2461 170 78 sont
331 2461 233 78 retirés
500 2461 170 78 dans
606 2461 127 78 un
670 2461 191 78 petit
797 2461 255 78 couvent.
988 2461 149 78 Les
1073 2461 233 78 moines,
1243 2461 191 78 comme
1370 2461 127 78 il
1413 2461 212 78 arrivait

161 2535 236 74 souvent
332 2535 215 74 alors,
483 2535 129 74 se
547 2535 258 74 joignent
740 2535 107 74 à
783 2535 150 74 eux
869 2535 172 74 pour
977 2535 150 74 les
1063 2535 236 74 exciter
1234 2535 129 74 et
1299 2535 150 74 les
1385 2535 193 74 aider
1514 2535 107 74 à
1535 2535 86 74 la

160 2584 278 95 défense.
369 2584 139 95 Un
438 2584 209 95 jeune
577 2584 278 95 Espagnol
786 2584 209 95 tombe
925 2584 232 95 frappé
1088 2584 371 95 mortellement
1389 2584 186 95 près
1482 2584 139 95 d’un

160 2653 212 91 moine;
308 2653 190 91 celui
435 2653 127 91 ci
498 2653 212 91 saisit
647 2653 190 91 d’une
774 2653 169 91 main
879 2653 127 91 le
943 2653 190 91 fusil
1070 2653 127 91 du
1133 2653 212 91 blessé
1281 2653 169 91 pour
1387 2653 127 91 le
1430 2653 190 91 venger,

160 2729 129 99 et
224 2729 129 99 de
288 2729 236 99 l’autre
460 2729 129 99 il
524 2729 193 99 élève
653 2729 129 99 la
717 2729 193 99 croix
846 2729 172 99 pour
953 2729 257 99 implorer
1146 2729 129 99 le
1210 2729 236 99 secours
1382 2729 129 99 du
1446 2729 172 99 ciel
1532 2729 86 99 en

161 2785 214 97 faveur
311 2785 129 97 de
375 2785 129 97 sa
439 2785 214 97 patrie
589 2785 129 97 si
654 2785 321 97 injustement
889 2785 236 97 opprimée.
