2093 3429
1041 315 227 79 —
1131 315 227 79 8
1177 315 136 79 —

451 426 171 82 75.
548 426 294 82 Portrait
769 426 220 82 d’une
916 426 220 82 jeune
1063 426 245 82 femme,
1234 426 220 82 étude
1381 426 220 82 faite
1528 426 147 82 en
1577 426 171 82 1844.

449 492 174 82 76.
548 492 149 82 La
623 492 223 82 chute
772 492 248 82 d’eau.
946 492 298 82 Souvenir
1169 492 149 82 du
1243 492 199 82 Jura
1343 492 223 82 Suisse.

448 574 173 79 77.
547 574 173 79 Vue
646 574 222 79 prise
794 574 173 79 sur
892 574 148 79 la
966 574 247 79 Birse,
1139 574 197 79 dans
1262 574 148 79 le
1336 574 222 79 grand
1484 574 222 79 duché
1632 574 148 79 de
1681 574 173 79 Bade.

449 649 170 89 78.
546 649 218 89 Effet
691 649 145 89 du
764 649 218 89 soir.
885 649 242 89 Paysage.

451 723 167 92 79.
547 723 191 92 Tête
666 723 143 92 de
737 723 262 92 Vierge.
928 723 310 92 Fantaisie
1167 723 143 92 au
1214 723 215 92 pastel.

454 788 156 131 80.
543 788 178 131 Tête
654 788 134 131 de
721 788 200 131 jeune
854 788 223 131 femme;
1010 788 245 131 costume
1188 788 200 131 Louis
1322 788 156 131 XV,
1388 788 312 131 idem

1008 917 319 103 LEBOEUF.

456 1025 169 97 81.
552 1025 289 97 Portrait
769 1025 145 97 du
842 1025 193 97 pape
962 1025 169 97 Pie
1034 1025 121 97 IX.

456 1107 188 103 82.
564 1107 161 103 Un
644 1107 323 103 Capucin,
859 1107 269 103 (étude).

946 1208 435 101 LEFORESTIER.

456 1286 181 121 82.
560 1286 233 121 Trois
715 1286 258 121 cadres
895 1286 155 121 de
973 1286 310 121 dessins,
1205 1286 233 121 (même
1335 1286 258 121 numéro).

507 1443 161 88 LÉVY
608 1443 282 88 (Gustave),
829 1443 302 88 graveur,
1071 1443 141 88 rue
1152 1443 383 88 St-Antoine
1474 1443 141 88 32,
1555 1443 161 88 à
1635 1443 242 88 Paris

458 1512 169 110 83.
554 1512 145 110 Le
627 1512 169 110 roi
723 1512 169 110 des
819 1512 265 110 Belges,
1012 1512 217 110 gravé
1157 1512 169 110 sur
1229 1512 193 110 acier.

455 1608 198 82 84.
540 1608 339 82 Rembrandt.

461 1682 173 122 85.
560 1682 321 122 Edelinck,
807 1682 272 122 graveur
1005 1682 198 122 sous
1128 1682 222 122 Louis
1252 1682 148 122 XIV.

696 1804 294 107 MÉNESSIER
922 1804 316 107 (Auguste),
1171 1804 316 107 peintre
1420 1804 113 107 à
1442 1804 249 107 Metz

463 1912 165 86 86.
558 1912 212 86 Effet
699 1912 141 86 de
769 1912 212 86 clair
910 1912 141 86 de
957 1912 165 86 lune.

464 1981 166 88 87.
559 1981 214 88 Effet
702 1981 143 88 du
750 1981 166 88 soir.

466 2034 165 137 88.
561 2034 283 137 Souvenir
773 2034 213 137 d’une
915 2034 307 137 chapelle,
1151 2034 165 137 sur
1246 2034 165 137 les
1340 2034 213 137 bords
1482 2034 142 137 de
1553 2034 142 137 la
1600 2034 236 137 Moselle.

467 2157 174 74 89.
567 2157 224 74 Cadre
716 2157 149 74 de
791 2157 199 74 cinq
915 2157 299 74 dessins,
1140 2157 299 74 (manière
1339 2157 224 74 noire).

469 2233 161 93 90.
561 2233 207 93 Trois
699 2233 230 93 autres
860 2233 253 93 cadres,
1044 2233 368 93 idem
1342 2233 207 93 (même
1457 2233 230 93 numéro).

469 2302 177 112 91.
570 2302 228 112 Cadre
722 2302 152 112 de
798 2302 203 112 deux
899 2302 228 112 sépias.

1049 2398 268 87 MOYSE.

474 2512 175 87 92.
574 2512 225 87 Étude
724 2512 150 87 de
799 2512 275 87 vieille
973 2512 200 87 femme.

477 2602 166 89 93.
572 2602 285 89 Portrait
786 2602 142 89 de
857 2602 142 89 M.
905 2602 142 89 ***.

478 2669 157 94 94.
567 2669 314 94 Id.
814 2669 135 94 de
859 2669 135 94 Mme.

480 2744 152 108 95.
567 2744 303 108 Id.
783 2744 87 108 de
