2165 3437
883 316 226 108 —
973 316 226 108 9
1018 316 136 108 —

663 441 146 93 Mme
747 441 146 93 M.,
830 441 250 93 élève
1018 441 125 93 de
1080 441 125 93 M.
1122 441 271 93 Pierre

335 558 159 95 96.
426 558 318 95 Aquarelle.
676 558 205 95 Copie
813 558 182 95 d’un
927 558 250 95 tableau
1108 558 114 95 à
1154 558 273 95 l’huile,
1359 558 159 95 sur
1450 558 136 95 un
1518 558 205 95 sujet
1632 558 136 95 tiré

486 629 146 84 de
559 629 269 84 Pévéril
754 629 146 84 du
827 629 195 84 Pic,
949 629 220 84 roman
1096 629 146 84 de
1145 629 366 84 Walter

441 716 237 80 Julien
607 716 142 80 et
678 716 213 80 Alice
820 716 284 80 effrayés
1034 716 142 80 de
1105 716 379 80 l’apparition
1413 716 142 80 de
1484 716 142 80 la
1555 716 213 80 reine
1673 716 95 80 de

491 795 197 77 l’ile
622 795 131 77 de
666 795 131 77 Man.

446 856 179 125 Mlle
557 856 223 125 MOLLET
714 856 335 125 (Éléonore),
982 856 223 125 rue
1138 856 134 125 de
1205 856 134 125 la
1272 856 357 125 Monnaie
1540 856 89 125 7.

343 982 165 127 97.
438 982 283 127 Portrait
650 982 142 127 de
721 982 165 127 Mme
816 982 165 127 J.,
886 982 260 127 (pastel).

350 1104 135 78 98.
427 1104 271 78 Id.
640 1104 116 78 de
698 1104 116 78 M.
756 1104 116 78 de
813 1104 135 78 M.,
871 1104 271 78 idem

348 1160 166 96 99.
443 1160 213 96 Étude
562 1160 284 96 d’atelier.

318 1205 213 120 100.
451 1205 346 120 L’enfance
718 1205 160 120 de
797 1205 293 120 Callot.
1010 1205 240 120 Copie
1170 1205 160 120 du
1250 1205 293 120 tableau
1463 1205 160 120 du
1543 1205 240 120 Musée
1676 1205 106 120 de

495 1319 225 100 Nancy.

547 1444 224 107 PAULUS
703 1444 314 107 (Charles),
950 1444 269 107 place
1152 1444 134 107 de
1219 1444 314 107 Grève
1443 1444 112 107 11.

327 1527 193 124 101.
447 1527 289 124 Portrait
664 1527 144 124 du
736 1527 265 124 général
929 1527 144 124 de
1001 1527 265 124 Préval,
1169 1527 241 124 (étude).

332 1630 178 92 102.
443 1630 312 92 Id.
688 1630 134 92 de
755 1630 134 92 M.
800 1630 89 92 B.

332 1707 178 89 103.
443 1707 312 89 Id.
688 1707 134 89 de
755 1707 134 89 M.
822 1707 134 89 L.
867 1707 89 89 P.

568 1779 217 128 PIERRE
720 1779 239 128 (René),
894 1779 217 128 rue
1045 1779 152 128 des
1132 1779 412 128 Michottes,
1457 1779 87 128 3.

339 1946 188 96 104.
457 1946 282 96 Portrait
669 1946 141 96 de
739 1946 188 96 Mlle
833 1946 118 96 ***

337 2007 183 147 105.
452 2007 321 147 Id.
704 2007 138 147 de
773 2007 138 147 M.
841 2007 160 147 P.,
933 2007 138 147 (à
1002 2007 138 147 la
1048 2007 206 147 plume).

914 2146 271 117 ROLLIN.

346 2248 187 93 106.
462 2248 327 93 Visitation
719 2248 140 93 de
789 2248 373 93 Sainte-Marie
1092 2248 163 93 aux
1185 2248 280 93 Vierges,
1395 2248 140 93 (à
1465 2248 140 93 la
1512 2248 210 93 plume).

487 2332 284 93 D’après
694 2332 155 93 un
771 2332 284 93 tableau
978 2332 310 93 attribué
1210 2332 129 93 à
1262 2332 387 93 Rottenhamd,
1572 2332 155 93 de
1623 2332 181 93 l’an-

552 2407 255 105 cienne
731 2407 230 105 école
885 2407 383 105 Vénitienne,
1191 2407 179 105 que
1293 2407 204 105 l’on
1421 2407 204 105 peut
1549 2407 204 105 voir
1651 2407 153 105 chez

557 2482 149 74 M.
632 2482 272 74 Rollin,
830 2482 173 74 rue
929 2482 173 74 des
1028 2482 248 74 Ponts,
1176 2482 124 74 50.

398 2580 131 81 La
464 2580 196 81 scène
594 2580 131 81 se
659 2580 196 81 passe
790 2580 152 81 sur
877 2580 152 81 des
964 2580 239 81 nuages.
1138 2580 131 81 La
1203 2580 261 81 présence
1399 2580 131 81 de
1464 2580 196 81 Marie
1573 2580 239 81 immaculée

350 2645 216 75 semble
501 2645 237 75 suffire
674 2645 129 75 au
738 2645 237 75 bonheur
911 2645 151 75 des
997 2645 237 75 vierges
1169 2645 302 75 mortelles,
1407 2645 151 75 qui
1493 2645 151 75 ont
1579 2645 216 75 quitté
1708 2645 108 75 les

353 2713 222 70 asiles
508 2713 288 70 consacrés
730 2713 111 70 à
774 2713 133 70 la
841 2713 222 70 pureté
996 2713 177 70 pour
1107 2713 200 70 venir
1240 2713 288 70 au-devant
1462 2713 133 70 de
1529 2713 133 70 la
1595 2713 200 70 reine
1706 2713 111 70 des

332 2781 185 73 cieux.
