2101 3417
895 305 128 89 11

247 423 261 96 THORELLE
443 423 240 96 (J.-J.)
618 423 305 96 peintre
857 423 131 96 et
923 423 305 96 professeur
1162 423 131 96 de
1228 423 240 96 dessin,
1402 423 153 96 rue
1467 423 240 96 Saint

780 503 323 95 Georges
1052 503 85 95 7
1069 503 102 95 bis.

251 586 198 81 126.
375 586 321 81 L’arrivée
622 586 148 81 de
696 586 223 81 Jacob
845 586 148 81 en
919 586 272 81 Égypte,
1117 586 272 81 (dessin
1314 586 124 81 à
1364 586 148 81 la
1438 586 223 81 plume
1586 586 148 81 et
1636 586 74 81 à

429 664 260 96 l’encre
619 664 142 96 de
666 664 189 96 Chine.

294 768 155 63 28.
382 768 177 63 «Or,
493 768 199 63 Jacob
626 768 221 63 envoya
780 768 177 63 Juda
891 768 221 63 devant
1046 768 155 63 lui
1134 768 177 63 vers
1245 768 243 63 Joseph,
1422 768 177 63 pour
1510 768 199 63 l’aver-

251 830 171 80 «tir
358 830 129 80 de
422 830 129 80 sa
486 830 214 80 venue,
636 830 171 80 afin
744 830 193 80 qu’il
872 830 171 80 vint
979 830 279 80 au-devant
1194 830 129 80 de
1258 830 150 80 lui
1344 830 171 80 dans
1451 830 129 80 la
1515 830 193 80 terre
1622 830 86 80 de

250 895 117 71 «
273 895 210 71 Gessen.

296 926 154 101 29.
384 926 110 101 »
428 926 199 101 Quand
561 926 199 101 Jacob
693 926 110 101 y
737 926 154 101 fut
825 926 243 101 arrivé,
1002 926 221 101 Joseph
1156 926 154 101 fit
1245 926 221 101 mettre
1399 926 154 101 les
1487 926 243 101 chevaux
1642 926 66 101 à

255 1019 110 87 «
299 1019 154 87 son
387 1019 286 87 charriot,
607 1019 132 87 et
673 1019 176 87 vint
783 1019 132 87 au
849 1019 176 87 même
959 1019 176 87 lieu
1069 1019 286 87 au-devant
1289 1019 132 87 de
1355 1019 154 87 son
1443 1019 198 87 père,
1575 1019 132 87 et
1619 1019 88 87 le

252 1102 103 71 «
294 1102 205 71 voyant
437 1102 123 71 il
499 1102 123 71 se
560 1102 164 71 jeta
663 1102 103 71 à
704 1102 144 71 son
786 1102 144 71 cou
868 1102 123 71 et
929 1102 287 71 l’embrassa
1155 1102 123 71 en
1196 1102 246 71 pleurant.»

1182 1152 258 94 (GENÈSE
1346 1152 187 94 XLVI).

250 1248 208 98 127.
380 1248 156 98 Le
458 1248 260 98 Paier,
640 1248 234 98 genre
796 1248 156 98 de
874 1248 312 98 peinture
1109 1248 364 98 manuscrite
1395 1248 182 98 sur
1499 1248 208 98 peau
1603 1248 104 98 de

462 1323 191 72 vélin.

252 1381 205 89 128.
381 1381 308 89 Salvator
586 1381 205 89 mundi.

252 1433 187 114 129.
369 1433 140 114 La
439 1433 257 114 Vierge,
626 1433 281 114 l’enfant
836 1433 210 114 Jésus
976 1433 140 114 et
1046 1433 210 114 Saint
1187 1433 210 114 Jean,
1327 1433 210 114 peint
1467 1433 164 114 sur
1537 1433 164 114 bois.

245 1536 229 90 130.
360 1536 344 90 Andromède.

307 1633 108 83 «
351 1633 302 83 Andromède,
588 1633 194 83 fille
717 1633 129 83 de
782 1633 237 83 Céphée,
955 1633 151 83 roi
1041 1633 302 83 d’Ethiopie
1278 1633 129 83 et
1343 1633 129 83 de
1408 1633 281 83 Cassiope,
1602 1633 108 83 qui

252 1699 110 70 «
296 1699 155 70 eut
384 1699 199 70 assez
517 1699 133 70 de
583 1699 265 70 témérité
782 1699 177 70 pour
893 1699 265 70 disputer
1091 1699 133 70 de
1158 1699 221 70 beauté
1312 1699 177 70 avec
1423 1699 199 70 Junon
1555 1699 133 70 et
1600 1699 110 70 les

250 1765 122 95 «
298 1765 316 95 Néréïdes.
542 1765 243 95 Junon,
712 1765 195 95 pour
833 1765 146 95 la
906 1765 243 95 punir,
1077 1765 292 95 condamna
1296 1765 316 95 Andromède
1539 1765 122 95 à
1563 1765 146 95 être

254 1835 107 59 «
296 1835 171 59 liée
403 1835 150 59 par
489 1835 150 59 les
575 1835 257 59 Néréïdes
767 1835 171 59 avec
874 1835 150 59 des
960 1835 235 59 chaînes
1131 1835 128 59 et
1195 1835 235 59 exposée
1367 1835 150 59 sur
1452 1835 128 59 un
1516 1835 214 59 rocher
1645 1835 64 59 à

249 1900 113 79 «
295 1900 135 79 un
362 1900 248 79 monstre
542 1900 225 79 marin;
700 1900 180 79 mais
812 1900 248 79 Persée,
993 1900 203 79 monté
1128 1900 158 79 sur
1218 1900 135 79 le
1285 1900 225 79 cheval
1443 1900 248 79 Pégase,
1600 1900 113 79 pé-

251 1961 106 56 «
293 1961 211 56 trifia
441 1961 127 56 le
504 1961 232 56 monstre
674 1961 127 56 en
737 1961 148 56 lui
821 1961 254 56 montrant
1012 1961 127 56 la
1075 1961 169 56 tête
1181 1961 127 56 de
1244 1961 211 56 Méduse
1392 1961 127 56 et
1455 1961 232 56 délivra
1603 1961 106 56 An-

253 2026 110 89 «
297 2026 265 89 dromède,
496 2026 199 89 qu’il
628 2026 221 89 rendit
783 2026 110 89 à
827 2026 155 89 son
915 2026 199 89 père,
1048 2026 243 89 lequel,
1224 2026 132 89 en
1291 2026 419 89 reconnaissance,
1622 2026 88 89 la

254 2084 113 85 «
300 2084 158 85 lui
390 2084 203 85 donna
525 2084 135 85 en
570 2084 248 85 mariage.»

252 2163 208 89 131.
382 2163 208 89 Ecce
512 2163 234 89 Homo,
668 2163 260 89 (encre
850 2163 156 89 de
902 2163 234 89 Chine).

255 2244 200 92 132.
380 2244 225 92 Mater
505 2244 275 92 dolorosa.

250 2327 192 85 133.
370 2327 144 85 La
442 2327 384 85 prédication,
731 2327 336 85 (intérieur).

256 2398 165 92 134.
359 2398 124 92 La
421 2398 288 92 procession
648 2398 165 92 dans
750 2398 124 92 le
812 2398 247 92 cloître,
977 2398 288 92 idem

780 2500 364 94 WAULTRIN.

254 2602 199 89 135.
379 2602 174 89 Vue
478 2602 224 89 prise
627 2602 149 89 au
702 2602 224 89 vieux
851 2602 299 89 Château,
1075 2602 299 89 environs
1299 2602 149 89 de
1349 2602 174 89 Bade.

255 2679 201 89 136.
381 2679 252 89 Entrée
557 2679 151 89 du
632 2679 226 89 vieux
783 2679 277 89 Château
985 2679 151 89 de
1035 2679 176 89 Bade.

250 2737 214 92 137.
384 2737 348 92 Promenade
652 2737 161 92 en
706 2737 241 92 bateau.
