2159 3469
959 374 323 136 CHARDIN
1164 374 323 136 (Eugène).

488 494 153 100 8.
565 494 255 100 Moulin
744 494 153 100 de
821 494 307 100 Sappois,
1051 494 332 100 (Vosges),
1306 494 255 100 (copie
1485 494 128 100 à
1536 494 153 100 la
1587 494 230 100 plume).

491 579 139 72 9.
560 579 255 72 Château
746 579 139 72 de
816 579 394 72 Rochechinard,
1141 579 278 72 (Drôme),
1326 579 325 72 idem

552 651 381 126 CHARPENTIER,
861 651 357 126 peintre,
1147 651 285 126 faubourg
1361 651 452 126 d'Einville
1742 651 190 126 151,
1837 651 71 126 à

1081 779 281 92 Lunéville

498 878 165 90 10.
593 878 141 90 La
663 878 165 90 fin
757 878 141 90 de
828 878 141 90 la
898 878 306 90 fenaison,
1133 878 188 90 fête
1251 878 329 90 champêtre,
1509 878 165 90 que
1603 878 165 90 les
1674 878 282 90 villageois

643 985 277 100 Lorrains
851 985 300 100 appellent
1082 985 185 100 tuer
1197 985 139 100 le
1243 985 185 100 chien.

490 1067 184 97 11.
595 1067 210 97 Deux
700 1067 341 97 Baigneuses.

491 1155 171 93 12.
588 1155 294 93 Portrait
809 1155 147 93 de
882 1155 147 93 M.
931 1155 98 93 C.

490 1279 239 82 DEMANGE
664 1279 239 82 (AIMÉ),
838 1279 304 82 artiste
1077 1279 261 82 peintre,
1272 1279 152 82 rue
1359 1279 152 82 des
1446 1279 500 82 Quatre-Églises
1859 1279 87 82 2.

489 1384 173 93 13.
588 1384 173 93 Vue
687 1384 222 93 prise
835 1384 123 93 à
884 1384 420 93 Saint-Maurice
1205 1384 272 93 (Vosges).

490 1459 176 88 14.
591 1459 302 88 Souvenir
817 1459 176 88 des
918 1459 302 88 environs
1145 1459 151 88 de
1195 1459 277 88 Mulhouse.

493 1540 166 98 15.
588 1540 261 98 Fleurs,
755 1540 333 98 (aquarelle).

495 1625 138 81 16.
574 1625 237 81 Portrait
752 1625 118 81 de
811 1625 118 81 M.
870 1625 138 81 D.,
930 1625 276 81 idem

490 1650 161 164 17.
582 1650 322 164 Id.
835 1650 138 164 de
904 1650 161 164 Mme
997 1650 161 164 ***
1066 1650 322 164 (miniature).

566 1825 256 88 DEMANGE
752 1825 325 88 (Édouard),
1007 1825 325 88 peintre
1263 1825 139 88 de
1333 1825 325 88 portraits,
1588 1825 163 88 rue
1658 1825 209 88 des

1051 1908 323 112 Champs
1302 1908 72 112 1.

486 2010 157 115 18.
575 2010 269 115 Portrait
777 2010 134 115 en
844 2010 179 115 pied
956 2010 134 115 du
1023 2010 179 115 fils
1135 2010 134 115 de
1203 2010 134 115 M.
1270 2010 134 115 le
1337 2010 291 115 capitaine
1561 2010 157 115 B.,
1628 2010 314 115 (aquarelle).

1067 2133 182 104 Mme
1145 2133 208 104 D.....

484 2242 172 90 19.
583 2242 148 90 Un
657 2242 221 90 porte
804 2242 246 90 modèle
976 2242 320 90 contenant
1222 2242 172 90 six
1296 2242 246 90 dessins.

603 2317 284 86 Château
810 2317 155 86 de
862 2317 233 86 Dieppe.

598 2382 156 92 Le
676 2382 183 92 lac
780 2382 156 92 de
859 2382 313 92 Longemer
1067 2382 287 92 (Vosges).

605 2470 251 91 Chemin
780 2470 150 91 de
856 2470 251 91 Dieppe
1031 2470 125 91 à
1056 2470 301 91 Tourville.

600 2538 176 93 Une
701 2538 227 93 ferme
852 2538 201 93 près
952 2538 277 93 d’Arques.

598 2619 295 94 Faubourg
820 2619 172 94 des
918 2619 320 94 Poletais,
1164 2619 123 94 à
1189 2619 221 94 Dieppe.

599 2701 142 91 Le
670 2701 213 91 petit
813 2701 237 91 Paris,
978 2701 142 91 au
1050 2701 261 91 Polais,
1239 2701 118 91 à
1263 2701 213 91 Dieppe.
