2133 3417
904 316 237 81 5
951 316 142 81 —

345 416 213 88 FÉYEN
488 416 308 88 (Eugène),
725 416 356 88 peintre,
1009 416 166 88 rue
1104 416 450 88 Notre-Dame,
1459 416 119 88 16.

237 496 160 87 20.
329 496 297 87 Portraits
557 496 160 87 des
649 496 206 87 Dllee
786 496 251 87 Thérésa
969 496 137 87 et
1037 496 206 87 Maria
1152 496 274 87 Milanollo.

236 574 171 88 21.
333 574 293 88 Portrait
553 574 147 88 de
626 574 147 88 M.
675 574 98 88 M.

230 658 159 76 22.
321 658 318 76 Id.
571 658 136 76 de
640 658 136 76 M.
685 658 91 76 G.

231 728 157 88 23.
320 728 314 88 Id.
567 728 135 88 de
634 728 135 88 M.
679 728 90 88 F.

230 801 159 115 24.
321 801 318 115 Id.
571 801 136 115 de
639 801 136 115 M.
708 801 136 115 de
753 801 91 115 L.

446 903 216 123 FEYEN
590 903 336 123 (Auguste),
854 903 240 123 rue
1022 903 432 123 Notre-Dame
1358 903 120 123 16.

235 1015 176 101 25.
336 1015 277 101 Zéphirs
537 1015 151 101 au
588 1015 176 101 bain.

235 1102 169 95 26.
331 1102 265 95 Zéphirs
524 1102 121 95 à
573 1102 145 95 la
621 1102 217 95 chasse.

232 1185 176 83 27.
333 1185 202 83 Lion
459 1185 151 83 du
509 1185 227 83 désert.

232 1262 174 69 28.
331 1262 273 69 Loisirs
530 1262 198 69 d’un
629 1262 223 69 fumeur.

235 1332 164 91 29.
328 1332 141 91 La
399 1332 188 91 nuit
516 1332 141 91 de
586 1332 141 91 la
657 1332 281 91 bataille
868 1332 141 91 de
914 1332 188 91 Nancy.

233 1415 166 84 30.
328 1415 166 84 Les
399 1415 237 84 raisins.

231 1491 181 72 31.
335 1491 181 72 Une
438 1491 337 72 promenade
697 1491 207 72 dans
827 1491 155 72 le
879 1491 181 72 parc.

230 1564 196 86 32.
342 1564 224 86 Ecce
454 1564 196 86 Homo.

233 1643 174 79 33.
333 1643 249 79 Vision
507 1643 149 79 de
557 1643 373 79 Saint

234 1714 170 96 34.
331 1714 291 96 Portrait
549 1714 145 96 de
622 1714 145 96 M.
670 1714 97 96 P.

597 1797 324 129 FOUILHOUSE,
857 1797 194 129 de
965 1797 346 129 Saint

234 1945 172 86 35.
333 1945 172 86 Vue
431 1945 221 86 prise
578 1945 172 86 aux
676 1945 294 86 environs
897 1945 147 86 de
971 1945 319 86 Sorrente,
1216 1945 221 86 golfe
1363 1945 147 86 de
1412 1945 221 86 Naples.

620 2019 251 99 GÉNIOLE,
808 2019 293 99 peintre
1038 2019 105 99 à
1059 2019 251 99 Paris

243 2133 164 99 36.
336 2133 188 99 Tête
454 2133 141 99 de
501 2133 281 99 fantaisie.

619 2239 236 115 GENTIL,
790 2239 193 115 de
898 2239 429 115 Champigneules

240 2369 186 74 37.
347 2369 212 74 Deux
479 2369 265 74 études
665 2369 159 74 de
745 2369 265 74 femme.
931 2369 372 74 (Pastels),
1223 2369 212 74 même
1329 2369 106 74 n°

242 2445 174 94 38.
342 2445 224 94 Trois
491 2445 274 94 dessins
690 2445 124 94 à
740 2445 149 94 la
815 2445 249 94 plume,
989 2445 199 94 même
1089 2445 124 94 n°.

488 2523 217 92 GOMIEN
640 2523 303 92 (Charles),
878 2523 217 92 rue
1030 2523 390 92 Stanislas
1333 2523 108 92 46.

247 2646 170 84 39.
344 2646 291 84 Portrait
562 2646 145 84 de
635 2646 145 84 M.
683 2646 97 84 V.

245 2730 158 81 40.
336 2730 316 81 Id.
584 2730 135 81 de
651 2730 158 81 Mme
719 2730 90 81 V.
