1981 3117
834 507 168 78 5
868 507 101 78 —

354 614 147 87 jours;
457 614 103 87 les
516 614 176 87 esclaves
648 614 220 87 jouissaient
824 614 132 87 d’une
912 614 161 87 liberté
1029 614 191 87 éphémère,
1176 614 161 87 étaient
1279 614 117 87 servis

347 692 104 62 par
406 692 104 62 les
466 692 178 62 maîtres,
599 692 89 62 et
643 692 192 62 pouvaient
791 692 178 62 profiter
924 692 89 62 de
969 692 133 62 cette
1058 692 163 62 licence
1176 692 118 62 pour
1235 692 163 62 reprocher

355 737 75 68 à
385 737 166 68 ceux-ci
506 737 106 68 les
566 737 166 68 défauts
687 737 121 68 dont
762 737 106 68 ils
823 737 166 68 avaient
943 737 196 68 souffert,
1094 737 91 68 et
1140 737 106 68 les
1200 737 136 68 vices
1275 737 121 68 qu’ils

352 798 181 67 avaient
483 798 99 67 pu
516 798 246 67 découvrir....

389 847 110 65 Les
452 847 141 65 mères
546 847 251 65 conduisaient
751 847 141 65 leurs
845 847 173 65 enfants
971 847 79 65 à
1002 847 110 65 ces
1065 847 157 65 fêtes,
1175 847 126 65 afin
1254 847 110 65 que
1301 847 94 65 leur

356 908 143 63 jeune
451 908 238 63 imagination
642 908 111 63 fût
705 908 175 63 frappée
832 908 206 63 d’horreur
991 908 79 63 à
1023 908 95 63 la
1071 908 111 63 vue
1134 908 95 63 de
1182 908 206 63 l’ivresse
1325 908 79 63 des

337 963 174 59 esclaves.

450 1004 70 61 «
478 1004 195 61 Saturne
631 1004 125 61 ainsi
715 1004 84 61 le
757 1004 125 61 veut:
840 1004 139 61 Chaque
938 1004 98 61 an,
993 1004 111 61 dans
1063 1004 84 61 la
1091 1004 181 61 maison

447 1066 68 53 «
475 1066 136 53 Ces
570 1066 190 53 affranchis
719 1066 109 53 d’un
787 1066 109 53 jour
855 1066 149 53 peuvent
964 1066 109 53 tout
1032 1066 82 53 se
1059 1066 217 53 permettre:

449 1110 228 59 «L'exemple
636 1110 121 59 vient
717 1110 107 59 d’en
784 1110 107 59 bas,
851 1110 94 59 et,
905 1110 174 59 troublant
1039 1110 80 59 la
1066 1110 174 59 raison

451 1167 221 63 «L'ivresse
633 1167 78 63 de
672 1167 169 63 l’esclave
802 1167 91 63 est
854 1167 78 63 la
893 1167 117 63 leçon
971 1167 78 63 du
997 1167 169 63 maître

344 1227 163 97 14.
437 1227 140 97 Le
507 1227 187 97 Mois
624 1227 140 97 de
693 1227 233 97 Marie,
857 1227 303 97 souvenirs
1090 1227 140 97 de
1137 1227 257 97 Florence.

345 1308 169 64 15.
441 1308 289 64 Paysanne
658 1308 145 64 de
731 1308 193 64 Nice
851 1308 145 64 se
924 1308 265 64 rendant
1117 1308 145 64 au
1165 1308 217 64 marché.

682 1457 342 86 BAUDIT,

662 1550 121 74 43,
731 1550 121 74 rue
800 1550 104 74 de
852 1550 173 74 Douay,
955 1550 138 74 Paris.

349 1635 171 83 16.
446 1635 147 83 Le
520 1635 269 83 Village
716 1635 147 83 de
765 1635 269 83 Montigny.

341 1713 182 69 17.
445 1713 156 69 Un
523 1713 260 69 Chemin
705 1713 156 69 de
784 1713 156 69 la
836 1713 286 69 campagne.

341 1765 169 75 18.
438 1765 290 75 Environs
655 1765 145 75 de
704 1765 387 75 Fontainebleau.

666 1927 364 96 BEAUME,

488 2004 78 90 A
520 2004 157 90 Paris,
629 2004 94 90 et
676 2004 125 90 chez
755 2004 172 90 Legrip,
880 2004 110 90 rue
943 2004 94 90 de
990 2004 219 90 l’Hôpital,
1147 2004 125 90 Rouen.

344 2085 176 87 19.
445 2085 227 87 Ronde
571 2085 302 87 d’Enfants.

542 2242 448 96 BENTABOLE
852 2242 344 96 (LOUIS),

673 2326 119 85 40,
741 2326 119 85 rue
809 2326 205 85 Blanche,
946 2326 136 85 Paris.

343 2413 170 115 20.
440 2413 170 115 Vue
537 2413 219 115 prise
683 2413 122 115 à
732 2413 268 115 Morgate
902 2413 341 115 (Finistère).
