1939 3117
897 534 201 67 —
977 534 201 67 6
1017 534 121 67 —

639 651 415 87 BERLIOZ
941 651 226 87 DE
1016 651 377 87 PRÉMONT,

705 744 95 79 26
753 744 127 79 bis,
832 744 111 79 rue
895 744 95 79 de
943 744 349 79 Crosne-hors-Ville,
1228 744 127 79 Rouen.

497 811 178 73 21.
598 811 178 73 Vue
700 811 153 73 du
776 811 280 73 Château
980 811 153 73 de
1056 811 407 73 Rochechinard
1387 811 153 73 et
1438 811 127 73 des

683 873 328 105 Montagnes
935 873 152 105 du
986 873 303 105 Rayonnais.

551 975 107 54 «Le
612 975 169 54 château
735 975 92 54 de
781 975 261 54 Rochechinard,
996 975 107 54 qui
1057 975 230 54 appartenait
1242 975 77 54 à
1272 975 215 54 l’illustre
1426 975 138 54 branche

522 1034 125 49 «des
600 1034 187 49 Allanau,
741 1034 109 49 est
803 1034 109 49 une
865 1034 109 49 des
928 1034 156 49 ruines
1037 1034 109 49 les
1099 1034 125 49 plus
1177 1034 203 49 curieuses
1333 1034 109 49 des
1380 1034 171 49 monuments

520 1073 129 73 «des
600 1073 113 73 XIe
665 1073 96 73 et
713 1073 129 73 XIIe
793 1073 193 73 siècles.
938 1073 96 73 Un
986 1073 161 73 prince
1099 1073 225 73 mahométan,
1276 1073 145 73 nommé
1372 1073 177 73 Zizini,
1485 1073 64 73 ou

519 1133 176 63 «Dzini,
647 1133 144 63 frère
743 1133 96 63 de
792 1133 192 63 Bajazet,
936 1133 192 63 l’habita
1080 1133 176 63 pendant
1208 1133 192 63 quelques
1353 1133 144 63 temps
1433 1133 112 63 commé

517 1185 244 60 «Prisonnier.
715 1185 91 60 Il
761 1185 76 60 y
791 1185 107 60 fut
852 1185 152 60 visité
959 1185 107 60 par
1020 1185 152 60 Hélène
1126 1185 91 60 de
1172 1185 198 60 Sassenay,
1324 1185 137 60 fille
1416 1185 91 60 du
1446 1185 107 60 comte

513 1231 235 55 «Bérenger;
698 1231 151 55 cette
799 1231 202 55 entrevue
950 1231 118 55 fit
1018 1231 168 55 naître
1136 1231 101 55 un
1186 1231 151 55 amour
1287 1231 185 55 mutuel,
1421 1231 135 55 dont
1489 1231 67 55 le

524 1278 190 57 «souvenir
671 1278 132 57 s’est
759 1278 176 57 perpétué
890 1278 117 57 dans
963 1278 88 57 le
1007 1278 132 57 pays,
1095 1278 88 57 et
1139 1278 117 57 sert
1212 1278 146 57 encore
1315 1278 88 57 de
1359 1278 132 57 sujet
1447 1278 73 57 à
1461 1278 88 57 plus

519 1332 76 79 «
549 1332 138 79 d’une
641 1332 168 79 veillée
748 1332 214 79 Dauphinoise.

497 1406 148 81 22
571 1406 173 81 Vue
670 1406 148 81 de
744 1406 519 81 Roman-sur-l’Isère
1189 1406 247 81 (étude
1338 1406 222 81 d’après

661 1484 248 70 nature).

505 1548 164 87 25.
598 1548 140 87 La
668 1548 234 87 Vierge
832 1548 117 87 à
879 1548 140 87 la
925 1548 164 87 Rose.

502 1624 164 68 24.
595 1624 282 68 Portrait
807 1624 141 68 de
877 1624 164 68 Mme
947 1624 141 68 Errr

671 1762 501 106 BERTHELEMY
1029 1762 358 106 (EMILE),

839 1862 109 56 19,
902 1862 109 56 rue
964 1862 94 56 du
1011 1862 156 56 Delta,
1104 1862 125 56 Paris.

493 1924 178 57 25.
594 1924 152 57 La
670 1924 228 57 Plage
822 1924 152 57 de
898 1924 533 57 Bernières-sur-Mer
1330 1924 228 57 (Calva-

663 1979 219 80 dos),
809 1979 122 80 à
857 1979 219 80 marée
979 1979 194 80 basse.

499 2037 191 95 26.
608 2037 191 95 Vue
717 2037 164 95 du
799 2037 301 95 Conquet
1018 2037 410 95 (Bretagne),
1346 2037 137 95 à
1374 2037 191 95 marée

640 2131 196 66 basse.

507 2199 142 73 27.
588 2199 243 73 Naufrage
770 2199 122 73 du
831 2199 203 73 Navire
973 2199 243 73 corsaire
1135 2199 425 73 l'Enfant

666 2265 426 80 la-Patrie
1031 2265 142 80 sur
1112 2265 142 80 les
1193 2265 183 80 côtes
1315 2265 122 80 de
1355 2265 203 80 Norwége.

661 2339 137 90 le
730 2339 114 90 6
775 2339 274 90 pluviose
981 2339 137 90 an
1027 2339 114 90 VI.

551 2411 185 75 Jusqu’au
689 2411 138 75 point
781 2411 92 75 du
827 2411 138 75 jour,
920 2411 215 75 Mosancourt
1089 2411 92 75 et
1135 2411 108 75 ses
1196 2411 154 75 marins
1304 2411 231 75 demeurèrent
1473 2411 77 75 sur

518 2463 95 76 le
566 2463 159 76 rocher
677 2463 95 76 où
724 2463 111 76 ils
788 2463 174 76 étaient
915 2463 190 76 parvenus
1057 2463 79 76 à
1089 2463 95 76 se
1137 2463 206 76 réfugier;
1295 2463 143 76 leurs
1375 2463 174 76 vêtements
