<alto xmlns:xsi="http://www.w3.org/2001/XMLSchema-instance" xmlns="http://www.loc.gov/standards/alto/ns-v2#" xmlns:page="http://schema.primaresearch.org/PAGE/gts/pagecontent/2013-07-15" xsi:schemaLocation="http://www.loc.gov/standards/alto/ns-v2# http://www.loc.gov/standards/alto/alto.xsd">
  <Description>
    <MeasurementUnit>pixel</MeasurementUnit>
    <sourceImageInformation>
         <fileName>13.jpg</fileName>
      </sourceImageInformation>
    <OCRProcessing ID="IdOcr">
      <ocrProcessingStep>
        <processingDateTime>2020-10-31T11:40:39.434+01:00</processingDateTime>
        <processingSoftware>
               <softwareCreator>CONTRIBUTORS</softwareCreator>
               <softwareName>pdfalto</softwareName>
               <softwareVersion>0.1</softwareVersion>
            </processingSoftware>
      </ocrProcessingStep>
    </OCRProcessing>
  </Description>
  <Styles>
   <TextStyle ID="FONT0" FONTFAMILY="unknown" FONTSIZE="unknown" FONTSTYLE=""/>
   <TextStyle ID="FONT1" FONTFAMILY="unknown" FONTSIZE="unknown" FONTSTYLE="bold"/>
   <TextStyle ID="FONT2" FONTFAMILY="unknown" FONTSIZE="unknown" FONTSTYLE="italics"/>
  </Styles>
  <Tags/>
  <Layout>
    <Page ID="Page1" PHYSICAL_IMG_NR="1" HEIGHT="3117" WIDTH="1981">
      <PrintSpace HEIGHT="3117" WIDTH="1981" VPOS="0" HPOS="0">
        <TextBlock ID="r1" HEIGHT="1985" WIDTH="1033" VPOS="541" HPOS="366">
          <TextLine ID="r1l1" BASELINE="597" HEIGHT="90" WIDTH="204" VPOS="507" HPOS="786">
            <String HEIGHT="90" WIDTH="204" VPOS="507" HPOS="745" CONTENT="—" ID="r1l1_1" STYLEREFS="FONT0"/>
            <SP HEIGHT="90" WIDTH="41" VPOS="507" HPOS="949"/>
            <String HEIGHT="90" WIDTH="204" VPOS="507" HPOS="827" CONTENT="7" ID="r1l1_2" STYLEREFS="FONT0"/>
            <SP HEIGHT="90" WIDTH="41" VPOS="507" HPOS="1031"/>
            <String HEIGHT="90" WIDTH="122" VPOS="507" HPOS="868" CONTENT="—" ID="r1l1_3" STYLEREFS="FONT0"/>
          </TextLine>
          <TextLine ID="r1l2" BASELINE="705" HEIGHT="90" WIDTH="1024" VPOS="615" HPOS="370">
            <String HEIGHT="90" WIDTH="151" VPOS="615" HPOS="355" CONTENT="glacés" ID="r1l2_1" STYLEREFS="FONT0"/>
            <SP HEIGHT="90" WIDTH="15" VPOS="615" HPOS="506"/>
            <String HEIGHT="90" WIDTH="241" VPOS="615" HPOS="460" CONTENT="ruisselaient" ID="r1l2_2" STYLEREFS="FONT0"/>
            <SP HEIGHT="90" WIDTH="15" VPOS="615" HPOS="701"/>
            <String HEIGHT="90" WIDTH="151" VPOS="615" HPOS="656" CONTENT="d’eau," ID="r1l2_3" STYLEREFS="FONT0"/>
            <SP HEIGHT="90" WIDTH="15" VPOS="615" HPOS="807"/>
            <String HEIGHT="90" WIDTH="90" VPOS="615" HPOS="762" CONTENT="et" ID="r1l2_4" STYLEREFS="FONT0"/>
            <SP HEIGHT="90" WIDTH="15" VPOS="615" HPOS="852"/>
            <String HEIGHT="90" WIDTH="196" VPOS="615" HPOS="807" CONTENT="cependant" ID="r1l2_5" STYLEREFS="FONT0"/>
            <SP HEIGHT="90" WIDTH="15" VPOS="615" HPOS="1002"/>
            <String HEIGHT="90" WIDTH="90" VPOS="615" HPOS="957" CONTENT="il" ID="r1l2_6" STYLEREFS="FONT0"/>
            <SP HEIGHT="90" WIDTH="15" VPOS="615" HPOS="1048"/>
            <String HEIGHT="90" WIDTH="120" VPOS="615" HPOS="1002" CONTENT="leur" ID="r1l2_7" STYLEREFS="FONT0"/>
            <SP HEIGHT="90" WIDTH="15" VPOS="615" HPOS="1123"/>
            <String HEIGHT="90" WIDTH="151" VPOS="615" HPOS="1078" CONTENT="fallut" ID="r1l2_8" STYLEREFS="FONT0"/>
            <SP HEIGHT="90" WIDTH="15" VPOS="615" HPOS="1228"/>
            <String HEIGHT="90" WIDTH="181" VPOS="615" HPOS="1183" CONTENT="attendre" ID="r1l2_9" STYLEREFS="FONT0"/>
            <SP HEIGHT="90" WIDTH="15" VPOS="615" HPOS="1364"/>
            <String HEIGHT="90" WIDTH="90" VPOS="615" HPOS="1304" CONTENT="dans" ID="r1l2_10" STYLEREFS="FONT0"/>
          </TextLine>
          <TextLine ID="r1l3" BASELINE="748" HEIGHT="43" WIDTH="1023" VPOS="705" HPOS="374">
            <String HEIGHT="43" WIDTH="86" VPOS="705" HPOS="360" CONTENT="la" ID="r1l3_1" STYLEREFS="FONT0"/>
            <SP HEIGHT="43" WIDTH="14" VPOS="705" HPOS="446"/>
            <String HEIGHT="43" WIDTH="130" VPOS="705" HPOS="403" CONTENT="neige" ID="r1l3_2" STYLEREFS="FONT0"/>
            <SP HEIGHT="43" WIDTH="14" VPOS="705" HPOS="532"/>
            <String HEIGHT="43" WIDTH="86" VPOS="705" HPOS="489" CONTENT="le" ID="r1l3_3" STYLEREFS="FONT0"/>
            <SP HEIGHT="43" WIDTH="14" VPOS="705" HPOS="576"/>
            <String HEIGHT="43" WIDTH="130" VPOS="705" HPOS="532" CONTENT="lever" ID="r1l3_4" STYLEREFS="FONT0"/>
            <SP HEIGHT="43" WIDTH="14" VPOS="705" HPOS="662"/>
            <String HEIGHT="43" WIDTH="86" VPOS="705" HPOS="619" CONTENT="de" ID="r1l3_5" STYLEREFS="FONT0"/>
            <SP HEIGHT="43" WIDTH="14" VPOS="705" HPOS="705"/>
            <String HEIGHT="43" WIDTH="187" VPOS="705" HPOS="662" CONTENT="l’aurore." ID="r1l3_6" STYLEREFS="FONT0"/>
            <SP HEIGHT="43" WIDTH="14" VPOS="705" HPOS="849"/>
            <String HEIGHT="43" WIDTH="115" VPOS="705" HPOS="806" CONTENT="Quel" ID="r1l3_7" STYLEREFS="FONT0"/>
            <SP HEIGHT="43" WIDTH="14" VPOS="705" HPOS="922"/>
            <String HEIGHT="43" WIDTH="187" VPOS="705" HPOS="878" CONTENT="spectacle" ID="r1l3_8" STYLEREFS="FONT0"/>
            <SP HEIGHT="43" WIDTH="14" VPOS="705" HPOS="1066"/>
            <String HEIGHT="43" WIDTH="173" VPOS="705" HPOS="1022" CONTENT="s’offrit" ID="r1l3_9" STYLEREFS="FONT0"/>
            <SP HEIGHT="43" WIDTH="14" VPOS="705" HPOS="1195"/>
            <String HEIGHT="43" WIDTH="72" VPOS="705" HPOS="1152" CONTENT="à" ID="r1l3_10" STYLEREFS="FONT0"/>
            <SP HEIGHT="43" WIDTH="14" VPOS="705" HPOS="1224"/>
            <String HEIGHT="43" WIDTH="130" VPOS="705" HPOS="1181" CONTENT="leurs" ID="r1l3_11" STYLEREFS="FONT0"/>
            <SP HEIGHT="43" WIDTH="14" VPOS="705" HPOS="1311"/>
            <String HEIGHT="43" WIDTH="144" VPOS="705" HPOS="1253" CONTENT="regards!" ID="r1l3_12" STYLEREFS="FONT0"/>
          </TextLine>
          <TextLine ID="r1l4" BASELINE="817" HEIGHT="60" WIDTH="1017" VPOS="757" HPOS="371">
            <String HEIGHT="60" WIDTH="97" VPOS="757" HPOS="355" CONTENT="en" ID="r1l4_1" STYLEREFS="FONT0"/>
            <SP HEIGHT="60" WIDTH="16" VPOS="757" HPOS="452"/>
            <String HEIGHT="60" WIDTH="129" VPOS="757" HPOS="403" CONTENT="face" ID="r1l4_2" STYLEREFS="FONT0"/>
            <SP HEIGHT="60" WIDTH="16" VPOS="757" HPOS="532"/>
            <String HEIGHT="60" WIDTH="161" VPOS="757" HPOS="484" CONTENT="d’eux," ID="r1l4_3" STYLEREFS="FONT0"/>
            <SP HEIGHT="60" WIDTH="16" VPOS="757" HPOS="645"/>
            <String HEIGHT="60" WIDTH="194" VPOS="757" HPOS="597" CONTENT="l’Océan," ID="r1l4_4" STYLEREFS="FONT0"/>
            <SP HEIGHT="60" WIDTH="16" VPOS="757" HPOS="791"/>
            <String HEIGHT="60" WIDTH="129" VPOS="757" HPOS="742" CONTENT="dont" ID="r1l4_5" STYLEREFS="FONT0"/>
            <SP HEIGHT="60" WIDTH="16" VPOS="757" HPOS="871"/>
            <String HEIGHT="60" WIDTH="113" VPOS="757" HPOS="823" CONTENT="les" ID="r1l4_6" STYLEREFS="FONT0"/>
            <SP HEIGHT="60" WIDTH="16" VPOS="757" HPOS="936"/>
            <String HEIGHT="60" WIDTH="210" VPOS="757" HPOS="888" CONTENT="montagnes" ID="r1l4_7" STYLEREFS="FONT0"/>
            <SP HEIGHT="60" WIDTH="16" VPOS="757" HPOS="1097"/>
            <String HEIGHT="60" WIDTH="291" VPOS="757" HPOS="1049" CONTENT="blanchissantes" ID="r1l4_8" STYLEREFS="FONT0"/>
            <SP HEIGHT="60" WIDTH="16" VPOS="757" HPOS="1340"/>
            <String HEIGHT="60" WIDTH="113" VPOS="757" HPOS="1275" CONTENT="ache" SUBS_TYPE="HypPart1" SUBS_CONTENT="achevaient" ID="r1l4_9" STYLEREFS="FONT0"/>
            <HYP CONTENT="-"/>
          </TextLine>
          <TextLine ID="r1l5" BASELINE="870" HEIGHT="55" WIDTH="1020" VPOS="815" HPOS="370">
            <String HEIGHT="55" WIDTH="138" VPOS="815" HPOS="356" CONTENT="vaient" SUBS_TYPE="HypPart2" SUBS_CONTENT="achevaient" ID="r1l5_1" STYLEREFS="FONT0"/>
            <SP HEIGHT="55" WIDTH="14" VPOS="815" HPOS="494"/>
            <String HEIGHT="55" WIDTH="83" VPOS="815" HPOS="453" CONTENT="de" ID="r1l5_2" STYLEREFS="FONT0"/>
            <SP HEIGHT="55" WIDTH="14" VPOS="815" HPOS="535"/>
            <String HEIGHT="55" WIDTH="138" VPOS="815" HPOS="494" CONTENT="mettre" ID="r1l5_3" STYLEREFS="FONT0"/>
            <SP HEIGHT="55" WIDTH="14" VPOS="815" HPOS="632"/>
            <String HEIGHT="55" WIDTH="83" VPOS="815" HPOS="591" CONTENT="en" ID="r1l5_4" STYLEREFS="FONT0"/>
            <SP HEIGHT="55" WIDTH="14" VPOS="815" HPOS="673"/>
            <String HEIGHT="55" WIDTH="138" VPOS="815" HPOS="632" CONTENT="pièces" ID="r1l5_5" STYLEREFS="FONT0"/>
            <SP HEIGHT="55" WIDTH="14" VPOS="815" HPOS="770"/>
            <String HEIGHT="55" WIDTH="455" VPOS="815" HPOS="728" CONTENT="l'Enfant-de-la-Patrie," ID="r1l5_6" STYLEREFS="FONT2"/>
            <SP HEIGHT="55" WIDTH="14" VPOS="815" HPOS="1183"/>
            <String HEIGHT="55" WIDTH="138" VPOS="815" HPOS="1142" CONTENT="réduit" ID="r1l5_7" STYLEREFS="FONT0"/>
            <SP HEIGHT="55" WIDTH="14" VPOS="815" HPOS="1280"/>
            <String HEIGHT="55" WIDTH="69" VPOS="815" HPOS="1238" CONTENT="à" ID="r1l5_8" STYLEREFS="FONT0"/>
            <SP HEIGHT="55" WIDTH="14" VPOS="815" HPOS="1307"/>
            <String HEIGHT="55" WIDTH="138" VPOS="815" HPOS="1252" CONTENT="quelques" ID="r1l5_9" STYLEREFS="FONT0"/>
          </TextLine>
          <TextLine ID="r1l6" BASELINE="911" HEIGHT="52" WIDTH="1032" VPOS="859" HPOS="372">
            <String HEIGHT="52" WIDTH="152" VPOS="859" HPOS="357" CONTENT="débris" ID="r1l6_1" STYLEREFS="FONT0"/>
            <SP HEIGHT="52" WIDTH="15" VPOS="859" HPOS="509"/>
            <String HEIGHT="52" WIDTH="137" VPOS="859" HPOS="463" CONTENT="épars" ID="r1l6_2" STYLEREFS="FONT0"/>
            <SP HEIGHT="52" WIDTH="15" VPOS="859" HPOS="600"/>
            <String HEIGHT="52" WIDTH="182" VPOS="859" HPOS="554" CONTENT="derrière" ID="r1l6_3" STYLEREFS="FONT0"/>
            <SP HEIGHT="52" WIDTH="15" VPOS="859" HPOS="736"/>
            <String HEIGHT="52" WIDTH="121" VPOS="859" HPOS="691" CONTENT="eux." ID="r1l6_4" STYLEREFS="FONT0"/>
            <SP HEIGHT="52" WIDTH="15" VPOS="859" HPOS="812"/>
            <String HEIGHT="52" WIDTH="228" VPOS="859" HPOS="767" CONTENT="L’immensité" ID="r1l6_5" STYLEREFS="FONT0"/>
            <SP HEIGHT="52" WIDTH="15" VPOS="859" HPOS="994"/>
            <String HEIGHT="52" WIDTH="106" VPOS="859" HPOS="949" CONTENT="des" ID="r1l6_6" STYLEREFS="FONT0"/>
            <SP HEIGHT="52" WIDTH="15" VPOS="859" HPOS="1055"/>
            <String HEIGHT="52" WIDTH="167" VPOS="859" HPOS="1009" CONTENT="régions" ID="r1l6_7" STYLEREFS="FONT0"/>
            <SP HEIGHT="52" WIDTH="15" VPOS="859" HPOS="1176"/>
            <String HEIGHT="52" WIDTH="91" VPOS="859" HPOS="1131" CONTENT="du" ID="r1l6_8" STYLEREFS="FONT0"/>
            <SP HEIGHT="52" WIDTH="15" VPOS="859" HPOS="1222"/>
            <String HEIGHT="52" WIDTH="137" VPOS="859" HPOS="1176" CONTENT="nord," ID="r1l6_9" STYLEREFS="FONT0"/>
            <SP HEIGHT="52" WIDTH="15" VPOS="859" HPOS="1313"/>
            <String HEIGHT="52" WIDTH="121" VPOS="859" HPOS="1267" CONTENT="avec" ID="r1l6_10" STYLEREFS="FONT0"/>
            <SP HEIGHT="52" WIDTH="15" VPOS="859" HPOS="1389"/>
            <String HEIGHT="52" WIDTH="76" VPOS="859" HPOS="1328" CONTENT="ses" ID="r1l6_11" STYLEREFS="FONT0"/>
          </TextLine>
          <TextLine ID="r1l7" BASELINE="962" HEIGHT="52" WIDTH="1029" VPOS="910" HPOS="369">
            <String HEIGHT="52" WIDTH="159" VPOS="910" HPOS="355" CONTENT="neiges," ID="r1l7_1" STYLEREFS="FONT0"/>
            <SP HEIGHT="52" WIDTH="14" VPOS="910" HPOS="514"/>
            <String HEIGHT="52" WIDTH="101" VPOS="910" HPOS="470" CONTENT="ses" ID="r1l7_2" STYLEREFS="FONT0"/>
            <SP HEIGHT="52" WIDTH="14" VPOS="910" HPOS="572"/>
            <String HEIGHT="52" WIDTH="145" VPOS="910" HPOS="528" CONTENT="glaces" ID="r1l7_3" STYLEREFS="FONT0"/>
            <SP HEIGHT="52" WIDTH="14" VPOS="910" HPOS="673"/>
            <String HEIGHT="52" WIDTH="87" VPOS="910" HPOS="630" CONTENT="et" ID="r1l7_4" STYLEREFS="FONT0"/>
            <SP HEIGHT="52" WIDTH="14" VPOS="910" HPOS="717"/>
            <String HEIGHT="52" WIDTH="87" VPOS="910" HPOS="673" CONTENT="la" ID="r1l7_5" STYLEREFS="FONT0"/>
            <SP HEIGHT="52" WIDTH="14" VPOS="910" HPOS="760"/>
            <String HEIGHT="52" WIDTH="174" VPOS="910" HPOS="717" CONTENT="solitude" ID="r1l7_6" STYLEREFS="FONT0"/>
            <SP HEIGHT="52" WIDTH="14" VPOS="910" HPOS="891"/>
            <String HEIGHT="52" WIDTH="174" VPOS="910" HPOS="847" CONTENT="désolée;" ID="r1l7_7" STYLEREFS="FONT0"/>
            <SP HEIGHT="52" WIDTH="14" VPOS="910" HPOS="1021"/>
            <String HEIGHT="52" WIDTH="87" VPOS="910" HPOS="978" CONTENT="au" ID="r1l7_8" STYLEREFS="FONT0"/>
            <SP HEIGHT="52" WIDTH="14" VPOS="910" HPOS="1065"/>
            <String HEIGHT="52" WIDTH="145" VPOS="910" HPOS="1021" CONTENT="milieu" ID="r1l7_9" STYLEREFS="FONT0"/>
            <SP HEIGHT="52" WIDTH="14" VPOS="910" HPOS="1166"/>
            <String HEIGHT="52" WIDTH="145" VPOS="910" HPOS="1123" CONTENT="d’eux," ID="r1l7_10" STYLEREFS="FONT0"/>
            <SP HEIGHT="52" WIDTH="14" VPOS="910" HPOS="1268"/>
            <String HEIGHT="52" WIDTH="87" VPOS="910" HPOS="1224" CONTENT="un" ID="r1l7_11" STYLEREFS="FONT0"/>
            <SP HEIGHT="52" WIDTH="14" VPOS="910" HPOS="1311"/>
            <String HEIGHT="52" WIDTH="145" VPOS="910" HPOS="1253" CONTENT="cadavre," ID="r1l7_12" STYLEREFS="FONT0"/>
          </TextLine>
          <TextLine ID="r1l8" BASELINE="1012" HEIGHT="49" WIDTH="1035" VPOS="963" HPOS="368">
            <String HEIGHT="49" WIDTH="141" VPOS="963" HPOS="352" CONTENT="celui" ID="r1l8_1" STYLEREFS="FONT0"/>
            <SP HEIGHT="49" WIDTH="16" VPOS="963" HPOS="493"/>
            <String HEIGHT="49" WIDTH="125" VPOS="963" HPOS="446" CONTENT="d’uu" ID="r1l8_2" STYLEREFS="FONT0"/>
            <SP HEIGHT="49" WIDTH="16" VPOS="963" HPOS="572"/>
            <String HEIGHT="49" WIDTH="94" VPOS="963" HPOS="525" CONTENT="de" ID="r1l8_3" STYLEREFS="FONT0"/>
            <SP HEIGHT="49" WIDTH="16" VPOS="963" HPOS="619"/>
            <String HEIGHT="49" WIDTH="141" VPOS="963" HPOS="572" CONTENT="leurs" ID="r1l8_4" STYLEREFS="FONT0"/>
            <SP HEIGHT="49" WIDTH="16" VPOS="963" HPOS="713"/>
            <String HEIGHT="49" WIDTH="235" VPOS="963" HPOS="666" CONTENT="compagnons," ID="r1l8_5" STYLEREFS="FONT0"/>
            <SP HEIGHT="49" WIDTH="16" VPOS="963" HPOS="901"/>
            <String HEIGHT="49" WIDTH="125" VPOS="963" HPOS="854" CONTENT="mort" ID="r1l8_6" STYLEREFS="FONT0"/>
            <SP HEIGHT="49" WIDTH="16" VPOS="963" HPOS="980"/>
            <String HEIGHT="49" WIDTH="94" VPOS="963" HPOS="933" CONTENT="de" ID="r1l8_7" STYLEREFS="FONT0"/>
            <SP HEIGHT="49" WIDTH="16" VPOS="963" HPOS="1027"/>
            <String HEIGHT="49" WIDTH="141" VPOS="963" HPOS="980" CONTENT="froid" ID="r1l8_8" STYLEREFS="FONT0"/>
            <SP HEIGHT="49" WIDTH="16" VPOS="963" HPOS="1121"/>
            <String HEIGHT="49" WIDTH="94" VPOS="963" HPOS="1074" CONTENT="et" ID="r1l8_9" STYLEREFS="FONT0"/>
            <SP HEIGHT="49" WIDTH="16" VPOS="963" HPOS="1168"/>
            <String HEIGHT="49" WIDTH="94" VPOS="963" HPOS="1121" CONTENT="de" ID="r1l8_10" STYLEREFS="FONT0"/>
            <SP HEIGHT="49" WIDTH="16" VPOS="963" HPOS="1215"/>
            <String HEIGHT="49" WIDTH="188" VPOS="963" HPOS="1168" CONTENT="fatigue," ID="r1l8_11" STYLEREFS="FONT0"/>
            <SP HEIGHT="49" WIDTH="16" VPOS="963" HPOS="1356"/>
            <String HEIGHT="49" WIDTH="94" VPOS="963" HPOS="1309" CONTENT="et" ID="r1l8_12" STYLEREFS="FONT0"/>
            <SP HEIGHT="49" WIDTH="16" VPOS="963" HPOS="1403"/>
            <String HEIGHT="49" WIDTH="63" VPOS="963" HPOS="1340" CONTENT="de" ID="r1l8_13" STYLEREFS="FONT0"/>
          </TextLine>
          <TextLine ID="r1l9" BASELINE="1076" HEIGHT="67" WIDTH="1043" VPOS="1009" HPOS="363">
            <String HEIGHT="67" WIDTH="130" VPOS="1009" HPOS="347" CONTENT="tous" ID="r1l9_1" STYLEREFS="FONT0"/>
            <SP HEIGHT="67" WIDTH="16" VPOS="1009" HPOS="477"/>
            <String HEIGHT="67" WIDTH="147" VPOS="1009" HPOS="428" CONTENT="côtés" ID="r1l9_2" STYLEREFS="FONT0"/>
            <SP HEIGHT="67" WIDTH="16" VPOS="1009" HPOS="575"/>
            <String HEIGHT="67" WIDTH="147" VPOS="1009" HPOS="526" CONTENT="leurs" ID="r1l9_3" STYLEREFS="FONT0"/>
            <SP HEIGHT="67" WIDTH="16" VPOS="1009" HPOS="673"/>
            <String HEIGHT="67" WIDTH="212" VPOS="1009" HPOS="624" CONTENT="camarades" ID="r1l9_4" STYLEREFS="FONT0"/>
            <SP HEIGHT="67" WIDTH="16" VPOS="1009" HPOS="836"/>
            <String HEIGHT="67" WIDTH="98" VPOS="1009" HPOS="787" CONTENT="ne" ID="r1l9_5" STYLEREFS="FONT0"/>
            <SP HEIGHT="67" WIDTH="16" VPOS="1009" HPOS="885"/>
            <String HEIGHT="67" WIDTH="179" VPOS="1009" HPOS="836" CONTENT="pouvant" ID="r1l9_6" STYLEREFS="FONT0"/>
            <SP HEIGHT="67" WIDTH="16" VPOS="1009" HPOS="1015"/>
            <String HEIGHT="67" WIDTH="98" VPOS="1009" HPOS="966" CONTENT="ni" ID="r1l9_7" STYLEREFS="FONT0"/>
            <SP HEIGHT="67" WIDTH="16" VPOS="1009" HPOS="1064"/>
            <String HEIGHT="67" WIDTH="98" VPOS="1009" HPOS="1015" CONTENT="se" ID="r1l9_8" STYLEREFS="FONT0"/>
            <SP HEIGHT="67" WIDTH="16" VPOS="1009" HPOS="1113"/>
            <String HEIGHT="67" WIDTH="196" VPOS="1009" HPOS="1064" CONTENT="contenir" ID="r1l9_9" STYLEREFS="FONT0"/>
            <SP HEIGHT="67" WIDTH="16" VPOS="1009" HPOS="1259"/>
            <String HEIGHT="67" WIDTH="98" VPOS="1009" HPOS="1210" CONTENT="ni" ID="r1l9_10" STYLEREFS="FONT0"/>
            <SP HEIGHT="67" WIDTH="16" VPOS="1009" HPOS="1308"/>
            <String HEIGHT="67" WIDTH="147" VPOS="1009" HPOS="1259" CONTENT="faire" ID="r1l9_11" STYLEREFS="FONT0"/>
            <SP HEIGHT="67" WIDTH="16" VPOS="1009" HPOS="1406"/>
            <String HEIGHT="67" WIDTH="65" VPOS="1009" HPOS="1341" CONTENT="un" ID="r1l9_12" STYLEREFS="FONT0"/>
          </TextLine>
          <TextLine ID="r1l10" BASELINE="1145" HEIGHT="72" WIDTH="1034" VPOS="1073" HPOS="369">
            <String HEIGHT="72" WIDTH="219" VPOS="1073" HPOS="353" CONTENT="mouvement;" ID="r1l10_1" STYLEREFS="FONT0"/>
            <SP HEIGHT="72" WIDTH="16" VPOS="1073" HPOS="573"/>
            <String HEIGHT="72" WIDTH="110" VPOS="1073" HPOS="526" CONTENT="pas" ID="r1l10_2" STYLEREFS="FONT0"/>
            <SP HEIGHT="72" WIDTH="16" VPOS="1073" HPOS="635"/>
            <String HEIGHT="72" WIDTH="94" VPOS="1073" HPOS="588" CONTENT="de" ID="r1l10_3" STYLEREFS="FONT0"/>
            <SP HEIGHT="72" WIDTH="16" VPOS="1073" HPOS="682"/>
            <String HEIGHT="72" WIDTH="172" VPOS="1073" HPOS="635" CONTENT="vivres," ID="r1l10_4" STYLEREFS="FONT0"/>
            <SP HEIGHT="72" WIDTH="16" VPOS="1073" HPOS="808"/>
            <String HEIGHT="72" WIDTH="110" VPOS="1073" HPOS="761" CONTENT="pas" ID="r1l10_5" STYLEREFS="FONT0"/>
            <SP HEIGHT="72" WIDTH="16" VPOS="1073" HPOS="870"/>
            <String HEIGHT="72" WIDTH="94" VPOS="1073" HPOS="823" CONTENT="de" ID="r1l10_6" STYLEREFS="FONT0"/>
            <SP HEIGHT="72" WIDTH="16" VPOS="1073" HPOS="917"/>
            <String HEIGHT="72" WIDTH="125" VPOS="1073" HPOS="870" CONTENT="feu," ID="r1l10_7" STYLEREFS="FONT0"/>
            <SP HEIGHT="72" WIDTH="16" VPOS="1073" HPOS="996"/>
            <String HEIGHT="72" WIDTH="94" VPOS="1073" HPOS="949" CONTENT="et" ID="r1l10_8" STYLEREFS="FONT0"/>
            <SP HEIGHT="72" WIDTH="16" VPOS="1073" HPOS="1043"/>
            <String HEIGHT="72" WIDTH="125" VPOS="1073" HPOS="996" CONTENT="l’on" ID="r1l10_9" STYLEREFS="FONT0"/>
            <SP HEIGHT="72" WIDTH="16" VPOS="1073" HPOS="1121"/>
            <String HEIGHT="72" WIDTH="188" VPOS="1073" HPOS="1074" CONTENT="ignorait" ID="r1l10_10" STYLEREFS="FONT0"/>
            <SP HEIGHT="72" WIDTH="16" VPOS="1073" HPOS="1262"/>
            <String HEIGHT="72" WIDTH="125" VPOS="1073" HPOS="1215" CONTENT="dans" ID="r1l10_11" STYLEREFS="FONT0"/>
            <SP HEIGHT="72" WIDTH="16" VPOS="1073" HPOS="1340"/>
            <String HEIGHT="72" WIDTH="125" VPOS="1073" HPOS="1278" CONTENT="quelle" ID="r1l10_12" STYLEREFS="FONT0"/>
          </TextLine>
          <TextLine ID="r1l11" BASELINE="1185" HEIGHT="61" WIDTH="1012" VPOS="1124" HPOS="360">
            <String HEIGHT="61" WIDTH="156" VPOS="1124" HPOS="344" CONTENT="partie" ID="r1l11_1" STYLEREFS="FONT0"/>
            <SP HEIGHT="61" WIDTH="16" VPOS="1124" HPOS="500"/>
            <String HEIGHT="61" WIDTH="93" VPOS="1124" HPOS="453" CONTENT="de" ID="r1l11_2" STYLEREFS="FONT0"/>
            <SP HEIGHT="61" WIDTH="16" VPOS="1124" HPOS="547"/>
            <String HEIGHT="61" WIDTH="93" VPOS="1124" HPOS="500" CONTENT="la" ID="r1l11_3" STYLEREFS="FONT0"/>
            <SP HEIGHT="61" WIDTH="16" VPOS="1124" HPOS="594"/>
            <String HEIGHT="61" WIDTH="171" VPOS="1124" HPOS="547" CONTENT="Norwège" ID="r1l11_4" STYLEREFS="FONT0"/>
            <SP HEIGHT="61" WIDTH="16" VPOS="1124" HPOS="718"/>
            <String HEIGHT="61" WIDTH="93" VPOS="1124" HPOS="671" CONTENT="la" ID="r1l11_5" STYLEREFS="FONT0"/>
            <SP HEIGHT="61" WIDTH="16" VPOS="1124" HPOS="765"/>
            <String HEIGHT="61" WIDTH="171" VPOS="1124" HPOS="718" CONTENT="tempête" ID="r1l11_6" STYLEREFS="FONT0"/>
            <SP HEIGHT="61" WIDTH="16" VPOS="1124" HPOS="889"/>
            <String HEIGHT="61" WIDTH="140" VPOS="1124" HPOS="843" CONTENT="avait" ID="r1l11_7" STYLEREFS="FONT0"/>
            <SP HEIGHT="61" WIDTH="16" VPOS="1124" HPOS="983"/>
            <String HEIGHT="61" WIDTH="125" VPOS="1124" HPOS="936" CONTENT="jeté" ID="r1l11_8" STYLEREFS="FONT0"/>
            <SP HEIGHT="61" WIDTH="16" VPOS="1124" HPOS="1061"/>
            <String HEIGHT="61" WIDTH="93" VPOS="1124" HPOS="1014" CONTENT="le" ID="r1l11_9" STYLEREFS="FONT0"/>
            <SP HEIGHT="61" WIDTH="16" VPOS="1124" HPOS="1107"/>
            <String HEIGHT="61" WIDTH="156" VPOS="1124" HPOS="1061" CONTENT="navire" ID="r1l11_10" STYLEREFS="FONT0"/>
            <SP HEIGHT="61" WIDTH="16" VPOS="1124" HPOS="1216"/>
            <String HEIGHT="61" WIDTH="218" VPOS="1124" HPOS="1154" CONTENT="dunkerquois." ID="r1l11_11" STYLEREFS="FONT0"/>
          </TextLine>
          <TextLine ID="r1l12" BASELINE="1247" HEIGHT="81" WIDTH="331" VPOS="1166" HPOS="845">
            <String HEIGHT="81" WIDTH="234" VPOS="1166" HPOS="826" CONTENT="NAPOLÉON" ID="r1l12_1" STYLEREFS="FONT0"/>
            <SP HEIGHT="81" WIDTH="19" VPOS="1166" HPOS="1059"/>
            <String HEIGHT="81" WIDTH="195" VPOS="1166" HPOS="981" CONTENT="GALLOIS," ID="r1l12_2" STYLEREFS="FONT0"/>
          </TextLine>
          <TextLine ID="r1l13" BASELINE="1316" HEIGHT="88" WIDTH="985" VPOS="1228" HPOS="418">
            <String HEIGHT="88" WIDTH="69" VPOS="1228" HPOS="404" CONTENT="(" ID="r1l13_1" STYLEREFS="FONT0"/>
            <SP HEIGHT="88" WIDTH="14" VPOS="1228" HPOS="473"/>
            <String HEIGHT="88" WIDTH="194" VPOS="1228" HPOS="432" CONTENT="Ectrait" ID="r1l13_2" STYLEREFS="FONT2"/>
            <SP HEIGHT="88" WIDTH="14" VPOS="1228" HPOS="626"/>
            <String HEIGHT="88" WIDTH="83" VPOS="1228" HPOS="584" CONTENT="de" ID="r1l13_3" STYLEREFS="FONT2"/>
            <SP HEIGHT="88" WIDTH="14" VPOS="1228" HPOS="668"/>
            <String HEIGHT="88" WIDTH="83" VPOS="1228" HPOS="626" CONTENT="la" ID="r1l13_4" STYLEREFS="FONT2"/>
            <SP HEIGHT="88" WIDTH="14" VPOS="1228" HPOS="709"/>
            <String HEIGHT="88" WIDTH="97" VPOS="1228" HPOS="668" CONTENT="vie" ID="r1l13_5" STYLEREFS="FONT2"/>
            <SP HEIGHT="88" WIDTH="14" VPOS="1228" HPOS="765"/>
            <String HEIGHT="88" WIDTH="97" VPOS="1228" HPOS="723" CONTENT="des" ID="r1l13_6" STYLEREFS="FONT2"/>
            <SP HEIGHT="88" WIDTH="14" VPOS="1228" HPOS="820"/>
            <String HEIGHT="88" WIDTH="180" VPOS="1228" HPOS="779" CONTENT="Corsaires" ID="r1l13_7" STYLEREFS="FONT2"/>
            <SP HEIGHT="88" WIDTH="14" VPOS="1228" HPOS="959"/>
            <String HEIGHT="88" WIDTH="166" VPOS="1228" HPOS="917" CONTENT="français" ID="r1l13_8" STYLEREFS="FONT2"/>
            <SP HEIGHT="88" WIDTH="14" VPOS="1228" HPOS="1084"/>
            <String HEIGHT="88" WIDTH="111" VPOS="1228" HPOS="1042" CONTENT="sous" ID="r1l13_9" STYLEREFS="FONT2"/>
            <SP HEIGHT="88" WIDTH="14" VPOS="1228" HPOS="1153"/>
            <String HEIGHT="88" WIDTH="83" VPOS="1228" HPOS="1112" CONTENT="la" ID="r1l13_10" STYLEREFS="FONT2"/>
            <SP HEIGHT="88" WIDTH="14" VPOS="1228" HPOS="1195"/>
            <String HEIGHT="88" WIDTH="194" VPOS="1228" HPOS="1153" CONTENT="République" ID="r1l13_11" STYLEREFS="FONT2"/>
            <SP HEIGHT="88" WIDTH="14" VPOS="1228" HPOS="1348"/>
            <String HEIGHT="88" WIDTH="111" VPOS="1228" HPOS="1292" CONTENT="et" ID="r1l13_12" STYLEREFS="FONT2"/>
          </TextLine>
          <TextLine ID="r1l14" BASELINE="1367" HEIGHT="65" WIDTH="191" VPOS="1302" HPOS="434">
            <String HEIGHT="65" WIDTH="213" VPOS="1302" HPOS="412" CONTENT="l'Empire)" ID="r1l14_1" STYLEREFS="FONT2"/>
          </TextLine>
          <TextLine ID="r1l15" BASELINE="1457" HEIGHT="90" WIDTH="574" VPOS="1367" HPOS="367">
            <String HEIGHT="90" WIDTH="183" VPOS="1367" HPOS="341" CONTENT="28." ID="r1l15_1" STYLEREFS="FONT0"/>
            <SP HEIGHT="90" WIDTH="26" VPOS="1367" HPOS="524"/>
            <String HEIGHT="90" WIDTH="235" VPOS="1367" HPOS="445" CONTENT="Pêche" ID="r1l15_2" STYLEREFS="FONT0"/>
            <SP HEIGHT="90" WIDTH="26" VPOS="1367" HPOS="680"/>
            <String HEIGHT="90" WIDTH="183" VPOS="1367" HPOS="602" CONTENT="aux" ID="r1l15_3" STYLEREFS="FONT0"/>
            <SP HEIGHT="90" WIDTH="26" VPOS="1367" HPOS="784"/>
            <String HEIGHT="90" WIDTH="261" VPOS="1367" HPOS="680" CONTENT="Harengs." ID="r1l15_4" STYLEREFS="FONT0"/>
          </TextLine>
          <TextLine ID="r1l16" BASELINE="1622" HEIGHT="108" WIDTH="622" VPOS="1514" HPOS="583">
            <String HEIGHT="108" WIDTH="415" VPOS="1514" HPOS="548" CONTENT="BERTHIER" ID="r1l16_1" STYLEREFS="FONT0"/>
            <SP HEIGHT="108" WIDTH="35" VPOS="1514" HPOS="963"/>
            <String HEIGHT="108" WIDTH="380" VPOS="1514" HPOS="825" CONTENT="(EUGÈNE)," ID="r1l16_2" STYLEREFS="FONT0"/>
          </TextLine>
          <TextLine ID="r1l17" BASELINE="1670" HEIGHT="57" WIDTH="373" VPOS="1613" HPOS="712">
            <String HEIGHT="57" WIDTH="104" VPOS="1613" HPOS="697" CONTENT="33," ID="r1l17_1" STYLEREFS="FONT0"/>
            <SP HEIGHT="57" WIDTH="15" VPOS="1613" HPOS="802"/>
            <String HEIGHT="57" WIDTH="104" VPOS="1613" HPOS="757" CONTENT="rue" ID="r1l17_2" STYLEREFS="FONT0"/>
            <SP HEIGHT="57" WIDTH="15" VPOS="1613" HPOS="861"/>
            <String HEIGHT="57" WIDTH="90" VPOS="1613" HPOS="816" CONTENT="de" ID="r1l17_3" STYLEREFS="FONT0"/>
            <SP HEIGHT="57" WIDTH="15" VPOS="1613" HPOS="906"/>
            <String HEIGHT="57" WIDTH="149" VPOS="1613" HPOS="861" CONTENT="l’Est," ID="r1l17_4" STYLEREFS="FONT0"/>
            <SP HEIGHT="57" WIDTH="15" VPOS="1613" HPOS="1010"/>
            <String HEIGHT="57" WIDTH="134" VPOS="1613" HPOS="951" CONTENT="Paris.»" ID="r1l17_5" STYLEREFS="FONT0"/>
          </TextLine>
          <TextLine ID="r1l18" BASELINE="1757" HEIGHT="88" WIDTH="820" VPOS="1669" HPOS="367">
            <String HEIGHT="88" WIDTH="169" VPOS="1669" HPOS="343" CONTENT="29." ID="r1l18_1" STYLEREFS="FONT0"/>
            <SP HEIGHT="88" WIDTH="24" VPOS="1669" HPOS="512"/>
            <String HEIGHT="88" WIDTH="145" VPOS="1669" HPOS="439" CONTENT="La" ID="r1l18_2" STYLEREFS="FONT0"/>
            <SP HEIGHT="88" WIDTH="24" VPOS="1669" HPOS="584"/>
            <String HEIGHT="88" WIDTH="314" VPOS="1669" HPOS="512" CONTENT="Tentation" ID="r1l18_3" STYLEREFS="FONT0"/>
            <SP HEIGHT="88" WIDTH="24" VPOS="1669" HPOS="825"/>
            <String HEIGHT="88" WIDTH="145" VPOS="1669" HPOS="753" CONTENT="de" ID="r1l18_4" STYLEREFS="FONT0"/>
            <SP HEIGHT="88" WIDTH="24" VPOS="1669" HPOS="898"/>
            <String HEIGHT="88" WIDTH="386" VPOS="1669" HPOS="801" CONTENT="Saint" ID="r1l18_5" STYLEREFS="FONT0"/>
          </TextLine>
          <TextLine ID="r1l19" BASELINE="1905" HEIGHT="102" WIDTH="461" VPOS="1803" HPOS="662">
            <String HEIGHT="102" WIDTH="395" VPOS="1803" HPOS="629" CONTENT="BERTHIER" ID="r1l19_1" STYLEREFS="FONT0"/>
            <SP HEIGHT="102" WIDTH="33" VPOS="1803" HPOS="1024"/>
            <String HEIGHT="102" WIDTH="231" VPOS="1803" HPOS="893" CONTENT="(J.)," ID="r1l19_2" STYLEREFS="FONT0"/>
          </TextLine>
          <TextLine ID="r1l20" BASELINE="1965" HEIGHT="71" WIDTH="504" VPOS="1894" HPOS="635">
            <String HEIGHT="71" WIDTH="122" VPOS="1894" HPOS="618" CONTENT="19," ID="r1l20_1" STYLEREFS="FONT0"/>
            <SP HEIGHT="71" WIDTH="17" VPOS="1894" HPOS="739"/>
            <String HEIGHT="71" WIDTH="139" VPOS="1894" HPOS="687" CONTENT="quai" ID="r1l20_2" STYLEREFS="FONT0"/>
            <SP HEIGHT="71" WIDTH="17" VPOS="1894" HPOS="826"/>
            <String HEIGHT="71" WIDTH="295" VPOS="1894" HPOS="774" CONTENT="Saint-Michel," ID="r1l20_3" STYLEREFS="FONT0"/>
            <SP HEIGHT="71" WIDTH="17" VPOS="1894" HPOS="1069"/>
            <String HEIGHT="71" WIDTH="139" VPOS="1894" HPOS="1000" CONTENT="Paris." ID="r1l20_4" STYLEREFS="FONT0"/>
          </TextLine>
          <TextLine ID="r1l21" BASELINE="2041" HEIGHT="90" WIDTH="427" VPOS="1951" HPOS="372">
            <String HEIGHT="90" WIDTH="160" VPOS="1951" HPOS="345" CONTENT="30" ID="r1l21_1" STYLEREFS="FONT0"/>
            <SP HEIGHT="90" WIDTH="27" VPOS="1951" HPOS="505"/>
            <String HEIGHT="90" WIDTH="267" VPOS="1951" HPOS="425" CONTENT="Nature" ID="r1l21_2" STYLEREFS="FONT0"/>
            <SP HEIGHT="90" WIDTH="27" VPOS="1951" HPOS="692"/>
            <String HEIGHT="90" WIDTH="214" VPOS="1951" HPOS="586" CONTENT="morte." ID="r1l21_3" STYLEREFS="FONT0"/>
          </TextLine>
          <TextLine ID="r1l22" BASELINE="2107" HEIGHT="80" WIDTH="294" VPOS="2027" HPOS="380">
            <String HEIGHT="80" WIDTH="129" VPOS="2027" HPOS="362" CONTENT="31." ID="r1l22_1" STYLEREFS="FONT0"/>
            <SP HEIGHT="80" WIDTH="18" VPOS="2027" HPOS="490"/>
            <String HEIGHT="80" WIDTH="257" VPOS="2027" HPOS="417" CONTENT="Idem" ID="r1l22_2" STYLEREFS="FONT2"/>
          </TextLine>
          <TextLine ID="r1l23" BASELINE="2181" HEIGHT="86" WIDTH="383" VPOS="2095" HPOS="381">
            <String HEIGHT="86" WIDTH="179" VPOS="2095" HPOS="355" CONTENT="32." ID="r1l23_1" STYLEREFS="FONT0"/>
            <SP HEIGHT="86" WIDTH="26" VPOS="2095" HPOS="534"/>
            <String HEIGHT="86" WIDTH="332" VPOS="2095" HPOS="432" CONTENT="Mâconnaise." ID="r1l23_2" STYLEREFS="FONT0"/>
          </TextLine>
          <TextLine ID="r1l24" BASELINE="2338" HEIGHT="101" WIDTH="371" VPOS="2237" HPOS="714">
            <String HEIGHT="101" WIDTH="453" VPOS="2237" HPOS="632" CONTENT="BERTHOUD," ID="r1l24_1" STYLEREFS="FONT0"/>
          </TextLine>
          <TextLine ID="r1l25" BASELINE="2385" HEIGHT="66" WIDTH="585" VPOS="2319" HPOS="591">
            <String HEIGHT="66" WIDTH="111" VPOS="2319" HPOS="575" CONTENT="13," ID="r1l25_1" STYLEREFS="FONT0"/>
            <SP HEIGHT="66" WIDTH="16" VPOS="2319" HPOS="686"/>
            <String HEIGHT="66" WIDTH="111" VPOS="2319" HPOS="638" CONTENT="rue" ID="r1l25_2" STYLEREFS="FONT0"/>
            <SP HEIGHT="66" WIDTH="16" VPOS="2319" HPOS="749"/>
            <String HEIGHT="66" WIDTH="95" VPOS="2319" HPOS="702" CONTENT="de" ID="r1l25_3" STYLEREFS="FONT0"/>
            <SP HEIGHT="66" WIDTH="16" VPOS="2319" HPOS="797"/>
            <String HEIGHT="66" WIDTH="379" VPOS="2319" HPOS="749" CONTENT="l’Oratoiré-du-Roule," ID="r1l25_4" STYLEREFS="FONT0"/>
            <SP HEIGHT="66" WIDTH="16" VPOS="2319" HPOS="1129"/>
            <String HEIGHT="66" WIDTH="111" VPOS="2319" HPOS="1065" CONTENT="Paris" ID="r1l25_5" STYLEREFS="FONT0"/>
          </TextLine>
          <TextLine ID="r1l26" BASELINE="2447" HEIGHT="69" WIDTH="634" VPOS="2378" HPOS="381">
            <String HEIGHT="69" WIDTH="153" VPOS="2378" HPOS="359" CONTENT="33." ID="r1l26_1" STYLEREFS="FONT0"/>
            <SP HEIGHT="69" WIDTH="22" VPOS="2378" HPOS="512"/>
            <String HEIGHT="69" WIDTH="197" VPOS="2378" HPOS="447" CONTENT="Effet" ID="r1l26_2" STYLEREFS="FONT0"/>
            <SP HEIGHT="69" WIDTH="22" VPOS="2378" HPOS="643"/>
            <String HEIGHT="69" WIDTH="131" VPOS="2378" HPOS="578" CONTENT="de" ID="r1l26_3" STYLEREFS="FONT0"/>
            <SP HEIGHT="69" WIDTH="22" VPOS="2378" HPOS="709"/>
            <String HEIGHT="69" WIDTH="219" VPOS="2378" HPOS="643" CONTENT="Soleil" ID="r1l26_4" STYLEREFS="FONT0"/>
            <SP HEIGHT="69" WIDTH="22" VPOS="2378" HPOS="862"/>
            <String HEIGHT="69" WIDTH="240" VPOS="2378" HPOS="775" CONTENT="couchant." ID="r1l26_5" STYLEREFS="FONT0"/>
          </TextLine>
          <TextLine ID="r1l27" BASELINE="2525" HEIGHT="79" WIDTH="950" VPOS="2446" HPOS="374">
            <String HEIGHT="79" WIDTH="166" VPOS="2446" HPOS="350" CONTENT="34." ID="r1l27_1" STYLEREFS="FONT0"/>
            <SP HEIGHT="79" WIDTH="24" VPOS="2446" HPOS="517"/>
            <String HEIGHT="79" WIDTH="309" VPOS="2446" HPOS="445" CONTENT="Intérieur" ID="r1l27_2" STYLEREFS="FONT0"/>
            <SP HEIGHT="79" WIDTH="24" VPOS="2446" HPOS="754"/>
            <String HEIGHT="79" WIDTH="143" VPOS="2446" HPOS="683" CONTENT="de" ID="r1l27_3" STYLEREFS="FONT0"/>
            <SP HEIGHT="79" WIDTH="24" VPOS="2446" HPOS="825"/>
            <String HEIGHT="79" WIDTH="190" VPOS="2446" HPOS="754" CONTENT="Cour" ID="r1l27_4" STYLEREFS="FONT0"/>
            <SP HEIGHT="79" WIDTH="24" VPOS="2446" HPOS="944"/>
            <String HEIGHT="79" WIDTH="285" VPOS="2446" HPOS="873" CONTENT="normande" ID="r1l27_5" STYLEREFS="FONT0"/>
            <SP HEIGHT="79" WIDTH="24" VPOS="2446" HPOS="1158"/>
            <String HEIGHT="79" WIDTH="261" VPOS="2446" HPOS="1063" CONTENT="(dessin)." ID="r1l27_6" STYLEREFS="FONT0"/>
          </TextLine>
        </TextBlock>
      </PrintSpace>
    </Page>
  </Layout>
</alto>
