1939 3117
926 500 168 85 —
993 500 201 85 14
1060 500 101 85 —

851 606 342 109 DANIEL,

908 711 256 107 Statuaire,

647 829 267 74 Membre
853 829 123 74 de
914 829 123 74 la
976 829 205 74 Légion
1099 829 328 74 d’honneur

799 914 111 69 47,
863 914 111 69 rue
926 914 111 69 des
990 914 239 69 Tournelles,
1165 914 127 69 Paris.

511 995 167 84 90.
607 995 215 84 Buste
750 995 143 84 en
822 995 239 84 marbre
989 995 143 84 de
1060 995 143 84 M.
1132 995 287 84 Mollien,
1347 995 215 84 comte
1466 995 96 84 de

669 1062 326 99 l’Empire,
920 1062 401 99 Grand’-Croix
1246 1062 151 99 de
1321 1062 151 99 la
1371 1062 201 99 Légion

664 1153 334 74 d’honneur,
926 1153 381 74 Grand’-Croix
1236 1153 143 74 de
1308 1153 262 74 l’ordre
1475 1153 95 74 de

663 1206 355 85 l’Eléphant,
947 1206 142 85 de
1018 1206 355 85 Dannemarck,
1279 1206 142 85 etc.

596 1289 341 85 Commandé
869 1289 159 85 par
960 1289 137 85 la
1029 1289 205 85 ville
1165 1289 137 85 de
1211 1289 273 85 Rouen

542 1415 317 48 Nicolas-François
812 1415 190 48 Mollien,
954 1415 95 48 né
1002 1415 79 48 à
1034 1415 159 48 Rouen,
1145 1415 95 48 le
1192 1415 95 48 28
1240 1415 174 48 février
1367 1415 143 48 1758,
1446 1415 111 48 était

509 1465 112 50 fils
579 1465 112 50 d’un
649 1465 182 50 honorable
788 1465 182 50 fabricant
928 1465 84 50 de
970 1465 126 50 cette
1054 1465 140 50 ville.
1152 1465 84 50 Il
1194 1465 98 50 fit
1250 1465 70 50 à
1278 1465 126 50 Paris
1361 1465 84 50 de
1389 1465 168 50 brillantes

522 1506 167 66 études,
644 1506 91 66 et
689 1506 137 66 entra
781 1506 213 66 très-jeune
948 1506 122 66 dans
1024 1506 304 66 l’administration
1283 1506 107 66 des
1344 1506 198 66 finances.
1481 1506 76 66 Des

510 1579 168 71 travaux
632 1579 214 71 importants
800 1579 107 71 lui
861 1579 153 71 furent
968 1579 229 71 promptement
1151 1579 183 71 confiés,
1288 1579 107 71 et,
1350 1579 107 71 dès
1411 1579 137 71 l’âge
1487 1579 61 71 de

513 1636 269 78 vingt-quatre
732 1636 135 78 ans,
816 1636 118 78 ils
884 1636 118 78 lui
951 1636 185 78 avaient
1086 1636 152 78 valu,
1187 1636 101 78 du
1237 1636 118 78 roi
1304 1636 152 78 Louis
1405 1636 135 78 XVI,
1473 1636 84 78 une

507 1663 170 82 pension
630 1663 93 82 de
677 1663 139 82 mille
754 1663 108 82 écus.

544 1719 90 79 La
589 1719 210 79 révolution
754 1719 180 79 l’écarta
890 1719 105 79 des
950 1719 195 79 affaires,
1100 1719 210 79 emprisonné
1265 1719 75 79 à
1295 1719 135 79 Paris
1386 1719 165 79 pendant
1491 1719 60 79 la

510 1797 182 65 terreur,
646 1797 91 65 il
691 1797 91 65 ne
737 1797 106 65 fut
797 1797 136 65 sauvé
888 1797 106 65 que
949 1797 106 65 par
1009 1797 91 65 le
1054 1797 76 65 9
1070 1797 182 65 thermidor.

531 1857 159 77 Rentré
642 1857 127 77 dans
721 1857 317 77 l’administration
991 1857 95 77 en
1039 1857 143 77 1800,
1134 1857 95 77 il
1181 1857 111 77 fut
1245 1857 159 77 nommé,
1356 1857 111 77 par
1419 1857 95 77 le
1451 1857 95 77 Pre-

512 1931 122 61 mier
588 1931 168 61 Consul,
711 1931 199 61 directeur
864 1931 92 61 de
910 1931 92 61 la
955 1931 153 61 caisse
1063 1931 306 61 d’amortissement;
1323 1931 107 61 ses
1369 1931 168 61 relations

500 1981 224 62 fréquentes
676 1981 128 62 avec
756 1981 96 62 le
804 1981 128 62 chef
884 1981 96 62 de
932 1981 176 62 l’Etat,
1060 1981 112 62 lui
1124 1981 224 62 méritèrent
1300 1981 96 62 de
1348 1981 96 62 sa
1396 1981 128 62 part
1460 1981 80 62 une

503 2025 202 54 confiance
659 2025 93 54 et
705 2025 109 54 une
767 2025 155 54 estime
876 2025 124 54 dont
953 2025 93 54 il
1000 2025 217 54 recueillit
1171 2025 171 54 bientôt
1295 2025 109 54 des
1357 2025 186 54 preuves,
1481 2025 62 54 il

505 2074 130 68 reçut
591 2074 87 68 le
635 2074 130 68 titre
721 2074 87 68 de
765 2074 130 68 comte
852 2074 87 68 et
895 2074 145 68 devint
996 2074 202 68 conseiller
1141 2074 130 68 d’Etat.

524 2162 95 64 En
572 2162 174 64 janvier
698 2162 142 64 1806,
793 2162 221 64 l’Empereur
967 2162 95 64 le
1014 2162 142 64 nomma
1109 2162 190 64 ministre
1251 2162 95 64 du
1299 2162 158 64 trésor
1394 2162 142 64 public;

492 2215 88 49 il
536 2215 147 49 occupa
639 2215 103 49 ces
698 2215 147 49 hautes
801 2215 191 49 fonctions
948 2215 176 49 jusqu’en
1080 2215 132 49 1814,
1168 2215 88 49 et
1212 2215 103 49 les
1271 2215 147 49 reprit
1373 2215 73 49 à
1388 2215 147 49 l’époque

492 2275 107 48 des
553 2275 122 48 cent
629 2275 153 48 jours.
736 2275 168 48 Pendant
858 2275 107 48 son
919 2275 290 48 administration,
1164 2275 92 48 il
1209 2275 122 48 créa
1286 2275 122 48 tout
1362 2275 92 48 le
1393 2275 137 48 système

493 2310 90 57 de
538 2310 241 57 comptabilité
734 2310 105 57 qui
794 2310 135 57 régit
884 2310 150 57 encore
989 2310 105 57 nos
1050 2310 196 57 finances,
1200 2310 90 57 et
1245 2310 105 57 qui
1305 2310 120 57 nous
1381 2310 105 57 est
1426 2310 105 57 envié

490 2360 89 71 de
535 2360 133 71 toute
623 2360 192 71 l’Europe.
771 2360 177 71 Ministre
904 2360 163 71 habile,
1023 2360 89 71 il
1067 2360 163 71 dirigea
1185 2360 89 71 la
1230 2360 163 71 fortune
1348 2360 89 71 de
1392 2360 89 71 la
1422 2360 118 71 France

484 2424 131 77 avec
566 2424 98 77 la
615 2424 131 77 plus
697 2424 147 77 haute
778 2424 197 77 intégrité.
