1937 3089
677 492 181 84 —
749 492 217 84 23
822 492 109 84 —

418 606 345 104 GUIMARD
669 606 283 104 (Mlle
857 606 283 104 EUDES
1014 606 157 104 DE)

578 703 103 56 5,
629 703 120 56 rue
698 703 291 56 Ménilmontant,
920 703 137 56 Paris.

275 760 209 103 158.
405 760 287 103 Paysans
614 760 548 103 (Basse-Normandie)
1058 760 287 103 ramassant

463 826 148 74 du
513 826 172 74 bois.

280 894 207 70 159.
409 894 155 70 Un
461 894 207 70 Pâtre.

280 941 194 104 160.
401 941 145 104 La
473 941 218 104 jeune
594 941 339 104 Evangélique.

279 1033 212 75 161.
386 1033 265 75 Paysage.

271 1114 206 71 162.
400 1114 180 71 Une
503 1114 206 71 Mère
632 1114 155 71 et
709 1114 180 71 ses
812 1114 309 71 Enfants,
1044 1114 309 71 souvenir
1250 1114 103 71 de

396 1168 344 84 Normandie.

578 1349 406 118 HALPHEN,

512 1451 103 75 1,
563 1451 120 75 rue
632 1451 410 75 Montmorency-Feydeau,
973 1451 137 75 Paris.

269 1534 198 71 163.
393 1534 148 71 La
467 1534 346 71 Récompense
715 1534 346 71 (aquarelle).

276 1596 142 80 164.
365 1596 107 80 La
418 1596 267 80 Bouquetière
632 1596 107 80 de
685 1596 160 80 Louis
792 1596 107 80 XV
827 1596 249 80 (aquarelle).

546 1807 315 96 HAMON
721 1807 315 96 (PAUL),

587 1898 96 70 22
635 1898 112 70 rue
699 1898 96 70 de
747 1898 223 70 Bruxelles,
906 1898 128 70 Paris.

269 1975 202 87 165.
395 1975 227 87 Saint
546 1975 302 87 François
773 1975 151 87 de
848 1975 227 87 Sales
999 1975 202 87 dans
1125 1975 151 87 le
1176 1975 151 87 bois

458 2039 161 83 des
550 2039 275 83 Allinges
734 2039 253 83 (Savoie).

273 2141 232 76 Réduction
461 2141 87 76 du
504 2141 159 76 tableau
620 2141 174 76 commandé
750 2141 101 76 par
808 2141 87 76 M.
852 2141 87 76 le
895 2141 174 76 Ministre
1025 2141 87 76 de
1054 2141 261 76 l'Intérieur,

436 2200 121 67 et
516 2200 147 67 exécuté
623 2200 107 67 pour
690 2200 80 67 la
730 2200 188 67 Cathédrale
878 2200 80 67 de
918 2200 134 67 Belley
998 2200 161 67 (Ain)

315 2280 110 65 «Et
378 2280 141 65 saint
472 2280 188 65 François
614 2280 173 65 s’étant
739 2280 157 65 avancé
849 2280 126 65 seul
928 2280 94 65 au
975 2280 157 65 devant
1085 2280 110 65 des
1132 2280 188 65 assassins,

293 2352 104 46 les
353 2352 149 46 força,
457 2352 104 46 par
516 2352 89 46 le
561 2352 119 46 seul
635 2352 163 46 pouvoir
754 2352 89 46 de
798 2352 89 46 sa
843 2352 163 46 douceur
962 2352 89 46 et
1006 2352 89 46 de
1051 2352 104 46 ses
1095 2352 223 46 remontrances,

278 2404 89 53 «à
323 2404 178 53 renoncer
456 2404 74 53 à
486 2404 118 53 leur
560 2404 148 53 crime.
663 2404 104 53 Ils
723 2404 163 53 jettent
841 2404 133 53 leurs
930 2404 133 53 armes
1019 2404 89 53 et
1063 2404 89 53 se
1108 2404 222 53 prosternent
1271 2404 44 53 à

303 2447 111 72 ses
367 2447 159 72 pieds,
478 2447 111 72 lui
542 2447 207 72 demandant
701 2447 175 72 pardon.
828 2447 143 72 Saint
923 2447 207 72 François,
1082 2447 111 72 les
1146 2447 143 72 ayant
1226 2447 95 72 fait
