<alto xmlns:xsi="http://www.w3.org/2001/XMLSchema-instance" xmlns="http://www.loc.gov/standards/alto/ns-v2#" xmlns:page="http://schema.primaresearch.org/PAGE/gts/pagecontent/2013-07-15" xsi:schemaLocation="http://www.loc.gov/standards/alto/ns-v2# http://www.loc.gov/standards/alto/alto.xsd">
  <Description>
    <MeasurementUnit>pixel</MeasurementUnit>
    <sourceImageInformation>
         <fileName>31.jpg</fileName>
      </sourceImageInformation>
    <OCRProcessing ID="IdOcr">
      <ocrProcessingStep>
        <processingDateTime>2020-10-31T11:40:45.523+01:00</processingDateTime>
        <processingSoftware>
               <softwareCreator>CONTRIBUTORS</softwareCreator>
               <softwareName>pdfalto</softwareName>
               <softwareVersion>0.1</softwareVersion>
            </processingSoftware>
      </ocrProcessingStep>
    </OCRProcessing>
  </Description>
  <Styles>
     <TextStyle ID="FONT0" FONTSTYLE=""/>
     <TextStyle ID="FONT1" FONTSTYLE="bold"/>
     <TextStyle ID="FONT2" FONTSTYLE="italics"/>
</Styles>
  <Tags/>
  <Layout>
    <Page ID="Page1" PHYSICAL_IMG_NR="1" HEIGHT="3117" WIDTH="1981">
      <PrintSpace HEIGHT="3117" WIDTH="1981" VPOS="0" HPOS="0">
        <TextBlock ID="r1" HEIGHT="1961" WIDTH="1026" VPOS="521" HPOS="335">
          <TextLine ID="r1l1" BASELINE="584" HEIGHT="70" WIDTH="220" VPOS="514" HPOS="748">
            <String HEIGHT="70" WIDTH="183" VPOS="514" HPOS="711" CONTENT="—" ID="r1l1_1" STYLEREFS="FONT0"/>
            <SP HEIGHT="70" WIDTH="37" VPOS="514" HPOS="895"/>
            <String HEIGHT="70" WIDTH="220" VPOS="514" HPOS="785" CONTENT="25" ID="r1l1_2" STYLEREFS="FONT0"/>
            <SP HEIGHT="70" WIDTH="37" VPOS="514" HPOS="1005"/>
            <String HEIGHT="70" WIDTH="110" VPOS="514" HPOS="858" CONTENT="—" ID="r1l1_3" STYLEREFS="FONT0"/>
          </TextLine>
          <TextLine ID="r1l2" BASELINE="730" HEIGHT="100" WIDTH="938" VPOS="630" HPOS="382">
            <String HEIGHT="100" WIDTH="503" VPOS="630" HPOS="349" CONTENT="HILLEMACHER" ID="r1l2_1" STYLEREFS="FONT0"/>
            <SP HEIGHT="100" WIDTH="34" VPOS="630" HPOS="851"/>
            <String HEIGHT="100" WIDTH="603" VPOS="630" HPOS="717" CONTENT="(EUGÈNE" ID="r1l2_2" STYLEREFS="FONT0"/>
          </TextLine>
          <TextLine ID="r1l3" BASELINE="798" HEIGHT="70" WIDTH="408" VPOS="728" HPOS="649">
            <String HEIGHT="70" WIDTH="114" VPOS="728" HPOS="633" CONTENT="34," ID="r1l3_1" STYLEREFS="FONT0"/>
            <SP HEIGHT="70" WIDTH="16" VPOS="728" HPOS="747"/>
            <String HEIGHT="70" WIDTH="114" VPOS="728" HPOS="698" CONTENT="rue" ID="r1l3_2" STYLEREFS="FONT0"/>
            <SP HEIGHT="70" WIDTH="16" VPOS="728" HPOS="812"/>
            <String HEIGHT="70" WIDTH="228" VPOS="728" HPOS="763" CONTENT="Lafayette," ID="r1l3_3" STYLEREFS="FONT0"/>
            <SP HEIGHT="70" WIDTH="16" VPOS="728" HPOS="992"/>
            <String HEIGHT="70" WIDTH="131" VPOS="728" HPOS="926" CONTENT="Paris." ID="r1l3_4" STYLEREFS="FONT0"/>
          </TextLine>
          <TextLine ID="r1l4" BASELINE="905" HEIGHT="89" WIDTH="869" VPOS="816" HPOS="328">
            <String HEIGHT="89" WIDTH="193" VPOS="816" HPOS="304" CONTENT="173." ID="r1l4_1" STYLEREFS="FONT0"/>
            <SP HEIGHT="89" WIDTH="24" VPOS="816" HPOS="497"/>
            <String HEIGHT="89" WIDTH="169" VPOS="816" HPOS="425" CONTENT="Les" ID="r1l4_2" STYLEREFS="FONT0"/>
            <SP HEIGHT="89" WIDTH="24" VPOS="816" HPOS="594"/>
            <String HEIGHT="89" WIDTH="290" VPOS="816" HPOS="521" CONTENT="Assiégés" ID="r1l4_3" STYLEREFS="FONT0"/>
            <SP HEIGHT="89" WIDTH="24" VPOS="816" HPOS="811"/>
            <String HEIGHT="89" WIDTH="145" VPOS="816" HPOS="738" CONTENT="de" ID="r1l4_4" STYLEREFS="FONT0"/>
            <SP HEIGHT="89" WIDTH="24" VPOS="816" HPOS="883"/>
            <String HEIGHT="89" WIDTH="241" VPOS="816" HPOS="811" CONTENT="Rouen," ID="r1l4_5" STYLEREFS="FONT0"/>
            <SP HEIGHT="89" WIDTH="24" VPOS="816" HPOS="1052"/>
            <String HEIGHT="89" WIDTH="145" VPOS="816" HPOS="980" CONTENT="en" ID="r1l4_6" STYLEREFS="FONT0"/>
            <SP HEIGHT="89" WIDTH="24" VPOS="816" HPOS="1125"/>
            <String HEIGHT="89" WIDTH="169" VPOS="816" HPOS="1028" CONTENT="1418." ID="r1l4_7" STYLEREFS="FONT0"/>
          </TextLine>
          <TextLine ID="r1l5" BASELINE="989" HEIGHT="90" WIDTH="992" VPOS="899" HPOS="372">
            <String HEIGHT="90" WIDTH="92" VPOS="899" HPOS="357" CONTENT="On" ID="r1l5_1" STYLEREFS="FONT0"/>
            <SP HEIGHT="90" WIDTH="15" VPOS="899" HPOS="448"/>
            <String HEIGHT="90" WIDTH="137" VPOS="899" HPOS="403" CONTENT="avait" ID="r1l5_2" STYLEREFS="FONT0"/>
            <SP HEIGHT="90" WIDTH="15" VPOS="899" HPOS="540"/>
            <String HEIGHT="90" WIDTH="107" VPOS="899" HPOS="494" CONTENT="été" ID="r1l5_3" STYLEREFS="FONT0"/>
            <SP HEIGHT="90" WIDTH="15" VPOS="899" HPOS="601"/>
            <String HEIGHT="90" WIDTH="153" VPOS="899" HPOS="555" CONTENT="obligé" ID="r1l5_4" STYLEREFS="FONT0"/>
            <SP HEIGHT="90" WIDTH="15" VPOS="899" HPOS="708"/>
            <String HEIGHT="90" WIDTH="92" VPOS="899" HPOS="662" CONTENT="de" ID="r1l5_5" STYLEREFS="FONT0"/>
            <SP HEIGHT="90" WIDTH="15" VPOS="899" HPOS="754"/>
            <String HEIGHT="90" WIDTH="153" VPOS="899" HPOS="708" CONTENT="mettre" ID="r1l5_6" STYLEREFS="FONT0"/>
            <SP HEIGHT="90" WIDTH="15" VPOS="899" HPOS="860"/>
            <String HEIGHT="90" WIDTH="153" VPOS="899" HPOS="815" CONTENT="encore" ID="r1l5_7" STYLEREFS="FONT0"/>
            <SP HEIGHT="90" WIDTH="15" VPOS="899" HPOS="967"/>
            <String HEIGHT="90" WIDTH="122" VPOS="899" HPOS="921" CONTENT="hors" ID="r1l5_8" STYLEREFS="FONT0"/>
            <SP HEIGHT="90" WIDTH="15" VPOS="899" HPOS="1044"/>
            <String HEIGHT="90" WIDTH="92" VPOS="899" HPOS="998" CONTENT="de" ID="r1l5_9" STYLEREFS="FONT0"/>
            <SP HEIGHT="90" WIDTH="15" VPOS="899" HPOS="1089"/>
            <String HEIGHT="90" WIDTH="92" VPOS="899" HPOS="1044" CONTENT="la" ID="r1l5_10" STYLEREFS="FONT0"/>
            <SP HEIGHT="90" WIDTH="15" VPOS="899" HPOS="1135"/>
            <String HEIGHT="90" WIDTH="137" VPOS="899" HPOS="1089" CONTENT="ville" ID="r1l5_11" STYLEREFS="FONT0"/>
            <SP HEIGHT="90" WIDTH="15" VPOS="899" HPOS="1227"/>
            <String HEIGHT="90" WIDTH="137" VPOS="899" HPOS="1181" CONTENT="douze" ID="r1l5_12" STYLEREFS="FONT0"/>
            <SP HEIGHT="90" WIDTH="15" VPOS="899" HPOS="1318"/>
            <String HEIGHT="90" WIDTH="107" VPOS="899" HPOS="1257" CONTENT="mille" ID="r1l5_13" STYLEREFS="FONT0"/>
          </TextLine>
          <TextLine ID="r1l6" BASELINE="1040" HEIGHT="59" WIDTH="1020" VPOS="981" HPOS="344">
            <String HEIGHT="59" WIDTH="173" VPOS="981" HPOS="328" CONTENT="pauvres" ID="r1l6_1" STYLEREFS="FONT0"/>
            <SP HEIGHT="59" WIDTH="16" VPOS="981" HPOS="501"/>
            <String HEIGHT="59" WIDTH="141" VPOS="981" HPOS="454" CONTENT="gens," ID="r1l6_2" STYLEREFS="FONT0"/>
            <SP HEIGHT="59" WIDTH="16" VPOS="981" HPOS="595"/>
            <String HEIGHT="59" WIDTH="235" VPOS="981" HPOS="548" CONTENT="vieillards," ID="r1l6_3" STYLEREFS="FONT0"/>
            <SP HEIGHT="59" WIDTH="16" VPOS="981" HPOS="783"/>
            <String HEIGHT="59" WIDTH="157" VPOS="981" HPOS="736" CONTENT="femmes" ID="r1l6_4" STYLEREFS="FONT0"/>
            <SP HEIGHT="59" WIDTH="16" VPOS="981" HPOS="893"/>
            <String HEIGHT="59" WIDTH="94" VPOS="981" HPOS="846" CONTENT="et" ID="r1l6_5" STYLEREFS="FONT0"/>
            <SP HEIGHT="59" WIDTH="16" VPOS="981" HPOS="940"/>
            <String HEIGHT="59" WIDTH="188" VPOS="981" HPOS="893" CONTENT="enfants;" ID="r1l6_6" STYLEREFS="FONT0"/>
            <SP HEIGHT="59" WIDTH="16" VPOS="981" HPOS="1082"/>
            <String HEIGHT="59" WIDTH="94" VPOS="981" HPOS="1034" CONTENT="et" ID="r1l6_7" STYLEREFS="FONT0"/>
            <SP HEIGHT="59" WIDTH="16" VPOS="981" HPOS="1129"/>
            <String HEIGHT="59" WIDTH="141" VPOS="981" HPOS="1082" CONTENT="comme" ID="r1l6_8" STYLEREFS="FONT0"/>
            <SP HEIGHT="59" WIDTH="16" VPOS="981" HPOS="1223"/>
            <String HEIGHT="59" WIDTH="110" VPOS="981" HPOS="1176" CONTENT="les" ID="r1l6_9" STYLEREFS="FONT0"/>
            <SP HEIGHT="59" WIDTH="16" VPOS="981" HPOS="1286"/>
            <String HEIGHT="59" WIDTH="141" VPOS="981" HPOS="1223" CONTENT="Anglais" ID="r1l6_10" STYLEREFS="FONT0"/>
          </TextLine>
          <TextLine ID="r1l7" BASELINE="1105" HEIGHT="63" WIDTH="1023" VPOS="1042" HPOS="341">
            <String HEIGHT="63" WIDTH="193" VPOS="1042" HPOS="326" CONTENT="n’avaient" ID="r1l7_1" STYLEREFS="FONT0"/>
            <SP HEIGHT="63" WIDTH="15" VPOS="1042" HPOS="519"/>
            <String HEIGHT="63" WIDTH="104" VPOS="1042" HPOS="474" CONTENT="pas" ID="r1l7_2" STYLEREFS="FONT0"/>
            <SP HEIGHT="63" WIDTH="15" VPOS="1042" HPOS="578"/>
            <String HEIGHT="63" WIDTH="133" VPOS="1042" HPOS="534" CONTENT="voulu" ID="r1l7_3" STYLEREFS="FONT0"/>
            <SP HEIGHT="63" WIDTH="15" VPOS="1042" HPOS="667"/>
            <String HEIGHT="63" WIDTH="104" VPOS="1042" HPOS="623" CONTENT="les" ID="r1l7_4" STYLEREFS="FONT0"/>
            <SP HEIGHT="63" WIDTH="15" VPOS="1042" HPOS="726"/>
            <String HEIGHT="63" WIDTH="163" VPOS="1042" HPOS="682" CONTENT="laisser" ID="r1l7_5" STYLEREFS="FONT0"/>
            <SP HEIGHT="63" WIDTH="15" VPOS="1042" HPOS="845"/>
            <String HEIGHT="63" WIDTH="163" VPOS="1042" HPOS="801" CONTENT="passer," ID="r1l7_6" STYLEREFS="FONT0"/>
            <SP HEIGHT="63" WIDTH="15" VPOS="1042" HPOS="964"/>
            <String HEIGHT="63" WIDTH="104" VPOS="1042" HPOS="919" CONTENT="ces" ID="r1l7_7" STYLEREFS="FONT0"/>
            <SP HEIGHT="63" WIDTH="15" VPOS="1042" HPOS="1023"/>
            <String HEIGHT="63" WIDTH="208" VPOS="1042" HPOS="979" CONTENT="malheureux" ID="r1l7_8" STYLEREFS="FONT0"/>
            <SP HEIGHT="63" WIDTH="15" VPOS="1042" HPOS="1186"/>
            <String HEIGHT="63" WIDTH="163" VPOS="1042" HPOS="1142" CONTENT="étaient" ID="r1l7_9" STYLEREFS="FONT0"/>
            <SP HEIGHT="63" WIDTH="15" VPOS="1042" HPOS="1305"/>
            <String HEIGHT="63" WIDTH="119" VPOS="1042" HPOS="1245" CONTENT="demeu" SUBS_TYPE="HypPart1" SUBS_CONTENT="demeurés" ID="r1l7_10" STYLEREFS="FONT0"/>
            <HYP CONTENT="-"/>
          </TextLine>
          <TextLine ID="r1l8" BASELINE="1157" HEIGHT="65" WIDTH="1030" VPOS="1092" HPOS="336">
            <String HEIGHT="65" WIDTH="102" VPOS="1092" HPOS="321" CONTENT="rés" SUBS_TYPE="HypPart2" SUBS_CONTENT="demeurés" ID="r1l8_1" STYLEREFS="FONT0"/>
            <SP HEIGHT="65" WIDTH="15" VPOS="1092" HPOS="423"/>
            <String HEIGHT="65" WIDTH="116" VPOS="1092" HPOS="380" CONTENT="dans" ID="r1l8_2" STYLEREFS="FONT0"/>
            <SP HEIGHT="65" WIDTH="15" VPOS="1092" HPOS="496"/>
            <String HEIGHT="65" WIDTH="102" VPOS="1092" HPOS="452" CONTENT="les" ID="r1l8_3" STYLEREFS="FONT0"/>
            <SP HEIGHT="65" WIDTH="15" VPOS="1092" HPOS="554"/>
            <String HEIGHT="65" WIDTH="145" VPOS="1092" HPOS="510" CONTENT="fossés" ID="r1l8_4" STYLEREFS="FONT0"/>
            <SP HEIGHT="65" WIDTH="15" VPOS="1092" HPOS="655"/>
            <String HEIGHT="65" WIDTH="87" VPOS="1092" HPOS="612" CONTENT="de" ID="r1l8_5" STYLEREFS="FONT0"/>
            <SP HEIGHT="65" WIDTH="15" VPOS="1092" HPOS="699"/>
            <String HEIGHT="65" WIDTH="87" VPOS="1092" HPOS="655" CONTENT="la" ID="r1l8_6" STYLEREFS="FONT0"/>
            <SP HEIGHT="65" WIDTH="15" VPOS="1092" HPOS="742"/>
            <String HEIGHT="65" WIDTH="145" VPOS="1092" HPOS="699" CONTENT="ville," ID="r1l8_7" STYLEREFS="FONT0"/>
            <SP HEIGHT="65" WIDTH="15" VPOS="1092" HPOS="844"/>
            <String HEIGHT="65" WIDTH="87" VPOS="1092" HPOS="800" CONTENT="où" ID="r1l8_8" STYLEREFS="FONT0"/>
            <SP HEIGHT="65" WIDTH="15" VPOS="1092" HPOS="887"/>
            <String HEIGHT="65" WIDTH="102" VPOS="1092" HPOS="844" CONTENT="ils" ID="r1l8_9" STYLEREFS="FONT0"/>
            <SP HEIGHT="65" WIDTH="15" VPOS="1092" HPOS="945"/>
            <String HEIGHT="65" WIDTH="247" VPOS="1092" HPOS="902" CONTENT="s’efforçaient" ID="r1l8_10" STYLEREFS="FONT0"/>
            <SP HEIGHT="65" WIDTH="15" VPOS="1092" HPOS="1148"/>
            <String HEIGHT="65" WIDTH="87" VPOS="1092" HPOS="1105" CONTENT="de" ID="r1l8_11" STYLEREFS="FONT0"/>
            <SP HEIGHT="65" WIDTH="15" VPOS="1092" HPOS="1192"/>
            <String HEIGHT="65" WIDTH="87" VPOS="1092" HPOS="1148" CONTENT="se" ID="r1l8_12" STYLEREFS="FONT0"/>
            <SP HEIGHT="65" WIDTH="15" VPOS="1092" HPOS="1235"/>
            <String HEIGHT="65" WIDTH="174" VPOS="1092" HPOS="1192" CONTENT="soutenir" ID="r1l8_13" STYLEREFS="FONT0"/>
            <SP HEIGHT="65" WIDTH="15" VPOS="1092" HPOS="1366"/>
            <String HEIGHT="65" WIDTH="58" VPOS="1092" HPOS="1308" CONTENT="en" ID="r1l8_14" STYLEREFS="FONT0"/>
          </TextLine>
          <TextLine ID="r1l9" BASELINE="1200" HEIGHT="48" WIDTH="1021" VPOS="1152" HPOS="339">
            <String HEIGHT="48" WIDTH="191" VPOS="1152" HPOS="323" CONTENT="mangeant" ID="r1l9_1" STYLEREFS="FONT0"/>
            <SP HEIGHT="48" WIDTH="16" VPOS="1152" HPOS="514"/>
            <String HEIGHT="48" WIDTH="112" VPOS="1152" HPOS="467" CONTENT="des" ID="r1l9_2" STYLEREFS="FONT0"/>
            <SP HEIGHT="48" WIDTH="16" VPOS="1152" HPOS="578"/>
            <String HEIGHT="48" WIDTH="160" VPOS="1152" HPOS="530" CONTENT="herbes" ID="r1l9_3" STYLEREFS="FONT0"/>
            <SP HEIGHT="48" WIDTH="16" VPOS="1152" HPOS="690"/>
            <String HEIGHT="48" WIDTH="207" VPOS="1152" HPOS="642" CONTENT="sauvages;" ID="r1l9_4" STYLEREFS="FONT0"/>
            <SP HEIGHT="48" WIDTH="16" VPOS="1152" HPOS="850"/>
            <String HEIGHT="48" WIDTH="128" VPOS="1152" HPOS="802" CONTENT="mais" ID="r1l9_5" STYLEREFS="FONT0"/>
            <SP HEIGHT="48" WIDTH="16" VPOS="1152" HPOS="929"/>
            <String HEIGHT="48" WIDTH="112" VPOS="1152" HPOS="881" CONTENT="ils" ID="r1l9_6" STYLEREFS="FONT0"/>
            <SP HEIGHT="48" WIDTH="16" VPOS="1152" HPOS="993"/>
            <String HEIGHT="48" WIDTH="207" VPOS="1152" HPOS="945" CONTENT="mouraient" ID="r1l9_7" STYLEREFS="FONT0"/>
            <SP HEIGHT="48" WIDTH="16" VPOS="1152" HPOS="1153"/>
            <String HEIGHT="48" WIDTH="160" VPOS="1152" HPOS="1105" CONTENT="chaque" ID="r1l9_8" STYLEREFS="FONT0"/>
            <SP HEIGHT="48" WIDTH="16" VPOS="1152" HPOS="1264"/>
            <String HEIGHT="48" WIDTH="128" VPOS="1152" HPOS="1216" CONTENT="jour" ID="r1l9_9" STYLEREFS="FONT0"/>
            <SP HEIGHT="48" WIDTH="16" VPOS="1152" HPOS="1344"/>
            <String HEIGHT="48" WIDTH="80" VPOS="1152" HPOS="1280" CONTENT="par" ID="r1l9_10" STYLEREFS="FONT0"/>
          </TextLine>
          <TextLine ID="r1l10" BASELINE="1254" HEIGHT="53" WIDTH="1022" VPOS="1201" HPOS="342">
            <String HEIGHT="53" WIDTH="214" VPOS="1201" HPOS="327" CONTENT="centaines." ID="r1l10_1" STYLEREFS="FONT0"/>
            <SP HEIGHT="53" WIDTH="15" VPOS="1201" HPOS="540"/>
            <String HEIGHT="53" WIDTH="168" VPOS="1201" HPOS="495" CONTENT="Lorsque" ID="r1l10_2" STYLEREFS="FONT0"/>
            <SP HEIGHT="53" WIDTH="15" VPOS="1201" HPOS="662"/>
            <String HEIGHT="53" WIDTH="107" VPOS="1201" HPOS="617" CONTENT="les" ID="r1l10_3" STYLEREFS="FONT0"/>
            <SP HEIGHT="53" WIDTH="15" VPOS="1201" HPOS="723"/>
            <String HEIGHT="53" WIDTH="153" VPOS="1201" HPOS="678" CONTENT="femmes" ID="r1l10_4" STYLEREFS="FONT0"/>
            <SP HEIGHT="53" WIDTH="15" VPOS="1201" HPOS="830"/>
            <String HEIGHT="53" WIDTH="92" VPOS="1201" HPOS="784" CONTENT="de" ID="r1l10_5" STYLEREFS="FONT0"/>
            <SP HEIGHT="53" WIDTH="15" VPOS="1201" HPOS="876"/>
            <String HEIGHT="53" WIDTH="137" VPOS="1201" HPOS="830" CONTENT="cette" ID="r1l10_6" STYLEREFS="FONT0"/>
            <SP HEIGHT="53" WIDTH="15" VPOS="1201" HPOS="967"/>
            <String HEIGHT="53" WIDTH="153" VPOS="1201" HPOS="922" CONTENT="troupe" ID="r1l10_7" STYLEREFS="FONT0"/>
            <SP HEIGHT="53" WIDTH="15" VPOS="1201" HPOS="1074"/>
            <String HEIGHT="53" WIDTH="168" VPOS="1201" HPOS="1028" CONTENT="affamée" ID="r1l10_8" STYLEREFS="FONT0"/>
            <SP HEIGHT="53" WIDTH="15" VPOS="1201" HPOS="1196"/>
            <String HEIGHT="53" WIDTH="229" VPOS="1201" HPOS="1135" CONTENT="accouchaient," ID="r1l10_9" STYLEREFS="FONT0"/>
          </TextLine>
          <TextLine ID="r1l11" BASELINE="1308" HEIGHT="62" WIDTH="1032" VPOS="1246" HPOS="335">
            <String HEIGHT="62" WIDTH="103" VPOS="1246" HPOS="318" CONTENT="on" ID="r1l11_1" STYLEREFS="FONT0"/>
            <SP HEIGHT="62" WIDTH="17" VPOS="1246" HPOS="421"/>
            <String HEIGHT="62" WIDTH="138" VPOS="1246" HPOS="369" CONTENT="leur" ID="r1l11_2" STYLEREFS="FONT0"/>
            <SP HEIGHT="62" WIDTH="17" VPOS="1246" HPOS="507"/>
            <String HEIGHT="62" WIDTH="241" VPOS="1246" HPOS="455" CONTENT="descendait" ID="r1l11_3" STYLEREFS="FONT0"/>
            <SP HEIGHT="62" WIDTH="17" VPOS="1246" HPOS="696"/>
            <String HEIGHT="62" WIDTH="103" VPOS="1246" HPOS="645" CONTENT="un" ID="r1l11_4" STYLEREFS="FONT0"/>
            <SP HEIGHT="62" WIDTH="17" VPOS="1246" HPOS="748"/>
            <String HEIGHT="62" WIDTH="172" VPOS="1246" HPOS="696" CONTENT="panier" ID="r1l11_5" STYLEREFS="FONT0"/>
            <SP HEIGHT="62" WIDTH="17" VPOS="1246" HPOS="868"/>
            <String HEIGHT="62" WIDTH="103" VPOS="1246" HPOS="817" CONTENT="du" ID="r1l11_6" STYLEREFS="FONT0"/>
            <SP HEIGHT="62" WIDTH="17" VPOS="1246" HPOS="920"/>
            <String HEIGHT="62" WIDTH="138" VPOS="1246" HPOS="868" CONTENT="haut" ID="r1l11_7" STYLEREFS="FONT0"/>
            <SP HEIGHT="62" WIDTH="17" VPOS="1246" HPOS="1006"/>
            <String HEIGHT="62" WIDTH="103" VPOS="1246" HPOS="954" CONTENT="de" ID="r1l11_8" STYLEREFS="FONT0"/>
            <SP HEIGHT="62" WIDTH="17" VPOS="1246" HPOS="1057"/>
            <String HEIGHT="62" WIDTH="103" VPOS="1246" HPOS="1006" CONTENT="la" ID="r1l11_9" STYLEREFS="FONT0"/>
            <SP HEIGHT="62" WIDTH="17" VPOS="1246" HPOS="1109"/>
            <String HEIGHT="62" WIDTH="224" VPOS="1246" HPOS="1057" CONTENT="muraille;" ID="r1l11_10" STYLEREFS="FONT0"/>
            <SP HEIGHT="62" WIDTH="17" VPOS="1246" HPOS="1281"/>
            <String HEIGHT="62" WIDTH="155" VPOS="1246" HPOS="1229" CONTENT="elles" ID="r1l11_11" STYLEREFS="FONT0"/>
            <SP HEIGHT="62" WIDTH="17" VPOS="1246" HPOS="1384"/>
            <String HEIGHT="62" WIDTH="52" VPOS="1246" HPOS="1315" CONTENT="y" ID="r1l11_12" STYLEREFS="FONT0"/>
          </TextLine>
          <TextLine ID="r1l12" BASELINE="1368" HEIGHT="64" WIDTH="1028" VPOS="1304" HPOS="338">
            <String HEIGHT="64" WIDTH="194" VPOS="1304" HPOS="323" CONTENT="plaçaient" ID="r1l12_1" STYLEREFS="FONT0"/>
            <SP HEIGHT="64" WIDTH="15" VPOS="1304" HPOS="517"/>
            <String HEIGHT="64" WIDTH="119" VPOS="1304" HPOS="472" CONTENT="leur" ID="r1l12_2" STYLEREFS="FONT0"/>
            <SP HEIGHT="64" WIDTH="15" VPOS="1304" HPOS="591"/>
            <String HEIGHT="64" WIDTH="164" VPOS="1304" HPOS="547" CONTENT="enfant," ID="r1l12_3" STYLEREFS="FONT0"/>
            <SP HEIGHT="64" WIDTH="15" VPOS="1304" HPOS="710"/>
            <String HEIGHT="64" WIDTH="104" VPOS="1304" HPOS="666" CONTENT="et," ID="r1l12_4" STYLEREFS="FONT0"/>
            <SP HEIGHT="64" WIDTH="15" VPOS="1304" HPOS="770"/>
            <String HEIGHT="64" WIDTH="134" VPOS="1304" HPOS="725" CONTENT="après" ID="r1l12_5" STYLEREFS="FONT0"/>
            <SP HEIGHT="64" WIDTH="15" VPOS="1304" HPOS="859"/>
            <String HEIGHT="64" WIDTH="134" VPOS="1304" HPOS="815" CONTENT="qu’il" ID="r1l12_6" STYLEREFS="FONT0"/>
            <SP HEIGHT="64" WIDTH="15" VPOS="1304" HPOS="949"/>
            <String HEIGHT="64" WIDTH="134" VPOS="1304" HPOS="904" CONTENT="avait" ID="r1l12_7" STYLEREFS="FONT0"/>
            <SP HEIGHT="64" WIDTH="15" VPOS="1304" HPOS="1038"/>
            <String HEIGHT="64" WIDTH="104" VPOS="1304" HPOS="994" CONTENT="été" ID="r1l12_8" STYLEREFS="FONT0"/>
            <SP HEIGHT="64" WIDTH="15" VPOS="1304" HPOS="1098"/>
            <String HEIGHT="64" WIDTH="164" VPOS="1304" HPOS="1053" CONTENT="baptisé" ID="r1l12_9" STYLEREFS="FONT0"/>
            <SP HEIGHT="64" WIDTH="15" VPOS="1304" HPOS="1217"/>
            <String HEIGHT="64" WIDTH="119" VPOS="1304" HPOS="1172" CONTENT="dans" ID="r1l12_10" STYLEREFS="FONT0"/>
            <SP HEIGHT="64" WIDTH="15" VPOS="1304" HPOS="1292"/>
            <String HEIGHT="64" WIDTH="134" VPOS="1304" HPOS="1232" CONTENT="quelque" ID="r1l12_11" STYLEREFS="FONT0"/>
          </TextLine>
          <TextLine ID="r1l13" BASELINE="1427" HEIGHT="72" WIDTH="1030" VPOS="1355" HPOS="337">
            <String HEIGHT="72" WIDTH="147" VPOS="1355" HPOS="322" CONTENT="église" ID="r1l13_1" STYLEREFS="FONT0"/>
            <SP HEIGHT="72" WIDTH="15" VPOS="1355" HPOS="469"/>
            <String HEIGHT="72" WIDTH="88" VPOS="1355" HPOS="425" CONTENT="de" ID="r1l13_2" STYLEREFS="FONT0"/>
            <SP HEIGHT="72" WIDTH="15" VPOS="1355" HPOS="514"/>
            <String HEIGHT="72" WIDTH="88" VPOS="1355" HPOS="469" CONTENT="la" ID="r1l13_3" STYLEREFS="FONT0"/>
            <SP HEIGHT="72" WIDTH="15" VPOS="1355" HPOS="558"/>
            <String HEIGHT="72" WIDTH="147" VPOS="1355" HPOS="514" CONTENT="ville," ID="r1l13_4" STYLEREFS="FONT0"/>
            <SP HEIGHT="72" WIDTH="15" VPOS="1355" HPOS="661"/>
            <String HEIGHT="72" WIDTH="88" VPOS="1355" HPOS="617" CONTENT="on" ID="r1l13_5" STYLEREFS="FONT0"/>
            <SP HEIGHT="72" WIDTH="15" VPOS="1355" HPOS="705"/>
            <String HEIGHT="72" WIDTH="88" VPOS="1355" HPOS="661" CONTENT="le" ID="r1l13_6" STYLEREFS="FONT0"/>
            <SP HEIGHT="72" WIDTH="15" VPOS="1355" HPOS="749"/>
            <String HEIGHT="72" WIDTH="118" VPOS="1355" HPOS="705" CONTENT="leur" ID="r1l13_7" STYLEREFS="FONT0"/>
            <SP HEIGHT="72" WIDTH="15" VPOS="1355" HPOS="823"/>
            <String HEIGHT="72" WIDTH="221" VPOS="1355" HPOS="778" CONTENT="descendait," ID="r1l13_8" STYLEREFS="FONT0"/>
            <SP HEIGHT="72" WIDTH="15" VPOS="1355" HPOS="999"/>
            <String HEIGHT="72" WIDTH="103" VPOS="1355" HPOS="955" CONTENT="car" ID="r1l13_9" STYLEREFS="FONT0"/>
            <SP HEIGHT="72" WIDTH="15" VPOS="1355" HPOS="1058"/>
            <String HEIGHT="72" WIDTH="88" VPOS="1355" HPOS="1014" CONTENT="on" ID="r1l13_10" STYLEREFS="FONT0"/>
            <SP HEIGHT="72" WIDTH="15" VPOS="1355" HPOS="1102"/>
            <String HEIGHT="72" WIDTH="88" VPOS="1355" HPOS="1058" CONTENT="ne" ID="r1l13_11" STYLEREFS="FONT0"/>
            <SP HEIGHT="72" WIDTH="15" VPOS="1355" HPOS="1146"/>
            <String HEIGHT="72" WIDTH="162" VPOS="1355" HPOS="1102" CONTENT="pouvait" ID="r1l13_12" STYLEREFS="FONT0"/>
            <SP HEIGHT="72" WIDTH="15" VPOS="1355" HPOS="1264"/>
            <String HEIGHT="72" WIDTH="88" VPOS="1355" HPOS="1220" CONTENT="le" ID="r1l13_13" STYLEREFS="FONT0"/>
            <SP HEIGHT="72" WIDTH="15" VPOS="1355" HPOS="1308"/>
            <String HEIGHT="72" WIDTH="118" VPOS="1355" HPOS="1249" CONTENT="garder" ID="r1l13_14" STYLEREFS="FONT0"/>
          </TextLine>
          <TextLine ID="r1l14" BASELINE="1471" HEIGHT="64" WIDTH="234" VPOS="1407" HPOS="335">
            <String HEIGHT="64" WIDTH="100" VPOS="1407" HPOS="318" CONTENT="ni" ID="r1l14_1" STYLEREFS="FONT0"/>
            <SP HEIGHT="64" WIDTH="17" VPOS="1407" HPOS="419"/>
            <String HEIGHT="64" WIDTH="100" VPOS="1407" HPOS="368" CONTENT="le" ID="r1l14_2" STYLEREFS="FONT0"/>
            <SP HEIGHT="64" WIDTH="17" VPOS="1407" HPOS="469"/>
            <String HEIGHT="64" WIDTH="167" VPOS="1407" HPOS="402" CONTENT="nourrir." ID="r1l14_3" STYLEREFS="FONT0"/>
          </TextLine>
          <TextLine ID="r1l15" BASELINE="1554" HEIGHT="84" WIDTH="729" VPOS="1470" HPOS="606">
            <String HEIGHT="84" WIDTH="98" VPOS="1470" HPOS="592" CONTENT="(DE" ID="r1l15_1" STYLEREFS="FONT0"/>
            <SP HEIGHT="84" WIDTH="14" VPOS="1470" HPOS="690"/>
            <String HEIGHT="84" WIDTH="168" VPOS="1470" HPOS="648" CONTENT="BARANTE," ID="r1l15_2" STYLEREFS="FONT0"/>
            <SP HEIGHT="84" WIDTH="14" VPOS="1470" HPOS="816"/>
            <String HEIGHT="84" WIDTH="210" VPOS="1470" HPOS="774" CONTENT="Histoire" ID="r1l15_3" STYLEREFS="FONT2"/>
            <SP HEIGHT="84" WIDTH="14" VPOS="1470" HPOS="985"/>
            <String HEIGHT="84" WIDTH="98" VPOS="1470" HPOS="942" CONTENT="des" ID="r1l15_4" STYLEREFS="FONT2"/>
            <SP HEIGHT="84" WIDTH="14" VPOS="1470" HPOS="1041"/>
            <String HEIGHT="84" WIDTH="112" VPOS="1470" HPOS="999" CONTENT="Ducs" ID="r1l15_5" STYLEREFS="FONT2"/>
            <SP HEIGHT="84" WIDTH="14" VPOS="1470" HPOS="1111"/>
            <String HEIGHT="84" WIDTH="84" VPOS="1470" HPOS="1069" CONTENT="de" ID="r1l15_6" STYLEREFS="FONT2"/>
            <SP HEIGHT="84" WIDTH="14" VPOS="1470" HPOS="1153"/>
            <String HEIGHT="84" WIDTH="238" VPOS="1470" HPOS="1097" CONTENT="Bourgogne)" ID="r1l15_7" STYLEREFS="FONT2"/>
          </TextLine>
          <TextLine ID="r1l16" BASELINE="1829" HEIGHT="132" WIDTH="214" VPOS="1697" HPOS="749">
            <String HEIGHT="132" WIDTH="285" VPOS="1697" HPOS="678" CONTENT="HINTZ," ID="r1l16_1" STYLEREFS="FONT0"/>
          </TextLine>
          <TextLine ID="r1l17" BASELINE="1914" HEIGHT="106" WIDTH="390" VPOS="1808" HPOS="661">
            <String HEIGHT="106" WIDTH="119" VPOS="1808" HPOS="644" CONTENT="24," ID="r1l17_1" STYLEREFS="FONT0"/>
            <SP HEIGHT="106" WIDTH="17" VPOS="1808" HPOS="763"/>
            <String HEIGHT="106" WIDTH="119" VPOS="1808" HPOS="712" CONTENT="rue" ID="r1l17_2" STYLEREFS="FONT0"/>
            <SP HEIGHT="106" WIDTH="17" VPOS="1808" HPOS="831"/>
            <String HEIGHT="106" WIDTH="203" VPOS="1808" HPOS="780" CONTENT="Pigalle," ID="r1l17_3" STYLEREFS="FONT0"/>
            <SP HEIGHT="106" WIDTH="17" VPOS="1808" HPOS="983"/>
            <String HEIGHT="106" WIDTH="136" VPOS="1808" HPOS="915" CONTENT="Paris." ID="r1l17_4" STYLEREFS="FONT0"/>
          </TextLine>
          <TextLine ID="r1l18" BASELINE="1970" HEIGHT="81" WIDTH="512" VPOS="1889" HPOS="329">
            <String HEIGHT="81" WIDTH="205" VPOS="1889" HPOS="303" CONTENT="174." ID="r1l18_1" STYLEREFS="FONT0"/>
            <SP HEIGHT="81" WIDTH="26" VPOS="1889" HPOS="508"/>
            <String HEIGHT="81" WIDTH="179" VPOS="1889" HPOS="431" CONTENT="Vue" ID="r1l18_2" STYLEREFS="FONT0"/>
            <SP HEIGHT="81" WIDTH="26" VPOS="1889" HPOS="611"/>
            <String HEIGHT="81" WIDTH="154" VPOS="1889" HPOS="534" CONTENT="du" ID="r1l18_3" STYLEREFS="FONT0"/>
            <SP HEIGHT="81" WIDTH="26" VPOS="1889" HPOS="687"/>
            <String HEIGHT="81" WIDTH="256" VPOS="1889" HPOS="585" CONTENT="Tréport." ID="r1l18_4" STYLEREFS="FONT0"/>
          </TextLine>
          <TextLine ID="r1l19" BASELINE="2257" HEIGHT="148" WIDTH="359" VPOS="2109" HPOS="686">
            <String HEIGHT="148" WIDTH="294" VPOS="2109" HPOS="653" CONTENT="HUBER" ID="r1l19_1" STYLEREFS="FONT0"/>
            <SP HEIGHT="148" WIDTH="33" VPOS="2109" HPOS="947"/>
            <String HEIGHT="148" WIDTH="228" VPOS="2109" HPOS="817" CONTENT="(E.)," ID="r1l19_2" STYLEREFS="FONT0"/>
          </TextLine>
          <TextLine ID="r1l20" BASELINE="2346" HEIGHT="105" WIDTH="461" VPOS="2241" HPOS="622">
            <String HEIGHT="105" WIDTH="134" VPOS="2241" HPOS="603" CONTENT="12," ID="r1l20_1" STYLEREFS="FONT0"/>
            <SP HEIGHT="105" WIDTH="19" VPOS="2241" HPOS="737"/>
            <String HEIGHT="105" WIDTH="134" VPOS="2241" HPOS="680" CONTENT="rue" ID="r1l20_2" STYLEREFS="FONT0"/>
            <SP HEIGHT="105" WIDTH="19" VPOS="2241" HPOS="814"/>
            <String HEIGHT="105" WIDTH="115" VPOS="2241" HPOS="756" CONTENT="du" ID="r1l20_3" STYLEREFS="FONT0"/>
            <SP HEIGHT="105" WIDTH="19" VPOS="2241" HPOS="872"/>
            <String HEIGHT="105" WIDTH="192" VPOS="2241" HPOS="814" CONTENT="Delta," ID="r1l20_4" STYLEREFS="FONT0"/>
            <SP HEIGHT="105" WIDTH="19" VPOS="2241" HPOS="1006"/>
            <String HEIGHT="105" WIDTH="154" VPOS="2241" HPOS="929" CONTENT="Paris." ID="r1l20_5" STYLEREFS="FONT0"/>
          </TextLine>
          <TextLine ID="r1l21" BASELINE="2417" HEIGHT="91" WIDTH="588" VPOS="2326" HPOS="335">
            <String HEIGHT="91" WIDTH="181" VPOS="2326" HPOS="312" CONTENT="175." ID="r1l21_1" STYLEREFS="FONT0"/>
            <SP HEIGHT="91" WIDTH="23" VPOS="2326" HPOS="493"/>
            <String HEIGHT="91" WIDTH="294" VPOS="2326" HPOS="425" CONTENT="Intérieur" ID="r1l21_2" STYLEREFS="FONT0"/>
            <SP HEIGHT="91" WIDTH="23" VPOS="2326" HPOS="719"/>
            <String HEIGHT="91" WIDTH="136" VPOS="2326" HPOS="652" CONTENT="de" ID="r1l21_3" STYLEREFS="FONT0"/>
            <SP HEIGHT="91" WIDTH="23" VPOS="2326" HPOS="787"/>
            <String HEIGHT="91" WIDTH="226" VPOS="2326" HPOS="697" CONTENT="Cellier." ID="r1l21_4" STYLEREFS="FONT0"/>
          </TextLine>
          <TextLine ID="r1l22" BASELINE="2501" HEIGHT="97" WIDTH="562" VPOS="2404" HPOS="330">
            <String HEIGHT="97" WIDTH="195" VPOS="2404" HPOS="306" CONTENT="176." ID="r1l22_1" STYLEREFS="FONT0"/>
            <SP HEIGHT="97" WIDTH="24" VPOS="2404" HPOS="501"/>
            <String HEIGHT="97" WIDTH="318" VPOS="2404" HPOS="428" CONTENT="Intérieur" ID="r1l22_2" STYLEREFS="FONT0"/>
            <SP HEIGHT="97" WIDTH="24" VPOS="2404" HPOS="745"/>
            <String HEIGHT="97" WIDTH="147" VPOS="2404" HPOS="672" CONTENT="de" ID="r1l22_3" STYLEREFS="FONT0"/>
            <SP HEIGHT="97" WIDTH="24" VPOS="2404" HPOS="819"/>
            <String HEIGHT="97" WIDTH="171" VPOS="2404" HPOS="721" CONTENT="Cave." ID="r1l22_4" STYLEREFS="FONT0"/>
          </TextLine>
        </TextBlock>
      </PrintSpace>
    </Page>
  </Layout>
</alto>
