1981 3117
719 515 158 81 —
782 515 189 81 29
845 515 95 81 —

285 621 219 99 bruit....;
457 621 94 99 il
504 621 172 99 languit
629 621 156 99 durant
739 621 109 99 six
801 621 266 99 semaines....,
1020 621 94 99 le
1067 621 94 99 10
1114 621 94 99 de
1145 621 188 99 septembre,

293 693 96 68 au
341 693 144 68 lever
437 693 96 68 du
485 693 176 68 soleil,
613 693 96 68 le
661 693 112 68 roi
725 693 208 68 Guillaume
886 693 112 68 fut
950 693 176 68 éveillé
1078 693 112 68 par
1142 693 96 68 un
1190 693 144 68 bruit
1270 693 64 68 de

294 751 192 69 cloches,
438 751 96 69 et
486 751 176 69 demanda
614 751 96 69 ce
662 751 112 69 que
726 751 192 69 c’était:
870 751 96 69 on
918 751 112 69 lui
982 751 192 69 répondit
1126 751 112 69 que
1174 751 160 69 l’office

291 788 95 79 de
339 788 143 79 prime
434 788 174 79 sonnait
561 788 79 79 à
592 788 190 79 l’église
735 788 95 79 de
782 788 269 79 Sainte-Marie;
1004 788 95 79 il
1052 788 127 79 leva
1131 788 111 79 les
1194 788 143 79 mains
1274 788 63 79 en

288 849 191 80 disant:
427 849 122 80 «Je
496 849 104 80 me
549 849 244 80 recommande
740 849 87 80 à
775 849 174 80 madame
897 849 174 80 Marie,
1019 849 104 80 la
1071 849 174 80 sainte
1193 849 139 80 Mère
1262 849 70 80 de

289 894 161 83 Dieu»,
401 894 96 83 et
450 894 177 83 presque
578 894 193 83 aussitôt
723 894 96 83 il
771 894 177 83 expira.
899 894 112 83 Ses
964 894 193 83 médecins
1108 894 96 83 et
1156 894 112 83 les
1205 894 129 83 autres

288 968 226 62 assistants,
469 968 105 62 qui
529 968 166 62 avaient
649 968 136 62 passé
740 968 90 62 la
785 968 120 62 nuit
860 968 151 62 auprès
966 968 90 62 de
1011 968 120 62 lui,
1086 968 90 62 le
1131 968 151 62 voyant
1222 968 105 62 mort,

290 1023 193 54 montèrent
439 1023 89 54 en
483 1023 119 54 hâte
558 1023 74 54 à
587 1023 163 54 cheval,
706 1023 89 54 et
751 1023 193 54 coururent
899 1023 163 54 veiller
1018 1023 104 54 sur
1077 1023 134 54 leurs
1167 1023 149 54 biens.
1256 1023 74 54 Les

292 1069 124 67 gens
369 1069 93 67 de
415 1069 170 67 service
539 1069 93 67 et
586 1069 108 67 les
648 1069 170 67 vassaux
772 1069 93 67 de
818 1069 170 67 moindre
942 1069 155 67 étage,
1050 1069 139 67 après
1143 1069 93 67 la
1190 1069 139 67 fuite
1267 1069 62 67 de

290 1125 141 62 leurs
384 1125 235 62 supérieurs,
573 1125 220 62 enlevèrent
745 1125 110 62 les
808 1125 157 62 armes,
918 1125 110 62 les
981 1125 157 62 vases,
1091 1125 110 62 les
1138 1125 188 62 vêtements,

281 1165 98 76 le
330 1165 163 76 linge,
444 1165 130 76 tout
525 1165 98 76 le
574 1165 212 76 mobilier,
737 1165 98 76 et
786 1165 245 76 s’enfuirent
982 1165 98 76 de
1031 1165 147 76 même,
1128 1165 196 76 laissant
1259 1165 65 76 le

288 1230 173 79 cadavre
414 1230 173 79 presque
539 1230 94 79 nu
586 1230 110 79 sur
649 1230 94 79 le
696 1230 204 79 plancher.
853 1230 94 79 Le
900 1230 141 79 corps
994 1230 94 79 du
1042 1230 110 79 roi
1104 1230 173 79 demeura
1214 1230 110 79 ainsi

277 1274 214 91 abandonné
441 1274 181 91 pendant
573 1274 214 91 plusieurs
737 1274 181 91 heures,
869 1274 132 91 car,
951 1274 132 91 dans
1033 1274 148 91 toute
1132 1274 99 91 la
1181 1274 148 91 ville
1263 1274 66 91 de

280 1329 180 70 Rouen,
406 1329 126 70 les
478 1329 180 70 hommes
603 1329 198 70 étaient
747 1329 198 70 devenus
891 1329 162 70 comme
999 1329 180 70 ivres,
1124 1329 126 70 non
1196 1329 126 70 pas
1250 1329 72 70 de

281 1379 186 73 douleur,
420 1379 124 73 mais
497 1379 93 73 de
543 1379 170 73 crainte
667 1379 93 73 de
698 1379 232 73 l’avenir.....

315 1435 178 86 Enfin,
453 1435 96 86 des
507 1435 110 86 gens
576 1435 82 86 de
617 1435 178 86 religion,
754 1435 137 86 clercs
850 1435 82 86 et
892 1435 151 86 moines,
1001 1435 124 86 ayant
1084 1435 137 86 repris
1166 1435 151 86 leurs

278 1508 165 64 sens,
402 1508 82 64 et
443 1508 179 64 recueilli
581 1508 124 64 leurs
663 1508 151 64 forces,
773 1508 206 64 arrangèrent
938 1508 96 64 une
993 1508 206 64 procession.
1144 1508 179 64 Revétus

273 1564 134 60 des
366 1564 134 60 habits
460 1564 80 60 de
501 1564 107 60 leur
568 1564 134 60 ordre,
662 1564 107 60 avec
729 1564 80 60 la
769 1564 134 60 croix,
863 1564 94 60 les
917 1564 148 60 cierges
1024 1564 80 60 et
1064 1564 94 60 les
1104 1564 215 60 encensoirs

276 1612 138 59 ils
373 1612 152 59 vinrent
483 1612 138 59 auprès
580 1612 83 59 du
622 1612 166 59 cadavre,
746 1612 83 59 et
787 1612 166 59 prièrent
912 1612 111 59 pour
981 1612 124 59 l'âme
1064 1612 83 59 du
1091 1612 180 59 défunt

812 1657 226 95 AUGUSTIN
963 1657 188 95 THIERRY.

312 1774 236 88 Histoire
501 1774 94 88 de
548 1774 94 88 la
595 1774 188 88 Conquête
736 1774 94 88 de
783 1774 251 88 l’Angleterre
988 1774 110 88 pur
1050 1774 110 88 les
1097 1774 236 88 Normands

276 1828 132 78 Tome
358 1828 99 78 II
407 1828 148 78 Livre
490 1828 115 78 VIII.

548 1977 410 118 LAYNAUD,

317 2114 80 95 à
349 2114 159 95 Paris,
461 2114 96 95 et
508 2114 80 95 à
540 2114 159 95 Rouen,
652 2114 128 95 chez
732 2114 96 95 M.
780 2114 175 95 Legrip,
907 2114 112 95 26,
971 2114 112 95 rue
1035 2114 96 95 de
1067 2114 191 95 l’Hôpital,

251 2210 189 93 203.
370 2210 142 93 Le
441 2210 237 93 Christ
606 2210 166 93 sur
701 2210 166 93 les
795 2210 237 93 genoux
961 2210 142 93 de
1032 2210 142 93 la
1079 2210 213 93 Vierge,

252 2289 195 71 204.
374 2289 244 71 Bureau
544 2289 146 71 de
593 2289 268 71 Nourrice.

245 2342 205 98 205.
374 2342 154 98 Un
450 2342 308 98 Bohémien
656 2342 256 98 (étude).

248 2412 192 110 206.
368 2412 144 110 Un
440 2412 264 110 Brigand
632 2412 264 110 italien
800 2412 240 110 (étude).
