1572 2888
718 27 249 91 132
825 27 107 91 —

123 128 122 78 M.
184 128 285 78 Audiffret.
408 128 183 78 1827.
530 128 102 78 2
571 128 122 78 p.
632 128 183 78 in-8,
754 128 285 78 renfermant
978 128 143 78 des
1059 128 224 78 détails
1202 128 305 78 biographiques

122 192 147 64 sur
206 192 168 64 deux
311 192 273 64 actrices,
521 192 210 64 Emilie
668 192 126 64 et
731 192 231 64 Amalric
900 192 231 64 Contat,
1068 192 126 64 la
1131 192 252 64 première
1320 192 189 64 sœur,
1425 192 84 64 et

102 236 430 59 l’autre
414 236 352 59 fille
649 236 234 59 de
766 236 391 59 Louise
1039 236 430 59 Contat.
1352 236 195 59 4
1391 236 117 59 »

73 276 199 65 1771.
205 276 441 65 Crémieux,
580 276 243 65 avocat,
757 276 221 65 membre
911 276 132 65 du
978 276 353 65 Gouvernement
1242 276 265 65 provisoire

116 345 149 53 de
191 345 224 53 1848.
340 345 149 53 L.
414 345 199 53 aut.
539 345 199 53 sig.
663 345 149 53 (à
738 345 149 53 la
812 345 149 53 3e
887 345 323 53 personne)
1135 345 124 53 1
1185 345 149 53 p.
1259 345 224 53 in-8.
1409 345 124 53 2
1433 345 75 53 »

72 357 187 96 1772.
197 357 457 96 Daguesseau,
592 357 291 96 chancelier
820 357 125 96 de
883 357 229 96 France.
1049 357 125 96 L.
1111 357 166 96 aut.
1215 357 187 96 sig.,
1340 357 104 96 à
1381 357 125 96 M.
1423 357 83 96 le

120 435 335 62 contrôleur
383 435 287 62 général.
598 435 239 62 Samedi
766 435 239 62 matin.
933 435 120 62 2
981 435 167 62 gr.
1077 435 143 62 p.
1148 435 167 62 pl.
1244 435 215 62 in-4.
1387 435 120 62 7
1411 435 96 62 50

169 489 182 54 «...
283 489 136 54 Il
351 489 159 54 est
442 489 182 54 bien
555 489 295 54 important
782 489 363 54 d'accoutumer
1078 489 136 54 le
1146 489 295 54 Parlement
1373 489 114 54 à
1395 489 114 54 une

122 535 198 52 «voye
254 535 198 52 aussi
386 535 353 52 respectueuse
673 535 154 52 que
761 535 198 52 celle
893 535 198 52 qu’il
1025 535 198 52 prend
1157 535 353 52 aujourd’huy,
1422 535 88 52 et

122 591 152 48 «il
209 591 217 48 seroit
361 591 217 48 triste
513 591 174 48 que,
621 591 195 48 faute
752 591 130 48 de
817 591 152 48 luy
903 591 260 48 accorder
1099 591 239 48 quelque
1251 591 260 48 adoucisse-

122 621 217 73 «ment,
274 621 238 73 surtout
447 621 152 73 par
534 621 238 73 rapport
707 621 152 73 aux
794 621 260 73 articles
989 621 152 73 qui
1076 621 238 73 peuvent
1249 621 238 73 exciter
1401 621 108 73 les

124 680 281 56 «murmures
341 680 130 56 du
406 680 217 56 peuple
557 680 130 56 et
622 680 152 56 les
709 680 173 56 cris
817 680 152 56 des
904 680 260 56 pauvres,
1099 680 130 56 il
1164 680 217 56 revint
1315 680 130 56 au
1358 680 152 56 party

121 725 174 58 «des
230 725 369 58 remontrances.
534 725 152 58 Les
621 725 174 58 deux
729 725 174 58 plus
838 725 217 58 grands
990 725 217 58 objets
1142 725 174 58 sont
1250 725 130 58 le
1316 725 195 58 bois,
1424 725 87 58 et

124 783 163 55 «les
226 783 204 55 droits
369 783 143 55 sur
450 783 143 55 les
532 783 163 55 œufs
634 783 123 55 et
695 783 123 55 le
736 783 225 55 beurre...

170 808 147 69 «Ce
254 808 188 69 qu'il
379 808 105 69 y
421 808 105 69 a
463 808 126 69 de
526 808 230 69 certain
693 808 147 69 est
777 808 147 69 que
861 808 126 69 la
924 808 167 69 plus
1028 808 209 69 légère
1175 808 293 69 diminution
1384 808 126 69 fera

123 864 153 55 «un
210 864 305 55 très-grand
450 864 174 55 bien
559 864 174 55 dans
668 864 153 55 les
755 864 370 55 circonstances
1038 864 327 55 présentes...»

75 905 190 67 1773.
202 905 317 67 Daru
455 905 148 67 (le
539 905 232 67 comte),
708 905 274 67 intendant
919 905 232 67 général
1088 905 127 67 de
1151 905 127 67 la
1215 905 211 67 grande
1341 905 169 67 armée,

122 972 224 53 membre
278 972 134 53 de
345 972 313 53 l’Académie
592 972 313 53 française.
838 972 134 53 L.
905 972 179 53 aut.
1017 972 201 53 sig.,
1151 972 134 53 au
1218 972 201 53 comte
1330 972 179 53 Dumas.

116 1014 342 53 Liégnitz,
379 1014 158 53 28
457 1014 184 53 mai
563 1014 237 53 1813.
720 1014 131 53 2
773 1014 158 53 p.
852 1014 184 53 pl.
957 1014 158 53 et
1036 1014 237 53 demie
1194 1014 289 53 in-fol.
1404 1014 131 53 3
1430 1014 79 53 »

78 1054 165 76 1774.
188 1054 165 76 De
298 1054 202 76 Bry
445 1054 202 76 (Jean),
592 1054 184 76 deputé
721 1054 110 76 de
776 1054 331 76 l'Aisne
1052 1054 92 76 à
1088 1054 110 76 la
1143 1054 276 76 Convention.
1364 1054 110 76 L.
1401 1054 110 76 aut.

110 1120 273 52 sig.
281 1120 342 52 Paris,
520 1120 205 52 11
622 1120 273 52 nov.
793 1120 308 52 1830.
998 1120 171 52 1
1067 1120 205 52 p.
1169 1120 308 52 in-4.
1374 1120 171 52 2
1408 1120 103 52 »

76 1154 190 64 1775.
202 1154 190 64 De
329 1154 400 64 Fauconpret,
666 1154 295 64 traducteur
898 1154 148 64 des
982 1154 232 64 OEuvres
1151 1154 126 64 de
1214 1154 211 64 Walter
1340 1154 169 64 Scott.

122 1199 135 60 L.
189 1199 179 60 aut.
301 1199 202 60 sig.,
436 1199 112 60 à
480 1199 135 60 M.
548 1199 292 60 Alexandre
772 1199 314 60 Vattemare.
1019 1199 269 60 Londres,
1220 1199 112 60 3
1265 1199 179 60 août
1355 1199 157 60 1824,

101 1254 214 51 1
187 1254 257 51 p.
315 1254 299 51 pl.
486 1254 385 51 in-4.
743 1254 727 51 Intéressante.
1341 1254 214 51 5
1384 1254 128 51 »

75 1297 168 67 1776.
187 1297 393 67 Delessart,
524 1297 224 67 ministre
692 1297 112 67 de
748 1297 299 67 l’intérieur.
991 1297 112 67 L.
1048 1297 150 67 aut.
1141 1297 168 67 sig.,
1253 1297 93 67 à
1291 1297 150 67 M...
1365 1297 150 67 Paris,

100 1348 208 67 9
184 1348 457 67 juillet
516 1348 374 67 1791.
766 1348 208 67 1
849 1348 249 67 p.
974 1348 457 67 in-fol.
1306 1348 208 67 2
1348 1348 166 67 50

77 1386 182 74 1777.
198 1386 324 74 Denis
461 1386 202 74 (Mme),
603 1386 182 74 nièce
724 1386 121 74 de
785 1386 263 74 Voltaire.
987 1386 121 74 L.
1048 1386 162 74 aut.
1149 1386 182 74 sig.,
1270 1386 121 74 au
1311 1386 202 74 libraire

123 1448 246 57 Lambert.
307 1448 143 57 Des
389 1448 246 57 Délices,
573 1448 123 57 le
634 1448 123 57 26
696 1448 184 57 août.
819 1448 102 57 3
860 1448 143 57 gr.
942 1448 123 57 p.
1003 1448 143 57 pl.
1085 1448 123 57 et
1146 1448 184 57 demie
1269 1448 184 57 in-4.
1372 1448 143 57 Quel-

111 1489 268 65 ques
278 1489 368 65 taches,
545 1489 201 65 et
646 1489 334 65 jaunie
880 1489 234 65 par
1013 1489 201 65 le
1114 1489 334 65 temps.
1348 1489 201 65 25
1415 1489 100 65 »

172 1535 201 67 Lettre
312 1535 321 67 intéressante
573 1535 120 67 au
634 1535 181 67 sujet
754 1535 120 67 de
814 1535 120 67 la
875 1535 301 67 publication
1115 1535 120 67 du
1176 1535 261 67 Siècle
1356 1535 161 67 de

125 1595 239 53 Louis
304 1595 278 53 XIV..
523 1595 219 53 «Coment
682 1595 119 53 un
742 1595 239 53 libraire
920 1595 219 53 peut-il
1080 1595 179 53 avoir
1199 1595 278 53 limpudence
1398 1595 119 53 dim-

122 1635 240 63 «primer
296 1635 305 63 l’histoire
536 1635 174 63 même
645 1635 131 63 du
710 1635 174 63 Roy,
819 1635 152 63 sur
906 1635 152 63 des
993 1635 305 63 brouillons
1233 1635 152 63 mis
1320 1635 131 63 au
1364 1635 152 63 rebut

121 1680 307 66 «ramassés
357 1680 189 66 dans
475 1680 165 66 les
570 1680 259 66 ordures
758 1680 142 66 et
829 1680 259 66 rédigés
1018 1680 165 66 par
1112 1680 142 66 M.
1183 1680 142 66 de
1230 1680 283 66 Chymene...

124 1725 208 77 «C’est
270 1725 125 77 un
332 1725 187 77 nommé
457 1725 208 77 Prieur
602 1725 146 77 qui
685 1725 166 77 fait
789 1725 187 77 cette
914 1725 187 77 belle
1039 1725 291 77 opération,
1268 1725 125 77 il
1330 1725 166 77 doit
1413 1725 104 77 sa-

125 1778 181 63 «voir
246 1778 141 63 que
326 1778 242 63 l’auteur
508 1778 141 63 est
589 1778 181 63 plein
710 1778 121 63 de
770 1778 161 63 vie,
871 1778 121 63 et
931 1778 181 63 qu’il
1052 1778 121 63 ne
1113 1778 161 63 doit
1214 1778 141 63 pas
1294 1778 222 63 acheter
1435 1778 81 63 un

123 1843 174 49 «tel
232 1843 282 49 manuscrit
449 1843 130 49 du
514 1843 239 49 premier
688 1843 174 49 venu
796 1843 174 49 sans
905 1843 130 49 le
948 1843 304 49 consulter...

168 1872 182 58 «...
282 1872 182 58 J’en
396 1872 251 58 demande
579 1872 251 58 justice
761 1872 114 58 à
807 1872 228 58 madame
967 1872 137 58 de
1035 1872 319 58 Pompadour,
1286 1872 114 58 à
1332 1872 137 58 M.
1377 1872 137 58 Dar-

123 1919 232 77 «genson
292 1919 127 77 et
355 1919 106 77 à
397 1919 127 77 M.
461 1919 127 77 de
524 1919 274 77 Malzerbe,
735 1919 127 77 et
798 1919 127 77 si
862 1919 127 77 on
925 1919 127 77 me
988 1919 127 77 la
1052 1919 232 77 refuse,
1220 1919 127 77 je
1284 1919 169 77 suis
1368 1919 148 77 réso-

121 1968 196 68 «lue
243 1968 147 68 de
316 1968 244 68 vennir
487 1968 171 68 moi
585 1968 196 68 meme
707 1968 147 68 la
781 1968 293 68 demander
1001 1968 147 68 et
1074 1968 293 68 dexposer
1294 1968 171 68 moi
1367 1968 147 68 meme

123 2033 172 61 «mes
230 2033 257 61 raisons,
423 2033 172 61 j’ai
530 2033 172 61 cosé
637 2033 193 61 mille
766 2033 172 61 fois
873 2033 129 61 de
937 2033 150 61 cet
1023 2033 236 61 ouvrage
1194 2033 172 61 avec
1302 2033 214 61 madame
1430 2033 86 61 de

123 2074 322 56 «Pompadour,
380 2074 172 56 elle
487 2074 107 56 a
530 2074 129 56 le
594 2074 300 56 manuscrit,
830 2074 172 56 elle
937 2074 129 56 en
1002 2074 236 56 connois
1173 2074 214 56 toutes
1323 2074 150 56 les
1387 2074 129 56 cons

125 2113 311 67 «séquences,
374 2113 124 67 et
436 2113 124 67 je
498 2113 166 67 suis
602 2113 166 67 bien
706 2113 166 67 sure
809 2113 207 67 quelle
954 2113 124 67 ne
1017 2113 269 67 souffrira
1224 2113 145 67 pas
1307 2113 124 67 un
1348 2113 166 67 pareil

123 2165 359 69 «brigandage,
415 2165 247 69 surtout
594 2165 135 69 le
662 2165 157 69 roy
751 2165 135 69 et
819 2165 202 69 toute
954 2165 135 69 la
1021 2165 180 69 cour
1133 2165 112 69 y
1178 2165 202 69 étant
1290 2165 225 69 intéres-

121 2216 188 61 «sés,
246 2216 188 61 etc.,
371 2216 167 61 etc.
455 2216 63 61 »

75 2267 188 54 1778.
201 2267 481 54 Dénonciation
619 2267 126 54 de
682 2267 126 54 M.
745 2267 126 54 le
808 2267 230 54 marquis
975 2267 126 54 de
1038 2267 314 54 Blosseville
1289 2267 105 54 à
1331 2267 126 54 la
1373 2267 146 54 Cham

123 2304 151 72 bre
209 2304 151 72 des
295 2304 237 72 députés
467 2304 215 72 contre
617 2304 129 72 M.
682 2304 237 72 Jacques
854 2304 258 72 Laffite,
1047 2304 129 72 en
1112 2304 194 72 1816,
1219 2304 301 72 relativement

122 2355 150 71 aux
207 2355 214 71 rentes
357 2355 129 71 de
421 2355 129 71 la
486 2355 214 71 Caisse
636 2355 428 71 d’amortissement.
1000 2355 171 71 Cinq
1107 2355 236 71 lettres
1278 2355 236 71 signées
1428 2355 86 71 du

120 2412 200 52 comte
253 2412 288 52 Corvetto,
475 2412 133 52 de
541 2412 244 52 Jacques
719 2412 288 52 Laffitte,
940 2412 133 52 du
1007 2412 200 52 comte
1140 2412 266 52 Mollien,
1340 2412 133 52 du
1384 2412 133 52 duc.

118 2452 135 64 de
186 2452 316 64 Richelieu,
434 2452 135 64 de
502 2452 135 64 M.
570 2452 135 64 de
637 2452 338 64 Sémonville,
908 2452 135 64 de
976 2452 135 64 M.
1043 2452 135 64 de
1111 2452 293 64 Vaublanc,
1337 2452 135 64 et
1382 2452 135 64 deux

121 2501 222 73 pièces
276 2501 310 73 imprimées,
520 2501 244 73 formant
697 2501 266 73 ensemble
896 2501 177 73 plus
1007 2501 133 73 de
1074 2501 133 73 40
1140 2501 199 73 pages
1273 2501 199 73 in-8,
1384 2501 133 73 in

42 2546 591 58 et
337 2546 1083 58 in-fol.
1124 2546 492 58 6
1223 2546 295 58 »

75 2594 173 63 1779.
190 2594 346 63 Dérivis
479 2594 173 63 fils,
594 2594 192 63 acteur
729 2594 115 63 de
786 2594 231 63 l’Opéra.
959 2594 115 63 L.
1017 2594 154 63 aut.
1113 2594 154 63 sig.
1209 2594 96 63 2
1248 2594 115 63 p.
1305 2594 173 63 in-8.
1421 2594 96 63 2
1440 2594 77 63 50

73 2647 188 68 1780.
198 2647 376 68 Desprez
512 2647 334 68 (Guillaume),
784 2647 272 68 imprimeur
993 2647 125 68 et
1055 2647 251 68 libraire
1243 2647 272 68 ordinaire
1431 2647 84 68 du

119 2708 177 49 roi.
230 2708 222 49 Quitt.
385 2708 177 49 aut.
496 2708 177 49 sig.
606 2708 177 49 (sur
717 2708 266 49 parch.).
917 2708 222 49 Paris,
1072 2708 111 49 8
1116 2708 244 49 février
1293 2708 199 49 1707.
1426 2708 111 49 3
1449 2708 66 49 »

75 2755 171 56 1781.
189 2755 398 56 Destouches
530 2755 247 56 (Philippe
720 2755 398 56 Néricaul),
1062 2755 190 56 auteur
1194 2755 285 56 dramatique,
1403 2755 114 56 mem
