1614 2988
663 80 182 93 —
735 80 255 93 140
845 80 109 93 —

139 163 184 91 minal
261 163 123 91 an
323 163 123 91 X.
384 163 102 91 2
425 163 143 91 gr.
507 163 123 91 p.
569 163 143 91 pl.
650 163 225 91 in-fol.
814 163 266 91 in-plano.
1019 163 225 91 Travail
1183 163 225 91 curieux
1347 163 123 91 et
1388 163 143 91 d’une

85 244 651 54 bonne
519 244 941 54 écriture.
1243 244 362 54 6
1315 244 217 54 »

93 285 175 63 1884.
209 285 311 63 Linné
462 285 272 63 (Charles),
676 285 292 63 naturaliste
909 285 233 63 suédois.
1084 285 117 63 L.
1142 285 194 63 latine
1278 285 156 63 aut.
1375 285 175 63 sig.,
1473 285 58 63 à

138 339 129 56 M.
202 339 171 56 Ant.
309 339 236 56 Nicolas
480 339 278 56 Duchesne,
695 339 107 56 à
737 339 257 56 Trianon.
930 339 214 56 Upsal,
1080 339 236 56 dernier
1252 339 214 56 d’août
1380 339 150 56 1766.

137 395 104 56 2
179 395 125 56 p.
241 395 146 56 pl.
325 395 188 56 in-4.
450 395 229 56 Cachet,
617 395 167 56 avec
721 395 146 56 une
804 395 292 56 traduction
1034 395 125 56 en
1096 395 271 56 français.
1284 395 250 56 Très

46 434 1258 57 lettre.
960 434 686 57 26
1189 434 343 57 »

186 481 119 69 Il
246 481 318 69 l’entretient
504 481 119 69 de
563 481 278 69 l’incendie
782 481 238 69 d’Upsal,
960 481 119 69 de
1020 481 139 69 son
1099 481 218 69 ouvrage
1258 481 139 69 sur
1337 481 139 69 les
1397 481 139 69 frai-

140 532 195 61 siers,
276 532 175 61 etc.,
373 532 117 61 etc.

91 563 186 82 1885.
215 563 392 82 Lorraine
545 563 144 82 (le
628 563 248 82 cardinal
814 563 165 82 de).
917 563 124 82 L.
979 563 165 82 avec
1082 563 124 82 la
1144 563 330 82 souscription
1392 563 144 82 d’une

138 622 203 57 ligne
274 622 181 57 aut.
387 622 203 57 sig.,
522 622 113 57 à
567 622 135 57 M.
635 622 135 57 de
703 622 271 57 Limoges,
906 622 339 57 ambassadeur
1177 622 135 57 en
1245 622 271 57 Espagne.
1425 622 113 57 Am-

140 672 215 74 boise,
290 672 150 74 1er
376 672 172 74 mars
483 672 193 74 1559.
612 672 107 74 1
655 672 150 74 gr.
741 672 129 74 p.
805 672 150 74 pl.
891 672 129 74 et
955 672 193 74 quart
1084 672 236 74 in-fol.
1256 672 236 74 Cachet.
1428 672 129 74 18
1471 672 64 74 »

186 719 296 58 Très-belle
418 719 211 58 lettre
566 719 296 58 politique.
798 719 127 58 Il
861 719 338 58 l’entretient
1136 719 148 58 des
1220 719 253 58 affaires
1410 719 127 58 de
1453 719 84 58 la

143 759 222 79 France,
304 759 121 79 du
365 759 141 79 roi
445 759 121 79 et
506 759 121 79 de
567 759 121 79 la
627 759 202 79 reine,
768 759 121 79 et
829 759 121 79 de
889 759 121 79 la
950 759 303 79 reine-mère;
1192 759 121 79 de
1232 759 303 79 l’Angleterre,

141 828 129 66 de
205 828 301 66 l’Espagne,
441 828 322 66 approbation
699 828 129 66 de
763 828 172 66 tout
870 828 129 66 ce
935 828 193 66 qu’il
1064 828 107 66 a
1107 828 172 66 fait
1214 828 172 66 dans
1321 828 150 66 ses
1386 828 150 66 négo-

140 870 247 70 ciations
325 870 164 70 dans
428 870 123 70 ce
490 870 226 70 dernier
654 870 185 70 pays,
778 870 185 70 etc.,
881 870 123 70 etc.

96 889 180 104 1886.
216 889 240 104 Louis
396 889 220 104 XI
556 889 140 104 roi
636 889 120 104 de
696 889 220 104 France.
857 889 120 104 L.
917 889 160 104 sig.
1017 889 220 104 Presque
1177 889 300 104 entièrement
1397 889 140 104 effa-

131 963 214 53 cée
254 963 214 53 par
376 963 458 53 l’humidité.
742 963 153 53 1
803 963 183 53 p.
895 963 244 53 in-4
1047 963 183 53 en
1139 963 366 53 travers.
1414 963 153 53 3
1444 963 92 53 »

98 1005 178 63 1887.
217 1005 237 63 Louis
395 1005 198 63 XII,
533 1005 138 63 roi
612 1005 119 63 de
671 1005 217 63 France.
829 1005 119 63 1°
888 1005 119 63 L.
948 1005 178 63 sig.,
1066 1005 99 63 à
1106 1005 158 63 Mlle
1204 1005 237 63 Michelle
1382 1005 119 63 de
1422 1005 119 63 Sau-

140 1058 229 89 bonne.
300 1058 298 89 Chaumont,
529 1058 137 89 10
598 1058 183 89 août
713 1058 252 89 (1505).
896 1058 115 89 1
942 1058 137 89 p.
1010 1058 206 89 in-4.
1148 1058 206 89 Trace
1285 1058 137 89 de
1331 1058 206 89 cachet.

142 1105 181 79 Belle
243 1105 181 79 lettre.

189 1125 130 91 Au
254 1125 196 91 sujet
385 1125 130 91 de
450 1125 130 91 la
515 1125 283 91 hacquenée
733 1125 196 91 qu’il
863 1125 109 91 a
907 1125 239 91 baillée
1081 1125 109 91 à
1124 1125 326 91 Belle-Joye,
1385 1125 152 91 qui
1450 1125 87 91 ne

148 1180 169 87 s’en
253 1180 148 87 est
338 1180 253 87 pourtant
528 1180 148 87 pas
612 1180 337 87 contentée...
886 1180 169 87 Dans
992 1180 127 87 la
1055 1180 211 87 chasse
1203 1180 148 87 qui
1287 1180 148 87 fut
1371 1180 190 87 faite
1477 1180 63 87 à

144 1253 215 67 Blain:
294 1253 129 67 il
358 1253 193 67 croit
487 1253 150 67 que
573 1253 172 67 «les
680 1253 193 67 dames
809 1253 279 67 cuidoient
1023 1253 150 67 que
1109 1253 129 67 ce
1173 1253 193 67 feust
1302 1253 129 67 un
1345 1253 193 67 lieure,

146 1309 152 66 «et
233 1309 152 66 que
320 1309 152 66 les
407 1309 239 66 lieures
581 1309 131 66 de
647 1309 283 66 Bretaigne
864 1309 239 66 fussent
1038 1309 196 66 aussi
1169 1309 218 66 grans,
1321 1309 174 66 mais
1408 1309 131 66 pour

148 1360 228 41 «leurs
308 1360 251 41 excuses
490 1360 342 41 demandoient
763 1360 137 41 si
832 1360 251 41 cestoit
1014 1360 159 41 une
1082 1360 251 41 bische..»

190 1383 126 66 2°
253 1383 210 66 Lettre
400 1383 147 66 non
485 1383 232 66 signée,
653 1383 105 66 à
695 1383 126 66 la
758 1383 189 66 même.
885 1383 210 66 Tours,
1032 1383 126 66 16
1095 1383 253 66 juillet.
1284 1383 105 66 2
1327 1383 126 66 g.
1390 1383 126 66 p.
1432 1383 105 66 pl.

146 1441 119 72 et
206 1441 178 72 tiers
324 1441 217 72 in-fol.
482 1441 277 72 Très-belle
700 1441 217 72 lettre.
858 1441 178 72 Trace
977 1441 119 72 de
1016 1441 178 72 cachet.

189 1462 229 108 Détails
355 1462 229 108 intimes
522 1462 166 108 d’un
626 1462 291 108 très-grand
854 1462 249 108 intérêt.
1041 1462 125 108 Il
1104 1462 333 108 l’entretient
1353 1462 187 108 longue-

146 1530 169 76 ment
252 1530 169 76 d’un
358 1530 233 76 mariage
527 1530 148 76 que
612 1530 127 76 la
675 1530 191 76 reine
802 1530 169 76 veut
908 1530 191 76 faire
1035 1530 212 76 faire,
1183 1530 191 76 etc.,
1289 1530 127 76 etc.

149 1584 443 58 Les
402 1584 506 58 deux
718 1584 696 58 lettres
1224 1584 379 58 40
1350 1584 190 58 »

99 1616 191 83 1888.
226 1616 508 83 Madier-Monjau
671 1616 275 83 (Paulin),
882 1616 297 83 conseiller
1115 1616 106 83 à
1158 1616 127 83 la
1221 1616 169 83 Cour
1327 1616 212 83 royale
1454 1616 85 83 de

139 1682 206 59 Nîmes,
283 1682 206 59 avocat
427 1682 247 59 célèbre.
612 1682 123 59 Né
674 1682 103 59 à
715 1682 596 59 Bourg-Saint-Andéol
1249 1682 288 59 (Ardèche),
1455 1682 82 59 en

139 1727 219 51 1785.—
292 1727 131 51 1°
358 1727 131 51 L.
424 1727 175 51 aut.
533 1727 197 51 sig.,
664 1727 109 51 à
708 1727 131 51 M.
774 1727 241 51 Jacques
949 1727 285 51 Laffitte.
1168 1727 219 51 Nîmes,
1321 1727 131 51 16
1365 1727 175 51 décem-

141 1778 153 56 bre
229 1778 197 56 1826.
360 1778 109 56 2
403 1778 131 56 p.
469 1778 131 56 et
534 1778 197 56 demie
665 1778 197 56 in-4.
796 1778 109 56 —
840 1778 131 56 Il
906 1778 218 56 charge
1058 1778 218 56 Manuel
1211 1778 131 56 ou
1277 1778 131 56 M.
1321 1778 218 56 Gévaudan

144 1825 116 68 de
202 1825 136 68 lui
279 1825 175 68 faire
396 1825 155 68 lire
493 1825 116 68 le
551 1825 175 68 récit
667 1825 175 68 d’une
784 1825 175 68 scène
900 1825 213 68 cruelle
1055 1825 175 68 qu’il
1172 1825 97 68 a
1210 1825 213 68 essuyée
1365 1825 155 68 dans
1443 1825 97 68 les

142 1866 174 65 rues
251 1866 130 65 de
316 1866 217 65 Nîmes,
468 1866 152 65 par
555 1866 152 65 des
642 1866 283 65 assassins
860 1866 239 65 connus,
1034 1866 370 65 Troistaillon,
1317 1866 217 65 Ramon...

136 1923 113 70 —
182 1923 136 70 2°
250 1923 204 70 Récit
386 1923 317 70 dramatique
635 1923 136 70 de
703 1923 136 70 sa
771 1923 295 70 rencontre
997 1923 181 70 avec
1111 1923 385 70 Troistaillon,
1405 1923 136 70 dans

140 1967 153 64 les
228 1967 175 64 rues
337 1967 131 64 de
403 1967 219 64 Nîmes,
556 1967 131 64 le
621 1967 131 64 19
687 1967 175 64 août
796 1967 197 64 1822,
928 1967 131 64 et
993 1967 175 64 avec
1103 1967 197 64 Ramon
1234 1967 131 64 et
1299 1967 241 64 autres,
1453 1967 87 64 le

141 2018 106 56 5
183 2018 255 56 décembre
374 2018 255 56 suivant.
565 2018 127 56 12
629 2018 127 56 p.
692 2018 149 56 pl.
777 2018 170 56 aut.
883 2018 170 56 sig.
989 2018 127 56 de
1053 2018 149 56 ses
1138 2018 297 56 initiales,
1371 2018 191 56 in-4.
1477 2018 64 56 —

142 2062 125 69 3°
205 2062 125 69 L.
267 2062 166 69 aut.
371 2062 187 69 sig.,
495 2062 104 69 à
537 2062 125 69 M.
599 2062 125 69 J.
661 2062 270 69 Laffitte.
869 2062 208 69 Nîmes,
1014 2062 104 69 8
1056 2062 145 69 déc
1139 2062 187 69 1826.
1263 2062 104 69 3
1305 2062 145 69 gr.
1388 2062 125 69 p.
1429 2062 104 69 pl.

140 2105 191 61 in-4.
267 2105 106 61 —
310 2105 255 61 Relative
501 2105 127 61 au
564 2105 170 61 legs
671 2105 127 61 de
734 2105 212 61 100000
883 2105 212 61 francs
1031 2105 170 61 fait
1138 2105 149 61 par
1223 2105 297 61 l’empereur
1435 2105 106 61 aux

141 2172 257 55 eufants
327 2172 140 55 du
397 2172 257 55 général
584 2172 327 55 Chartrand,
840 2172 140 55 de
910 2172 373 55 Carcassonne,
1213 2172 163 55 mis
1307 2172 117 55 à
1353 2172 187 55 mort
1447 2172 93 55 en

140 2210 185 67 1816:
264 2210 124 67 ce
326 2210 227 67 général
491 2210 227 67 n’était
655 2210 144 67 pas
738 2210 206 67 marié,
882 2210 124 67 et
944 2210 124 67 sa
1005 2210 185 67 mort,
1129 2210 124 67 si
1191 2210 309 67 cruellement
1417 2210 124 67 pré-

141 2257 251 56 maturée,
329 2257 125 56 ne
392 2257 146 56 lui
475 2257 209 56 permit
622 2257 146 56 pas
705 2257 125 56 de
768 2257 313 56 reconnaître
1019 2257 146 56 son
1102 2257 167 56 fils
1207 2257 251 56 naturel,
1395 2257 125 56 né
1437 2257 104 56 six

140 2306 165 56 mois
243 2306 185 56 après
367 2306 123 56 le
429 2306 247 56 supplice
614 2306 123 56 de
676 2306 144 56 son
758 2306 185 56 père.
881 2306 103 56 —
923 2306 123 56 4°
984 2306 185 56 Copie
1108 2306 268 56 certifiée
1314 2306 144 56 des
1375 2306 165 56 pièces

140 2357 293 68 relatives
366 2357 135 68 au
434 2357 203 68 jeune
569 2357 293 68 Hyacinthe
795 2357 271 68 Duprato,
998 2357 180 68 fils
1110 2357 248 68 naturel
1291 2357 135 68 du
1336 2357 203 68 général

140 2407 306 57 Chartrand.
380 2407 131 57 13
446 2407 131 57 p.
511 2407 197 57 in-4,
643 2407 131 57 de
708 2407 131 57 la
774 2407 175 57 main
883 2407 131 57 de
948 2407 153 57 Mme
1036 2407 393 57 Madier-Monjau.
1363 2407 109 57 —
1407 2407 131 57 5°
1451 2407 87 57 L.

141 2449 175 69 aut.
251 2449 197 69 sig.,
382 2449 109 69 à
426 2449 131 69 M.
491 2449 241 69 Jacques
666 2449 263 69 Laffite.
863 2449 219 69 Nîmes,
1017 2449 109 69 6
1060 2449 153 69 mai
1148 2449 197 69 1827.
1279 2449 109 69 2
1323 2449 131 69 p.
1389 2449 153 69 pl.
1454 2449 88 69 et

76 2496 775 55 demie
593 2496 775 55 in-4.
1109 2496 517 55 15
1282 2496 258 55 »

189 2540 243 57 Réunion
365 2540 309 57 importante
608 2540 177 57 pour
719 2540 309 57 l’histoire
961 2540 287 57 politique
1182 2540 132 57 de
1248 2540 132 57 la
1292 2540 243 57 Provence.

94 2584 186 72 1889.
218 2584 371 72 Maison,
528 2584 248 72 maréchal
713 2584 124 72 de
775 2584 227 72 France.
941 2584 124 72 L.
1002 2584 165 72 aut.
1106 2584 165 72 sig.
1209 2584 206 72 Paris,
1353 2584 124 72 15
1395 2584 144 72 avril

103 2639 517 54 1819.
447 2639 287 54 1
562 2639 345 54 p.
734 2639 402 54 pl.
964 2639 517 54 in-4.
1308 2639 287 54 2
1366 2639 172 54 »

96 2686 176 60 1890.
214 2686 293 60 Mans
448 2686 313 60 (Indulgences
702 2686 254 60 plénières
898 2686 117 60 le
957 2686 156 60 jour
1054 2686 117 60 de
1113 2686 117 60 la
1172 2686 156 60 fête
1269 2686 117 60 de
1308 2686 235 60 Saint-

143 2736 182 55 coul,
264 2736 222 55 premier
425 2736 141 55 mai
506 2736 121 55 et
567 2736 202 55 autres
708 2736 202 55 jours,
850 2736 121 55 en
910 2736 242 55 l’église
1092 2736 121 55 de
1152 2736 242 55 Beaulieu
1334 2736 141 55 du)
1395 2736 141 55 1601.

143 2783 185 74 Pièce
267 2783 144 74 sur
349 2783 287 74 parchemin,
574 2783 287 74 très-grand
800 2783 226 74 in-fol.
964 2783 144 74 (en
1046 2783 205 74 latin,
1189 2783 164 74 avec
1292 2783 144 74 des
1353 2783 185 74 lettres
