1148 2222
27 22 642 129 LIBRAIRIE
508 22 562 129 ANCIENNE

323 134 209 50 ET
428 134 522 50 AUTOGRAPHES

-595 186 1260 82 DE

143 259 481 63 JACQUES
486 259 481 63 CHARAVAY

128 317 236 87 Rue
293 317 165 87 des
388 317 495 87 Grands-Augustins,
788 317 189 87 26

322 423 379 53 ÉTIENNE
619 423 433 53 CHARAVAY

228 497 438 45 ARCHIVISTE-PALÉOGRAPHE,
617 497 130 45 FILS
698 497 97 45 ET
731 497 259 45 SUCCESSEUR

8 563 188 48 LIVRES
140 563 225 48 ANCIENS,
309 563 188 48 ACHATS
440 563 113 48 DE
497 563 319 48 BIBLIOTHÈQUES
760 563 113 48 ET
816 563 113 48 DE
854 563 244 48 COLLECTIONS

46 596 357 66 D’AUTOGRAPHES;
344 596 258 66 ÉCHANGES,
542 596 318 66 COMMISSIONS;
800 596 198 66 VENTES
939 596 139 66 AUX
999 596 99 66 EN-

55 639 165 58 CHÈRES
170 639 214 58 PUBLIQUES
335 639 99 58 DE
384 639 181 58 LETTRES
516 639 247 58 AUTOGRAPHES
714 639 214 58 MOYENNANT
862 639 231 58 vingt

60 681 108 60 pour
139 681 128 60 cent
237 681 59 60 ET
266 681 59 60 DE
296 681 108 60 LIVRES,
374 681 128 60 quinze
472 681 78 60 pour
521 681 78 60 cent
570 681 69 60 sur
610 681 59 60 la
639 681 118 60 totalité
718 681 78 60 de

-3 732 153 53 la
99 732 238 53 vente
286 732 85 53 A
320 732 102 53 LA
371 732 170 53 CHARGE
491 732 119 53 DES
559 732 221 53 VENDEURS,
729 732 136 53 TOUT
797 732 170 53 COMPRIS.

374 845 139 78 N°
466 845 108 78 162
528 845 77 78 —
559 845 201 78 SEPTEMBRE
699 845 170 78 1868.

374 991 330 74 AUTOGRAPHES.

113 1057 117 64 23891
191 1057 142 64 ALBITTE
294 1057 91 64 (A.
346 1057 104 64 L.);
411 1057 233 64 conventionnel,
605 1057 142 64 célèbre
709 1057 91 64 par
760 1057 91 64 ses
812 1057 155 64 missions
929 1057 104 64 dans
980 1057 104 64 divers

116 1110 225 47 départements.
301 1110 119 47 L.
380 1110 79 47 a.
420 1110 132 47 s.
512 1110 66 47 à
539 1110 93 47 son
592 1110 159 47 collègue
711 1110 172 47 Saliceti;
843 1110 145 47 Commune
935 1110 159 47 affranchie

117 1142 125 56 Lyon),
205 1142 75 56 27
243 1142 151 56 frimaire
356 1142 75 56 an
393 1142 88 56 II,
444 1142 63 56 1
469 1142 75 56 p.
506 1142 88 56 pl.
557 1142 113 56 in-4.
632 1142 63 56 8
644 1142 38 56 »

143 1167 84 61 Il
185 1167 84 61 ne
227 1167 155 61 néglige
340 1167 112 61 rien
410 1167 112 61 pour
480 1167 183 61 augmenter
621 1167 84 61 en
663 1167 197 61 artillerie
817 1167 98 61 les
873 1167 140 61 moyens
972 1167 126 61 qu’il
1042 1167 42 61 a

120 1219 62 48 le
151 1219 125 48 parvenir
244 1219 52 48 à
265 1219 114 48 vaincre
348 1219 73 48 les
389 1219 114 48 ennemis
473 1219 62 48 et
504 1219 52 48 à
524 1219 125 48 détruire
618 1219 62 48 la
649 1219 83 48 plus
701 1219 104 48 infâme
763 1219 52 48 des

115 1248 141 42 villes
214 1248 183 42 (Toulon).
354 1248 127 42 «Tout
439 1248 85 42 va
481 1248 169 42 toujours
608 1248 99 42 ici
664 1248 85 42 de
707 1248 127 42 même,
791 1248 85 42 on
833 1248 155 42 démolit
946 1248 85 42 et
988 1248 85 42 on
1017 1248 70 42 fu-

110 1286 136 37 sille.
206 1286 136 37 Collot
301 1286 177 37 d’Herbois
438 1286 96 37 est
492 1286 109 37 allé
561 1286 68 37 à
588 1286 123 37 Paris
670 1286 109 37 pour
738 1286 123 37 faire
820 1286 191 37 déterminer
957 1286 136 37 franche-

113 1314 106 57 ment
179 1314 79 57 ce
218 1314 92 57 que
271 1314 106 57 l’on
337 1314 106 57 doit
403 1314 119 57 faire
482 1314 79 57 de
522 1314 119 57 cette
601 1314 132 57 ville,
693 1314 106 57 qui,
759 1314 79 57 je
799 1314 132 57 crois,
891 1314 79 57 ne
931 1314 106 57 sera
983 1314 106 57 jamais

111 1345 69 35 à
139 1345 83 35 la
180 1345 153 35 hauteur
291 1345 83 35 de
333 1345 83 35 la
361 1345 194 35 révolution.»

121 1370 117 52 23872
199 1370 155 52 AMEILHON
315 1370 91 52 (H.
367 1370 104 52 P.),
432 1370 142 52 célèbre
535 1370 142 52 érudit,
639 1370 207 52 organisateur
807 1370 78 52 de
846 1370 78 52 la
885 1370 207 52 Bibliothèque
1040 1370 52 52 de

113 1420 174 38 l’Arsenal,
249 1420 124 38 membre
336 1420 75 38 de
374 1420 137 38 l’Acad.
473 1420 87 38 des
523 1420 162 38 inscript.
647 1420 112 38 P.
722 1420 75 38 a.
759 1420 137 38 s.
859 1420 124 38 Paris,
946 1420 75 38 12
971 1420 124 38 prairial

104 1449 131 43 an
170 1449 153 43 XI,
257 1449 109 43 1
301 1449 131 43 p.
366 1449 197 43 in-4.
498 1449 109 43 3
519 1449 66 43 »

113 1483 229 66 Intéressante
299 1483 129 66 pièce
385 1483 100 66 sur
442 1483 86 66 la
485 1483 229 66 Bibliothèque
671 1483 86 66 de
700 1483 172 66 l’Arsenal.

110 1515 123 50 23873
192 1515 150 50 AUGUSTE
301 1515 82 50 II
342 1515 95 50 roi
396 1515 82 50 de
437 1515 150 50 Pologne
546 1515 82 50 et
587 1515 163 50 électeur
710 1515 82 50 de
751 1515 123 50 Saxe,
832 1515 191 50 successeur
982 1515 82 50 de
1009 1515 82 50 Jean

106 1561 159 43 Sobieski,
228 1561 134 43 détrôné
325 1561 85 43 par
374 1561 134 43 Charles
472 1561 98 43 XII.
533 1561 110 43 L.
606 1561 134 43 s.
704 1561 73 43 en
740 1561 146 43 italien,
850 1561 98 43 avec
911 1561 73 43 la
936 1561 146 43 souscript.

106 1599 127 36 aut.,
190 1599 84 36 au
232 1599 127 36 Pape;
317 1599 155 36 Dresde,
429 1599 84 36 20
471 1599 141 36 juill.
570 1599 127 36 1731,
654 1599 70 36 2
682 1599 84 36 p.
724 1599 155 36 in-fol.
837 1599 141 36 Légère
935 1599 141 36 tache.
1034 1599 70 36 5
1048 1599 42 36 »

146 1629 71 49 l
174 1629 100 49 lui
231 1629 157 49 annonce
345 1629 128 49 qu’il
431 1629 171 49 rappelle
559 1629 143 49 auprès
659 1629 86 49 de
702 1629 100 49 lui
759 1629 86 49 le
802 1629 128 49 comte
887 1629 143 49 Joseph
987 1629 86 49 de
1016 1629 71 49 Wa-

106 1656 174 53 kerbart,
236 1656 101 53 son
294 1656 217 53 ambassadeur
467 1656 145 53 auprès
569 1656 87 53 de
612 1656 87 53 Sa
641 1656 159 53 Sainteté.

117 1682 121 65 23874
197 1682 188 65 BALINCOURT
345 1682 94 65 (C.
398 1682 134 65 Guill.
492 1682 134 65 TESTU,
586 1682 147 65 marquis
693 1682 107 65 de),
760 1682 161 65 maréchal
881 1682 80 65 de
921 1682 134 65 France
1002 1682 80 65 sous

107 1738 100 44 Louis
174 1738 78 44 XV.
218 1738 100 44 P.
285 1738 122 44 s.
374 1738 67 44 20
407 1738 100 44 avril
474 1738 100 44 1768,
541 1738 56 44 3
563 1738 67 44 p.
596 1738 78 44 1/4
641 1738 122 44 in-fol.
730 1738 56 44 3
741 1738 33 44 »

110 1772 117 46 23875
188 1772 156 46 BARRAULT
305 1772 117 46 (E.),
383 1772 195 46 littérateur
539 1772 78 46 et
578 1772 195 46 publiciste,
733 1772 78 46 un
772 1772 91 46 des
824 1772 143 46 apôtres
928 1772 78 46 de
967 1772 78 46 la
993 1772 91 46 reli-

114 1809 92 41 ion
166 1809 276 41 saint-simonienne.
403 1809 118 41 L.
482 1809 79 41 a.
522 1809 132 41 s.
614 1809 66 41 à
640 1809 92 41 son
693 1809 118 41 frère
772 1809 132 41 Alexis
864 1809 171 41 Barrault;
983 1809 105 41 Paris,

99 1839 74 48 9
129 1839 118 48 nov.
202 1839 133 48 1831,
291 1839 74 48 3
320 1839 162 48 p.in-4,
438 1839 118 48 tête
512 1839 133 48 impr.
601 1839 88 48 de
645 1839 88 48 la
689 1839 177 48 religion
807 1839 280 48 saint

987 1877 99 46 3
1007 1877 79 46 50

128 1901 142 55 Épître
227 1901 100 55 des
284 1901 114 55 plus
355 1901 185 55 curieuses
498 1901 100 55 sur
555 1901 213 55 l’élévation
725 1901 85 55 du
768 1901 114 55 Père
839 1901 171 55 Enfantin
967 1901 85 55 au
996 1901 85 55 rang

96 1947 85 42 de
138 1947 113 42 chef
209 1947 156 42 suprême
323 1947 85 42 de
365 1947 85 42 la
408 1947 170 42 religion
535 1947 283 42 saint-simonienne
776 1947 85 42 et
819 1947 99 42 sur
875 1947 85 42 la
918 1947 170 42 retraite
1031 1947 57 42 de

107 1980 190 46 Rodrigues.
257 1980 150 46 Détails
352 1980 272 46 très

104 2016 117 48 23876
182 2016 168 48 BAUCHETON
311 2016 194 48 (François),
467 2016 130 48 député
558 2016 78 48 du
597 2016 104 48 Cher
661 2016 65 48 à
687 2016 78 48 la
726 2016 194 48 Convention.
882 2016 117 48 L.
959 2016 78 48 a.
985 2016 104 48 s.

107 2052 169 36 Maurepas,
237 2052 78 36 11
276 2052 169 36 thermidor
406 2052 78 36 an
445 2052 91 36 IV,
497 2052 91 36 3/4
549 2052 78 36 de
588 2052 78 36 p.
627 2052 117 36 in-4.
705 2052 208 36 Intéressanté
874 2052 78 36 et
913 2052 104 36 rare
965 2052 117 36 lettre.

655 2085 430 51 3
741 2085 344 51 50

97 2095 125 64 23877
180 2095 139 64 BENOIT
278 2095 97 64 XIV
333 2095 167 64 (Prosper
458 2095 222 64 LAMBERTINI),
639 2095 111 64 pape
708 2095 153 64 (1740),
819 2095 83 64 un
861 2095 97 64 des
916 2095 111 64 plus
972 2095 111 64 grands
