1616 2970
762 85 253 108 382
870 85 109 108 —

205 183 124 76 Le
267 183 165 76 fait
370 183 124 76 de
432 183 124 76 la
494 183 227 76 brûlure
659 183 144 76 des
742 183 186 76 chats
866 183 124 76 au
928 183 144 76 feu
1010 183 124 76 de
1072 183 124 76 la
1134 183 289 76 Saint-Jean
1361 183 144 76 est
1423 183 124 76 dans

156 236 148 72 les
240 236 232 72 comptes
409 236 126 72 de
472 236 126 72 la
535 236 232 72 prévôté
704 236 126 72 de
767 236 190 72 Paris
894 236 126 72 au
957 236 274 72 troisième
1168 236 211 72 volume
1315 236 126 72 de
1357 236 190 72 Sauval,

159 296 119 49 le
219 296 179 49 reste
338 296 139 49 est
417 296 159 49 tout
516 296 99 49 à
556 296 159 49 fait
635 296 278 49 imaginé.....

113 343 182 58 4685.
234 343 323 58 Soult
497 343 141 58 (le
577 343 283 58 maréchal),
800 343 141 58 duc
880 343 121 58 de
941 343 263 58 Dalmatie.
1143 343 121 58 L.
1204 343 162 58 sig.
1284 343 263 58 Charlotten-

141 391 379 61 bourg,
407 391 228 61 21
521 391 342 61 sept.
748 391 342 61 1808.
976 391 190 61 1
1052 391 228 61 p.
1166 391 342 61 in-4.
1393 391 190 61 2
1431 391 114 61 »

109 437 192 58 4686.
237 437 449 58 Steffenone
622 437 278 58 (madame),
836 437 235 58 célèbre
1007 437 299 58 cantatrice
1242 437 299 58 italienne.
1455 437 86 58 L.

161 494 163 55 aut.
262 494 163 55 sig.
364 494 143 55 (en
446 494 265 55 italien).
649 494 204 55 Paris,
792 494 122 55 12
853 494 224 55 décemb.
1016 494 183 55 1855.
1138 494 102 55 1
1179 494 122 55 p.
1240 494 143 55 pl.
1321 494 183 55 in-8.
1443 494 102 55 2
1464 494 81 55 50

109 531 185 76 4687.
233 531 370 76 Suchet,
541 531 206 76 évêque
685 531 247 76 d’Alger.
870 531 123 76 L.
931 531 164 76 aut.
1034 531 164 76 sig.
1137 531 185 76 comme
1240 531 308 76 vicaire-

154 591 187 49 ral
261 591 321 49 d’Alger.
502 591 268 49 Paris,
690 591 161 49 10
770 591 241 49 avril
931 591 268 49 184...
1118 591 134 49 1
1172 591 161 49 p.
1252 591 241 49 in-8.
1413 591 134 49 1
1440 591 107 49 50

111 628 190 61 4688.
238 628 422 61 Taboureau
596 628 295 61 contrôleur
828 628 253 61 général.
1018 628 127 61 L.
1082 628 127 61 a.
1145 628 148 61 s.,
1229 628 106 61 à
1272 628 127 61 M.
1314 628 232 61 Trudaine.

157 677 410 54 Fontainebleau,
499 677 137 54 23
567 677 251 54 octobre
750 677 205 54 1776.
886 677 114 54 1
932 677 137 54 p.
1000 677 159 54 pl.
1091 677 137 54 et
1160 677 205 54 quart
1296 677 205 54 in-4.
1433 677 114 54 1
1456 677 91 54 50

111 725 184 58 4689.
233 725 430 58 Talleyrand
602 725 430 58 (Charles-Maurice,
971 725 205 58 prince
1115 725 164 58 de),
1217 725 266 58 diplomate
1402 725 143 58 célè

163 773 156 62 bre.
260 773 117 62 L.
318 773 156 62 aut.
415 773 175 62 sig.,
532 773 117 62 en
590 773 253 62 l’absence
785 773 117 62 du
843 773 233 62 ministre
1018 773 136 62 des
1096 773 253 62 relations
1271 773 272 62 extérieures,

160 827 126 59 au
223 827 252 59 ministre
412 827 126 59 de
475 827 126 59 la
538 827 231 59 guerre.
706 827 210 59 Paris,
853 827 126 59 13
916 827 252 59 germinal
1105 827 126 59 an
1168 827 168 59 VII.
1273 827 105 59 2
1315 827 147 59 gr.
1399 827 126 59 p.
1441 827 105 59 in-

141 873 304 65 fol.
331 873 304 65 Tête
521 873 455 65 imprimée
862 873 228 65 et
976 873 493 65 vignette.
1355 873 228 65 12
1431 873 114 65 »

206 919 244 51 Curieuse
389 919 183 51 pièce
511 919 305 51 historique,
754 919 244 51 relative
937 919 102 51 à
978 919 224 51 l’envoi
1141 919 122 51 de
1202 919 264 51 chaloupes
1384 919 163 51 canon-

159 968 216 58 nières
311 968 130 58 et
376 968 216 58 autres
527 968 346 58 embarcations
808 968 173 58 pour
917 968 281 58 s’opposer
1133 968 108 58 à
1176 968 151 58 une
1263 968 260 58 invasion
1436 968 108 58 des

159 1016 234 55 Anglais
329 1016 171 55 dans
436 1016 192 55 l’ile
564 1016 128 55 de
606 1016 256 55 Walcheren.

107 1069 206 59 4690.
244 1069 320 59 Tascher
496 1069 137 59 de
564 1069 137 59 la
633 1069 343 59 Pagerie
907 1069 160 59 (le
998 1069 206 59 comte
1136 1069 297 59 Charles),
1341 1069 206 59 premier

157 1113 308 57 chambellan
399 1113 132 57 de
465 1113 132 57 S.
530 1113 132 57 M.
596 1113 395 57 l’Impératrice.
926 1113 132 57 L.
992 1113 176 57 aut.
1102 1113 198 57 sig.,
1233 1113 110 57 à
1277 1113 132 57 M.
1321 1113 220 57 Benelli,

154 1159 272 59 Palais
344 1159 191 59 des
453 1159 381 59 Tuileries,
753 1159 136 59 9
808 1159 218 59 août
944 1159 245 59 1858.
1107 1159 136 59 1
1162 1159 163 59 p.
1243 1159 245 59 in-8.
1407 1159 136 59 2
1434 1159 109 59 50

112 1208 177 65 4691.
230 1208 413 65 Taschereau
584 1208 236 65 (Jules),
761 1208 315 65 littérateur,
1017 1208 256 65 directeur
1214 1208 118 65 de
1273 1208 118 65 la
1312 1208 236 65 bibliothè

164 1255 140 60 que
244 1255 280 60 impériale.
464 1255 120 60 L.
524 1255 160 60 aut.
624 1255 180 60 sig.,
744 1255 100 60 à
784 1255 120 60 M.
844 1255 120 60 de
905 1255 120 60 la
965 1255 200 60 Place,
1105 1255 100 60 à
1145 1255 240 60 Orléans.
1325 1255 120 60 16
1365 1255 180 60 août..,

105 1304 379 56 1
257 1304 455 56 p.
485 1304 531 56 pl.
788 1304 683 56 in-8.
1243 1304 379 56 2
1319 1304 228 56 »

112 1341 196 76 4692.
243 1341 283 76 Terray
460 1341 131 76 de
526 1341 370 76 Rozières
830 1341 131 76 L.
895 1341 174 76 aut.
1004 1341 196 76 sig.,
1135 1341 109 76 à
1178 1341 131 76 M.
1243 1341 283 76 Trudaine.
1439 1341 109 76 Ro

157 1404 251 51 zières,
339 1404 182 51 près
453 1404 478 51 Nogent-sur-Seine.
863 1404 137 51 26
932 1404 182 51 mars
1046 1404 205 51 1771.
1182 1404 114 51 3
1228 1404 137 51 p.
1296 1404 205 51 in-4.
1433 1404 114 51 2
1456 1404 91 51 50

109 1438 179 77 4693.
229 1438 379 77 Thouret,
548 1438 239 77 médecin,
727 1438 199 77 membre
867 1438 120 77 du
927 1438 179 77 Corps
1046 1438 299 77 législatif.
1286 1438 120 77 L.
1346 1438 160 77 aut.
1425 1438 120 77 sig.

143 1497 369 63 Paris,
402 1497 222 63 23
513 1497 296 63 déc.
697 1497 333 63 1808.
919 1497 185 63 2
993 1497 222 63 p.
1104 1497 369 63 in-4.5
1362 1497 185 63 1
1399 1497 148 63 50

110 1542 182 59 4694.
231 1542 304 59 Thun
475 1542 142 59 (le
556 1542 182 59 baron
677 1542 162 59 de),
779 1542 243 59 ministre
961 1542 122 59 de
1022 1542 304 59 Wurtemberg.
1265 1542 122 59 L.
1326 1542 122 59 a.
1387 1542 122 59 s.
1427 1542 122 59 (âla

159 1593 124 64 3e
221 1593 290 64 personne),
449 1593 104 64 à
491 1593 124 64 M.
553 1593 269 64 Trudaine.
760 1593 207 64 Paris,
905 1593 166 64 6mai
1009 1593 187 64 1769.
1133 1593 104 64 1
1175 1593 124 64 p.
1237 1593 145 64 pl.
1320 1593 187 64 in-4.
1444 1593 104 64 1
1465 1593 83 64 50

111 1643 187 52 4695.
236 1643 312 52 Tote
486 1643 229 52 (madame
653 1643 167 52 de),
757 1643 229 52 artiste
923 1643 229 52 peintre
1090 1643 271 52 anglaise.
1298 1643 125 52 L.
1361 1643 167 52 aut.
1444 1643 104 52 (en

159 1687 299 65 français),
394 1687 107 65 à
436 1687 150 65 Mme
522 1687 128 65 la
586 1687 320 65 duchesse...
842 1687 256 65 Londres,
1034 1687 107 65 9
1077 1687 214 65 avril.
1227 1687 107 65 4
1269 1687 128 65 p.
1333 1687 192 65 in-8.
1462 1687 107 65 6
1483 1687 64 65 »

206 1734 330 61 Très-aimable
475 1734 124 61 et
537 1734 413 61 très-affectueuse
888 1734 227 61 lettre.
1053 1734 268 61 Nouvelles
1259 1734 144 61 sur
1342 1734 124 61 sa
1383 1734 165 61 situa-

160 1779 186 61 tion.
285 1779 166 61 Lady
388 1779 269 61 Salisbury
595 1779 145 61 est
678 1779 124 61 la
740 1779 186 61 seule
865 1779 249 61 personne
1051 1779 145 61 qui
1134 1779 145 61 lui
1217 1779 145 61 ait
1299 1779 186 61 donné
1403 1779 145 61 signe

157 1833 124 60 de
219 1833 166 60 vie.
323 1833 166 60 Roup
427 1833 352 60 très-brillant
717 1833 207 60 auquel
862 1833 166 60 elle
966 1833 104 60 a
1007 1833 124 60 eu
1069 1833 124 60 la
1131 1833 187 60 bonté
1256 1833 124 60 de
1297 1833 249 60 l’inviter,

156 1879 174 52 mais
265 1879 131 52 où
330 1879 174 52 elle
439 1879 131 52 ne
505 1879 327 52 connaissait
766 1879 283 52 personne.
984 1879 131 52 La
1049 1879 261 52 duchesse
1245 1879 131 52 de
1289 1879 261 52 Devonshire

156 1930 199 57 n’est
288 1930 154 57 pas
377 1930 221 57 encore
531 1930 199 57 venue
663 1930 177 57 voir
774 1930 154 57 ses
862 1930 287 57 ouvrages;
1083 1930 154 57 ses
1149 1930 397 57 désapointements,

153 1975 288 53 Cependant
374 1975 222 53 depuis
530 1975 244 53 quelque
707 1975 222 53 temps,
862 1975 133 53 on
928 1975 199 53 vient
1061 1975 266 53 beaucoup
1261 1975 177 53 voir
1372 1975 155 53 ses
1438 1975 111 53 ta-

161 2022 239 57 bleaux:
335 2022 130 57 ce
400 2022 152 57 que
487 2022 152 57 les
574 2022 217 57 belles
727 2022 196 57 dames
857 2022 217 57 disent
1009 2022 152 57 dix
1096 2022 174 57 fois
1205 2022 174 57 pour
1314 2022 152 57 une
1401 2022 130 57 en
1444 2022 109 57 les

126 2072 288 63 voyant....

107 2110 176 72 4696.
225 2110 390 72 Treneuil
556 2110 176 72 poète
673 2110 273 72 élégiaque,
888 2110 195 72 auteur
1024 2110 137 72 de:
1102 2110 195 72 Les
1239 2110 234 72 Tombeaux
1395 2110 156 72 de

157 2167 366 56 Saint-Denis,
465 2167 154 56 etc.
561 2167 116 56 Né
619 2167 96 56 à
658 2167 270 56 Cahors
870 2167 193 56 (Lot).
1005 2167 116 56 L.
1062 2167 154 56 aut.
1159 2167 173 56 sig.,
1274 2167 96 56 à
1313 2167 116 56 M.
1351 2167 193 56 Maurice.

128 2214 230 75 1
220 2214 276 75 p.
358 2214 322 75 pl.
541 2214 276 75 et
679 2214 413 75 demie
955 2214 413 75 in-8.
1230 2214 230 75 5
1322 2214 230 75 2
1368 2214 184 75 50

204 2264 123 58 De
265 2264 266 58 nouvelles
470 2264 327 58 dispositions
736 2264 123 58 le
797 2264 164 58 font
899 2264 246 58 renoncer
1083 2264 123 58 au
1145 2264 225 58 dessein
1308 2264 184 58 qu’il
1411 2264 143 58 avait

154 2308 246 68 d’aller
332 2308 223 68 demain
489 2308 268 68 entendre
667 2308 179 68 Talma.

111 2352 185 70 4697.
235 2352 267 70 Turpin
440 2352 123 70 de
501 2352 287 70 Crissé
727 2352 144 70 (le
809 2352 226 70 comte),
973 2352 246 70 écrivain
1158 2352 287 70 militaire.
1384 2352 123 70 L.
1425 2352 123 70 aut.

157 2420 187 60 sig.,
282 2420 104 60 à
323 2420 124 60 M.
385 2420 145 60 ...
468 2420 269 60 Chazelet,
675 2420 166 60 près
779 2420 332 60 Saint-Benoit
1049 2420 269 60 Dussault,
1256 2420 124 60 16
1318 2420 166 60 juin
1401 2420 145 60 1747.

103 2456 382 55 6
255 2456 535 55 gr.
561 2456 458 55 p.
790 2456 688 55 in-4.
1248 2456 382 55 5
1325 2456 229 55 »

109 2492 194 72 4698.
239 2492 495 72 Valéry-Gomez
669 2492 194 72 (Mlle
798 2492 172 72 L.),
906 2492 237 72 célèbre
1078 2492 258 72 danseuse
1272 2492 280 72 espagnole
1466 2492 86 72 de

161 2550 212 58 l’école
315 2550 270 58 italienne.
527 2550 116 58 L.
585 2550 154 58 aut.
681 2550 154 58 sig.
777 2550 135 58 (en
854 2550 250 58 italien).
1047 2550 193 58 Dover,
1182 2550 116 58 18
1240 2550 250 58 septembre
1413 2550 135 58 1855.

150 2603 180 51 1
222 2603 216 51 p.
330 2603 252 51 pl.
474 2603 216 51 et
582 2603 324 51 demie
798 2603 324 51 in-8.
1013 2603 504 51 Théâtrale.
1409 2603 180 51 3
1445 2603 108 51 »

112 2642 180 62 4699.
232 2642 380 62 Vaillant
552 2642 140 62 (le
632 2642 280 62 maréchal),
851 2642 340 62 major-général
1131 2642 120 62 de
1191 2642 220 62 l’armée
1331 2642 220 62 d’Italie,

158 2702 215 60 membre
308 2702 129 60 de
372 2702 322 60 l’Institut.
630 2702 193 60 Pièce
759 2702 215 60 signée
909 2702 193 60 comme
1038 2702 236 60 colonel
1210 2702 129 60 et
1275 2702 279 60 président
1468 2702 86 60 du

155 2753 233 57 conseil
324 2753 424 57 d’administration
684 2753 127 57 du
748 2753 127 57 2e
812 2753 254 57 régiment
1002 2753 127 57 du
1066 2753 212 57 génie.
1214 2753 339 57 Montpellier,
1468 2753 85 57 12

134 2793 539 70 février
526 2793 441 70 1835.
820 2793 245 70 1
918 2793 294 70 p.
1065 2793 441 70 in-4.
1359 2793 245 70 2
1408 2793 147 70 »
