1154 2217
529 21 76 60 —
559 21 76 60 4
574 21 46 60 —

105 72 115 60 soire
182 72 77 60 en
220 72 115 60 1848.
297 72 115 60 L.
374 72 77 60 a.
412 72 128 60 s.
501 72 64 60 à
527 72 77 60 M.
565 72 128 60 Adams,
655 72 153 60 ministre
770 72 89 60 des
821 72 179 60 Etats-Unis
961 72 77 60 en
987 72 102 60 Angle-

114 109 125 52 terre;
202 109 150 52 Londres,
315 109 75 52 27
353 109 113 52 avril
428 109 113 52 1865,
503 109 63 52 1
528 109 75 52 p.
566 109 88 52 pl.
616 109 113 52 in-4.
691 109 75 52 10
716 109 38 52 »

138 153 130 47 Belle
224 153 159 47 lettre,
340 153 87 47 où
384 153 87 47 il
427 153 101 47 lui
485 153 174 47 exprime,
616 153 130 47 comme
703 153 188 47 Français,
848 153 87 47 la
891 153 174 47 profonde
1007 153 87 47 dou-

106 182 116 58 leur
179 182 131 58 qu’il
266 182 73 58 a
295 182 189 58 ressentie
440 182 73 58 à
470 182 87 58 la
513 182 174 58 nouvelle
644 182 87 58 de
687 182 232 58 l’assassinat
876 182 87 58 de
920 182 87 58 M.
949 182 145 58 Lincoln.

110 217 140 50 «Tous,
208 217 154 50 dit-il,
321 217 112 50 nous
391 217 126 50 avons
475 217 126 50 suivi
559 217 112 50 d’un
630 217 112 50 cœur
700 217 98 50 ému
756 217 98 50 les
812 217 154 50 progrès
924 217 84 50 de
967 217 84 50 la
995 217 98 50 cause

112 250 101 56 que
169 250 202 56 l’illustre
328 250 159 56 Abraham
444 250 159 56 Lincoln
559 250 72 56 a
588 250 87 56 si
631 250 216 56 puissamment
804 250 159 56 servie,
920 250 87 56 et
963 250 101 56 nos
1006 250 87 56 vœux

106 283 102 54 les
165 283 117 54 plus
238 283 161 54 ardents
355 283 117 54 sont
428 283 117 54 pour
501 283 88 54 la
545 283 205 54 prospérité
705 283 205 54 croissante
866 283 88 54 du
910 283 132 54 grand
983 283 117 54 peuple

113 319 127 55 qu’il
198 319 71 55 a
226 319 85 55 si
268 319 240 55 glorieusement
451 319 198 55 représenté.»

113 334 121 89 23172
193 334 148 89 BLANQUI
301 334 94 89 (L.
354 334 134 89 Aug.),
448 334 148 89 célèbre
556 334 269 89 révolutionnaire,
784 334 121 89 frère
865 334 81 89 de
892 334 201 89 l’économiste.

108 394 96 51 L.
172 394 64 51 a.
204 394 117 51 s.
289 394 53 51 2
311 394 96 51 sept.
374 394 96 51 1865,
438 394 53 51 2
460 394 64 51 p.
492 394 96 51 in-8.
555 394 53 51 6
566 394 32 51 »

140 431 125 42 Curieuse
234 431 115 42 épître,
317 431 63 42 où
348 431 63 42 il
380 431 125 42 rectifie
474 431 63 42 le
505 431 94 42 récit
568 431 63 42 de
599 431 63 42 la
630 431 146 42 Gazette
745 431 73 42 des
776 431 157 42 Tribunaux

107 459 222 50 relativement
287 459 69 50 à
315 459 83 50 sa
357 459 152 50 maladie
467 459 83 50 et
509 459 69 50 à
537 459 97 50 son
592 459 180 50 transport
731 459 97 50 des
786 459 152 50 prisons
897 459 83 50 de
939 459 83 50 la
980 459 125 50 Seine
1049 459 42 50 à

90 502 246 48 Sainte

109 536 115 51 23173
186 536 128 51 BONALD
275 536 89 51 (le
326 536 141 51 vicomte
429 536 102 51 de),
493 536 141 51 célèbre
595 536 153 51 écrivain
710 536 77 51 et
748 536 192 51 publiciste,
901 536 77 51 de
940 536 141 51 l’Acad.
1029 536 64 51 fr.

118 575 82 49 L.
173 575 55 49 a.
200 575 100 49 s.
273 575 64 49 3/4
310 575 55 49 de
337 575 55 49 p.
365 575 82 49 in-4.
419 575 46 49 3
428 575 37 49 50

141 606 239 44 Intéressante
335 606 134 44 pièce
425 606 104 44 sur
484 606 104 44 une
544 606 224 44 réclamation
723 606 104 44 des
783 606 194 44 habitants
932 606 90 44 de
977 606 90 44 la
1006 606 90 44 com-

114 641 118 50 mune
188 641 88 50 de
232 641 191 50 Compeyre,
379 641 103 50 sur
437 641 88 50 la
482 641 118 50 rive
555 641 147 50 droite
658 641 88 50 du
687 641 103 50 Tarn.

117 677 74 52 23174
166 677 115 52 BONAPARTE,
257 677 91 52 général
323 677 132 52 d’artillerie
430 677 49 52 de
454 677 91 52 l’armée
520 677 107 52 d'Italie.
602 677 74 52 L.
652 677 82 52 s.
701 677 66 52 Buona-

109 719 221 49 parte
291 719 104 49 avec
356 719 91 49 DIX
408 719 104 49 MOTS
473 719 208 49 AUTOGRAPHES;
643 719 117 49 Nice,
721 719 78 49 30
760 719 143 49 ventôse
864 719 78 49 an
903 719 91 49 II,
955 719 91 49 1/2
1007 719 78 49 p.
1033 719 65 49 in-

116 748 89 58 fol.,
175 748 109 58 cachet.
255 748 168 58 Intéressante.
393 748 158 58 Rare
522 748 59 58 20
541 748 30 58 »

108 776 114 55 23175
185 776 178 55 BONAPARTE,
324 776 140 55 général
426 776 76 55 en
464 776 102 55 chef
528 776 76 55 de
566 776 140 55 l’armée
668 776 165 55 d’Égypte.
795 776 114 55 L.
871 776 140 55 s.
973 776 76 55 Le
998 776 102 55 Caire,

108 829 82 41 26
149 829 179 41 fructidor
287 829 82 41 an
328 829 96 41 VI,
383 829 96 41 1/2
438 829 82 41 p.
479 829 165 41 in-fol.,
603 829 110 41 vig.
671 829 82 41 et
712 829 110 41 tête
781 829 124 41 impr.
864 829 124 41 Belle
946 829 137 41 pièce.
1042 829 69 41 6
1056 829 41 41 »

112 861 102 41 23176
180 861 159 41 BONAPARTE,
305 861 125 41 premier
396 861 125 41 consul.
486 861 159 41 Appostille
611 861 125 41 signée;
702 861 114 41 Paris,
782 861 68 41 29
804 861 114 41 frimaire

116 898 72 48 an
152 898 72 48 X,
188 898 60 48 1
212 898 72 48 p.
248 898 133 48 in-fol.
345 898 60 48 4
357 898 36 48 »

114 927 123 48 23177
196 927 178 48 BONAPARTE
333 927 178 48 (Joseph),
470 927 96 48 roi
525 927 82 48 de
566 927 150 48 Naples,
675 927 109 48 puis
743 927 191 48 d’Espagne,
894 927 123 48 frère
976 927 82 48 de
1003 927 96 48 Napo-

113 971 99 33 léon
175 971 99 33 Ier.
237 971 112 33 L.
311 971 74 33 a.
348 971 124 33 s.
435 971 62 33 à
460 971 74 33 sa
497 971 112 33 chère
572 971 99 33 sœur
634 971 223 33 (l’impératrice
820 971 186 33 Joséphine);
956 971 137 33 Mortefon-

109 1003 128 36 taine,
199 1003 77 36 18
238 1003 193 36 vendémiaire
392 1003 77 36 an
430 1003 103 36 XII,
494 1003 90 36 1/2
546 1003 77 36 p.
584 1003 116 36 in-4.
661 1003 116 36 Jolie
738 1003 141 36 lettre.
841 1003 64 36 5
854 1003 51 36 50

114 1036 128 43 23178
199 1036 184 43 BONAPARTE
341 1036 184 43 (Lucien),
482 1036 142 43 prince
582 1036 85 43 de
624 1036 156 43 Canino,
738 1036 184 43 ministre,
879 1036 128 43 frère
964 1036 85 43 de
993 1036 99 43 Napo-

111 1068 96 49 léon
171 1068 96 49 Ier,
231 1068 120 49 membre
315 1068 72 49 de
351 1068 132 49 l’Acad.
447 1068 84 49 fr.
495 1068 108 49 L.
567 1068 72 49 a.
603 1068 120 49 s.
687 1068 60 49 à
711 1068 156 49 Ladvocat;
831 1068 144 49 Londres,
939 1068 72 49 30
963 1068 72 49 nov.

119 1103 110 44 1835,
192 1103 85 44 1/2
241 1103 73 44 p.
277 1103 110 44 in-4,
350 1103 122 44 cachet
435 1103 122 44 brisé.
521 1103 110 44 Belle
594 1103 134 44 lettre.
691 1103 61 44 7
703 1103 49 44 50

116 1142 89 37 23179
175 1142 128 37 BONAPARTE
274 1142 128 37 (Jérôme),
373 1142 69 37 roi
412 1142 59 37 de
442 1142 148 37 Vestphalie,
561 1142 119 37 maréchal
649 1142 59 37 de
679 1142 109 37 France,
758 1142 59 37 le
778 1142 59 37 plus

123 1177 83 42 jeune
178 1177 65 42 des
215 1177 92 42 frères
280 1177 55 42 de
307 1177 111 42 Napoléon
390 1177 74 42 Ier.
436 1177 83 42 L.
492 1177 55 42 a.
519 1177 92 42 s.
584 1177 46 42 à
602 1177 55 42 M.
630 1177 65 42 Ed.
667 1177 101 42 Thayer;
741 1177 92 42 Paris,
796 1177 37 42 21

118 1205 103 47 janv.
186 1205 103 47 1848,
254 1205 57 47 1
277 1205 68 47 p.
312 1205 103 47 in-8.
380 1205 68 47 15
403 1205 34 47 »

110 1237 123 51 Belle
192 1237 136 51 lettre
288 1237 82 51 de
329 1237 246 51 recommandation
533 1237 82 51 en
574 1237 136 51 faveur
670 1237 82 51 de
711 1237 82 51 M.
751 1237 177 51 Chautard,
888 1237 109 51 fils
942 1237 55 51 de

119 1277 101 46 celui
186 1277 79 46 qui
231 1277 158 46 commandait
355 1277 68 46 le
389 1277 101 46 brick
457 1277 259 46 l'Inconstant
682 1277 56 46 à
704 1277 101 46 l’île
772 1277 124 46 d’Elbe.
862 1277 113 46 «C'est
930 1277 56 46 une

113 1319 158 38 famille
228 1319 129 38 toute
314 1319 158 38 dévouée
429 1319 72 38 à
458 1319 86 38 la
486 1319 144 38 mienne.»

117 1348 77 45 23180
169 1348 111 45 BONAPARTE
254 1348 60 45 (le
288 1348 85 45 prince
348 1348 120 45 Napoléon),
442 1348 103 45 ministre
519 1348 51 45 et
545 1348 111 45 sénateur,
630 1348 68 45 fils
673 1348 51 45 du
690 1348 51 45 pré-

114 1384 103 43 cédent.
188 1384 84 43 L.
244 1384 56 43 a.
272 1384 93 43 s.
337 1384 47 43 à
356 1384 56 43 M.
384 1384 103 43 Thayer;
458 1384 47 43 4
477 1384 75 43 août
524 1384 84 43 1852,
580 1384 65 43 1/2
617 1384 56 43 p.
645 1384 84 43 in-8.
701 1384 47 43 6
710 1384 28 43 »

123 1422 73 49 23181
172 1422 105 49 BONAPARTE
253 1422 57 49 (la
285 1422 105 49 princesse
366 1422 113 49 Mathilde),
455 1422 65 49 sœur
496 1422 49 49 du
520 1422 113 49 précédent.
609 1422 73 49 L.
658 1422 49 49 a.
674 1422 73 49 s.

113 1456 84 44 20
155 1456 112 44 mars
225 1456 126 44 1853,
309 1456 70 44 1
337 1456 84 44 p.
379 1456 98 44 pl.
435 1456 126 44 in-8.
519 1456 70 44 3
533 1456 42 44 »

122 1489 95 47 23182
186 1489 126 47 BORROMÉE
281 1489 211 47 (Saint-Charles),
460 1489 148 47 l’illustre
576 1489 148 47 archevêque
691 1489 63 47 de
723 1489 105 47 Milan.
797 1489 116 47 L.s.
881 1489 63 47 C.
902 1489 116 47 Carle

119 1527 106 40 di
190 1527 83 40 Sta
237 1527 201 40 Prassede
403 1527 95 40 âvec
462 1527 71 40 la
498 1527 166 40 souscript.
628 1527 106 40 aut.,
699 1527 71 40 au
734 1527 142 40 cardinal
841 1527 154 40 Commendon
959 1527 59 40 ;
971 1527 59 40 Mi-

111 1566 100 44 lan,
173 1566 75 44 26
211 1566 113 44 févr.
286 1566 113 44 1580,
361 1566 88 44 1/2
411 1566 75 44 p.
448 1566 150 44 in-fol.,
561 1566 113 44 trace
636 1566 75 44 de
673 1566 138 44 cachet.
773 1566 175 44 Très-belle
898 1566 100 44 pièce.

1003 1592 68 38 80
1025 1592 34 38 »

121 1617 90 55 23183
181 1617 90 55 BOSIO
241 1617 80 55 (Fr.
291 1617 90 55 Jos.,
352 1617 110 55 baron),
432 1617 110 55 célèbre
512 1617 140 55 sculpteur,
622 1617 100 55 membre
692 1617 60 55 de
722 1617 150 55 l’Institut.
843 1617 90 55 L.
903 1617 60 55 a.
923 1617 80 55 s

113 1664 68 46 à
141 1664 81 46 M.
181 1664 122 46 Grün;
263 1664 68 46 5
290 1664 190 46 septembre,
439 1664 95 46 3/4
493 1664 81 46 de
534 1664 81 46 p.
575 1664 122 46 in-8,
656 1664 149 46 cachet.
765 1664 68 46 5
778 1664 41 46 »

155 1702 72 45 l
183 1702 101 45 lui
241 1702 116 45 fait
314 1702 159 45 hommage
430 1702 87 45 de
473 1702 101 45 son
531 1702 130 45 buste
618 1702 87 45 de
661 1702 87 45 La
690 1702 116 45 Riera.

11 1721 137 72 23184
102 1721 183 72 BOUILLON
239 1721 137 72 (Emm.
331 1721 198 72 Théodose,
483 1721 183 72 cardinal
620 1721 122 72 de);
697 1721 274 72 grand-aumônier
925 1721 91 72 de
956 1721 137 72 France,

114 1769 129 47 fameux
204 1769 90 47 par
256 1769 77 47 sa
294 1769 167 47 disgrâce.
423 1769 116 47 L.
500 1769 77 47 a.
539 1769 129 47 s.
629 1769 64 47 à
655 1769 77 47 M.
693 1769 154 47 Garrant;
809 1769 154 47 Tournus,
925 1769 77 47 25
963 1769 90 47 mai
1002 1769 90 47 1688,

142 1811 46 46 3
160 1811 55 46 p.
187 1811 64 46 pl.
224 1811 82 46 in-4.
278 1811 55 46 15
297 1811 27 46 »

144 1837 144 61 Épître
244 1837 115 61 fort
316 1837 173 61 curieuse
446 1837 101 61 sur
503 1837 101 61 Mme
561 1837 86 61 de
589 1837 173 61 Maintenon.

118 1866 113 66 23185
194 1866 138 66 BOURDON
294 1866 176 66 (Léonard),
432 1866 138 66 célèbre
532 1866 213 66 conventionnel
708 1866 188 66 montagnard.
859 1866 113 66 L.
934 1866 75 66 a.
972 1866 125 66 s.
1047 1866 50 66 au

118 1930 179 46 président
256 1930 82 46 de
297 1930 206 46 l’Assemblée
462 1930 192 46 électorale
613 1930 82 46 de
654 1930 137 46 Paris;
750 1930 82 46 15
792 1930 124 46 sept.
874 1930 124 46 1792,
957 1930 96 46 3/4
1012 1930 82 46 de
1039 1930 55 46 p.

125 1960 91 47 in-fol.
191 1960 41 47 4
199 1960 25 47 »

146 1993 174 52 Curieuse
277 1993 160 52 lettre,
393 1993 116 52 dans
466 1993 174 52 laquelle
596 1993 87 52 il
640 1993 160 52 demande
756 1993 247 52 communication
959 1993 87 52 de
988 1993 116 52 toutes

119 2033 64 47 les
156 2033 156 47 dénonciations
284 2033 92 47 faites
349 2033 92 47 contre
404 2033 55 47 lui.

623 2059 60 64 23186
664 2059 87 64 BOURGELAT
731 2059 87 64 (Claude),
798 2059 40 64 le
818 2059 80 64 créateur
878 2059 40 64 de
898 2059 121 64 l’hippiatrique
999 2059 40 64 et
1019 2059 40 64 le
1032 2059 74 64 fondateur

440 2107 61 48 des
475 2107 87 48 écoles
536 2107 140 48 vétérinaires
650 2107 52 48 en
676 2107 96 48 France.
745 2107 78 48 L.
798 2107 52 48 a.
824 2107 87 48 s.
885 2107 44 48 à
902 2107 52 48 M.
929 2107 113 48 Raffeneau
1016 2107 52 48 de
1033 2107 70 48 Lisle;

115 2144 170 60 Alfort,
238 2144 124 60 nov.
315 2144 139 60 1778,
408 2144 108 60 3/4
470 2144 93 60 de
516 2144 93 60 p.
563 2144 139 60 in-4.
655 2144 77 60 3
671 2144 46 60 »
