1165 2211
551 -6 60 58 —
575 -6 72 58 10
599 -6 36 58 —

131 42 123 71 23270
213 42 150 71 LECAMUS
322 42 95 71 (le
377 42 164 71 cardinal
499 42 177 71 Étienne),
636 42 136 71 évêque
731 42 82 71 de
772 42 177 71 Grenoble,
908 42 136 71 auteur
1004 42 82 71 de
1031 42 82 71 plu-

131 95 127 44 sieurs
220 95 153 44 ouvrages
335 95 191 44 ascétiques.
488 95 115 44 P.
564 95 165 44 s.,
691 95 76 44 en
729 95 127 44 latin;
818 95 165 44 Grenoble,
946 95 64 44 7
971 95 102 44 mars
1022 95 89 44 1679,

151 136 58 54 1
175 136 69 54 p.
209 136 138 54 in-fol.,
313 136 92 54 tête
370 136 104 54 impr.
439 136 69 54 et
474 136 127 54 cachet.
566 136 58 54 3
577 136 35 54 »

126 151 122 77 23271
208 151 149 77 LECONTE
316 151 81 77 DE
356 151 122 77 LISLE
437 151 270 77 (Charles-Marie),
667 151 81 77 un
708 151 95 77 des
762 151 135 77 poëtes
856 151 95 77 les
910 151 108 77 plus
964 151 149 77 originaux

137 211 70 54 de
172 211 105 54 notre
242 211 116 54 temps.
323 211 105 54 L.
393 211 70 54 a.
428 211 128 54 s.
521 211 105 54 1862,
590 211 58 54 1
613 211 70 54 p.
648 211 116 54 in-12.
730 211 105 54 Jolie
799 211 116 54 pièce.
881 211 58 54 2
892 211 35 54 »

135 253 113 46 23272
211 253 138 46 LEGOUVÉ
311 253 175 46 (Gabriel),
448 253 125 46 poëte,
536 253 125 46 auteur
623 253 75 46 du
661 253 163 46 Mérite
786 253 88 46 des
836 253 188 46 femmes
986 253 125 46 membre
1061 253 50 46 de

134 290 52 39 l’Acad.
172 290 33 39 fr.
191 290 42 39 L.
219 290 28 39 a.
233 290 52 39 s.
271 290 24 39 1
281 290 28 39 p.
295 290 42 39 in-4.
323 290 42 39 Jolie
351 290 52 39 lettre.
389 290 24 39 4
394 290 14 39 »

392 316 81 55 23273
446 316 117 55 LEVERRIER
536 316 81 55 (M.),
590 316 99 55 célèbre
662 316 126 55 astronome,
761 316 90 55 membre
824 316 54 55 de
851 316 135 55 l’Institut.
959 316 81 55 L.
1013 316 54 55 a.
1031 316 81 55 s.

132 356 71 54 3/4
173 356 61 54 de
203 356 61 54 p.
234 356 92 54 in-8.
295 356 51 54 2
305 356 31 54 »

130 370 105 62 23274
200 370 105 62 LOUIS
270 370 93 62 XIV,
328 370 81 62 roi
375 370 70 62 de
410 370 128 62 France.
503 370 105 62 L.
573 370 128 62 s.
666 370 163 62 contresig.
794 370 81 62 par
840 370 163 62 Arnauld
968 370 70 62 de
992 370 116 62 Pom

130 427 199 51 ponne
295 427 70 51 au
330 427 141 51 cardinal
435 427 188 51 Rospigliosi;
588 427 305 51 Saint-Germain-en-Laye,
858 427 59 51 4
881 427 106 51 févr.
940 427 82 51 1677,

141 461 71 48 /2
177 461 71 48 p.
212 461 142 48 in-fol.,
319 461 107 48 trace
390 461 71 48 de
425 461 130 48 cachet.
520 461 59 48 4
532 461 47 48 50

129 478 82 65 23275
184 478 82 65 LOUIS
239 478 92 65 XVIII,
303 478 64 65 roi
339 478 55 65 de
367 478 101 65 France.
440 478 82 65 L.
495 478 55 65 a.
523 478 92 65 s.
587 478 46 65 à
605 478 92 65 M....;
669 478 119 65 Gosfield,
761 478 55 65 27
788 478 82 65 janv.
834 478 64 65 1808,

150 538 73 49 1/2
191 538 63 49 p.
223 538 94 49 in-4.
285 538 94 49 Jolie
348 538 115 49 lettre.
431 538 63 49 18
452 538 31 49 »

133 554 97 64 23276
198 554 97 64 LOUIS
262 554 129 64 PHILIPPE
359 554 86 64 Ier,
413 554 75 64 roi
456 554 75 64 des
499 554 140 64 Français.
607 554 97 64 L.
671 554 118 64 s.
757 554 86 64 avec
811 554 65 64 la
843 554 151 64 souscript.
951 554 75 64 aut.,

134 605 114 48 comme
210 605 88 48 duc
261 605 164 48 d’Orléans
387 605 76 48 au
425 605 152 48 cardinal
538 605 76 48 de
576 605 164 48 Périgord;
703 605 215 48 Palais-Royal,
879 605 76 48 19
905 605 88 48 janv.

140 629 102 64 1821,
207 629 56 64 1
230 629 68 64 p.
264 629 102 64 in-4.
332 629 102 64 Belle
399 629 124 64 lettre.
490 629 56 64 5
501 629 45 64 50

132 654 119 67 23277
211 654 119 67 LOUIS
290 654 92 67 II,
343 654 92 67 roi
396 654 79 67 de
435 654 145 67 Hongrie
541 654 79 67 et
580 654 79 67 de
620 654 145 67 Bohème,
725 654 185 67 beau-frère
871 654 79 67 de
897 654 211 67 Charles

138 709 89 41 tué
189 709 64 41 à
215 709 115 41 l’âge
292 709 77 41 de
330 709 115 41 vingt
406 709 102 41 ans,
470 709 77 41 en
509 709 115 41 1526,
585 709 64 41 à
611 709 77 41 la
649 709 153 41 bataille
764 709 77 41 de
802 709 141 41 Mohacz,
892 709 102 41 gagnée

137 746 85 39 par
186 746 73 39 le
222 746 122 39 sultan
307 746 134 39 Soliman
405 746 85 39 II.
454 746 110 39 L.
527 746 134 39 s.
624 746 85 39 sur
673 746 122 39 vélin,
758 746 73 39 en
795 746 122 39 latin,
880 746 61 39 à
905 746 146 39 François
1002 746 110 39 Sforce,

131 783 101 38 duc
188 783 86 38 de
231 783 144 38 Milan;
332 783 158 38 Prague,
447 783 86 38 27
490 783 115 38 août
562 783 129 38 1521,
649 783 101 38 1/2
706 783 86 38 p.
749 783 158 38 in-fol.
864 783 158 38 oblong,
980 783 129 38 trace
1051 783 58 38 de

131 812 115 41 cachet.
214 812 115 41 Superbe
297 812 104 41 pièce.
370 812 219 41 Très-rare
558 812 63 41 22
579 812 31 41 »

153 839 86 59 Il
196 839 86 59 le
239 839 115 59 prie
310 839 86 59 de
353 839 186 59 restituer
496 839 86 59 au
539 839 129 59 comte
625 839 129 59 André
711 839 129 59 Burgo
797 839 100 59 les
854 839 129 59 biens
940 839 100 59 qui
997 839 100 59 lui
1040 839 72 59 ap

122 886 190 38 artiennent.

131 903 99 67 23278
197 903 111 67 MAGNAN
275 903 232 67 (Bernard-Pierre),
474 903 133 67 maréchal
573 903 66 67 de
606 903 122 67 France.
695 903 99 67 L.
761 903 66 67 a.
794 903 111 67 s.
871 903 66 67 au
894 903 99 67 général

125 956 139 41 d’Hane;
226 956 152 41 Hasselt,
340 956 76 41 22
378 956 114 41 sept.
454 956 114 41 1832,
529 956 63 41 1
555 956 76 41 p.
593 956 88 41 pl.
643 956 114 41 in-4.
719 956 63 41 2
731 956 51 41 50

129 986 108 52 23279
201 986 84 52 MAI
249 986 84 52 (le
297 986 144 52 cardinal
404 986 120 52 Ange),
488 986 72 52 un
524 986 84 52 des
572 986 96 52 plus
632 986 132 52 savants
728 986 132 52 érudits
824 986 72 52 de
860 986 84 52 son
907 986 120 52 temps.
979 986 132 52 L.

132 1028 87 41 a.
190 1028 106 41 s.
267 1028 87 41 1847,
325 1028 48 41 1
344 1028 58 41 p.
373 1028 87 41 in-4.
431 1028 87 41 Belle
489 1028 106 41 lettre.
566 1028 48 41 3
575 1028 29 41 »

131 1066 124 42 23280
214 1066 124 42 MAINE
296 1066 193 42 (Louise-B.
448 1066 83 42 de
489 1066 165 42 BOURBON,
613 1066 165 42 duchesse
737 1066 110 42 Du),
806 1066 179 42 princesse
944 1066 151 42 célèbre
1040 1066 69 42 par

129 1097 89 40 ses
180 1097 166 40 intrigues
308 1097 76 40 la
346 1097 115 40 reine
422 1097 76 40 de
460 1097 76 40 la
499 1097 102 40 cour
562 1097 76 40 de
601 1097 140 40 Sceaux.
702 1097 115 40 P.
779 1097 140 40 s.
881 1097 89 40 sur
932 1097 127 40 vélin;
1008 1097 102 40 Paris,

127 1135 90 38 1er
179 1135 103 38 mars
243 1135 116 38 1744,
321 1135 64 38 1
346 1135 77 38 p.
385 1135 155 38 in-fol.,
501 1135 129 38 cachet
591 1135 142 38 armorié
695 1135 168 38 très-bien
824 1135 168 38 conservé.
940 1135 90 38 Belle

138 1162 73 46 pièce.
189 1162 36 46 3
196 1162 29 46 75

129 1186 109 55 23281
201 1186 145 55 MARÉCHAL
310 1186 169 55 (Sylvain),
443 1186 133 55 célèbre
540 1186 145 55 écrivain
649 1186 181 55 philosophe,
794 1186 121 55 auteur
878 1186 73 55 du
903 1186 205 55 Diction

130 1234 202 43 tionnaire
295 1234 88 43 des
345 1234 139 43 athées.
446 1234 76 43 L.
484 1234 76 43 a.
522 1234 126 43 s.
611 1234 63 43 à
636 1234 139 43 Lablée;
737 1234 126 43 Paris,
825 1234 76 43 29
863 1234 101 43 août
926 1234 114 43 1775,
1002 1234 63 43 2
1028 1234 76 43 p.
1053 1234 63 43 1/2

126 1269 96 50 in-8,
190 1269 117 50 cachet.
276 1269 64 50 10
297 1269 32 50 »

165 1288 207 60 Très-curieuse
335 1288 122 60 épître
421 1288 85 60 sur
469 1288 73 60 sa
506 1288 207 60 collaboration
676 1288 61 60 à
701 1288 85 60 des
749 1288 158 60 Essais
859 1288 195 60 poétiques

131 1340 124 65 23282
214 1340 124 65 MARIE
296 1340 82 65 DE
337 1340 165 65 MÉDICIS,
461 1340 124 65 reine
543 1340 82 65 et
584 1340 151 65 régente
694 1340 82 65 de
735 1340 151 65 France,
845 1340 124 65 femme
928 1340 82 65 de
969 1340 124 65 Henri
1037 1340 69 65 IV.

125 1378 123 42 L.
207 1378 137 42 a
303 1378 82 42 s.
344 1378 82 42 au
385 1378 96 42 duc
440 1378 82 42 de
481 1378 178 42 Bouillon,
617 1378 164 42 maréchal
740 1378 82 42 de
781 1378 150 42 France;
890 1378 150 42 Angers,
1000 1378 82 42 12
1027 1378 82 42 mars

128 1416 108 46 1620,
200 1416 60 46 1
224 1416 72 46 p.
260 1416 84 46 pl.
308 1416 108 46 in-4,
380 1416 132 46 cachets
475 1416 72 46 et
511 1416 120 46 soies.
595 1416 72 46 40
619 1416 36 46 »

162 1444 187 47 Très-belle
308 1444 147 47 lettre,
415 1444 80 47 où
455 1444 107 47 elle
522 1444 160 47 proteste
642 1444 80 47 du
681 1444 93 47 bon
735 1444 160 47 souvenir
855 1444 147 47 qu’elle
961 1444 67 47 a
988 1444 93 47 des
1028 1444 80 47 bons

133 1479 151 41 offices
243 1479 96 41 que
298 1479 96 41 lui
353 1479 69 41 a
380 1479 137 41 rendus
476 1479 82 41 le
518 1479 165 41 maréchal
641 1479 82 41 et
682 1479 82 41 de
724 1479 96 41 son
779 1479 137 41 espoir
875 1479 82 41 de
916 1479 96 41 lui
957 1479 151 41 témoigner

124 1517 153 39 bientôt
236 1517 98 39 son
291 1517 181 39 affection
431 1517 84 39 et
473 1517 98 39 son
528 1517 153 39 estime.
640 1517 98 39 (Le
696 1517 98 39 duc
751 1517 84 39 de
793 1517 181 39 Bouillon,
933 1517 139 39 retiré
1030 1517 70 39 à
1044 1517 70 39 Se-

136 1550 105 40 lan,
202 1550 184 40 favorisait
346 1550 79 40 le
386 1550 118 40 parti
465 1550 79 40 de
504 1550 79 40 la
544 1550 197 40 reine-mère,
701 1550 92 40 qui
754 1550 132 40 allait
846 1550 118 40 lever
925 1550 184 40 l’étendard
1056 1550 53 40 de

130 1578 87 44 la
174 1578 160 44 révolte
291 1578 87 44 et
334 1578 160 44 essuyer
451 1578 102 44 une
509 1578 160 44 défaite
626 1578 175 44 complète
757 1578 87 44 au
800 1578 146 44 combat
902 1578 87 44 de
931 1578 175 44 Castelnau

122 1618 109 43 dary.)

237 1638 105 58 23283
307 1638 105 58 MARIE
378 1638 164 58 LECZINSKA,
506 1638 105 58 reine
576 1638 70 58 de
611 1638 129 58 France,
705 1638 105 58 femme
775 1638 70 58 de
810 1638 105 58 Louis
880 1638 82 58 XV.
927 1638 105 58 L.
997 1638 117 58 s.
1067 1638 47 58 au

227 1688 97 40 pape;
292 1688 161 40 Versailles,
421 1688 65 40 18
453 1688 86 40 juin
507 1688 97 40 1729,
571 1688 54 40 1
593 1688 65 40 p.
625 1688 75 40 gr.
668 1688 118 40 in-fol.
754 1688 118 40 oblong.
840 1688 54 40 6
851 1688 43 40 50

166 1714 113 52 Elle
237 1714 170 52 l’assure
364 1714 156 52 qu’elle
477 1714 198 52 protégera,
633 1714 127 52 comme
718 1714 85 52 il
760 1714 85 52 le
803 1714 170 52 demande,
916 1714 198 52 Claude-

131 1756 111 49 çois
201 1756 153 49 d’Albe,
312 1756 181 49 religieux
451 1756 139 49 profès
549 1756 84 49 de
591 1756 167 49 l’abbaye
716 1756 84 49 de
758 1756 237 49 Saint-Benoît,
953 1756 153 49 diocèse
1050 1756 56 49 de

119 1796 120 43 Luçon.

135 1817 124 54 23284
218 1817 124 54 MARIE
301 1817 152 54 D’ESTE,
412 1817 124 54 reine
495 1817 235 54 d’Angleterre,
688 1817 124 54 femme
771 1817 83 54 de
813 1817 152 54 Jacques
923 1817 97 54 II,
979 1817 111 54 dont
1034 1817 83 54 elle

142 1862 140 41 partagéa
247 1862 81 41 les
294 1862 151 41 malheurs.
410 1862 105 41 L.
480 1862 116 41 a.
561 1862 58 41 à
585 1862 70 41 la
620 1862 93 41 sœur
678 1862 279 41 Françoise-Angélique,
922 1862 58 41 1
946 1862 70 41 p.
969 1862 58 41 pl.

137 1899 100 44 in-4,
203 1899 111 44 cachet
281 1899 111 44 brisé.
359 1899 67 44 15
381 1899 33 44 »

164 1920 123 54 Jolie
247 1920 151 54 lettre,
356 1920 82 54 où
398 1920 110 54 elle
466 1920 151 54 annonce
576 1920 96 54 que
631 1920 82 54 le
672 1920 96 54 roi
727 1920 96 54 son
782 1920 110 54 mari
850 1920 96 54 est
905 1920 165 54 rétabli.
1015 1920 96 54 «Nous

139 1964 143 44 fusmes
239 1964 129 44 avant
325 1964 115 44 hier
396 1964 72 44 à
425 1964 200 44 Versailles
582 1964 86 44 et
625 1964 200 44 trouvasmes
783 1964 143 44 vostre
883 1964 100 44 Roy
940 1964 143 44 (Louis
1026 1964 86 44 XIV)

139 1998 86 45 en
182 1998 186 45 parfaitte
325 1998 143 45 santé.
425 1998 172 45 J’espère
553 1998 100 45 que
611 1998 114 45 Dieu
682 1998 114 45 nous
754 1998 100 45 les
811 1998 200 45 conservera
968 1998 114 45 tous
1025 1998 86 45 deux

131 2045 108 44 très
198 2045 189 44 longtemps,
347 2045 95 44 car
400 2045 81 44 il
441 2045 108 44 voit
509 2045 81 44 le
549 2045 135 44 besoin
644 2045 122 44 qu’il
725 2045 68 44 y
752 2045 81 44 en
779 2045 95 44 a...»

138 2071 112 62 23285
212 2071 150 62 MARMONT,
325 2071 87 62 duc
374 2071 75 62 de
412 2071 137 62 Raguse,
512 2071 150 62 maréchal
624 2071 75 62 de
661 2071 137 62 France.
761 2071 112 62 L.
836 2071 75 62 a.
873 2071 125 62 s.
960 2071 62 62 à
985 2071 75 62 M.
1010 2071 100 62 Goupy;

134 2118 163 52 Florence,
260 2118 75 52 11
297 2118 100 52 oct.
360 2118 113 52 1845,
435 2118 63 52 1
460 2118 75 52 p.
498 2118 88 52 1/2
548 2118 113 52 in-8,
623 2118 138 52 cachet.
723 2118 63 52 4
736 2118 50 52 50
