1198 2199
489 1 143 77 —
547 1 143 77 5
575 1 86 77 —

32 77 136 58 23187
122 77 151 58 BRÉARD
228 77 105 58 (J.
288 77 120 58 J.),
363 77 151 58 député
469 77 90 58 de
514 77 90 58 la
559 77 346 58 Charente-Inférieure
860 77 75 58 à
890 77 90 58 la
920 77 196 58 Convention,

131 109 134 59 membre
224 109 80 59 du
265 109 134 59 Comité
359 109 80 59 de
399 109 134 59 sûreté
493 109 174 59 générale.
627 109 121 59 L.
707 109 134 59 a
801 109 80 59 s.
841 109 67 59 à
868 109 148 59 Prosper
975 109 134 59 Sijas;
1056 109 67 59 Pa-

136 149 97 51 ris,
196 149 60 51 3
221 149 145 51 pluviôse
329 149 73 51 an
366 149 85 51 II,
414 149 85 51 3/4
462 149 73 51 de
499 149 73 51 p.
535 149 109 51 in-4.
607 149 109 51 Belle
680 149 133 51 lettre.
777 149 60 51 3
789 149 48 51 75

135 180 106 65 23188
206 180 154 65 BROUSSAIS
324 180 95 65 (Fr.
384 180 95 65 Jos.
443 180 95 65 V.),
502 180 130 65 médecin
596 180 154 65 illustre,
715 180 71 65 né
750 180 59 65 à
774 180 177 65 Saint-Malo.
916 180 71 65 L.
951 180 71 65 a.
975 180 59 65 s.;

135 232 124 45 Paris,
221 232 74 45 23
259 232 87 45 mai
308 232 112 45 1832,
383 232 62 45 1
407 232 74 45 p.
444 232 87 45 pl.
494 232 112 45 in-4.
568 232 62 45 3
581 232 37 45 »

170 244 169 86 Relative
296 244 84 86 au
338 244 126 86 jeune
423 244 183 86 Montègre,
563 244 98 86 qui
619 244 112 86 doit
690 244 183 86 remplacer
830 244 98 86 son
886 244 211 86 secrétaire,
1041 244 84 86 mort

134 295 88 57 du
164 295 147 57 choléra.

143 315 122 78 23189
225 315 136 78 BUCHON
320 315 95 78 (J.
374 315 149 78 Alex.),
483 315 176 78 historien
618 315 190 78 distingué,
767 315 149 78 éditeur
876 315 81 78 de
917 315 95 78 nos
957 315 163 78 chroniques

136 374 180 51 nationales,
280 374 72 51 né
316 374 60 51 à
340 374 204 51 Meneton-Salon
507 374 132 51 (Cher).
603 374 108 51 L.
675 374 132 51 a.
771 374 72 51 s.
807 374 60 51 à
830 374 72 51 la
866 374 156 51 princesse
974 374 72 51 Bel-

144 408 138 50 giojoso,
248 408 58 50 1
271 408 69 50 p.
306 408 81 50 pl.
352 408 104 50 in-8.
421 408 161 50 Très-jolie
548 408 127 50 lettre.
640 408 58 50 2
652 408 46 50 50

138 435 120 62 23190
218 435 133 62 BUFFON
311 435 93 62 (G.
364 435 160 62 Leclerc,
485 435 120 62 comte
565 435 107 62 de),
631 435 160 62 illustre
751 435 200 62 naturaliste
912 435 80 62 et
952 435 173 62 écrivain,
1072 435 53 62 de

143 478 141 61 l’Acad.
245 478 89 61 fr.
297 478 89 61 L.
348 478 128 61 s
437 478 128 61 jardin
527 478 77 61 du
565 478 102 61 Roi,
629 478 64 61 4
654 478 128 61 juill.
744 478 115 61 1778,
820 478 64 61 1
846 478 77 61 p.
884 478 115 61 in-4.
961 478 115 61 Jolie
1025 478 102 61 pièce.

1018 511 129 50 10
1061 511 65 50 »

142 526 123 78 23191
224 526 150 78 BUGEAUD
333 526 109 78 (Th.
402 526 136 78 Rob.),
497 526 96 78 duc
552 526 150 78 d’Isly,
661 526 164 78 maréchal
784 526 82 78 de
825 526 150 78 France,
934 526 82 78 né
975 526 68 78 à
989 526 136 78 Limoges.

143 596 63 45 L.
174 596 94 45 a
237 596 84 45 s..;
289 596 94 45 1845,
352 596 52 45 1
373 596 63 45 p.
405 596 94 45 in-4.
468 596 52 45 2
478 596 42 45 50

143 630 110 44 23192
216 630 146 44 CAMPBELL
326 630 158 44 (Thomas),
447 630 73 44 un
484 630 85 44 des
533 630 97 44 plus
594 630 146 44 célèbres
703 630 122 44 poëtes
789 630 73 44 de
825 630 207 44 l’Angleterre.
984 630 158 44 L

143 655 134 52 ..
240 655 73 52 s.
277 655 61 52 à
301 655 85 52 Mme
350 655 158 52 Fletcher;
472 655 73 52 20
508 655 97 52 oct.
569 655 110 52 1830,
642 655 85 52 3/4
691 655 73 52 de
727 655 73 52 p.
764 655 110 52 in-4,
837 655 134 52 cachet.
934 655 146 52 Belle
1032 655 97 52 et

155 701 71 49 rare
206 701 91 49 pièce
278 701 39 49 15
291 701 19 49 »

145 702 103 75 23193
213 702 149 75 CANROBERT
328 702 263 75 (François-CERTAIN),
556 702 137 75 maréchal
659 702 69 75 de
694 702 126 75 France.
785 702 103 75 L.
854 702 80 75 a
900 702 103 75 s.;
957 702 80 75 1856,

153 775 44 44 1
171 775 53 44 p.
197 775 79 44 in-8.
250 775 44 44 2
259 775 35 44 50

144 793 116 62 23194
222 793 142 62 CASSINI
325 793 90 62 (J.
377 793 116 62 Dom.,
454 793 116 62 comte
532 793 103 62 de),
596 793 142 62 célèbre
700 793 181 62 astronome,
842 793 90 62 qui
893 793 142 62 termina
997 793 78 62 la
1023 793 116 62 célèbre

155 840 123 44 Carte
241 840 74 44 de
278 840 184 44 France
425 840 123 44 membre
511 840 74 44 de
548 840 184 44 l’Institut.
695 840 111 44 L.
769 840 98 44 a.
830 840 111 44 s..i;
904 840 74 44 12
941 840 147 44 germinal
1051 840 74 44 an
1076 840 49 44 X,

151 879 60 45 1
175 879 72 45 p.
211 879 84 45 1/2
259 879 108 45 in-4.
331 879 156 45 Curieuse.
450 879 60 45 3
462 879 36 45 »

152 874 110 82 23195
225 874 158 82 CATHERINE
347 874 73 82 DE
383 874 146 82 BOURBON,
493 874 110 82 reine
566 874 73 82 de
603 874 146 82 Navarre,
713 874 98 82 sœur
774 874 73 82 de
810 874 110 82 Henri
883 874 85 82 IV.
932 874 73 82 L.
956 874 98 82 s

146 942 77 46 à
176 942 168 46 Raymond
299 942 92 46 de
345 942 245 46 Montesquiou,
544 942 184 46 receveur
681 942 92 46 du
727 942 122 46 fisc
804 942 92 46 de
850 942 153 46 Béarn;
941 942 184 46 Navarraix,

145 971 71 58 26
181 971 107 58 févr.
252 971 107 58 1586,
324 971 60 58 1
348 971 71 58 p.
383 971 143 58 in-fol.,
490 971 131 58 cachet.
586 971 107 58 Belle
657 971 131 58 lettre.
752 971 71 58 10
776 971 36 58 »

144 1004 116 65 23196
221 1004 141 65 CATINAT
324 1004 180 65 (Nicolas),
466 1004 154 65 illustre
581 1004 154 65 maréchal
697 1004 77 65 de
735 1004 141 65 France.
838 1004 129 65 Quitt.
928 1004 103 65 sig.
993 1004 103 65 deux
1044 1004 90 65 fois,

145 1061 99 47 sur
201 1061 142 47 vélin,
301 1061 113 47 avec
371 1061 170 47 quelques
499 1061 113 47 mots
570 1061 170 47 autogr.;
697 1061 113 47 camp
768 1061 85 47 de
810 1061 99 47 Non
867 1061 127 47 1690,
952 1061 113 47 in-8
1009 1061 127 47 oblong.

1029 1070 135 44 3
1056 1070 81 44 »

180 1093 124 87 Reçu
257 1093 93 87 de
303 1093 108 87 ses
365 1093 263 87 appointements
582 1093 139 87 comme
675 1093 217 87 commandant
845 1093 93 87 en
891 1093 124 87 chef
969 1093 170 87 l’armée
1077 1093 62 87 de

148 1165 150 48 Dauphiné.
264 1165 58 48 3
275 1165 35 48 »

159 1166 118 81 23197
238 1166 262 81 CAUCHOIS-LEMAIRE
461 1166 92 81 (L.
513 1166 92 81 Fr.
566 1166 131 81 Aug.),
658 1166 144 81 célèbre
763 1166 184 81 publiciste
907 1166 79 81 et
946 1166 171 81 historien
1064 1166 66 81 dé-

151 1218 155 59 mocrate.
267 1218 116 59 L.
344 1218 129 59 a
435 1218 77 59 s.
473 1218 77 59 au
512 1218 116 59 comte
589 1218 77 59 de
628 1218 180 59 Peyronnet;
769 1218 129 59 Paris,
860 1218 77 59 16
898 1218 167 59 mai-1839,
1027 1218 64 59 4
1053 1218 77 59 p.
1079 1218 64 59 pl.

156 1275 62 45 in-4.
198 1275 35 45 4
204 1275 28 45 50

181 1281 259 66 Très-curieuse
394 1281 153 66 épître
501 1281 92 66 où
547 1281 92 66 il
593 1281 107 66 lui
654 1281 168 66 demande
776 1281 107 66 des
837 1281 275 66 renseignements
1050 1281 92 66 pour

158 1331 88 54 son
209 1331 189 54 Histoire
360 1331 76 54 de
398 1331 76 54 la
435 1331 176 54 révolution
574 1331 76 54 de
611 1331 138 54 juillet
712 1331 164 54 1830
838 1331 76 54 et
876 1331 88 54 lui
926 1331 126 54 expose
1014 1331 88 54 les
1052 1331 88 54 prin-

155 1364 123 56 cipes
237 1364 110 56 dans
306 1364 164 56 lesquels
429 1364 110 56 sera
498 1364 123 56 conçu
580 1364 82 56 ce
607 1364 110 56 livre.

157 1390 109 65 23198
230 1390 109 65 CHAM,
303 1390 134 65 célèbre
400 1390 219 65 caricaturiste.
582 1390 109 65 L.
655 1390 85 65 ai.
704 1390 109 65 s.,
777 1390 61 65 1
801 1390 73 65 p.
837 1390 85 65 1/2
886 1390 109 65 in-8.
959 1390 146 65 Relative
1068 1390 61 65 à
1080 1390 61 65 des

164 1451 100 42 dessins.
238 1451 42 42 1
247 1451 33 42 75

164 1461 96 69 23199
228 1461 138 69 CHAPELAIN
334 1461 117 69 (Jean),
419 1461 106 69 poëte,
494 1461 106 69 auteur
568 1461 64 69 de
600 1461 96 69 la
664 1461 170 69 Pucelle
802 1461 64 69 de
834 1461 117 69 l’Acad.
919 1461 74 69 fr.
961 1461 96 69 L.
1014 1461 128 69 a.s

159 1496 72 61 à
187 1496 86 61 M.
230 1496 86 61 de
273 1496 157 61 Lionne,
388 1496 129 61 Paris
473 1496 86 61 16
516 1496 129 61 sept.
602 1496 129 61 1645,
688 1496 72 61 2
717 1496 86 61 p.
760 1496 100 61 pl.
817 1496 114 61 pet.
888 1496 129 61 in-4,
974 1496 172 61 cachets.
1089 1496 57 61 La

152 1543 125 62 moitié
239 1543 75 62 du
276 1543 150 62 feuillet
389 1543 75 62 de
426 1543 162 62 l’adresse
551 1543 137 62 manque.
651 1543 75 62 50
676 1543 37 62 »

186 1566 191 66 Très-jolie
336 1566 150 66 lettre,
445 1566 164 66 relative
568 1566 82 66 au
609 1566 150 66 mariage
718 1566 82 66 de
759 1566 82 66 M.
800 1566 82 66 de
841 1566 150 66 Lionne.
950 1566 109 66 Bien
1018 1566 123 66 qu’il
1086 1566 55 66 ne

157 1602 93 64 lui
210 1602 120 64 fasse
290 1602 93 64 pas
343 1602 226 64 ordinairement
530 1602 80 64 de
569 1602 160 64 visites,
689 1602 80 64 il
729 1602 67 64 a
756 1602 120 64 passé
836 1602 186 64 par-dessus
982 1602 80 64 la
1022 1602 120 64 règle
1089 1602 53 64 en

158 1636 123 61 cette
241 1636 178 61 occasion,
378 1636 110 61 mais
446 1636 82 61 il
488 1636 69 61 a
515 1636 82 61 eu
556 1636 82 61 le
597 1636 151 61 malheur
707 1636 82 61 de
748 1636 82 61 ne
789 1636 96 61 pas
844 1636 82 61 le
885 1636 206 61 rencontrer,
1050 1636 82 61 ce
1077 1636 69 61 qui

160 1672 101 59 l’a
217 1672 145 59 obligé
319 1672 72 59 à
347 1672 101 59 lui
405 1672 145 59 rendre
506 1672 101 59 par
564 1672 130 59 écrit
651 1672 87 59 le
694 1672 202 59 témoignage
853 1672 87 59 de
897 1672 101 59 son
940 1672 217 59 contentement.

163 1707 106 62 23200
234 1707 129 62 CHARLES
328 1707 82 62 IX,
375 1707 82 62 roi
422 1707 71 62 de
458 1707 129 62 France.
552 1707 106 62 L.
622 1707 129 62 s.
716 1707 94 62 avec
775 1707 71 62 la
811 1707 165 62 souscript.
940 1707 106 62 aut.,
1011 1707 59 62 à
1034 1707 82 62 son
1070 1707 82 62 frère

156 1742 90 59 le
201 1742 105 59 roi
261 1742 90 59 de
306 1742 165 59 Pologne
426 1742 150 59 (Henri
531 1742 135 59 III);
621 1742 165 59 château
741 1742 90 59 de
786 1742 195 59 Boulogne,
936 1742 90 59 30
981 1742 120 59 juin
1041 1742 105 59 1573,

163 1792 65 50 3/4
200 1792 56 50 de
228 1792 56 50 p.
256 1792 102 50 in-fol.
330 1792 149 50 Rare
451 1792 56 50 36
469 1792 28 50 »

192 1785 124 93 Pièce
275 1785 303 93 très-intéressante,
537 1785 166 93 relative
661 1785 69 93 à
689 1785 193 93 l’élection
841 1785 83 93 de
882 1785 124 93 Henri
965 1785 97 93 III
1020 1785 83 93 au
1047 1785 97 93 trône

156 1838 90 69 de
201 1838 180 69 Pologne.
336 1838 135 69 «J’ay
426 1838 120 69 veu,
501 1838 165 69 dit-il,
621 1838 90 69 ce
666 1838 105 69 que
726 1838 150 69 m’avez
831 1838 150 69 envoyé
936 1838 90 69 de
981 1838 90 69 la
1011 1838 150 69 harangue

161 1870 98 75 que
217 1870 112 75 vous
287 1870 70 75 a
315 1870 140 75 faicte
413 1870 84 75 le
455 1870 210 75 gentilhomme
623 1870 182 75 polonnois
764 1870 98 75 qui
820 1870 70 75 a
848 1870 154 75 apporté
960 1870 154 75 lettres
1072 1870 84 75 de
1100 1870 56 75 la

168 1906 114 69 part
239 1906 100 69 des
296 1906 213 69 principaulx
466 1906 185 69 officiers
609 1906 85 69 de
651 1906 185 69 Poloigne,
793 1906 171 69 ensemble
921 1906 85 69 la
964 1906 171 69 responce
1078 1906 71 69 que

174 1941 109 61 vous
242 1941 95 61 luy
297 1941 109 61 avez
365 1941 122 61 faict
447 1941 122 61 faire
528 1941 95 61 par
583 1941 82 61 le
623 1941 150 61 médecin
732 1941 122 61 Miron
814 1941 95 61 qui
868 1941 68 61 a
895 1941 109 61 esté
964 1941 109 61 fort
1032 1941 68 61 à
1045 1941 109 61 propoz

173 1975 80 61 et
213 1975 187 61 convenante
360 1975 67 61 à
387 1975 121 61 celle
467 1975 94 61 que
521 1975 80 61 je
561 1975 94 61 luy
614 1975 107 61 feis
681 1975 121 61 faire
762 1975 94 61 par
815 1975 80 61 le
855 1975 121 61 sieur
936 1975 80 61 de
976 1975 161 61 Foix...»
1083 1975 67 61 (Ce

163 1997 210 82 gentilhomme
331 1997 126 82 était
414 1997 84 82 le
456 1997 168 82 courrier
582 1997 154 82 dépêché
694 1997 112 82 pour
764 1997 168 82 annoncer
875 1997 196 82 l’élection.)

177 2032 114 74 23201
253 2032 139 74 CHARLES
355 2032 76 74 X,
393 2032 89 74 roi
443 2032 76 74 de
481 2032 139 74 France.
582 2032 114 74 P.
658 2032 139 74 s..
760 2032 114 74 comme
836 2032 114 74 comte
911 2032 165 74 d’Artois,
1038 2032 63 74 1
1063 2032 76 74 p.
1089 2032 63 74 in-

167 2098 88 47 fol.
222 2098 99 47 Belle
288 2098 110 47 pièce.
366 2098 55 47 4
377 2098 33 47 »

58 2100 114 97 23202
134 2100 153 97 CHARLES
249 2100 140 97 Ier
350 2100 89 97 roi
401 2100 216 97 d’Angleterre,
579 2100 153 97 décapité
693 2100 76 97 en
732 2100 114 97 1649.
808 2100 114 97 P.
884 2100 127 97 s.
973 2100 89 97 sur
1024 2100 127 97 vélin,
1100 2100 51 97 en
