1564 2895
460 53 531 132 CATALOGUE

39 142 231 148 DE
155 142 424 148 LETTRES
464 142 617 148 AUTOGRAPHES,
927 142 501 148 MANUSCRITS,

414 312 301 66 DOCUMENTS
659 312 301 66 HISTORIQUES,
885 312 188 66 ETC.

241 446 389 78 DE
500 446 259 78 A.
586 446 648 78 LALERDEI,

331 552 161 105 A
423 552 230 105 Paris,
584 552 161 105 rue
676 552 391 105 Saint-Lazare,
976 552 184 105 24

528 744 204 81 Vente
681 744 85 81 à
698 744 273 81 l’amiable,

308 802 211 62 soit
461 802 134 62 par
538 802 287 62 l’insertion
768 802 153 62 dans
863 802 115 62 le
902 802 287 62 bulletin,

133 849 218 81 soit
292 849 139 81 aux
371 849 238 81 enchères
549 849 277 81 publiques,
767 849 119 81 de
827 849 297 81 Collections
1065 849 119 81 ou
1104 849 258 81 parties

309 907 172 50 de
424 907 287 50 Collections
654 907 115 50 de
711 907 211 50 Lettres
845 907 345 50 autographes,

461 943 310 67 Documents
693 943 349 67 historiques,

501 997 322 64 Manuscrits,
758 997 193 64 etc.,
865 997 129 64 etc.

74 1027 279 97 Achats.
293 1027 100 97 —
333 1027 259 97 Échanges.
532 1027 100 97 —
572 1027 299 97 Expertises.
811 1027 100 97 —
851 1027 259 97 Rédaction
1050 1027 119 97 de
1090 1027 338 97 Cataloguos.

374 1176 224 119 N°
523 1176 174 119 10.
623 1176 124 119 —
673 1176 299 119 MAI-JUIN
872 1176 249 119 1857

32 1373 175 60 1734.
148 1373 370 60 Abrantès
460 1373 214 60 (madame
616 1373 117 60 la
675 1373 234 60 duchesse
850 1373 156 60 d’),
948 1373 195 60 auteur
1084 1373 117 60 de
1123 1373 351 60 Mémoires

75 1428 131 65 L.
141 1428 174 65 aut.
250 1428 174 65 sig.
359 1428 131 65 de
424 1428 153 65 ses
511 1428 305 65 initiales,
751 1428 109 65 à
795 1428 131 65 M.
860 1428 262 65 Roussel.
1057 1428 109 65 4
1100 1428 153 65 gr.
1187 1428 131 65 p.
1253 1428 153 65 pl.
1318 1428 153 65 in

-8 1468 1373 58 Curieuse.
1049 1468 528 58 3
1154 1468 317 58 »

30 1524 188 53 1735.
156 1524 230 53 Adam
323 1524 314 53 Billaut
574 1524 126 53 1°
637 1524 272 53 Remarques
846 1524 419 53 bibliographiques
1202 1524 126 53 et
1244 1524 230 53 critiques

76 1571 148 53 sur
161 1571 148 53 les
245 1571 254 53 ouvrages
436 1571 127 53 et
500 1571 127 53 la
563 1571 254 53 personne
754 1571 212 53 d’Adam
902 1571 254 53 Billaut.
1093 1571 127 53 17
1156 1571 169 53 août
1262 1571 191 53 1764.
1368 1571 106 53 Ma-

76 1613 240 57 nuscrit
251 1613 131 57 de
316 1613 131 57 12
382 1613 153 57 gr.
469 1613 131 57 p.
535 1613 153 57 pl.
622 1613 240 57 in-fol.
797 1613 109 57 —
841 1613 131 57 2°
906 1613 262 57 Secondes
1103 1613 349 57 observations
1365 1613 109 57 sur

74 1657 151 66 les
161 1657 237 66 Poësies
333 1657 215 66 d’Adam
483 1657 258 66 Billaut,
677 1657 280 66 précédées
892 1657 129 66 de
957 1657 258 66 quelques
1150 1657 301 66 réflexions
1365 1657 108 66 sur

75 1717 158 63 les
166 1717 180 63 gens
278 1717 135 63 de
346 1717 270 63 lettres.
548 1717 270 63 Novembre
751 1717 203 63 1764.
886 1717 293 63 Manuscrit
1112 1717 135 63 de
1179 1717 113 63 8
1224 1717 158 63 gr.
1314 1717 135 63 p.
1359 1717 113 63 pl.

-590 1755 2064 61 X

29 1797 178 90 1736.
148 1797 297 90 Adry
386 1797 456 90 (Jean-Félicissime),
782 1797 297 90 philologue,
1019 1797 357 90 bibliothécaire
1317 1797 119 90 et
1356 1797 119 90 ora

79 1854 219 63 tcrien.
238 1854 179 63 Notes
358 1854 159 63 aut.
457 1854 139 63 sur
537 1854 299 63 l’Imitation
776 1854 119 63 de
836 1854 199 63 J.-C.,
975 1854 139 63 les
1055 1854 239 63 litanies
1234 1854 139 63 des
1294 1854 179 63 Saints,

26 1902 579 58 etc.
387 1902 362 58 2
532 1902 434 58 p.
749 1902 651 58 in-4.
1183 1902 362 58 3
1255 1902 217 58 »

31 1945 169 89 1737.
144 1945 337 89 Albitte
425 1945 319 89 (Ant.-Louis),
687 1945 187 89 député
818 1945 112 89 de
874 1945 112 89 la
931 1945 506 89 Seine-Inférieure
1380 1945 94 89 à
1399 1945 75 89 la

76 2008 313 55 Convention.
326 2008 125 55 L.
389 2008 167 55 aut.
493 2008 188 55 sig.,
618 2008 104 55 à
660 2008 292 55 Salicetti.
889 2008 188 55 Nice,
1014 2008 125 55 20
1077 2008 271 55 fructidor
1285 2008 125 55 an
1348 2008 146 55 II,
1410 2008 63 55 à

69 2047 138 82 8
125 2047 275 82 heures
317 2047 165 82 du
400 2047 275 82 matin.
593 2047 138 82 1
648 2047 165 82 p.
730 2047 193 82 pl.
841 2047 165 82 et
923 2047 248 82 tiers
1088 2047 303 82 in-fol.
1309 2047 165 82 13
1364 2047 110 82 50

122 2092 175 70 «...
231 2092 175 70 Nous
341 2092 262 70 partons,
538 2092 219 70 Prost,
691 2092 153 70 les
778 2092 262 70 généraux
975 2092 131 70 en
1041 2092 197 70 chef,
1172 2092 306 70 Buonaparte
1391 2092 87 70 et

77 2142 194 59 «moi,
206 2142 172 59 dans
313 2142 301 59 l’instant,
550 2142 172 59 pour
657 2142 172 59 nous
765 2142 215 59 rendre
915 2142 129 59 au
980 2142 258 59 quartier
1173 2142 237 59 général
1345 2142 129 59 de
1388 2142 86 59 la

80 2191 287 72 «droite...
305 2191 225 72 Thureau
469 2191 164 72 sera
571 2191 205 72 averti
714 2191 102 72 à
755 2191 143 72 son
837 2191 225 72 arrivée
1001 2191 123 72 de
1062 2191 184 72 venir
1185 2191 164 72 nous
1267 2191 205 72 joindre.

76 2247 203 60 «Nous
212 2247 361 60 délibérerons
505 2247 180 60 avec
617 2247 158 60 toi
708 2247 158 60 sur
798 2247 135 60 ce
865 2247 158 60 que
956 2247 180 60 nous
1068 2247 225 60 devons
1226 2247 203 60 faire
1339 2247 135 60 pour

76 2302 158 54 «le
167 2302 181 54 plus
280 2302 204 54 grand
416 2302 272 54 avantage
620 2302 136 54 de
688 2302 136 54 la
733 2302 362 54 République...»

32 2332 188 79 1738.
157 2332 376 79 Amboise
471 2332 251 79 (Georges
659 2332 167 79 d’),
764 2332 272 79 cardinal,
972 2332 293 79 archevêque
1202 2332 125 79 dn
1244 2332 230 79 Narbonne,

78 2391 183 65 puis
192 2391 137 65 de
261 2391 229 65 Rouen,
421 2391 252 65 premier
604 2391 274 65 ministre
810 2391 137 65 de
878 2391 206 65 Louis
1016 2391 183 65 XII.
1130 2391 229 65 Lettre
1290 2391 183 65 avec
1382 2391 91 65 la

78 2439 338 54 souscription
353 2439 190 54 d’une
479 2439 169 54 lig.
585 2439 169 54 aut.
691 2439 190 54 sig.,
818 2439 106 54 à
860 2439 127 54 M.
923 2439 127 54 de
987 2439 211 54 Rohan.
1135 2439 254 54 Orléans,
1325 2439 127 54 21
1367 2439 106 54 dé-

70 2478 286 59 cembre
271 2478 315 59 (1492).
499 2478 143 59 1
557 2478 172 59 p.
642 2478 200 59 pl.
757 2478 257 59 in-4.
929 2478 257 59 Belle
1100 2478 315 59 lettre.
1329 2478 172 59 16
1386 2478 86 59 »

33 2515 170 76 1739.
147 2515 379 76 Anseaume,
469 2515 189 76 auteur
601 2515 284 76 dramatique,
828 2515 189 76 auteur
961 2515 114 76 du
1018 2515 265 76 Tableau
1207 2515 265 76 parlant

82 2591 164 50 etc.
184 2591 123 50 L.
245 2591 164 50 aut.
348 2591 184 50 sig.,
471 2591 102 50 à
512 2591 123 50 De
573 2591 123 50 la
634 2591 369 50 Chabeaussière,
942 2591 123 50 23
1003 2591 225 50 janvier
1167 2591 184 50 1782.
1290 2591 102 50 1
1331 2591 123 50 p.
1372 2591 102 50 pl.

69 2624 309 93 in-4.
274 2624 480 93 (Fortement
652 2624 343 93 tachée
892 2624 549 93 d’humidité.)
1338 2624 172 93 3
1372 2624 103 93 »

129 2673 115 74 Au
186 2673 173 74 sujet
302 2673 115 74 de
359 2673 115 74 la
417 2673 230 74 première
590 2673 346 74 représentation
878 2673 134 74 de:
955 2673 192 74 Les
1089 2673 173 74 maris
1185 2673 288 74 corrigés

37 2713 170 85 1740.
150 2713 302 85 Aréna
396 2713 245 85 (Joseph),
585 2713 189 85 député
717 2713 113 85 de
773 2713 113 85 la
830 2713 302 85 Corse
1076 2713 113 85 au
1132 2713 170 85 Corps
1227 2713 245 85 législatif,
