1625 2938
669 49 142 99 131

38 132 201 87 1758.
172 132 447 87 Campenon,
552 132 223 87 membre
708 132 134 87 de
775 132 313 87 l’Académie
1021 132 313 87 française.
1267 132 179 87 Nôte
1356 132 134 87 aut.

87 218 188 53 sig.,
212 218 251 53 adressée
401 218 125 53 au
463 218 251 53 ministre
651 218 125 53 de
714 218 313 53 l’intérieur
965 218 146 53 sur
1048 218 125 53 la
1111 218 272 53 nécessité
1320 218 188 53 qu’il
1424 218 63 53 y

87 260 223 50 aurait
243 260 111 50 à
287 260 245 50 publier
465 260 156 50 une
554 260 245 50 édition
733 260 290 50 classique
955 260 134 50 de
1022 260 245 50 Clément
1200 260 223 50 Marot.
1334 260 156 50 Pièce

27 309 1383 53 intéressante.
1166 309 407 53 6
1247 309 244 53 »

40 345 195 63 1759.
170 345 433 63 Chanpagny
539 345 152 63 duc
625 345 130 63 de
690 345 238 63 Cadore,
864 345 260 63 ministre
1059 345 152 63 des
1145 345 260 63 affaires
1319 345 173 63 étran-

87 400 223 61 gères.
243 400 134 61 L.
310 400 178 61 aut.
421 400 178 61 sig.
533 400 357 61 Saint-Cloud,
822 400 134 61 17
889 400 178 61 oct.
1001 400 201 61 1813.
1134 400 111 61 1
1179 400 134 61 p.
1246 400 201 61 in-4.
1380 400 111 61 1
1402 400 89 61 50

43 443 186 66 1760.
167 443 455 66 Chantelauze
560 443 186 66 (de),
684 443 248 66 ministre
870 443 289 66 signataire
1097 443 145 66 des
1180 443 310 66 ordonnances
1407 443 83 66 de

89 493 221 67 juillet
249 493 181 67 1830.
370 493 100 67 —
410 493 120 67 1°
470 493 120 67 L.
530 493 181 67 sig.,
651 493 100 67 à
691 493 120 67 M.
751 493 221 67 Valain,
911 493 221 67 adjoint
1072 493 120 67 au
1132 493 181 67 maire
1252 493 120 67 de
1312 493 120 67 la
1353 493 140 67 ville

90 549 129 59 de
155 549 215 59 Tours.
306 549 280 59 Vincennes
521 549 323 59 (forteresse
779 549 172 59 de),
887 549 129 59 13
952 549 280 59 septembre
1167 549 194 59 1830.
1296 549 108 59 3
1339 549 129 59 p.
1382 549 108 59 pl.

90 599 135 54 et
158 599 203 54 demie
294 599 203 54 in-4.
429 599 113 54 —
474 599 135 54 2°
542 599 135 54 L.
610 599 203 54 sig.,
745 599 135 54 au
813 599 203 54 même,
948 599 113 54 4
993 599 293 54 septembre
1219 599 203 54 1830.
1355 599 135 54 1.
1400 599 90 54 p.

91 643 223 61 in-18.
247 643 112 61 —
292 643 156 61 Ces
381 643 179 61 deux
492 643 246 61 lettres
671 643 179 61 sont
783 643 290 61 relatives
1006 643 112 61 à
1051 643 134 61 la
1118 643 179 61 note
1229 643 134 61 de
1274 643 223 61 dépenses

90 685 220 60 faites
244 685 176 60 pour
354 685 154 60 lui
442 685 154 60 par
530 685 132 60 le
596 685 242 60 geôlier
772 685 132 60 de
837 685 132 60 la
903 685 220 60 prison
1057 685 132 60 de
1123 685 198 60 Tours
1255 685 242 60 pendant
1409 685 88 60 sa

95 734 249 54 détention
287 734 153 54 dans
382 734 173 54 cette
497 734 192 54 ville.
631 734 96 54 —
670 734 115 54 3°
727 734 249 54 Compte
919 734 115 54 de
977 734 115 54 M.
1034 734 364 54 Chanteauze
1341 734 153 54 Note
1417 734 77 54 de

91 778 149 58 ses
176 778 255 58 dépenses
367 778 106 58 à
410 778 128 58 la
474 778 213 58 prison
623 778 128 58 de
686 778 213 58 Tours,
835 778 191 58 signé
963 778 149 58 par
1048 778 128 58 M.
1112 778 255 58 Porcher,
1282 778 213 58 geôlier.

69 832 216 53 7
155 832 388 53 sept.
414 832 388 53 1830.
673 832 216 53 1
759 832 259 53 p.
889 832 388 53 in-4.
1148 832 216 53 5
1277 832 259 53 12
1364 832 129 53 »

50 868 189 73 1761.
176 868 294 73 Chardon
407 868 126 73 de
469 868 126 73 la
532 868 357 73 Rochette,
826 868 210 73 savant
973 868 315 73 helléniste,
1203 868 294 73 littérateur,

92 925 210 66 poëte.
239 925 126 66 1°
302 925 126 66 L.
365 925 168 66 aut.
470 925 126 66 23
533 925 252 66 novembre
722 925 189 66 1780.
849 925 105 66 3
891 925 126 66 p.
954 925 147 66 pl.
1038 925 189 66 in-4.
1164 925 315 66 Littéraire.
1395 925 105 66 In-

95 982 339 51 téressante.—
371 982 127 51 2°
434 982 191 51 Copie
562 982 127 51 de
625 982 127 51 sa
689 982 170 51 main
795 982 191 51 d’une
922 982 212 51 charte
1071 982 127 51 du
1134 982 127 51 13
1198 982 233 51 juillet
1346 982 149 51 1302,

93 1018 299 59 consacrant
327 1018 128 59 au
391 1018 213 59 profit
540 1018 128 59 du
604 1018 256 59 seigneur
796 1018 128 59 de
860 1018 341 59 Blanquefort,
1138 1018 128 59 en
1201 1018 299 59 Aquitaine,
1415 1018 85 59 le

97 1070 166 63 droit
207 1070 111 63 de
263 1070 259 63 premici
466 1070 111 63 et
521 1070 351 63 defloroment
817 1070 129 63 sur
891 1070 185 63 toutes
1020 1070 129 63 les
1094 1070 185 63 filles
1223 1070 129 63 non
1297 1070 185 63 nobles
1408 1070 92 63 qui

96 1126 124 59 se
158 1126 227 59 marient
323 1126 165 59 dans
426 1126 124 59 sa
488 1126 309 59 seigneurie.
736 1126 227 59 Détails
901 1126 144 59 des
983 1126 165 59 plus
1086 1126 248 59 piquants
1272 1126 144 59 sur
1355 1126 124 59 ce
1396 1126 103 59 fa-

93 1168 173 73 meux
202 1168 195 73 droit
331 1168 130 73 du
396 1168 260 73 seigneur
591 1168 151 73 qui
677 1168 108 73 a
721 1168 195 73 donné
850 1168 173 73 lieu
958 1168 108 73 à
1002 1168 151 73 une
1088 1168 281 73 polémique
1283 1168 216 73 récente.

68 1213 296 55 3.
216 1213 296 55 p.
363 1213 345 55 pl.
561 1213 296 55 êt
708 1213 444 55 demie
1004 1213 444 55 in-4.
1300 1213 246 55 6
1349 1213 148 55 »

48 1257 195 58 1762.
178 1257 303 58 Charles
416 1257 281 58 VIII
633 1257 152 58 roi
720 1257 130 58 de
785 1257 238 58 France.
958 1257 195 58 Ordre
1088 1257 195 58 sig.,
1218 1257 108 58 à
1261 1257 238 58 Antoine
1412 1257 87 58 de

93 1308 295 58 Souldras,
320 1308 182 58 pour
434 1308 204 58 qu’il
570 1308 136 58 se
639 1308 204 58 rende
775 1308 227 58 auprès
934 1308 136 58 de
1002 1308 182 58 lui.
1116 1308 273 58 Amboise,
1320 1308 136 58 28
1366 1308 136 58 jan-

91 1363 195 47 vier
212 1363 219 47 1495.
358 1363 122 47 1
407 1363 146 47 p.
480 1363 219 47 in-4.
626 1363 219 47 Pièce
772 1363 292 47 remontée
991 1363 146 47 et
1064 1363 389 47 raccommodée.
1380 1363 146 47 12
1429 1363 73 47 »

53 1399 181 75 1763.
174 1399 282 75 Charles
395 1399 221 75 IX
556 1399 141 75 roi
637 1399 121 75 de
697 1399 221 75 France.
858 1399 121 75 L.
918 1399 181 75 sig.,
1039 1399 101 75 à
1079 1399 121 75 M.
1140 1399 121 75 de
1200 1399 262 75 Matignon.
1381 1399 121 75 Coi

84 1452 303 78 gnac,
287 1452 202 78 26
388 1452 270 78 août
556 1452 303 78 1665.
758 1452 169 78 2
826 1452 236 78 gr.
961 1452 202 78 p.
1062 1452 371 78 in-fol.
1331 1452 202 78 15
1399 1452 101 78 »

145 1508 297 64 Très-belle
378 1508 212 64 lettre
527 1508 127 64 au
590 1508 191 64 sujet
717 1508 148 64 des
802 1508 318 64 réparations
1057 1508 127 64 du
1120 1508 212 64 donjon
1269 1508 127 64 du
1311 1508 191 64 château

98 1550 127 55 de
161 1550 190 55 Caen,
288 1550 148 55 des
373 1550 190 55 ponts
500 1550 127 55 de
563 1550 127 55 la
627 1550 190 55 ville
754 1550 127 55 et
817 1550 127 55 du
881 1550 233 55 château
1050 1550 127 55 de
1113 1550 296 55 Cherbourg,
1325 1550 127 55 etc.

50 1594 189 67 4764.
176 1594 294 67 Charles
407 1594 189 67 X
534 1594 147 67 roi
618 1594 126 67 de
681 1594 231 67 France.
849 1594 126 67 L.
912 1594 168 67 aut.
1017 1594 189 67 sig.,
1143 1594 105 67 à
1186 1594 126 67 M.
1249 1594 126 67 le
1312 1594 189 67 comte
1417 1594 84 67 de

95 1646 235 54 Vérac.
259 1646 328 54 Edimbourg,
517 1646 141 54 30
587 1646 188 54 août
704 1646 211 54 1796.
845 1646 117 54 1
892 1646 141 54 p.
962 1646 164 54 pl.
1056 1646 211 54 in-4.
1197 1646 258 54 Cachet.
1385 1646 141 54 20
1432 1646 70 54 »

52 1699 181 53 1765.
173 1699 383 53 Chollet,
495 1699 201 53 acteur
636 1699 121 53 de
696 1699 403 53 l’Opéra-Comique.
1039 1699 121 53 L.
1099 1699 161 53 aut.
1200 1699 181 53 sig.,
1321 1699 121 53 au
1361 1699 141 53 baron

98 1744 136 55 de
166 1744 362 55 Margueritte.
460 1744 113 55 8
505 1744 181 55 juin
618 1744 203 55 1827.
754 1744 113 55 2
799 1744 158 55 gr.
890 1744 136 55 p.
957 1744 203 55 in-4.
1093 1744 384 55 Intéressante.
1410 1744 113 55 3
1432 1744 68 55 »

58 1786 165 68 1766.
167 1786 293 68 Colet
405 1786 146 68 (Mme
496 1786 219 68 Louise),
661 1786 128 68 née
734 1786 329 68 Revoil
1008 1786 183 68 poëte.
1136 1786 110 68 L.
1191 1786 146 68 aut.
1283 1786 91 68 3
1319 1786 146 68 fois
1392 1786 110 68 sig.

99 1837 129 63 (à
164 1837 129 63 la
229 1837 129 63 3e
294 1837 302 63 personne),
531 1837 108 63 à
574 1837 216 63 madame
725 1837 280 63 Colombat.
940 1837 216 63 Paris,
1091 1837 129 63 24
1156 1837 173 63 juin
1264 1837 194 63 1839.
1393 1837 108 63 1
1415 1837 86 63 p.

-33 1895 1382 54 in-8.
889 1895 768 54 2
1042 1895 461 54 »

51 1933 198 60 1767.
183 1933 285 60 Comité
402 1933 132 60 de
468 1933 198 60 salut
600 1933 329 60 public.
863 1933 307 60 Ampliation
1105 1933 176 60 d’un
1215 1933 220 60 arrêté
1346 1933 154 60 signé

105 1993 222 51 Collot
276 1993 239 51 d’Herbois,
464 1993 171 51 Robert
583 1993 188 51 Lindet,
720 1993 103 51 P.
771 1993 103 51 A.
823 1993 222 51 Laloy
993 1993 103 51 et
1045 1993 308 51 Carnot
1284 1993 222 51 prescrivant

101 2040 128 54 la
165 2040 191 54 vente
292 2040 149 54 des
377 2040 234 54 chevaux
547 2040 128 54 et
611 2040 149 54 des
696 2040 213 54 mulets
845 2040 149 54 qui
930 2040 149 54 ont
1015 2040 149 54 été
1100 2040 234 54 confiés
1270 2040 106 54 à
1313 2040 149 54 des
1376 2040 128 54 fer-

102 2079 212 68 miers.
250 2079 212 68 Paris,
399 2079 127 68 20
463 2079 276 68 thermidor
675 2079 127 68 an
739 2079 149 68 II.
824 2079 106 68 4
867 2079 127 68 p.
930 2079 234 68 in-fol.
1100 2079 170 68 Tête
1207 2079 276 68 imprimée.
1398 2079 106 68 Vi-

-4 2124 1383 68 gnette.
1002 2124 629 68 6
1128 2124 377 68 »

55 2177 198 74 4768.
187 2177 285 74 Comité
406 2177 132 74 de
472 2177 198 74 salut
604 2177 329 74 public.
867 2177 307 74 Ampliation
1109 2177 176 74 d’un
1219 2177 220 74 arrêté
1350 2177 154 74 signé

108 2227 240 52 Collot
292 2227 258 52 d'Herbois,
495 2227 111 52 C.
550 2227 111 52 A.
605 2227 184 52 Prieur
735 2227 111 52 et
790 2227 111 52 R.
845 2227 295 52 Lindet,
1085 2227 203 52 relatif
1232 2227 92 52 à
1269 2227 111 52 la
1306 2227 203 52 dénoncia-

107 2272 163 67 tion
208 2272 183 67 faite
331 2272 142 67 par
412 2272 122 67 le
473 2272 204 67 Comité
615 2272 122 67 de
677 2272 326 67 surveillance
941 2272 122 67 de
1002 2272 244 67 Lisieux.
1185 2272 204 67 Paris,
1328 2272 122 67 10
1369 2272 142 67 ther-

103 2328 194 55 midor
233 2328 129 55 an
298 2328 151 55 II.
384 2328 108 55 1
427 2328 129 55 p.
492 2328 129 55 et
557 2328 194 55 demie
686 2328 237 55 in-fol.
859 2328 173 55 Tête
967 2328 281 55 imprimée.
1182 2328 281 55 Vignette.
1398 2328 108 55 4
1420 2328 86 55 50

58 2370 197 58 1769.
190 2370 285 58 Comité
409 2370 131 58 de
474 2370 197 58 salut
606 2370 329 58 public.
869 2370 307 58 Ampliation
1110 2370 175 58 d’un
1219 2370 219 58 arrêté
1351 2370 153 58 signé

111 2428 241 59 Carnot,
300 2428 241 59 Lindet
490 2428 103 59 et
542 2428 483 59 Billaud-Varennes
973 2428 172 59 Paris,
1093 2428 86 59 5
1128 2428 207 59 messidor
1283 2428 103 59 an
1335 2428 121 59 II.
1404 2428 86 59 2
1421 2428 86 59 gr.

101 2464 160 70 p.
181 2464 186 70 pl.
288 2464 160 70 et
367 2464 239 70 demie
527 2464 293 70 in-fol.
740 2464 213 70 Tête
873 2464 346 70 imprimée.
1139 2464 346 70 Vignette.
1405 2464 133 70 6
1431 2464 80 70 »

152 2507 130 71 Au
217 2507 194 71 sujet
347 2507 151 71 des
433 2507 346 71 cultivateurs
714 2507 151 71 mis
800 2507 130 71 en
865 2507 324 71 réquisition
1124 2507 173 71 pour
1232 2507 130 71 le
1275 2507 238 71 transport

110 2560 151 60 des
197 2560 346 60 subsistances
478 2560 130 60 et
543 2560 281 60 fourrages
760 2560 151 60 des
846 2560 216 60 armées
998 2560 130 60 de
1062 2560 130 60 la
1106 2560 281 60 République.

67 2610 163 63 1770.
175 2610 307 63 Contat
428 2610 235 63 (Louise),
609 2610 199 63 célèbre
753 2610 271 63 comédienne.
970 2610 108 63 L.
1024 2610 145 63 aut.
1115 2610 145 63 sig.
1205 2610 235 63 Louise
1367 2610 145 63 de

113 2656 334 60 Parny
389 2656 98 60 à
428 2656 197 60 madame
566 2656 315 60 Saint-Aubin.
822 2656 197 60 Mardi,
959 2656 138 60 13.
1038 2656 118 60 1.
1097 2656 118 60 p.
1156 2656 177 60 in-8.
1274 2656 157 60 Deux
1353 2656 157 60 portr.

115 2704 212 67 gravés
263 2704 127 67 et
327 2704 191 67 lith.
454 2704 191 67 in-4.
581 2704 106 67 —
623 2704 191 67 Plus,
750 2704 148 67 une
835 2704 212 67 lettre
983 2704 169 67 aut.
1089 2704 169 67 sig.
1194 2704 127 67 de
1237 2704 275 67 Lemazurier,

115 2759 212 60 auteur
263 2759 191 60 d’une
390 2759 233 60 galerie
560 2759 148 60 des
644 2759 233 60 acteurs
814 2759 148 60 ddu
899 2759 445 60 Théâtre-Erançais,
1280 2759 254 60 adressée
1449 2759 64 60 à
