1555 2903
592 35 179 89 —
628 35 179 89 133

71 132 154 84 bre
159 132 132 84 de
225 132 307 84 l’Académie
466 132 307 84 française.
707 132 132 84 L.
773 132 175 84 aut.
883 132 197 84 sig.,
1014 132 110 84 à
1058 132 132 84 M.
1124 132 307 84 Fuzillier,
1343 132 132 84 chez

69 196 125 71 M.
132 196 230 71 Saurin,
299 196 272 71 vis-à-vis
508 196 125 71 la
571 196 272 71 Potterie,
780 196 105 71 à
822 196 125 71 la
885 196 188 71 foire
1010 196 376 71 Saint-Laurent.
1303 196 167 71 Jeudi,

52 247 215 51 6
138 247 344 51 août
353 247 386 51 1716.
610 247 215 51 2
696 247 258 51 p.
825 247 301 51 pl.
997 247 386 51 in-4.
1254 247 258 51 55
1340 247 129 51 »

118 291 127 70 Il
181 291 106 70 a
224 291 127 70 eu
287 291 276 70 l’honneur
500 291 127 70 de
563 291 212 70 parler
712 291 170 70 hier
818 291 106 70 à
860 291 212 70 madame
1008 291 127 70 de
1072 291 191 70 Baulm
1199 291 127 70 et
1263 291 148 70 l’a
1327 291 148 70 priée

69 337 307 58 instamment
310 337 132 58 de
376 337 197 58 faire
508 337 132 58 en
574 337 197 58 sorte
705 337 154 58 que
793 337 175 58 leur
903 337 263 58 nouvelle
1100 337 285 58 Colombine
1298 337 175 58 repré-

69 403 198 66 sentât
208 403 119 66 ce
267 403 158 66 rôle
366 403 158 66 dans
465 403 119 66 la
525 403 178 66 pièce
643 403 178 66 qu’il
762 403 99 66 a
802 403 198 66 faite,
940 403 158 66 elle
1039 403 119 66 le
1099 403 139 66 lui
1178 403 99 66 a
1218 403 198 66 promis
1336 403 139 66 très-

68 438 356 64 positivement,
362 438 147 64 et,
445 438 126 64 il
508 438 210 64 compte
655 438 231 64 qu’elle
823 438 147 64 lui
907 438 231 64 tiendra
1075 438 210 64 parole
1221 438 105 64 :
1263 438 168 64 «...
1347 438 126 64 Mais

69 485 154 56 «je
157 485 176 56 n’ay
267 485 154 56 osé
355 485 154 56 luy
442 485 264 56 demander
640 485 154 56 une
728 485 198 56 chose
860 485 154 56 qui
948 485 132 56 me
1014 485 220 56 feroit
1167 485 132 56 le
1233 485 176 56 plus
1321 485 154 56 grand

69 532 256 69 «plaisir
260 532 128 69 du
324 532 213 69 monde;
473 532 192 69 c’est
601 532 234 69 qu’elle
771 532 234 69 veuille
942 532 170 69 bien
1048 532 277 69 m’avancer
1240 532 234 69 cinquante

70 588 299 71 «pistoles
300 588 161 71 sur
392 588 138 71 la
462 588 207 71 somme
600 588 184 71 dont
715 588 184 71 nous
830 588 230 71 sommes
991 588 276 71 convenus
1199 588 184 71 pour
1291 588 184 71 chaque

68 626 111 56 «
112 626 223 56 foire.
268 626 178 56 Elle
380 626 134 56 ne
447 626 223 56 risque
603 626 178 56 rien
714 626 334 56 puisqu’elle
982 626 156 56 est
1071 626 223 56 nantie
1227 626 134 56 de
1294 626 156 56 mon
1361 626 111 56 ou

41 672 298 60 «vrage...»

24 706 184 80 1782.
146 706 408 80 Devaines,
493 706 204 80 membre
636 706 122 80 de
697 706 286 80 l’Académie
921 706 286 80 française.
1146 706 122 80 L.
1207 706 163 80 aut.
1309 706 184 80 sig.,
1411 706 61 80 à

61 772 226 73 M...
202 772 282 73 Paris,
400 772 169 73 26
484 772 339 73 décembre
739 772 254 73 1792.
908 772 141 73 1
965 772 169 73 p.
1049 772 198 73 pl.
1162 772 254 73 in-4.
1332 772 141 73 2
1360 772 113 73 50

22 805 184 96 1783.
144 805 348 96 Dorval
431 805 205 96 (Mme),
575 805 225 96 célèbre
739 805 307 96 comédienne.
984 805 123 96 L.
1046 805 164 96 aut.
1148 805 184 96 sig.,
1271 805 123 96 au
1312 805 164 96 rédac-

63 866 240 69 teur
213 866 180 69 de
303 866 630 69 Vert-Vert
843 866 390 69 Demi-page
1143 866 270 69 in-8.
1323 866 150 69 1
1353 866 120 69 50

21 894 204 92 1784.
157 894 318 92 Doublet
407 894 136 92 de
475 894 454 92 Boisthibault
861 894 476 92 (François-Jules),
1269 894 227 92 avocat
1405 894 68 92 à

65 967 290 58 Chartres,
288 967 357 58 archéologue.
577 967 134 58 1°
644 967 134 58 L.
711 967 178 58 aut.
823 967 178 58 sig.
934 967 290 58 Chartres,
1157 967 134 58 15
1224 967 178 58 août
1313 967 156 58 1836.

71 1010 220 58 Demi-p.
231 1010 180 58 in-8.
351 1010 100 58 —
391 1010 120 58 2°
451 1010 180 58 La
571 1010 220 58 caverne
731 1010 120 58 de
791 1010 320 58 Saint-Michet
1051 1010 100 58 à
1091 1010 340 58 Bordeaux
1351 1010 120 58 Aut.

65 1056 197 56 sig.
189 1056 321 56 Chartres,
435 1056 148 56 10
509 1056 197 56 nov.
633 1056 222 56 1838.
781 1056 123 56 1
830 1056 148 56 p.
904 1056 173 56 pl.
1002 1056 148 56 et
1076 1056 222 56 demie
1224 1056 222 56 in-8.
1372 1056 123 56 4
1397 1056 74 56 »

23 1098 179 80 1785.
142 1098 179 80 Du
261 1098 238 80 Bois
440 1098 139 80 (le
519 1098 218 80 comte),
678 1098 198 80 préfet
817 1098 119 80 de
876 1098 198 80 Police
1015 1098 159 80 sous
1114 1098 258 80 l’Empire.
1312 1098 119 80 L.
1352 1098 119 80 aut.

60 1155 221 66 sig.
199 1155 166 66 18
282 1155 304 66 floréal
503 1155 166 66 an
586 1155 166 66 X.
669 1155 138 66 1
724 1155 166 66 p.
807 1155 194 66 pl.
918 1155 166 66 et
1001 1155 249 66 demie
1167 1155 249 66 in-4.
1333 1155 138 66 2
1360 1155 111 66 50

24 1196 186 65 1786.
148 1196 414 65 Dumouriez
500 1196 145 65 (le
583 1196 269 65 général).
790 1196 207 65 Arrêté
935 1196 124 65 du
997 1196 207 65 Comité
1142 1196 124 65 de
1204 1196 207 65 sûreté
1328 1196 145 65 géné

67 1253 168 69 rale
172 1253 147 69 qui
256 1253 209 69 charge
402 1253 126 69 la
465 1253 335 69 municipalité
737 1253 126 69 de
800 1253 293 69 Versailles
1030 1253 126 69 de
1093 1253 188 69 faire
1219 1253 230 69 apposer
1365 1253 105 69 les

64 1299 254 48 scellés
249 1299 185 48 dans
364 1299 139 48 un
433 1299 346 48 appartement
710 1299 139 48 de
780 1299 323 48 Dumouriez,
1033 1299 162 48 qui
1126 1299 162 48 est
1218 1299 162 48 rue
1287 1299 185 48 Saint-

65 1346 286 62 François,
285 1346 220 62 maison
438 1346 132 62 du
504 1346 242 62 citoyen
680 1346 308 62 Levasseur.
922 1346 198 62 Signé
1054 1346 132 62 de
1120 1346 220 62 Ruamp,
1251 1346 220 62 Ingrand,

68 1400 224 74 Osselin
230 1400 122 74 et
292 1400 244 74 Meaulle.
475 1400 204 74 Paris,
617 1400 102 74 6
658 1400 183 74 avril
780 1400 183 74 1793.
902 1400 102 74 1
943 1400 122 74 p.
1004 1400 224 74 in-fol.
1167 1400 163 74 Tête
1248 1400 224 74 imprimée,

-39 1447 1383 56 cachet.
967 1447 629 56 4
1093 1447 377 56 »

24 1480 184 64 1787.
146 1480 347 64 Duport
432 1480 265 64 (Adrien),
636 1480 286 64 conseiller
860 1480 122 64 au
921 1480 265 64 Parlement
1125 1480 122 64 de
1186 1480 204 64 Paris,
1309 1480 163 64 membre

66 1537 132 81 de
132 1537 330 81 l’Assemblée
396 1537 374 81 constituante.
704 1537 132 81 L.
770 1537 176 81 aut.
881 1537 198 81 sig.,
1013 1537 110 81 à
1057 1537 242 81 Régnier
1233 1537 154 81 son
1299 1537 176 81 inten-

63 1593 239 63 dant.
223 1593 266 63 Paris,
409 1593 159 63 16
488 1593 345 63 septembre
754 1593 239 63 1789.
913 1593 133 63 1
966 1593 159 63 p.
1046 1593 186 63 pl.
1152 1593 266 63 in-12.
1338 1593 133 63 6
1365 1593 106 63 50

113 1615 124 79 Il
175 1615 165 79 dira
278 1615 144 79 aux
360 1615 268 79 religieux
566 1615 124 79 et
628 1615 144 79 aux
710 1615 309 79 religieuses
957 1615 185 79 qu’il
1081 1615 103 79 a
1122 1615 144 79 des
1204 1615 247 79 affaires
1369 1615 103 79 par

69 1680 200 88 dessus
209 1680 120 88 la
269 1680 180 88 tête,
389 1680 180 88 qu’il
510 1680 240 88 s’occupe
690 1680 100 88 à
730 1680 160 88 leur
830 1680 180 88 faire
950 1680 200 88 donner
1090 1680 120 88 la
1151 1680 160 88 clef
1251 1680 140 88 des
1311 1680 160 88 champs

65 1729 181 59 avec
178 1729 136 59 de
246 1729 226 59 bonnes
382 1729 248 59 pensions.

22 1755 179 81 1788.
141 1755 357 81 Dusault
439 1755 218 81 (Jean),
597 1755 317 81 littérateur.
855 1755 198 81 Quitt.
994 1755 159 81 sig.
1093 1755 159 81 (sur
1192 1755 218 81 parch.)
1351 1755 119 81 de
1391 1755 79 81 la

65 1826 218 55 somme
210 1826 145 55 de
283 1826 194 55 1600
404 1826 266 55 livres,
597 1826 194 55 pour
718 1826 169 55 six
815 1826 194 55 mois
936 1826 145 55 de
1009 1826 145 55 la
1082 1826 266 55 pension
1251 1826 218 55 viagère

68 1859 132 75 de
134 1859 175 75 3200
244 1859 219 75 livres
397 1859 154 75 que
485 1859 154 75 lui
573 1859 175 75 fait
682 1859 132 75 le
748 1859 154 75 duc
836 1859 307 75 d’Orléans.
1077 1859 219 75 Paris,
1231 1859 132 75 14
1275 1859 197 75 janvier

-64 1918 1380 55 1779.
856 1918 767 55 2
1009 1918 460 55 »

25 1959 180 97 1789.
145 1959 440 97 Dutremblay,
525 1959 200 97 poëte,
665 1959 280 97 fabuliste.
885 1959 120 97 L.
945 1959 160 97 aut.
1045 1959 180 97 sig.,
1165 1959 100 97 à
1205 1959 120 97 M.
1245 1959 220 97 Bricogne.

53 2019 202 48 27
154 2019 371 48 juillet
424 2019 303 48 1815.
626 2019 169 48 1
694 2019 202 48 p.
795 2019 202 48 et
896 2019 303 48 demie
1098 2019 303 48 in-8.
1300 2019 169 48 1
1334 2019 135 48 75

25 2058 171 66 1790.
139 2058 247 66 Favard
329 2058 114 66 de
386 2058 342 66 l'Anglade,
671 2058 323 66 jurisconsulte
938 2058 228 66 célèbre,
1109 2058 114 66 né
1166 2058 95 66 à
1185 2058 285 66 Saint

71 2116 359 59 Florent
370 2116 359 59 (Puy-de-Dôme).
669 2116 120 59 L.
729 2116 160 59 aut.
829 2116 160 59 sig.
929 2116 100 59 2
968 2116 160 59 déc.
1068 2116 120 59 1.
1128 2116 120 59 p.
1188 2116 140 59 pl.
1268 2116 179 59 in-4.
1387 2116 100 59 2
1407 2116 60 59 »

26 2157 178 82 1791.
145 2157 316 82 Favre
402 2157 237 82 (Jules),
579 2157 217 82 avocat,
737 2157 316 82 représentant
994 2157 119 82 du
1053 2157 198 82 peuple
1192 2157 99 82 à
1211 2157 257 82 l’Assemblée

67 2215 356 45 constituante
356 2215 133 45 de
423 2215 200 45 1848.
556 2215 133 45 L.
623 2215 133 45 a.
690 2215 156 45 s.,
779 2215 133 45 au
845 2215 156 45 duc
934 2215 267 45 Decazes.
1134 2215 111 45 1
1179 2215 133 45 p.
1246 2215 200 45 in-8.
1379 2215 111 45 3
1401 2215 67 45 »

24 2253 165 64 1792.
133 2253 311 64 Fayet,
390 2253 183 64 évêque
518 2253 384 64 d'Orléans
847 2253 183 64 député
975 2253 91 64 à
1012 2253 274 64 l’Assemblée
1213 2253 256 64 constituante

61 2305 143 77 de
133 2305 215 77 1848.
276 2305 143 77 L.
348 2305 191 77 aut.
467 2305 191 77 sig.
587 2305 239 77 Paris,
754 2305 143 77 17
826 2305 191 77 nov.
945 2305 215 77 1819.
1089 2305 119 77 1
1136 2305 143 77 p.
1208 2305 215 77 in-4.
1352 2305 119 77 2
1375 2305 96 77 25

26 2345 169 60 1793.
139 2345 356 60 Florian,
438 2345 262 60 fabuliste,
645 2345 187 60 membre
776 2345 112 60 de
832 2345 262 60 l’Académie
1038 2345 262 60 française.
1225 2345 244 60 Dis

72 2398 230 80 cours
244 2398 230 80 prononcé
416 2398 153 80 dans
512 2398 115 80 la
569 2398 134 80 Son
646 2398 115 80 de
703 2398 115 80 la
761 2398 172 80 Halle
876 2398 115 80 au
933 2398 172 80 bled,
1048 2398 172 80 avant
1163 2398 115 80 de
1220 2398 153 80 lire
1297 2398 172 80 les

72 2450 302 76 loix
318 2450 245 76 Manuscrit
506 2450 151 76 aut.
601 2450 151 76 avec
695 2450 113 76 de
752 2450 264 76 nombreuses
959 2450 302 76 corrections.
1205 2450 94 76 1
1242 2450 113 76 p.
1280 2450 189 76 in

5 2496 430 58 à
177 2496 1119 58 mi-marge.
1038 2496 516 58 10
1210 2496 258 58 »

24 2549 194 80 1794.
154 2549 280 80 Forbin
369 2549 323 80 Janson,
627 2549 237 80 célèbre
800 2549 366 80 missionnaire,
1101 2549 215 80 évêque
1252 2549 129 80 de
1295 2549 172 80 Nancy.

73 2593 120 88 L.
133 2593 159 88 aut.
232 2593 179 88 sig.,
352 2593 100 88 à
392 2593 120 88 M.
452 2593 219 88 Baugin.
611 2593 199 88 Paris,
751 2593 120 88 29
810 2593 179 88 sept.
930 2593 179 88 1823.
1050 2593 100 88 1
1089 2593 120 88 p.
1149 2593 139 88 pl.
1229 2593 179 88 in-8.
1329 2593 139 88 Jolie

-23 2641 1262 60 lettre.
895 2641 574 60 3
1010 2641 459 60 50

118 2672 133 73 Il
184 2672 133 73 le
251 2672 266 73 remercie
450 2672 177 73 donc
561 2672 155 73 des
649 2672 222 73 peines
805 2672 199 73 qu’il
937 2672 177 73 veut
1048 2672 177 73 bien
1159 2672 244 73 prendre
1336 2672 133 73 de
1380 2672 89 73 la

73 2731 359 93 Sainte-OEuvre
369 2731 127 93 du
432 2731 317 93 Calvaire...
686 2731 148 93 «Je
770 2731 190 93 sais,
897 2731 254 93 qu’elles
1088 2731 127 93 ne
1151 2731 169 93 sont
1257 2731 148 93 pas
1320 2731 148 93 fruc
