1477 2832
39 120 275 78 «tueuses.
250 120 127 78 M.
314 120 212 78 Hébert
462 120 148 78 m’a
547 120 190 78 parlé
673 120 127 78 de
737 120 148 78 700
822 120 148 78 fr.
906 120 190 78 tirés
1033 120 127 78 de
1097 120 127 78 la
1160 120 212 78 petite
1287 120 148 78 ville

38 175 338 59 «d’Etampes.
309 175 180 59 Cela
422 175 135 59 me
489 175 225 59 paroit
647 175 338 59 prodigieux,
918 175 135 59 et
985 175 158 59 cet
1075 175 248 59 exemple
1256 175 135 59 ne
1301 175 135 59 peut

39 231 188 73 «être
164 231 146 73 que
248 231 167 73 fort
352 231 188 73 utile
477 231 167 73 pour
582 231 209 73 exiter
728 231 125 73 le
790 231 167 73 zèle
895 231 146 73 des
978 231 209 73 autres
1124 231 209 73 villes
1270 231 125 73 de
1312 231 125 73 pro-

38 274 116 59 «
61 274 256 59 vince...»

-4 296 180 100 1795.
116 296 381 100 Forfait,
437 296 240 100 ministre
617 296 120 100 de
677 296 120 100 la
737 296 220 100 Marine.
897 296 120 100 L.
957 296 160 100 aut.
1057 296 180 100 sig.,
1178 296 140 100 aux
1238 296 200 100 citoyens

37 374 409 56 administrateurs
382 374 129 56 de
447 374 129 56 la
511 374 323 56 Manufacture
770 374 280 56 nationale
986 374 151 56 des
1072 374 280 56 Gobelins.
1266 374 172 56 Paris,

27 423 212 51 18
133 423 530 51 jendémiaire
557 423 212 51 an
663 423 212 51 X.
769 423 389 51 Demi-p.
1051 423 318 51 in-4.
1263 423 177 51 2
1299 423 141 51 50

-7 461 189 64 1796.
119 461 357 64 Garcia
413 461 168 64 (Mme
518 461 273 64 Eugénie),
728 461 273 64 chanteuse
937 461 126 64 de
1000 461 252 64 l’Opéra.
1189 461 126 64 L.
1252 461 126 64 a.
1315 461 147 64 s.,
1378 461 63 64 à

40 518 153 49 Mme
128 518 219 49 Orfila
281 518 241 49 (1845).
456 518 109 49 2
499 518 131 49 p.
565 518 197 49 in-8.
696 518 219 49 Portr.
849 518 241 49 in-fol.
1024 518 197 49 Jolie
1156 518 241 49 lettre.
1331 518 109 49 3
1353 518 87 49 50

-4 561 183 71 1797.
118 561 345 71 Gardel
402 561 223 71 danseur
564 561 122 71 de
625 561 163 71 l’Op
727 561 142 71 ra.
808 561 122 71 L.
869 561 122 71 a.
930 561 142 71 s.,
1011 561 122 71 au
1072 561 223 71 citoyen
1215 561 223 71 Chalgrin,

42 615 310 62 architecte
286 615 133 62 du
352 615 333 62 Luxembourg.
618 615 244 62 (Paris,
796 615 133 62 an
862 615 222 62 VIII.)
1018 615 111 62 1
1062 615 133 62 p.
1129 615 155 62 pl.
1217 615 200 62 in-4.
1350 615 111 62 5
1372 615 67 62 »

87 659 248 68 Demande
268 659 135 68 de
335 659 316 68 banquettes
583 659 180 68 pour
696 659 158 68 une
786 659 225 68 petite
944 659 180 68 fête
1057 659 203 68 qu’il
1192 659 203 68 donne
1305 659 135 68 chez

42 706 135 71 un
109 706 359 71 ambassadeur,
400 706 135 71 le
468 706 157 71 5me
557 706 179 71 jour
647 706 381 71 complémentaire.

-2 728 191 83 1798.
125 728 403 83 Gavaudan
464 728 212 83 (Mme),
612 728 233 83 célèbre
782 728 233 83 actrice
952 728 127 83 de
1015 728 424 83 l’Opéra-Comique.
1354 728 85 83 L.

41 806 212 75 aut.
173 806 238 75 sig.,
332 806 132 75 à
385 806 159 75 M.
464 806 265 75 Merle.
649 806 132 75 4
702 806 291 75 mars...
914 806 132 75 1
967 806 159 75 p.
1046 806 185 75 pl.
1152 806 238 75 in-8.
1311 806 132 75 2
1337 806 106 75 50

0 832 178 87 1799.
119 832 355 87 Gellert
414 832 552 87 (Christian-Furchtegott),
908 832 276 87 professeur
1124 832 118 87 de
1164 832 276 87 philosophie,

44 888 200 83 poëte
177 888 133 83 et
244 888 311 83 moraliste.
488 888 133 83 L.
555 888 178 83 aut.
666 888 267 83 (Minute,
866 888 133 83 en
932 888 311 83 allemand.)
1176 888 133 83 19
1221 888 222 83 décembre

13 950 495 49 1759.
343 950 275 49 4
453 950 330 49 p.
618 950 385 49 pl.
837 950 495 49 in-4.
1167 950 330 49 20
1277 950 165 49 »

-1 985 200 75 1800.
132 985 311 75 Gilbert
377 985 156 75 des
465 985 356 75 Voisins,
754 985 400 75 avocat-général
1088 985 133 75 au
1154 985 289 75 Parlement
1354 985 89 75 de

45 1046 131 82 de
111 1046 218 82 Paris.
263 1046 131 82 L.
329 1046 175 82 aut.
438 1046 196 82 sig.,
569 1046 131 82 au
634 1046 153 82 duc
722 1046 131 82 de
787 1046 284 82 Bouillon.
1005 1046 218 82 Paris,
1158 1046 131 82 24
1224 1046 153 82 mai
1289 1046 153 82 1754.

-12 1089 843 67 Demi-p.
601 1089 690 67 in-4.
1061 1089 383 67 2
1138 1089 306 67 50

2 1121 171 85 1801.
116 1121 361 85 Ginguené
420 1121 361 85 (Pierre-Louis),
724 1121 190 85 auteur
856 1121 133 85 de:
932 1121 285 85 Histoire
1141 1121 304 85 littéraire

50 1188 390 67 d’Italie,
385 1188 149 67 etc.
478 1188 112 67 L.
534 1188 149 67 aut.
627 1188 167 67 sig.,
738 1188 112 67 au
794 1188 205 67 citoyen
943 1188 279 67 Guillaumot.
1166 1188 186 67 Paris,
1296 1188 112 67 18
1333 1188 112 67 bru-

35 1239 309 51 maire
241 1239 206 51 an
344 1239 275 51 III.
515 1239 172 51 1
584 1239 206 51 p.
687 1239 240 51 pl.
824 1239 309 51 in-8.
1030 1239 378 51 Cachet.
1305 1239 172 51 2
1339 1239 103 51 »

1 1262 185 86 1802.
125 1262 350 86 Gordon
414 1262 309 86 (Eléonore),
661 1262 309 86 musicienne,
908 1262 289 86 compromise
1135 1262 165 86 dans
1217 1262 227 86 l’affaire

46 1330 135 90 de
114 1330 338 90 Strasbourg.
384 1330 135 90 L.
452 1330 180 90 aut.
564 1330 203 90 sig.,
699 1330 113 90 à
744 1330 135 90 M.
812 1330 293 90 Garnerav.
1037 1330 113 90 2
1082 1330 180 90 nov.
1194 1330 203 90 1842.
1329 1330 113 90 1
1352 1330 90 90 p.

-12 1383 728 66 in-8.
473 1383 728 66 -10..
1040 1383 404 66 2
1120 1383 324 66 50

1 1404 188 83 1803.
126 1404 376 83 Goulas,
440 1404 293 83 secrétaire
670 1404 125 83 et
733 1404 272 83 confident
941 1404 125 83 de
1004 1404 209 83 Gaston
1150 1404 293 83 d’Orléans.
1359 1404 84 83 L.

50 1478 180 80 aut.
162 1478 202 80 sig.,
297 1478 112 80 à
342 1478 135 80 M.
409 1478 225 80 Paris,
566 1478 135 80 15
634 1478 157 80 mai
724 1478 202 80 1647.
859 1478 112 80 1
904 1478 157 80 gr.
993 1478 135 80 p.
1061 1478 157 80 pl.
1151 1478 247 80 in-fol.
1331 1478 135 80 10
1376 1478 67 80 »

96 1526 126 58 Au
159 1526 190 58 sujet
286 1526 126 58 de
349 1526 126 58 la
412 1526 316 58 Convocation
665 1526 148 58 des
749 1526 190 58 États
876 1526 105 58 à
897 1526 295 58 Montpellier.

-0 1577 209 71 1804.
139 1577 302 71 Grande
372 1577 302 71 boucherie
605 1577 140 71 de
674 1577 302 71 Paris
907 1577 233 71 Tîtres
1070 1577 256 71 divers,
1256 1577 140 71 de
1302 1577 140 71 pro

49 1619 250 67 priétés,
236 1619 333 67 inventaires,
507 1619 229 67 procès,
673 1619 354 67 contestations
965 1619 166 67 avec
1069 1619 250 67 l’abbaye
1256 1619 125 67 de
1297 1619 146 67 Mont-

48 1681 240 56 martre;
223 1681 370 56 transactions,
528 1681 174 56 baux
637 1681 153 56 des
724 1681 218 56 étaux,
876 1681 196 56 états
1007 1681 153 56 des
1094 1681 262 56 présents
1290 1681 153 56 qui
1356 1681 87 56 se

48 1718 283 59 faisaient
266 1718 109 59 à
310 1718 218 59 divers
462 1718 327 59 personnages
724 1718 174 59 dont
833 1718 131 59 la
898 1718 218 59 grande
1051 1718 283 59 Boucherie
1269 1718 196 59 avait
1378 1718 65 59 à

52 1773 246 53 réclamer
236 1773 143 53 des
318 1773 246 53 services
502 1773 123 53 ou
563 1773 123 53 la
624 1773 307 53 protection;
870 1773 307 53 quittances,
1116 1773 184 53 actes
1238 1773 123 53 et
1279 1773 164 53 autres

49 1814 292 59 documents
273 1814 270 59 curieux,
476 1814 135 59 en
543 1814 292 59 originaux
768 1814 135 59 ou
835 1814 135 59 en
903 1814 225 59 copies
1060 1814 292 59 anciennes
1262 1814 180 59 (beau-

50 1864 172 52 coup
157 1864 172 52 sont
264 1864 129 52 du
328 1864 150 52 XVe
414 1864 236 52 siècle,
586 1864 129 52 et
650 1864 279 52 plusieurs
864 1864 172 52 sont
971 1864 236 52 signées
1143 1864 150 52 par
1207 1864 236 52 Pellisson

51 1906 321 69 Fontanier),
308 1906 214 69 depuis
458 1906 171 69 l’an
565 1906 171 69 1153
672 1906 236 69 jusqu’à
843 1906 193 69 1772,
972 1906 129 69 au
1036 1906 214 69 nombre
1186 1906 129 69 de
1250 1906 150 69 160
1314 1906 129 69 en

50 1966 211 53 viron,
198 1966 296 53 comprenant
430 1966 169 53 plus
535 1966 127 53 de
599 1966 148 53 900
683 1966 211 53 pages,
831 1966 169 53 in-4
936 1966 127 53 et
1000 1966 253 53 in-fol.,
1190 1966 127 53 et
1232 1966 211 53 diverses

51 2003 207 64 pièces
196 2003 290 64 imprimées,
425 2003 270 64 requêtes,
632 2003 166 64 avis
736 2003 124 64 du
798 2003 249 64 conseil,
985 2003 187 64 etc.,
1109 2003 124 64 de
1171 2003 166 64 1644
1275 2003 104 64 à
1296 2003 145 64 1775,

-9 2066 483 65 64
233 2066 483 65 p.
475 2066 725 65 in-4.
958 2066 564 65 400
1199 2066 242 65 »

97 2096 235 79 Réunion
268 2096 299 79 infiniment
503 2096 278 79 précieuse
716 2096 171 79 pour
823 2096 299 79 l’histoire
1058 2096 128 79 de
1122 2096 150 79 cet
1187 2096 256 79 établisse-

50 2141 170 79 ment
156 2141 149 79 qui
241 2141 106 79 a
283 2141 170 79 joué
390 2141 127 79 un
453 2141 127 79 si
517 2141 191 79 grand
644 2141 170 79 rôle
750 2141 170 79 dans
857 2141 149 79 les
942 2141 255 79 troubles
1133 2141 127 79 de
1175 2141 170 79 Paris.

3 2200 193 62 1805.
131 2200 386 62 Grouchy
453 2200 322 62 (Emmanuel),
711 2200 258 62 maréchal
904 2200 129 62 de
969 2200 236 62 France.
1140 2200 129 62 L.
1205 2200 172 62 aut.
1291 2200 150 62 sig.,

50 2251 135 82 au
117 2251 269 82 ministre
319 2251 157 82 des
409 2251 292 82 Finances.
633 2251 202 82 Caën,
768 2251 112 82 3
813 2251 292 82 thermidor
1037 2251 135 82 an
1104 2251 157 82 XI.
1194 2251 112 82 1
1239 2251 135 82 p.
1284 2251 157 82 in

-2 2295 579 49 Tête
359 2295 940 49 imprimée.
1082 2295 362 49 2
1155 2295 289 49 50

-1 2328 206 87 1806.
137 2328 618 87 Guernon-Ranville
686 2328 206 87 (de),
824 2328 275 87 ministre
1030 2328 137 87 de
1098 2328 252 87 Charles
1282 2328 137 87 X,
1327 2328 115 87 au

36 2389 360 52 duc...
288 2389 216 52 12
396 2389 396 52 janvier
684 2389 324 52 1819.
901 2389 180 52 2
973 2389 216 52 p.
1081 2389 324 52 in-4.
1297 2389 180 52 2
1333 2389 108 52 »

1 2436 185 68 1807.
125 2436 350 68 Guyot,
413 2436 247 68 docteur,
598 2436 288 68 professeur
824 2436 123 68 en
886 2436 185 68 droit
1009 2436 123 68 et
1071 2436 206 68 avocat
1215 2436 103 68 à
1235 2436 206 68 Orléans,

52 2491 193 48 auteur
187 2491 116 48 du
245 2491 328 48 Répertoire
515 2491 251 48 universel
708 2491 116 48 de
766 2491 425 48 jurisprudence
1133 2491 116 48 L.
1191 2491 154 48 aut.
1288 2491 174 48 sig.,
1384 2491 58 48 à

48 2536 135 71 M.
115 2536 180 71 Nyon
227 2536 247 71 l’aîné.
407 2536 270 71 Orléans,
609 2536 135 71 24
676 2536 180 71 août
789 2536 202 71 1776.
923 2536 112 71 2
968 2536 135 71 p.
1036 2536 202 71 in-4.
1170 2536 247 71 Cachet.
1350 2536 112 71 9
1373 2536 67 71 »

95 2582 128 54 Il
159 2582 107 54 a
201 2582 214 54 appris
351 2582 171 54 avec
458 2582 235 54 plaisir
629 2582 192 54 qu’il
757 2582 256 54 s’occupe
949 2582 128 54 du
1014 2582 171 54 soin
1120 2582 128 54 de
1185 2582 192 54 faire
1291 2582 150 54 réims

50 2619 214 81 primer
199 2619 278 81 l’ouvrage
413 2619 150 81 des
499 2619 278 81 Pandectes
713 2619 128 81 de
777 2619 150 81 feu
862 2619 128 81 M.
927 2619 299 81 Pothier...
1162 2619 193 81 «J’ay
1269 2619 171 81 acheté

51 2688 186 53 «lors
175 2688 124 53 de
238 2688 124 53 la
300 2688 186 53 vente
424 2688 145 53 qui
507 2688 186 53 s’est
631 2688 186 53 faite
755 2688 186 53 après
879 2688 124 53 le
941 2688 186 53 dècez
1065 2688 124 53 de
1128 2688 124 53 M.
1190 2688 248 53 Pothier,
1355 2688 83 53 un

49 2729 348 77 «exemplaire
327 2729 162 77 des
420 2729 324 77 Pandectes,
674 2729 255 77 couvert
860 2729 139 77 en
929 2729 324 77 parchemin,
1184 2729 162 77 sur
1254 2729 185 77 lequel
