1523 2950
632 73 179 91 —
704 73 251 91 135
811 73 108 91 —

106 175 155 58 «M.
195 175 244 58 Pothier
372 175 111 58 a
416 175 200 58 écrit
549 175 133 58 de
616 175 133 58 sa
682 175 177 58 main
793 175 288 58 plusieurs
1015 175 200 58 notes
1148 175 177 58 dont
1259 175 133 58 il
1326 175 133 58 se
1370 175 133 58 pro-

105 229 265 55 «posoit
298 229 507 55 vraisemblablement
732 229 145 55 de
804 229 217 55 faire
949 229 217 55 usage
1094 229 193 55 dans
1215 229 169 55 une
1287 229 217 55 seconde

106 273 317 65 «édition...
359 273 190 65 etc.,
486 273 169 65 etc.
571 273 63 65 »

58 292 178 85 1808.
177 292 336 85 Hallé,
454 292 238 85 médecin.
632 292 277 85 Certificat
850 292 238 85 médical,
1028 292 158 85 aut.
1127 292 158 85 sig.
1226 292 198 85 Paris,
1364 292 119 85 24
1404 292 99 85 dé-

80 375 444 51 cembre
390 375 399 51 1807.
656 375 222 51 1
745 375 266 51 p.
878 375 310 51 pl.
1055 375 399 51 in-4.
1322 375 222 51 2
1366 375 133 51 »

55 417 186 61 1809.
179 417 351 61 Haller
468 417 248 61 (Albert,
654 417 186 61 baron
778 417 165 61 de),
881 417 248 61 médecin,
1067 417 310 61 anatomiste,
1314 417 186 61 élève
1417 417 83 61 de

100 470 284 71 Boerhaave,
323 470 183 71 poëte
445 470 122 71 et
506 470 325 71 littérateur.
770 470 122 71 L.
831 470 162 71 aut.
932 470 183 71 sig.,
1054 470 102 71 à
1095 470 122 71 M.
1156 470 264 71 Duchesne.
1339 470 162 71 Berne,

88 523 192 63 22
184 523 353 63 janvier
440 523 288 63 1769.
633 523 160 63 1
697 523 192 63 p.
793 523 224 63 pl.
921 523 288 63 in-4.
1113 523 353 63 Cachet.
1370 523 160 63 6
1402 523 96 63 »

56 558 178 72 1810.
175 558 316 72 Hanin
432 558 178 72 (L.),
551 558 237 72 médecin,
729 558 277 72 botaniste.
946 558 119 72 L.
1006 558 158 72 aut.
1104 558 158 72 sig.
1203 558 198 72 Paris,
1342 558 119 72 24
1381 558 119 72 mars

53 618 592 62 1822.
448 618 329 62 2
579 618 395 62 p.
777 618 592 62 in-8.
1171 618 329 62 1
1237 618 263 62 30

50 665 169 63 1811.
163 665 338 63 Hélian,
444 665 225 63 médecin,
613 665 188 63 auteur
744 665 150 63 d’un
838 665 356 63 Dictionnaire
1138 665 113 63 de
1175 665 319 63 Diagnostic

95 715 140 59 L.
165 715 187 59 aut.
281 715 210 59 sig.,
421 715 117 59 à
468 715 140 59 M.
538 715 280 59 Gormand,
748 715 327 59 secrétaire
1005 715 303 59 perpétuel
1238 715 140 59 du
1285 715 210 59 Collège

96 772 210 56 royal
236 772 163 56 des
329 772 280 56 médecins
539 772 140 56 de
609 772 234 56 Nancy.
773 772 210 56 Metz,
913 772 140 56 20
983 772 257 56 février
1170 772 210 56 1753.
1310 772 117 56 2
1357 772 140 56 p.
1404 772 93 56 et

55 808 540 60 demie
415 808 540 60 in-4.
775 808 660 60 Cachet.
1254 808 300 60 3
1314 808 180 60 »

48 847 189 75 1812.
174 847 419 75 Helvétius
530 847 189 75 (A.),
656 847 231 75 médecin
823 847 251 75 célèbre,
1012 847 168 75 père
1117 847 126 75 du
1180 847 293 75 philosophe
1389 847 105 75 au-

96 917 160 55 teur
196 917 120 55 de
256 917 400 55 l'Esprit
596 917 120 55 L.
656 917 160 55 sig.
756 917 200 55 Paris,
895 917 120 55 27
955 917 180 55 sept.
1075 917 180 55 1713.
1195 917 100 55 3
1235 917 120 55 p.
1295 917 180 55 in-4.
1415 917 100 55 3
1435 917 60 55 »

47 950 194 97 1813.
177 950 258 97 Henri
370 950 366 97 d’Albret,
671 950 151 97 roi
757 950 129 97 de
822 950 258 97 Navarre,
1016 950 301 97 grand-père
1252 950 237 97 d’Henri
1403 950 86 97 IV

92 999 129 88 L.
157 999 172 88 avee
265 999 129 88 la
329 999 344 88 souscription
609 999 194 88 d'une
738 999 194 88 ligne
867 999 172 88 aut.
975 999 194 88 sig.,
1104 999 129 88 au
1168 999 194 88 comte
1297 999 129 88 de
1340 999 151 88 Lude.

84 1063 225 83 Pau,
224 1063 141 83 2
281 1063 309 83 octobre
505 1063 253 83 1553.
674 1063 141 83 1
730 1063 169 83 p.
815 1063 253 83 in-4.
983 1063 253 83 Jolie
1152 1063 309 83 lettre)
1377 1063 141 83 8
1405 1063 84 83 »

45 1098 188 95 1814.
171 1098 251 95 Henri
359 1098 209 95 I,
505 1098 146 95 roi
589 1098 126 95 de
652 1098 230 95 France.
819 1098 126 95 L.
882 1098 188 95 sig.,
1008 1098 126 95 au
1070 1098 251 95 sénéchal
1238 1098 251 95 d’Agenois.

83 1160 264 65 L’Ile
259 1160 264 65 Adam,
435 1160 176 65 17
523 1160 382 65 septembre
817 1160 264 65 1550.
993 1160 147 65 1
1052 1160 176 65 p.
1140 1160 323 65 in-fol.
1375 1160 176 65 12
1434 1160 88 65 »

47 1192 173 92 1815.
162 1192 308 92 Henry
412 1192 250 92 (Thomas),
605 1192 212 92 médecin
759 1192 231 92 anglais.
932 1192 115 92 L.
990 1192 154 92 aut.
1086 1192 154 92 sig.
1182 1192 135 92 (en
1259 1192 250 92 anglais),
1432 1192 58 92 à

89 1271 103 76 à
131 1271 124 76 M.
193 1271 248 76 Macquer.
378 1271 206 76 Paris.
523 1271 310 76 Manchester,
771 1271 124 76 14
833 1271 186 76 sept.
957 1271 186 76 1774.
1080 1271 103 76 1
1122 1271 124 76 p.
1184 1271 145 76 pl.
1266 1271 186 76 in-4.
1369 1271 145 76 Beau-

-5 1313 1265 59 cachet.
915 1313 690 59 35
1145 1313 345 59 »

42 1331 191 105 1816.
169 1331 425 105 Héricouré
530 1331 212 105 (Louis
679 1331 170 105 de),
785 1331 234 105 celèbre
955 1331 382 105 jurisconsulte,
1274 1331 106 105 a
1295 1331 191 105 publié:

92 1411 186 67 Lois
228 1411 322 67 ecclésiastiques
499 1411 102 67 de
550 1411 254 67 France
753 1411 136 67 etc.
838 1411 102 67 Né
889 1411 85 67 à
923 1411 322 67 Soissons
1194 1411 203 67 (Aisne).
1346 1411 102 67 L.
1380 1411 102 67 aut.

87 1471 187 66 sig.,
212 1471 104 66 à
254 1471 125 66 M.
316 1471 125 66 Du
379 1471 250 66 Poirier.
566 1471 125 66 De
628 1471 229 66 Thiais,
795 1471 125 66 le
857 1471 125 66 11
920 1471 167 66 nov.
1024 1471 187 66 1745.
1149 1471 104 66 1
1191 1471 125 66 p.
1253 1471 208 66 in-12.
1399 1471 104 66 2
1420 1471 62 66 »

36 1507 198 62 1817.
168 1507 527 62 Herrenschwand
629 1507 439 62 (Jean-Frédéric),
1003 1507 242 62 médecin
1178 1507 132 62 de
1222 1507 264 62 Stanislas-

80 1557 272 51 Auguste,
284 1557 159 51 roi
375 1557 136 51 de
443 1557 272 51 Pologne.
647 1557 136 51 L.
715 1557 181 51 aut.
828 1557 204 51 sig.,
964 1557 113 51 à
1009 1557 204 51 MM...
1145 1557 227 51 Berne,
1304 1557 113 51 9
1326 1557 159 51 oéto-

80 1600 178 59 bre
181 1600 229 59 1785.
334 1600 127 59 7
385 1600 153 59 p.
461 1600 178 59 pl.
563 1600 153 59 et
639 1600 229 59 demie
792 1600 229 59 in-4.
945 1600 254 59 Papier
1123 1600 153 59 de
1199 1600 254 59 deuil.
1377 1600 127 59 6
1403 1600 76 59 »

130 1656 218 79 Lettre
283 1656 349 79 intéressante
566 1656 131 79 au
632 1656 196 79 sujet
762 1656 131 79 de
828 1656 131 79 la
893 1656 174 79 mort
1002 1656 131 79 de
1068 1656 153 79 son
1155 1656 196 79 frère
1286 1656 218 79 décédé
1417 1656 65 79 à

58 1697 177 58 Paris.

37 1725 178 98 1818.
156 1725 316 98 Heser
412 1725 276 98 (Georges),
629 1725 217 98 jésuite
787 1725 257 98 allemand,
985 1725 276 98 théologien
1202 1725 118 98 et
1241 1725 237 98 bibliothé

82 1796 200 86 caire.
222 1796 120 86 L.
282 1796 160 86 aut.
381 1796 160 86 sig.
481 1796 140 86 (en
561 1796 220 86 latin),
721 1796 120 86 au
781 1796 160 86 père
880 1796 220 86 Jacques
1040 1796 239 86 Sirmond.
1220 1796 100 86 1
1259 1796 140 86 gr.
1339 1796 120 86 p.
1379 1796 100 86 pl.

-25 1845 1378 58 in-fol.
977 1845 626 58 8
1102 1845 376 58 »

128 1878 211 78 Lettre
275 1878 211 78 pleine
423 1878 274 78 d’intérêt
633 1878 147 78 sur
718 1878 126 78 la
781 1878 295 78 discussion
1013 1878 147 78 qui
1097 1878 169 78 sest
1202 1878 232 78 élevée,
1350 1878 126 78 pen-

84 1941 145 57 dant
174 1941 235 57 plusieurs
355 1941 217 57 siècles,
518 1941 109 57 au
572 1941 163 57 sujet
681 1941 109 57 de
735 1941 217 57 l’auteur
898 1941 235 57 véritable
1079 1941 109 57 de
1115 1941 362 57 l'Imitalion

79 1991 180 57 de
199 1991 280 57 J.-C.
419 1991 160 57 dans
519 1991 240 57 laquelle
699 1991 200 57 Heser,
838 1991 180 57 après
958 1991 180 57 avoir
1078 1991 200 57 exposé
1218 1991 120 57 au
1278 1991 100 57 P
1298 1991 180 57 Sirmond

77 2021 209 95 l’état
223 2021 125 95 de
286 2021 125 95 la
349 2021 272 95 question,
558 2021 146 95 lui
642 2021 230 95 demande
809 2021 146 95 son
893 2021 230 95 opinion
1060 2021 167 95 avec
1164 2021 146 95 une
1248 2021 188 95 forme
1353 2021 125 95 res-

77 2091 273 58 pectueuse
287 2091 126 58 et
329 2091 168 58 polie.

30 2108 188 90 1819.
156 2108 398 90 Houlier,
491 2108 356 90 jurisconsulte
784 2108 251 90 célèbre,
972 2108 209 90 auteur
1119 2108 126 90 du
1182 2108 251 90 jugement
1370 2108 105 90 à
1391 2108 84 90 la

79 2171 471 97 Courte-paille
494 2171 170 97 Pièce
607 2171 264 97 judiciaire
814 2171 207 97 signée.
965 2171 188 97 Melle,
1097 2171 113 97 12
1154 2171 151 97 août
1248 2171 170 97 1650.
1361 2171 94 97 1
1380 2171 94 97 gr.

23 2230 458 57 p.
252 2230 535 57 pl.
557 2230 840 57 in-fol.
1168 2230 382 57 3
1245 2230 229 57 »

29 2264 188 69 1820.
155 2264 314 69 Huet
406 2264 272 69 (Daniel),
615 2264 209 69 évêque
762 2264 335 69 d’Avranches,
1034 2264 209 69 membre
1180 2264 126 69 de
1222 2264 251 69 l’Académie

73 2323 306 89 française.
314 2323 131 89 L.
380 2323 175 89 aut.
489 2323 175 89 sig.
598 2323 219 89 Aunay,
752 2323 131 89 le
817 2323 131 89 28
883 2323 285 89 septembre
1102 2323 197 89 1684.
1233 2323 109 89 2
1277 2323 131 89 p.
1321 2323 153 89 in

18 2376 689 58 Jolie
476 2376 842 58 lettre.
1089 2376 459 58 20
1242 2376 230 58 »

31 2418 188 84 1821.
157 2418 356 84 Hugon,
450 2418 251 84 médecin.
638 2418 126 84 L.
701 2418 167 84 aut.
805 2418 188 84 sig.,
931 2418 105 84 à
973 2418 126 84 M.
1036 2418 335 84 Croullebois,
1308 2418 146 84 son
1370 2418 105 84 li-

62 2468 378 61 braire.
337 2468 206 61 12
440 2468 378 61 février
715 2468 310 61 1813.
922 2468 172 61 1
990 2468 206 61 p.
1094 2468 310 61 in-4.
1300 2468 172 61 1
1334 2468 138 61 50

28 2502 176 88 1822.
146 2502 352 88 Husson,
439 2502 215 88 médecin
595 2502 117 88 de
654 2502 332 88 l’Hôtel-Dieu.
927 2502 117 88 L.
986 2502 156 88 aut.
1083 2502 156 88 sig.
1181 2502 176 88 Paris
1298 2502 117 88 18
1337 2502 137 88 juil-

37 2568 401 56 let
266 2568 516 56 1814.
610 2568 286 56 2
724 2568 344 56 p.
896 2568 516 56 in-4.
1240 2568 286 56 2
1297 2568 172 56 »

27 2623 194 66 1823.
157 2623 280 66 Imbert
372 2623 366 66 Dolonnes,
673 2623 237 66 médecin
846 2623 129 66 et
910 2623 323 66 chirurgien.
1169 2623 129 66 L.
1233 2623 172 66 aut.
1319 2623 151 66 sig.,

71 2661 145 55 au
143 2661 289 55 ministre
360 2661 145 55 de
433 2661 145 55 la
505 2661 265 55 guerre.
698 2661 241 55 Paris,
867 2661 145 55 16
939 2661 289 55 pluviôse
1156 2661 145 55 an
1229 2661 169 55 XI.
1325 2661 145 55 1.
1374 2661 96 55 p.

-18 2713 1259 63 in-fol.
897 2713 687 63 2,
1126 2713 343 63 »

32 2761 162 86 1824.
140 2761 342 86 Ingrand,
427 2761 180 86 député
553 2761 108 86 de
607 2761 108 86 la
661 2761 306 86 Vienne
913 2761 90 86 à
949 2761 108 86 la
1003 2761 270 86 Convention.
1218 2761 108 86 L.
1272 2761 144 86 aut.
1344 2761 126 86 sig.,
