1582 2898
677 63 152 78 137

50 140 196 88 1841.
181 140 393 88 Jeanroy
509 140 262 88 médecin.
705 140 306 88 Certificat
945 140 240 88 médical
1120 140 175 88 aut.
1229 140 175 88 sig.
1316 140 175 88 Paris,

80 211 229 57 28
194 211 458 57 pluviôse
538 211 229 57 an
653 211 344 57 XIII.
882 211 191 57 2
958 211 229 57 p.
1073 211 344 57 in-4.
1302 211 191 57 2
1340 211 153 57 50

50 258 200 58 1842.
183 258 711 58 Jean-Bon-Saint-André,
827 258 244 58 pasteur
1005 258 333 58 protestant,
1271 258 222 58 député
1404 258 89 58 du

98 300 251 59 Lot
295 300 90 59 à
331 300 107 59 la
385 300 269 59 Convention.
600 300 107 59 L.
653 300 143 59 aut.
743 300 143 59 sig.
832 300 358 59 St-André
1137 300 90 59 à
1173 300 107 59 M.
1226 300 233 59 Lavernhe,
1388 300 107 59 pour

93 342 129 68 M.
158 342 215 68 Denis,
309 342 108 68 à
352 342 215 68 Nîmes.
503 342 258 68 Castres,
696 342 129 68 13
761 342 194 68 avril
890 342 194 68 1782.
1019 342 108 68 2
1062 342 151 68 gr.
1149 342 129 68 p.
1213 342 151 68 pl.
1299 342 129 68 et
1342 342 151 68 demie

-20 396 1238 72 in-4.
805 396 825 72 10
1080 396 413 72 »

145 440 203 70 Lettre
287 440 325 70 intéressante
551 440 122 70 au
611 440 183 70 sujet
733 440 142 70 des
814 440 244 70 troubles
997 440 284 70 intérieurs
1220 440 122 70 de
1261 440 223 70 l’Eglise,

97 487 262 71 suscités
294 487 393 71 principalement
621 487 153 71 par
708 487 415 71 Beaudecourt....
1057 487 306 71 Cependant,
1298 487 196 71 lassé
1407 487 87 71 de

97 552 172 47 tant
204 552 129 47 de
268 552 364 47 tracasseries,
568 552 364 47 naturellement
868 552 279 47 paresseux
1083 552 129 47 et
1147 552 150 47 ami
1233 552 129 47 de
1297 552 129 47 la
1340 552 150 47 paix,

101 598 236 52 n’ayant
272 598 214 52 qu’une
422 598 193 52 santé
550 598 214 52 faible
700 598 150 52 qui
786 598 150 52 l’a
872 598 193 52 forcé
1000 598 171 52 plus
1107 598 193 52 d’une
1236 598 171 52 fois
1343 598 107 52 à
1364 598 129 52 sus-

99 634 208 76 pendre
245 634 146 76 ses
328 634 249 76 travaux,
515 634 125 76 il
577 634 104 76 a
619 634 208 76 résolu
764 634 125 76 de
827 634 146 76 les
910 634 312 76 interrompre
1159 634 166 76 tout
1263 634 104 76 à
1305 634 187 76 fait,
1409 634 83 76 et

99 688 126 62 de
162 688 231 62 rentrer
330 688 168 62 dans
435 688 126 62 la
498 688 210 62 classe
646 688 147 62 des
709 688 378 62 particuliers....

50 719 194 74 1843.
180 719 301 74 Jeannet
416 719 151 74 des
502 719 366 74 Longrois,
804 719 387 74 docteur-régent
1126 719 129 74 de
1191 719 129 74 la
1255 719 237 74 Faculté
1406 719 86 74 de

96 777 250 69 Médecine
284 777 125 69 de
346 777 208 69 Paris.
492 777 292 69 Certificat
721 777 229 69 médical
888 777 167 69 aut.
992 777 167 69 sig.
1096 777 208 69 Paris,
1242 777 125 69 16
1284 777 208 69 frimaire

74 825 266 65 an
207 825 310 65 XI.
384 825 222 65 1
473 825 266 65 p.
606 825 266 65 et
739 825 399 65 demie
1004 825 399 65 in-4.
1270 825 222 65 2
1315 825 177 65 50

52 876 180 64 1844.
172 876 400 64 Jefferson
512 876 260 64 (Thomas),
712 876 260 64 président
911 876 140 64 des
991 876 300 64 Etats-Unis.
1231 876 120 64 L.
1291 876 160 64 aut.
1371 876 120 64 sig.

99 932 125 63 (à
162 932 125 63 la
224 932 125 63 3e
286 932 208 63 pers.,
432 932 125 63 en
494 932 270 63 anglais).
702 932 125 63 10
765 932 229 63 juillet
931 932 187 63 1786.
1056 932 270 63 Demi-page
1264 932 187 63 in-4.
1389 932 104 63 7
1410 932 83 63 50

140 980 260 56 Demande
329 980 142 56 de
400 980 189 56 vins
518 980 142 56 de
589 980 283 56 Bordeaux
801 980 142 56 et
872 980 142 56 de
920 980 212 56 Madère.

50 1016 185 64 1845.
174 1016 412 64 Jérusalem
524 1016 618 64 (Jean-Frédéric-Guillaume),
1081 1016 227 64 célèbre
1225 1016 268 64 predicateur

97 1065 303 72 protestant.
339 1065 121 72 L.
400 1065 121 72 a.
461 1065 121 72 s.
521 1065 141 72 (en
602 1065 283 72 allemand).
824 1065 121 72 13
885 1065 222 72 juillet
1046 1065 182 72 1785.
1168 1065 101 72 1
1208 1065 121 72 p.
1269 1065 182 72 in-4.
1390 1065 101 72 3
1410 1065 81 72 50

51 1117 191 63 1846.
178 1117 424 63 Johanneau
539 1117 233 63 (Éloi),
708 1117 318 63 philologue,
963 1117 339 63 grammairien,
1217 1117 276 63 antiquaire,

96 1164 366 64 naturaliste,
394 1164 183 64 etc.
508 1164 137 64 L.
577 1164 183 64 aut.
692 1164 206 64 sig.,
829 1164 115 64 à
875 1164 137 64 la
943 1164 183 64 mère
1058 1164 229 64 Michel
1218 1164 160 64 qui
1310 1164 183 64 perd
1401 1164 92 64 la

95 1217 213 59 mémoire
250 1217 136 59 (le
327 1217 252 59 rédacteur
522 1217 136 59 des
599 1217 272 59 Annales
813 1217 388 59 politiques)
1143 1217 194 59 Paris,
1279 1217 116 59 23
1317 1217 175 59 octobre

79 1257 364 59 1818.
321 1257 202 59 3
402 1257 242 59 p.
523 1257 283 59 pl.
685 1257 364 59 in-4.
927 1257 525 59 Curieuse.
1331 1257 202 59 3
1372 1257 121 59 »

53 1309 168 60 1847.
165 1309 318 60 Joliet
427 1309 262 60 (Bernard),
633 1309 112 60 de
689 1309 187 60 Dijon,
820 1309 93 60 a
857 1309 187 60 publié
988 1309 112 60 un
1044 1309 262 60 Recueil
1250 1309 112 60 de
1287 1309 206 60 Noèls

98 1357 465 59 Bourguignons
505 1357 116 59 L.
563 1357 155 59 aut.
660 1357 174 59 sig.,
776 1357 97 59 à
815 1357 233 59 Frédérie
989 1357 213 59 Soulié,
1144 1357 97 59 à
1183 1357 116 59 la
1222 1357 271 59 Bibliothèque

99 1411 137 53 de
168 1411 320 53 l’Arsenal.
419 1411 229 53 Dijon,
580 1411 137 53 31
648 1411 206 53 janv.
786 1411 206 53 1842.
923 1411 114 53 2
969 1411 137 53 p.
1037 1411 137 53 et
1106 1411 206 53 demie
1243 1411 206 53 in-4.
1381 1411 114 53 3
1403 1411 92 53 50

56 1448 166 67 1848.
166 1448 350 67 Jollivet
461 1448 166 67 (A.),
572 1448 184 67 député
701 1448 534 67 d'Ille-et-Vilaine
1180 1448 147 67 Deux
1253 1448 240 67 amendements

97 1502 183 68 aut.
212 1502 183 68 sig.
326 1502 297 68 présentés
555 1502 114 68 à
601 1502 137 68 la
669 1502 252 68 Chambre
852 1502 160 68 des
944 1502 275 68 députés.
1150 1502 114 68 2
1196 1502 137 68 p.
1264 1502 206 68 in-8.
1401 1502 114 68 2
1424 1502 69 68 »

54 1547 185 63 1849.
178 1547 329 63 Joly,
445 1547 206 63 auteur
589 1547 123 63 de
650 1547 247 63 beaucoup
835 1547 288 63 d’ouvrages
1061 1547 144 63 sur
1144 1547 123 63 la
1185 1547 308 63 calcographie,

100 1594 176 72 père
210 1594 132 72 du
276 1594 352 72 conservateur
562 1594 154 72 des
650 1594 264 72 estampes
849 1594 110 72 à
893 1594 132 72 la
959 1594 352 72 bibliothèque
1245 1594 132 72 du
1311 1594 176 72 ROI.
1399 1594 88 72 L.

90 1639 229 65 aut.
234 1639 229 65 sig.
377 1639 287 65 Paris,
578 1639 143 65 2
635 1639 229 65 nov.
778 1639 258 65 1784.
950 1639 143 65 1
1008 1639 172 65 p.
1094 1639 201 65 pl.
1208 1639 258 65 in-4.
1380 1639 143 65 2
1409 1639 86 65 »

53 1689 182 63 1850.
174 1689 364 63 Jomard
477 1689 202 63 savant
619 1689 344 63 orientaliste.
902 1689 121 63 L.
962 1689 162 63 aut.
1064 1689 162 63 sig.
1165 1689 202 63 Paris,
1306 1689 101 63 7
1326 1689 162 63 avril.

20 1740 493 63 1
217 1740 591 63 p.
512 1740 788 63 in-8
1005 1740 493 63 1
1103 1740 394 63 50

54 1800 179 56 1851.
174 1800 379 56 Jouffroy
493 1800 199 56 (Th.),
632 1800 319 56 littérateur,
892 1800 199 56 membre
1031 1800 120 56 de
1091 1800 299 56 l’Institut,
1311 1800 179 56 député.

84 1842 212 58 L.
190 1842 282 58 aut.
366 1842 282 58 sig.
543 1842 459 58 Vendredi.
896 1842 177 58 1
966 1842 212 58 p.
1072 1842 353 58 in-18.
1319 1842 177 58 1
1355 1842 141 58 50

54 1888 162 56 1852.
162 1888 360 56 Jourdain,
468 1888 180 56 membre
594 1888 108 56 du
648 1888 198 56 conseil
791 1888 126 56 des
863 1888 198 56 anciens
989 1888 504 56 (Ille

100 1937 123 53 L.
161 1937 164 53 aut.
263 1937 184 53 sig.,
386 1937 123 53 au
448 1937 246 53 ministre
632 1937 123 53 de
693 1937 123 53 la
755 1937 246 53 justice.
939 1937 205 53 Paris,
1082 1937 123 53 30
1144 1937 246 53 brumaire
1328 1937 123 53 an
1369 1937 123 53 VII.

81 1978 197 64 1
159 1978 236 64 p.
277 1978 275 64 pl.
435 1978 236 64 et
552 1978 354 64 quart
788 1978 354 64 in-4.
1024 1978 432 64 Cachet.
1339 1978 197 64 2
1378 1978 118 64 »

56 2029 175 64 1853.
172 2029 369 64 Jourdan,
483 2029 194 64 député
619 2029 116 64 de
677 2029 116 64 la
735 2029 330 64 Nièvre
1007 2029 97 64 à
1046 2029 116 64 la
1104 2029 291 64 Convention.
1337 2029 116 64 L.
1376 2029 116 64 aut.

100 2081 179 56 sig.,
219 2081 119 56 au
279 2081 258 56 rédacteur
477 2081 119 56 de
537 2081 119 56 la
597 2081 457 56 Quotidienne
994 2081 199 56 Paris,
1133 2081 119 56 21
1192 2081 238 56 décembre
1351 2081 139 56 1814.

47 2123 362 63 2
191 2123 435 63 p.
409 2123 507 63 pl.
698 2123 652 63 in-4.
1133 2123 435 63 10
1278 2123 217 63 »

147 2181 364 54 Protestations
446 2181 300 54 énergiques
682 2181 214 54 contre
832 2181 150 54 les
918 2181 321 54 accusations
1175 2181 236 54 portées
1325 2181 171 54 contre

98 2221 151 61 lui
185 2221 172 61 dans
292 2221 151 61 les
378 2221 323 61 biographies
636 2221 151 61 sur
722 2221 151 61 ses
809 2221 280 61 prétendus
1024 2221 215 61 crimes
1174 2221 237 61 pendant
1346 2221 129 61 la
1389 2221 108 61 ré-

99 2277 333 57 volution...
365 2277 266 57 «Jamais,
565 2277 155 57 non
653 2277 244 57 jamais,
831 2277 133 57 je
897 2277 133 57 ne
964 2277 177 57 suis
1075 2277 177 57 allé
1186 2277 177 57 dans
1296 2277 133 57 le
1341 2277 155 57 midi,

97 2318 166 65 «ni
192 2318 214 65 comme
335 2318 214 65 homme
477 2318 237 65 privé,
643 2318 142 65 ni
714 2318 214 65 comme
856 2318 214 65 homme
999 2318 261 65 public.
1165 2318 332 65 L’énergumène

102 2374 320 51 «Chaumette
354 2374 206 51 ayant
491 2374 160 51 dit
582 2374 229 51 devant
742 2374 160 51 moi
833 2374 183 51 chez
948 2374 137 51 un
1016 2374 229 51 député
1176 2374 137 51 de
1245 2374 137 51 la
1290 2374 206 51 Nièvre,

102 2424 181 54 «que
215 2424 248 54 l’élève
396 2424 135 54 du
464 2424 316 54 cordonnier
712 2424 203 54 Simon
847 2424 203 54 était
983 2424 135 54 un
1051 2424 203 54 ange,
1186 2424 203 54 qu’il
1321 2424 113 54 y
1344 2424 158 54 avait

103 2469 270 59 «quelque
305 2469 202 59 chose
440 2469 337 59 d'attrayant
710 2469 135 59 et
777 2469 135 59 de
845 2469 202 59 divin
980 2469 180 59 dans
1092 2469 157 59 son
1182 2469 292 59 maintien,
1385 2469 112 59 que

105 2517 147 56 «si
189 2517 210 56 jamais
336 2517 126 56 on
400 2517 126 56 le
463 2517 295 56 présentait
694 2517 126 56 au
757 2517 232 56 peuple,
926 2517 126 56 il
989 2517 274 56 tomberait
1199 2517 105 56 à
1241 2517 147 56 ses
1305 2517 189 56 genoux!

106 2563 147 59 «Ce
190 2563 189 59 qu’il
316 2563 210 59 ajouta
464 2563 126 59 se
527 2563 210 59 devine
674 2563 274 59 aisément,
885 2563 126 59 il
948 2563 189 59 n’est
1074 2563 147 59 que
1158 2563 168 59 trop
1263 2563 210 59 établi
1390 2563 105 59 par

103 2619 165 64 «la
198 2619 189 64 mort
316 2619 236 64 subite
481 2619 142 64 et
552 2619 330 64 prématurée
811 2619 142 64 de
882 2619 142 64 ce
953 2619 330 64 malheureux
1212 2619 259 64 prince.
1377 2619 118 64 Que

104 2654 330 61 «pouvais-je
368 2654 198 61 faire
501 2654 176 61 pour
611 2654 264 61 empêcher
809 2654 132 61 le
875 2654 198 61 crime
1007 2654 220 61 médité
1162 2654 154 61 sur
1250 2654 176 61 lui;
1338 2654 154 61 qu'on

106 2705 194 53 «s’en
236 2705 194 53 fasse
365 2705 129 53 la
429 2705 258 53 question
623 2705 129 53 et
687 2705 129 53 la
752 2705 237 53 réponse
924 2705 194 53 avant
1053 2705 129 53 de
1096 2705 258 53 juger....»

56 2753 185 70 1854.
180 2753 369 70 Jourdan
487 2753 287 70 (Etienne),
713 2753 328 70 chansonnier,
980 2753 205 70 auteur
1124 2753 308 70 dramatique.
1370 2753 123 70 1°
1411 2753 82 70 L.
