1640 2979
711 66 176 89 —
746 66 176 89 142

141 152 174 89 1905.
257 152 329 89 Musset
528 152 213 89 (Alfred
682 152 155 89 de),
779 152 174 89 poëte
895 152 116 89 et
953 152 309 89 littérateur,
1204 152 193 89 membre
1340 152 116 89 de
1379 152 193 89 l’Acadé

184 212 147 71 mie
268 212 295 71 française.
500 212 126 71 L.
563 212 168 71 aut.
668 212 190 71 sig.,
795 212 126 71 au
858 212 295 71 secrétaire
1090 212 232 71 général
1258 212 126 71 du
1321 212 253 71 ministre
1490 212 84 71 de

182 258 391 74 l’intérieur.
499 258 244 74 Paris,
670 258 122 74 4
719 258 293 74 novembre
939 258 220 74 1838.
1086 258 122 74 1
1135 258 171 74 gr.
1233 258 147 74 p.
1306 258 220 74 in-4.
1453 258 122 74 7
1477 258 98 74 50

232 298 189 83 Jolie
358 298 231 83 lettre,
526 298 252 83 relative
715 298 105 83 à
757 298 126 83 sa
820 298 294 83 nomination
1050 298 126 83 de
1113 298 378 83 bibliothécaire
1428 298 126 83 au
1470 298 105 83 mi-

187 374 220 59 nistère
347 374 120 59 de
387 374 281 59 l’intérieur.

141 402 175 73 1906.
257 402 330 73 Naudet
529 402 136 73 (le
607 402 253 73 général),
801 402 311 73 littérateur,
1054 402 272 73 fabuliste.
1267 402 117 73 L.
1325 402 155 73 aut.
1423 402 175 73 sig.,
1520 402 58 73 à

175 452 191 78 M.
271 452 447 78 Villenave.
622 452 191 78 17
718 452 319 78 mai...
941 452 160 78 1
1005 452 191 78 p.
1100 452 223 78 pl.
1228 452 287 78 in-4.
1419 452 160 78 2
1451 452 128 78 50

139 515 185 67 1907.
263 515 391 67 Noailles
592 515 144 67 (le
674 515 268 67 maréchal,
880 515 144 67 duc
963 515 165 67 de).
1066 515 123 67 L.
1127 515 165 67 avec
1230 515 350 67 post-scriptum
1498 515 82 67 de

190 564 105 69 4
232 564 211 69 lignes
379 564 168 69 aut.
485 564 168 69 sig.
590 564 316 69 St-Germain,
843 564 105 69 4
885 564 190 69 avril
1011 564 190 69 1775.
1138 564 105 69 2
1180 564 147 69 gr.
1264 564 126 69 p.
1327 564 232 69 in-fol.
1496 564 105 69 3
1517 564 63 69 »

145 594 187 77 1908.
270 594 353 77 Onslow
561 594 291 77 (Georges),
789 594 332 77 compositeur,
1060 594 208 77 membre
1205 594 125 77 de
1267 594 312 77 l’Institut.
1496 594 83 77 L.

192 652 171 90 aut.
299 652 193 90 sig.,
427 652 128 90 au
491 652 193 90 baron
619 652 128 90 de
684 652 257 90 Trémont,
876 652 193 90 alors
1004 652 214 90 préfet
1154 652 128 90 de
1218 652 214 90 Dijon.
1347 652 235 90 Clermont,

171 695 257 65 15
300 695 471 65 juillet
642 695 386 65 1837.
900 695 214 65 4
985 695 257 65 p.
1114 695 386 65 in-8.
1371 695 214 65 7
1414 695 171 65 50

239 762 214 52 Depuis
388 762 150 52 son
474 762 214 52 retour
623 762 128 52 en
687 762 278 52 Auvergne,
901 762 128 52 il
965 762 192 52 s’est
1093 762 256 52 très-peu
1286 762 214 52 occupé
1435 762 128 52 de
1478 762 107 52 mu-

196 791 214 69 sique.
345 791 150 69 Son
431 791 342 69 introduction
709 791 128 69 et
773 791 128 69 un
837 791 235 69 premier
1008 791 235 69 allégro
1180 791 128 69 de
1244 791 299 69 quinquette
1458 791 128 69 sont

199 851 171 57 seuls
313 851 190 57 sortis
446 851 114 57 de
503 851 133 57 son
579 851 228 57 cerveau.
750 851 114 57 Il
807 851 114 57 en
864 851 133 57 est
941 851 228 57 pourtant
1112 851 266 57 satisfait,
1321 851 114 57 et
1359 851 228 57 désirerait

197 895 143 63 que
278 895 143 63 les
360 895 246 63 morceaux
544 895 143 63 qui
626 895 143 63 les
708 895 246 63 suivront
892 895 143 63 les
974 895 286 63 valussent.
1199 895 123 63 Il
1261 895 184 63 était
1363 895 225 63 autrefois

195 958 239 47 stimulé
369 958 152 47 par
456 958 217 47 l’idée
608 958 196 47 d’une
739 958 261 47 parfaite
934 958 282 47 exécution
1151 958 174 47 dans
1260 958 282 47 certaines
1456 958 130 47 réu-

197 1001 195 49 nions
327 1001 130 49 de
393 1001 130 49 la
458 1001 152 49 rue
544 1001 521 49 Neuve-Saint-Augustin
1000 1001 174 49 (les
1109 1001 260 49 réunions
1304 1001 282 49 musicales
1499 1001 87 49 du

197 1035 199 69 baron
330 1035 133 69 de
396 1035 288 69 Trémont).
618 1035 177 69 Leur
728 1035 332 69 dissolution
994 1035 111 69 a
1038 1035 244 69 répandu
1216 1035 133 69 le
1260 1035 332 69 découragement

196 1093 189 53 dans
315 1093 142 53 le
385 1093 213 53 monde
527 1093 331 53 musical...
787 1093 236 53 «Notre
953 1093 165 53 ami
1047 1093 213 53 Auber
1189 1093 236 53 compte
1355 1093 142 53 un
1402 1093 189 53 succès

204 1134 129 64 «de
277 1134 166 64 plus;
388 1134 166 64 le
499 1134 259 64 Filtre
702 1134 92 64 a
739 1134 296 64 complétement
979 1134 203 64 réussi.
1127 1134 296 64 Puissent-ils
1367 1134 166 64 tirer
1460 1134 129 64 leurs

204 1176 252 96 «auteurs
393 1176 126 96 de
456 1176 210 96 l’état
604 1176 231 96 fâcheux
772 1176 168 96 qui,
877 1176 210 96 depuis
1024 1176 231 96 quelque
1192 1176 210 96 temps,
1340 1176 147 96 est
1424 1176 126 96 le
1466 1176 126 96 par-

204 1233 192 56 «tage
332 1233 128 56 de
395 1233 170 56 tout
502 1233 128 56 ce
566 1233 149 56 qui
651 1233 192 56 tient
779 1233 107 56 à
822 1233 192 56 l’art
928 1233 277 56 musical...»

163 1279 181 66 1909.
284 1279 362 66 Orléans
586 1279 221 66 (Marie,
747 1279 242 66 duchesse
928 1279 161 66 d’),
1028 1279 121 66 de
1089 1279 181 66 Milan
1210 1279 121 66 et
1270 1279 121 66 de
1330 1279 221 66 Valois,
1471 1279 121 66 com

207 1319 198 68 tesse
339 1319 132 68 de
405 1319 220 68 Blois,
559 1319 176 68 mère
669 1319 132 68 de
735 1319 198 68 Louis
867 1319 176 68 XII.
977 1319 198 68 Pièce
1109 1319 176 68 sig.
1219 1319 176 68 (sur
1307 1319 286 68 parchemin),

207 1371 192 66 datée
335 1371 128 66 du
399 1371 235 66 château
569 1371 128 66 de
633 1371 213 66 Blois,
783 1371 128 66 le
847 1371 128 66 25
911 1371 235 66 février
1081 1371 192 66 1471,
1209 1371 235 66 donnant
1358 1371 235 66 autorisa-

208 1420 168 68 tion
313 1420 105 68 à
355 1420 147 68 son
439 1420 273 68 trésorier
649 1420 126 68 de
712 1420 189 68 paver
838 1420 126 68 la
901 1420 189 68 somme
1028 1420 126 68 de
1091 1420 126 68 27
1154 1420 147 68 000
1238 1420 210 68 livres
1385 1420 105 68 à
1427 1420 126 68 la
1469 1420 126 68 mai-

198 1481 222 45 son
325 1481 190 45 de
420 1481 317 45 Rohan.
642 1481 285 45 Grand
833 1481 349 45 in-fol.
1086 1481 190 45 en
1182 1481 381 45 travers.
1467 1481 159 45 6
1499 1481 95 45 »

158 1507 190 77 1910.
285 1507 381 77 Orléans
602 1507 317 77 (Marguerite
856 1507 127 77 de
919 1507 275 77 Lorraine,
1131 1507 254 77 duchesse
1321 1507 169 77 d’),
1406 1507 190 77 seconde

207 1578 189 72 femme
333 1578 126 72 de
396 1578 231 72 Gaston,
564 1578 189 72 frère
690 1578 126 72 de
753 1578 189 72 Louis
879 1578 189 72 XIII.
1006 1578 126 72 L.
1069 1578 168 72 aut.
1174 1578 189 72 sig.,
1300 1578 105 72 à
1342 1578 147 72 son
1405 1578 189 72 cousin,

192 1625 380 50 Paris,
458 1625 266 50 1er
610 1625 266 50 mai
762 1625 342 50 1660.
989 1625 190 50 1
1065 1625 228 50 p.
1179 1625 342 50 in-4.
1407 1625 228 50 12
1483 1625 114 50 »

163 1646 184 75 1911.
285 1646 369 75 Orléans
593 1646 205 75 (Louis
736 1646 164 75 d’),
839 1646 143 75 duc
921 1646 123 75 de
982 1646 246 75 Nemours.
1167 1646 123 75 L.
1228 1646 164 75 aut.
1331 1646 184 75 sig.,
1454 1646 123 75 au
1495 1646 102 75 gé-

207 1722 228 46 néral
358 1722 303 46 Colbert.
586 1722 253 46 Mardi,
763 1722 152 46 25
839 1722 278 46 juillet
1041 1722 228 46 1837.
1193 1722 126 46 1
1243 1722 152 46 p.
1319 1722 228 46 in-8.
1471 1722 152 46 10
1521 1722 76 46 »

164 1745 179 73 1912.
284 1745 359 73 Orléans
583 1745 199 73 (Henri
722 1745 159 73 d’),
822 1745 140 73 duc
901 1745 259 73 d’Aumale.
1101 1745 299 73 Description
1340 1745 120 73 de
1400 1745 120 73 la
1440 1745 159 73 statue

210 1816 130 55 de
275 1816 260 55 Jupiter,
471 1816 108 55 à
514 1816 260 55 Olympie.
709 1816 325 55 Composition
970 1816 130 55 du
1035 1816 108 55 8
1078 1816 239 55 janvier
1252 1816 195 55 1832.
1382 1816 174 55 Aut.
1469 1816 130 55 sig.

140 1865 457 52 1
322 1865 548 52 p.
596 1865 822 52 in-4.
1144 1865 548 52 10
1327 1865 274 52 »

164 1886 188 80 4943.
289 1886 333 80 Pache
560 1886 396 80 (Jean-Nicolas),
894 1886 250 80 ministre
1081 1886 125 80 de
1144 1886 125 80 la
1206 1886 208 80 guerre
1352 1886 125 80 et
1414 1886 188 80 maire
1519 1886 83 80 de

211 1944 221 64 Paris.
365 1944 132 64 L.
432 1944 177 64 aut.
542 1944 199 64 sig.,
674 1944 110 64 à
718 1944 132 64 M.
785 1944 331 64 Guillaumot.
1049 1944 221 64 Paris,
1204 1944 110 64 6
1248 1944 287 64 septembre
1447 1944 154 64 1779,

143 1990 548 63 3.
417 1990 548 63 p.
691 1990 822 63 in-4.
1239 1990 457 63 3
1330 1990 274 63 »

169 2045 184 72 1914.
291 2045 369 72 Paradol
599 2045 205 72 (Mme),
742 2045 225 72 actrice
906 2045 123 72 du
968 2045 430 72 Théâtre-Français.
1337 2045 123 72 L.
1398 2045 164 72 aut.
1480 2045 123 72 sig.

194 2087 273 65 Ce
331 2087 683 65 mercredi...
877 2087 228 65 1
969 2087 273 65 p.
1105 2087 410 65 in-8.
1378 2087 228 65 1
1424 2087 182 65 50

169 2129 190 70 1915.
296 2129 360 70 Paulmy
592 2129 360 70 (Antoine-Réné
888 2129 127 70 de
951 2129 190 70 Voyer
1078 2129 317 70 d’Argenson,
1332 2129 233 70 marquis
1480 2129 127 70 de),

219 2196 282 51 fondateur
436 2196 130 51 de
501 2196 130 51 la
566 2196 347 51 bibliothèque
848 2196 130 51 de
913 2196 303 51 l’Arsenal,
1151 2196 217 51 membre
1303 2196 130 51 de
1346 2196 260 51 l’Académie

219 2233 314 64 française.
465 2233 134 64 L.
532 2233 179 64 aut.
644 2233 202 64 sig.,
778 2233 112 64 à
823 2233 134 64 M.
890 2233 134 64 de
958 2233 358 64 Malesherbes.
1249 2233 134 64 De
1316 2233 291 64 l’Arsenal
1517 2233 90 64 de

219 2282 228 62 Paris,
379 2282 205 62 jeudi
515 2282 137 62 28
584 2282 273 62 décembre
789 2282 205 62 1775.
925 2282 137 62 3.
994 2282 137 62 p.
1062 2282 159 62 pl.
1153 2282 137 62 et
1222 2282 205 62 demie
1358 2282 205 62 in-4.
1495 2282 137 62 26
1541 2282 68 62 »

268 2328 216 65 Lettre
420 2328 346 65 intéressante
701 2328 130 65 au
766 2328 195 65 sujet
896 2328 130 65 de
961 2328 325 65 l’exécution
1220 2328 151 65 des
1307 2328 216 65 ordres
1459 2328 130 65 du
1502 2328 108 65 roi

225 2390 165 54 dans
329 2390 289 54 l'Arsenal,
556 2390 124 54 et
618 2390 124 54 de
680 2390 351 54 l’arrestation
969 2390 124 54 du
1031 2390 186 54 sieur
1155 2390 227 54 Arnould
1320 2390 145 54 qui
1402 2390 103 54 a
1444 2390 124 54 eu
1485 2390 124 54 lieu

228 2434 168 60 chez
333 2434 211 60 Madame
481 2434 126 60 la
544 2434 253 60 comtesse
733 2434 126 60 de
796 2434 316 60 Fontenille,
1049 2434 189 60 etc.,
1175 2434 189 60 etc.,
1281 2434 126 60 etc.

180 2463 179 82 1916.
299 2463 378 82 Pellenc,
617 2463 278 82 secrétaire
836 2463 298 82 particulier
1074 2463 119 82 de
1134 2463 258 82 Mirabeau.
1333 2463 119 82 L.
1392 2463 159 82 aut.
1472 2463 139 82 sig.,

223 2527 126 58 à
273 2527 152 58 M.
349 2527 228 58 Lucas
501 2527 329 58 Montigny.
754 2527 152 58 28
830 2527 202 58 nov.
956 2527 228 58 1828.
1108 2527 329 58 Demi-page
1361 2527 202 58 in-8
1488 2527 126 58 1
1513 2527 101 58 50

180 2579 170 57 1917.
293 2579 359 57 Pérignon
596 2579 132 57 (le
671 2579 208 57 marquis
822 2579 151 57 de),
917 2579 227 57 maréchal
1087 2579 113 57 de
1144 2579 208 57 France.
1295 2579 113 57 Né
1351 2579 94 57 à
1370 2579 246 57 Gre

231 2615 504 63 nade-sur-Garonne
679 2615 373 63 (Haute-Garonne).
997 2615 112 63 L.
1053 2615 149 63 aut.
1146 2615 168 63 sig.,
1258 2615 112 63 au
1314 2615 168 63 comte
1408 2615 205 63 Lacépède.

212 2663 406 65 Naples,
507 2663 185 65 6
581 2663 295 65 mars
766 2663 332 65 1809.
987 2663 185 65 1
1061 2663 222 65 p.
1172 2663 406 65 in-fol.
1467 2663 185 65 3
1504 2663 111 65 »

183 2706 182 74 4918.
304 2706 404 74 Philippe,
647 2706 202 74 acteur
788 2706 222 74 comique
950 2706 121 74 du
1010 2706 222 74 théâtre
1172 2706 141 74 des
1253 2706 262 74 Variétés.
1455 2706 121 74 L.
1495 2706 121 74 aut.

228 2765 210 72 sig.
359 2765 131 72 4
411 2765 210 72 août
543 2765 236 72 1837.
700 2765 131 72 1
752 2765 157 72 p.
831 2765 236 72 in-8.
988 2765 262 72 Portr.
1172 2765 236 72 lith.
1329 2765 236 72 in-4.
1487 2765 131 72 2
1513 2765 105 72 50
