1621 2860
627 17 184 90 —
701 17 258 90 143
811 17 111 90 —

59 117 183 82 1919.
181 117 325 82 Piis,
445 117 325 82 chansonnier,
709 117 203 82 auteur
851 117 305 82 dramatique.
1095 117 122 82 L.
1156 117 163 82 aut.
1258 117 163 82 sig.
1360 117 102 82 9
1380 117 122 82 juin

59 170 592 67 1813.
454 170 329 67 1
585 170 395 67 p.
783 170 592 67 in-8.
1177 170 329 67 1
1243 170 263 67 50

59 212 179 70 1920.
178 212 317 70 Piron
436 212 258 70 (Alexis),
634 212 179 70 poëte
753 212 119 70 et
813 212 198 70 auteur
952 212 298 70 dramatique.
1190 212 119 70 L.
1249 212 159 70 aut.
1348 212 179 70 sig.,
1448 212 60 70 à

92 262 197 79 sa
191 262 296 79 mère.
388 262 197 79 16
486 262 394 79 décembre
782 262 296 79 1727.
979 262 164 79 1
1045 262 197 79 p.
1144 262 296 79 in-4.
1341 262 197 79 35
1406 262 99 79 »

150 315 276 69 Touchante
362 315 213 69 lettre
511 315 128 69 au
575 315 191 69 sujet
703 315 128 69 de
766 315 128 69 la
830 315 170 69 mort
937 315 128 69 de
1000 315 149 69 son
1064 315 149 69 père.

58 328 186 91 1921.
182 328 412 91 Ponchard,
533 328 206 91 acteur
677 328 124 91 de
739 328 412 91 l’Opéra-Comique.
1090 328 124 91 L.
1151 328 124 91 a.
1213 328 124 91 s.
1275 328 124 91 11
1316 328 186 91 mars...

34 411 460 52 1
218 411 552 52 p.
494 411 829 52 in-4.
1047 411 460 52 2
1139 411 368 52 50

59 458 174 67 1922.
174 458 347 67 Potier,
464 458 193 67 acteur
599 458 116 67 de
657 458 116 67 la
715 458 367 67 Porte-St-Martin
1024 458 116 67 et
1081 458 135 67 des
1159 458 251 67 Variétés.
1352 458 116 67 L.
1390 458 116 67 aut.

91 515 269 59 sig.
260 515 337 59 Paris,
495 515 168 59 3
563 515 370 59 janvier
832 515 303 59 1826.
1034 515 438 59 Curieuse.
1370 515 168 59 3
1404 515 101 59 »

59 551 192 66 1923.
186 551 383 66 Pradier
506 551 256 66 (James),
698 551 234 66 célèbre
868 551 298 66 statuaire.
1102 551 128 66 1°
1166 551 128 66 L.
1230 551 170 66 aut.
1337 551 192 66 sig.,
1443 551 64 66 à

105 594 126 59 M.
168 594 209 59 Lebas,
314 594 314 59 architecte.
566 594 105 59 1
608 594 126 59 p.
670 594 188 59 in-8.
796 594 209 59 Portr.
943 594 209 59 gravé,
1089 594 188 59 in-4;
1215 594 105 59 —
1257 594 126 59 2°
1320 594 209 59 Dessin
1445 594 63 59 à

104 647 132 62 la
170 647 197 62 plume
301 647 132 62 et
367 647 110 62 à
411 647 241 62 l’encre
587 647 132 62 de
652 647 219 62 Chine,
806 647 219 62 signé,
960 647 175 62 in-8
1069 647 241 62 oblong.
1245 647 197 62 Femme
1354 647 154 62 pleu-

71 702 459 71 rant
358 702 402 71 sur
587 702 402 71 une
817 702 574 71 tombe.
1218 702 344 71 12
1333 702 172 71 »

62 738 171 72 1924.
176 738 322 72 Quélen
441 738 133 72 (le
517 738 171 72 comte
631 738 152 72 de),
726 738 190 72 député
858 738 133 72 des
934 738 474 72 Côtes-du-Nord
1351 738 114 72 L.
1389 738 114 72 aut.

106 796 167 61 sig.
211 796 188 61 Paris
336 796 230 61 (Palais
503 796 125 61 de
565 796 376 61 l’Archevêché),
879 796 125 61 25
941 796 188 61 avril
1067 796 188 61 1825.
1192 796 104 61 1
1234 796 125 61 p.
1296 796 188 61 in-4.
1421 796 104 61 2
1442 796 63 61 »

63 840 160 73 1925.
170 840 356 73 Quinette,
472 840 178 73 député
596 840 107 73 de
650 840 320 73 l'Aisne
916 840 89 73 à
952 840 267 73 l’Assemblée
1165 840 231 73 nationale
1343 840 107 73 de
1379 840 124 73 1848.

101 886 162 58 L.
182 886 216 58 aut.
317 886 216 58 sig.
452 886 351 58 Soissons,
722 886 162 58 25
803 886 378 58 octobre...
1101 886 135 58 1
1155 886 162 58 p.
1236 886 243 58 in-4.
1398 886 135 58 2
1425 886 81 58 »

65 921 169 76 1926.
178 921 300 76 Rabbe
421 921 281 76 (Alphonse),
646 921 300 76 littérateur,
890 921 262 76 historien.
1096 921 112 76 Né
1152 921 94 76 à
1171 921 337 76 Marseille

99 980 661 57 (Bouches-du-Rhône).
674 980 173 57 L.
761 980 230 57 aut.
904 980 230 57 sig.
1048 980 144 57 1
1106 980 173 57 p.
1192 980 259 57 in-8.
1364 980 144 57 1
1393 980 115 57 50

60 1012 189 93 1927.
186 1012 357 93 Radet,
480 1012 210 93 auteur
627 1012 315 93 dramatique,
879 1012 168 93 l'un
984 1012 147 93 des
1068 1012 294 93 fondateurs
1299 1012 126 93 du
1341 1012 168 93 Vaude

107 1084 195 63 ville.
243 1084 117 63 1°
301 1084 117 63 L.
359 1084 156 63 aut.
457 1084 156 63 sig.
554 1084 117 63 29
612 1084 156 63 juin
710 1084 175 63 1823.
826 1084 97 63 1
865 1084 117 63 p.
923 1084 175 63 in-8.
1040 1084 97 63 —
1079 1084 117 63 2°
1137 1084 195 63 Duo
1274 1084 97 63 à
1293 1084 214 63 faire

105 1125 220 71 pour
265 1125 200 71 Urbain
405 1125 120 71 et
465 1125 320 71 Martine
725 1125 100 71 2
765 1125 120 71 p.
825 1125 140 71 pl.
905 1125 180 71 in-8,
1025 1125 160 71 avec
1125 1125 140 71 une
1205 1125 260 71 demi-page
1385 1125 120 71 aut.

71 1191 659 53 d’envoi
550 1191 300 53 à
670 1191 779 53 Champein.
1269 1191 300 53 5
1329 1191 180 53 »

65 1214 167 73 1928.
177 1214 315 73 Baglan
436 1214 167 73 (Lord
547 1214 204 73 Fitzroy
695 1214 389 73 Somerset),
1028 1214 407 73 lieutenant-général
1380 1214 111 73 du
1417 1214 93 73 duc

106 1271 143 54 de
178 1271 357 54 Wellington,
463 1271 523 54 commandant-général
915 1271 166 54 des
1010 1271 262 54 troupes
1200 1271 309 54 anglaises
1414 1271 95 54 en

108 1321 237 55 Crimée.
281 1321 129 55 L.
345 1321 172 55 aut.
453 1321 172 55 sig.
561 1321 151 55 (en
647 1321 280 55 anglais),
862 1321 129 55 25
927 1321 172 55 mars
1034 1321 194 55 1847.
1164 1321 108 55 1
1207 1321 129 55 p.
1271 1321 194 55 in-8.
1400 1321 129 55 10
1443 1321 65 55 »

66 1349 180 80 1929.
186 1349 240 80 Ramel
366 1349 120 80 de
426 1349 320 80 Nogaret,
686 1349 200 80 député
826 1349 120 80 de
886 1349 340 80 l'Aude
1166 1349 100 80 à
1206 1349 120 80 la
1246 1349 260 80 Convention,

111 1407 258 65 ministre
304 1407 151 65 des
390 1407 258 65 Finances
584 1407 129 65 du
648 1407 323 65 Directoire.
906 1407 129 65 L.
971 1407 129 65 a.
1035 1407 151 65 s.,
1121 1407 129 65 au
1186 1407 237 65 citoyen
1336 1407 172 65 Dupré,

109 1452 111 67 à
153 1452 355 67 Carcassonne.
442 1452 222 67 Paris,
597 1452 133 67 14
664 1452 244 67 janvier
842 1452 200 67 1793.
975 1452 111 67 2
1019 1452 155 67 gr.
1108 1452 133 67 p.
1175 1452 155 67 pl.
1264 1452 200 67 in-4.
1397 1452 133 67 10
1441 1452 67 67 »

161 1496 400 72 ..Aujourd’hui
491 1496 141 72 le
562 1496 283 72 jugement
774 1496 141 72 de
845 1496 212 72 Capet
986 1496 188 72 doit
1104 1496 188 72 être
1198 1496 306 72 commencé...

109 1553 212 62 quelle
257 1553 276 62 diversité
470 1553 170 62 dans
576 1553 149 62 les
661 1553 319 62 opinions...
916 1553 149 62 246
1001 1553 255 62 discours
1192 1553 170 62 leur
1299 1553 170 62 sont
1384 1553 127 62 dis-

110 1604 262 63 tribués,
307 1604 197 63 quasi
438 1604 175 63 tous
547 1604 153 63 les
634 1604 262 63 orateurs
831 1604 306 63 prétendent
1071 1604 153 63 que
1159 1604 197 63 Louis
1290 1604 175 63 doit
1377 1604 131 63 être

109 1651 227 59 déclaré
274 1651 268 59 coupable,
480 1651 165 59 mais
583 1651 144 59 sur
666 1651 268 59 l’article
871 1651 124 59 de
933 1651 124 59 la
995 1651 206 59 peine,
1139 1651 144 59 les
1222 1651 144 59 uns
1283 1651 227 59 demandent

107 1695 128 70 le
171 1695 213 70 renvoi
319 1695 128 70 au
383 1695 234 70 peuple,
554 1695 149 70 les
639 1695 213 70 autres
788 1695 128 70 la
851 1695 170 70 mort
958 1695 362 70 sur-le-champ,
1256 1695 255 70 d’autres
1426 1695 85 70 la

110 1748 165 60 mort
213 1748 165 60 sauf
316 1748 123 60 la
378 1748 247 60 sanction
563 1748 123 60 du
625 1748 226 60 peuple,
790 1748 247 60 d’autres
975 1748 123 60 le
1037 1748 350 60 bannissement,
1304 1748 206 60 d’autres

108 1798 120 74 la
168 1798 280 74 détention,
388 1798 120 74 en
448 1798 180 74 sorte
568 1798 180 74 qu’il
688 1798 120 74 ne
748 1798 220 74 prévoit
909 1798 140 74 pas
989 1798 200 74 quelle
1129 1798 160 74 sera
1229 1798 220 74 l’issue
1389 1798 120 74 de
1429 1798 80 74 la

87 1849 367 63 délibération...

69 1879 166 73 1930.
179 1879 296 73 Bamon
420 1879 129 73 (le
494 1879 203 73 baron),
642 1879 185 73 membre
771 1879 111 73 de
827 1879 277 73 l’Institut,
1049 1879 185 73 député
1178 1879 111 73 du
1215 1879 296 73 Puy

111 1936 284 86 Dôme
338 1936 321 86 (Cent-Jours).
603 1936 113 86 L.
659 1936 151 86 aut.
754 1936 170 86 sig.,
867 1936 113 86 au
924 1936 208 86 citoyen
1075 1936 208 86 Cuvier.
1226 1936 208 86 Tarbes,
1378 1936 113 86 15
1415 1936 95 86 ni-

80 1994 408 59 vôse
335 1994 306 59 an
488 1994 408 59 VII.
743 1994 255 59 2
846 1994 306 59 p.
999 1994 459 59 in-4.
1305 1994 255 59 5
1356 1994 153 59 »

155 2028 123 74 Il
217 2028 144 74 lui
299 2028 164 74 fait
402 2028 246 74 remettre
586 2028 144 74 par
669 2028 123 74 le
730 2028 226 74 citoyen
894 2028 226 74 Mirbel,
1058 2028 144 74 des
1141 2028 123 74 os
1202 2028 246 74 fossiles
1366 2028 144 74 qu’il

111 2095 194 52 croit
240 2095 215 52 dignes
390 2095 129 52 de
455 2095 237 52 quelque
627 2095 387 52 considération.
949 2095 151 52 Ils
1035 2095 129 52 ne
1100 2095 172 52 sont
1207 2095 151 52 pas
1293 2095 172 52 pris
1379 2095 129 52 dans

112 2141 146 49 des
196 2141 188 49 lieux
321 2141 313 49 ordinaires.
571 2141 188 49 C’est
696 2141 167 49 dans
800 2141 125 49 le
863 2141 313 49 Mont-Perdu,
1113 2141 167 49 dans
1217 2141 125 49 la
1280 2141 167 49 plus
1363 2141 146 49 haute

112 2175 258 62 montagne
305 2175 150 62 des
391 2175 258 62 Pyrénées
584 2175 129 62 et
649 2175 193 62 parmi
778 2175 193 62 leurs
906 2175 215 62 glaces
1057 2175 301 62 éternelles
1293 2175 193 62 qu’il
1401 2175 107 62 les

111 2231 106 62 a
153 2231 318 62 rencontrés.
407 2231 148 62 Ils
492 2231 169 62 font
598 2231 212 62 partie
746 2231 148 62 des
831 2231 212 62 débris
979 2231 212 62 osseux
1128 2231 169 62 dont
1234 2231 127 62 il
1297 2231 148 62 est
1361 2231 148 62 ques-

114 2282 155 51 tion
210 2282 155 51 dans
307 2282 116 51 le
365 2282 213 51 mémoire
520 2282 174 51 qu’il
636 2282 97 51 a
674 2282 155 51 fait
771 2282 193 51 passer
907 2282 97 51 à
945 2282 290 51 l’Institut,
1177 2282 174 51 etc.,
1293 2282 174 51 etc.,
1390 2282 116 51 etc.

67 2324 180 61 1931.
187 2324 300 61 Rapp
427 2324 140 61 (le
507 2324 180 61 comte
627 2324 200 61 Jean),
767 2324 220 61 général
927 2324 120 61 de
987 2324 120 61 la
1047 2324 280 61 République
1267 2324 120 61 et
1327 2324 120 61 de
1367 2324 140 61 l’Em

114 2384 169 60 pire.
227 2384 113 60 Né
283 2384 94 60 à
321 2384 320 60 Colmar
584 2384 301 60 (Haut-Rhin).
828 2384 113 60 L.
885 2384 150 60 aut.
979 2384 150 60 sig.
1073 2384 226 60 Dantzik,
1242 2384 113 60 11
1298 2384 150 60 juin
1373 2384 132 60 1812.

62 2421 362 60 1
206 2421 434 60 p.
423 2421 506 60 pl.
713 2421 651 60 in-8.
1146 2421 362 60 2
1219 2421 289 60 50

66 2469 183 61 1932.
188 2469 386 61 Ravignan
512 2469 142 61 (le
594 2469 162 61 père
695 2469 162 61 de),
796 2469 244 61 jésuite,
979 2469 223 61 célèbre
1142 2469 325 61 prédicateur.
1385 2469 122 61 Dis

115 2514 151 74 cours
216 2514 151 74 latin
316 2514 218 74 (Coram
484 2514 301 74 Salomone),
735 2514 134 74 aut.
818 2514 134 74 sig.
902 2514 100 74 en
952 2514 134 74 tête
1036 2514 84 74 :
1070 2514 151 74 G.
1170 2514 285 74 Ravignan
1405 2514 84 74 1
1421 2514 84 74 gr.

83 2565 305 61 p.
236 2565 356 61 pl.
439 2565 305 61 et
592 2565 864 61 quart-in-fol.
1304 2565 254 61 6
1354 2565 153 61 »

67 2611 182 69 1933.
188 2611 385 69 Rayneval
512 2611 142 69 (le
593 2611 182 69 comte
715 2611 202 69 Gérard
856 2611 162 69 de),
957 2611 324 69 ambassadeur.
1221 2611 121 69 L.
1281 2611 162 69 aut.
1362 2611 142 69 sig.,

114 2660 114 58 à
160 2660 137 58 M.
228 2660 228 58 Grand.
388 2660 342 58 Versailles,
662 2660 137 58 21
730 2660 251 58 juillet
913 2660 205 58 1781.
1050 2660 114 58 1
1095 2660 137 58 p.
1164 2660 160 58 pl.
1255 2660 205 58 in-4.
1392 2660 114 58 3
1415 2660 91 58 50

164 2715 122 67 Il
225 2715 285 67 désirerait
449 2715 183 67 avoir
571 2715 122 67 un
632 2715 265 67 entretien
836 2715 163 67 avec
938 2715 143 67 lui
1020 2715 143 67 sur
1101 2715 143 67 les
1183 2715 245 67 finances
1346 2715 163 67 Améri
