1589 2939
663 71 181 98 —
735 71 253 98 144
844 71 108 98 —

139 157 287 88 caines...
360 157 133 88 La
426 157 243 88 réponse
603 157 155 88 que
691 157 133 88 M.
758 157 265 88 Franklin
956 157 221 88 attend
1111 157 221 88 dépend
1266 157 133 88 du
1310 157 221 88 résultat

140 232 130 59 de
205 232 173 59 leur
292 232 368 59 conversation...

95 268 166 70 1934.
205 268 331 70 Recurt,
481 268 221 70 médecin,
647 268 184 70 député
775 268 129 70 des
849 268 478 70 Hautes-Pyrénées
1272 268 92 70 à
1291 268 239 70 l’Assemblée

141 331 265 58 nationale
345 331 123 58 de
406 331 184 58 1848.
529 331 123 58 L.
590 331 163 58 aut.
692 331 184 58 sig.,
814 331 123 58 au
876 331 265 58 président
1080 331 123 58 de
1141 331 123 58 la
1202 331 163 58 Cour
1304 331 143 58 des
1366 331 163 58 pairs,

137 380 464 52 Sainte-Pélagie,
527 380 147 52 30
601 380 293 52 décembre
821 380 220 52 1835.
967 380 122 52 1
1016 380 147 52 p.
1089 380 220 52 in-4.
1236 380 269 52 Cachet.
1431 380 122 52 3
1456 380 73 52 »

94 412 167 98 1935.
206 412 316 98 Redon,
466 412 186 98 député
596 412 111 98 du
652 412 409 98 Puy-de-Dôme
1005 412 93 98 à
1042 412 279 98 l’Assemblée
1246 412 279 98 constituante.

138 475 130 56 L.
203 475 174 56 aut.
312 475 174 56 sig.
421 475 261 56 Thouars,
617 475 130 56 le
682 475 130 56 20
747 475 261 56 prairial
943 475 130 56 an
1008 475 130 56 X.
1073 475 283 56 Demi-page
1291 475 196 56 in-4.
1421 475 109 56 1
1443 475 87 56 50

92 521 182 75 1936.
213 521 324 75 Redon
476 521 243 75 (Maxime,
659 521 223 75 marquis
820 521 162 75 de),
922 521 324 75 littérateur.
1185 521 243 75 Couplets
1347 521 182 75 chantés

138 567 177 57 dans
248 567 154 57 une
337 567 177 57 fête
447 567 132 57 où
513 567 221 57 devait
667 567 221 57 danser
822 567 132 57 la
888 567 221 57 petite
1043 567 243 57 Hullin.
1219 567 110 57 —
1263 567 287 57 Impromptu
1462 567 66 57 à

138 615 143 53 Mme
219 615 266 53 Angélique
424 615 123 53 de
486 615 164 53 R...
588 615 102 53 —
629 615 184 53 Le
752 615 287 53 Serin
977 615 205 53 fable.
1120 615 102 53 —
1161 615 246 53 Quatrain
1325 615 205 53 épigram-

136 668 278 54 matique.
344 668 116 54 —
391 668 162 54 Sur
484 668 209 54 notre
623 668 255 54 auguste
808 668 301 54 Empereur.
1040 668 116 54 —
1086 668 116 54 4
1133 668 162 54 gr.
1226 668 139 54 p.
1295 668 162 54 pl.
1365 668 162 54 in

60 716 782 61 Aut.
549 716 782 61 sig.
1038 716 489 61 3
1136 716 391 61 50

92 756 168 86 1937.
204 756 280 86 Regnault
428 756 243 86 Warin
615 756 224 86 (J.-J.),
783 756 299 86 littérateur,
1026 756 187 86 auteur
1157 756 112 86 du
1194 756 336 86 Cimetière

140 809 164 68 de
249 809 110 68 la
304 809 329 68 Madeleine
578 809 110 68 Né
633 809 91 68 à
669 809 384 68 Bar-le-Duc
998 809 219 68 (Meuse).
1163 809 110 68 L.
1217 809 146 68 aut.
1309 809 146 68 sig.
1382 809 146 68 Paris,

137 857 101 65 3
177 857 222 65 juillet
339 857 182 65 1814.
460 857 101 65 1
500 857 121 65 p.
561 857 141 65 pl.
641 857 182 65 in-4.
762 857 141 65 Sur
843 857 121 65 le
904 857 202 65 second
1045 857 262 65 feuillet,
1247 857 121 65 et
1307 857 121 65 en
1368 857 161 65 date
1448 857 81 65 du

134 910 180 65 même
246 910 202 65 jour,
381 910 135 65 se
448 910 225 65 trouve
605 910 135 65 sa
673 910 359 65 déclaration,
965 910 135 65 au
1032 910 202 65 sujet
1167 910 157 65 des
1256 910 270 65 éditions
1436 910 90 65 du

139 952 307 68 Cimetière
389 952 115 68 de
446 952 115 68 la
504 952 346 68 Madeleine
792 952 173 68 qu’il
907 952 134 68 est
984 952 115 68 de
1042 952 134 68 son
1119 952 192 68 devoir
1253 952 115 68 de
1291 952 231 68 désavouer;

86 993 206 86 1938.
223 993 320 86 Régnier
475 993 137 86 de
544 993 137 86 la
613 993 343 86 Brière,
887 993 229 86 acteur
1047 993 137 86 du
1093 993 435 86 Théâtre

136 1054 221 51 auteur
290 1054 331 51 dramatique.
555 1054 132 51 L.
622 1054 132 51 a.
688 1054 155 51 s.,
776 1054 110 51 à
820 1054 155 51 son
909 1054 155 51 ami
997 1054 243 51 Alcide.
1174 1054 110 51 1
1218 1054 132 51 p.
1284 1054 199 51 in-8.
1417 1054 110 51 2
1439 1054 88 51 50

87 1096 182 91 1939.
208 1096 545 91 Reinaud-Lascour,
692 1096 202 91 député
833 1096 121 91 du
894 1096 303 91 Gard
1136 1096 141 91 aux
1216 1096 303 91 Cinq-Cents.
1438 1096 81 91 L.

131 1146 206 59 aut.
260 1146 206 59 sig.
389 1146 258 59 Paris,
570 1146 155 59 23
647 1146 387 59 vendémiaire
957 1146 155 59 an
1035 1146 181 59 VI.
1138 1146 129 59 1
1189 1146 155 59 p.
1267 1146 232 59 in-4.
1422 1146 129 59 2
1448 1146 77 59 »

90 1188 160 92 1940.
197 1188 337 92 Remilly,
480 1188 177 92 député
605 1188 106 92 de
658 1188 443 92 Seine-et-Oise
1048 1188 106 92 L.
1101 1188 142 92 aut.
1190 1188 160 92 sig.,
1296 1188 89 92 à
1332 1188 106 92 M.
1367 1188 160 92 Auguis,

129 1247 284 79 député.
336 1247 388 79 Versailles,
646 1247 155 79 31
724 1247 207 79 août
853 1247 233 79 1840.
1008 1247 129 79 2
1060 1247 181 79 gr.
1163 1247 155 79 p.
1241 1247 233 79 in-4.
1396 1247 129 79 —
1422 1247 103 79 50

182 1287 118 74 Au
241 1287 178 74 sujet
360 1287 118 74 du
419 1287 197 74 projet
557 1287 335 74 d’acquisition
833 1287 138 74 par
912 1287 197 74 l’Etat
1050 1287 118 74 de
1110 1287 118 74 la
1169 1287 276 74 collection
1366 1287 158 74 histo-

132 1327 189 68 rique
258 1327 168 68 (sur
363 1327 126 68 la
426 1327 315 68 Révolution)
679 1327 126 68 de
742 1327 147 68 feu
826 1327 126 68 M.
868 1327 252 68 Deschiens.

85 1384 196 70 1941.
216 1384 392 70 Rémusat
543 1384 153 70 (le
630 1384 196 70 comte
761 1384 414 70 Auguste-Laurent
1110 1384 174 70 de),
1219 1384 305 70 chambellan
1437 1384 87 70 de

134 1436 270 63 Napoléon,
342 1436 208 63 préfet
487 1436 125 63 de
549 1436 125 63 la
612 1436 353 63 Haute-Garonne
902 1436 125 63 et
965 1436 125 63 du
1027 1436 187 63 Nord.
1151 1436 125 63 L.
1214 1436 166 63 aut.
1317 1436 187 63 sig.,
1442 1436 125 63 au

132 1491 336 63 commissaire
401 1491 135 63 du
468 1491 247 63 théâtre
647 1491 135 63 de
715 1491 449 63 l’Opéra-Comique.
1096 1491 112 63 1
1141 1491 135 63 p.
1208 1491 157 63 pl.
1298 1491 202 63 in-4.
1432 1491 112 63 3
1455 1491 67 63 »

181 1529 120 65 Il
241 1529 120 65 le
301 1529 241 65 prévient
482 1529 140 65 que
562 1529 120 65 le
622 1529 221 65 théâtre
783 1529 120 65 de
843 1529 381 65 l’Opéra-Comique
1164 1529 201 65 jouera
1304 1529 100 65 à
1344 1529 120 65 la
1385 1529 140 65 cour.

135 1586 133 49 sur
211 1586 114 49 le
268 1586 170 49 grand
381 1586 208 49 théâtre
533 1586 114 49 de
589 1586 303 49 Saint-Cloud,
835 1586 114 49 le
892 1586 133 49 22,
968 1586 265 49 Montano
1176 1586 114 49 et
1214 1586 303 49 Stéphani,

132 1627 337 58 Distribution
406 1627 147 58 des
469 1627 168 58 rôles.

87 1666 179 100 1942.
207 1666 359 100 Rémusat
506 1666 199 100 (J.-P.
645 1666 199 100 Abel),
785 1666 199 100 savant
924 1666 339 100 orientaliste.
1203 1666 120 100 L.
1263 1666 159 100 aut.
1363 1666 179 100 sig.,
1462 1666 60 100 à

113 1724 323 59 M...
314 1724 242 59 31
435 1724 323 59 août
637 1724 363 59 1826.
879 1724 202 59 1
959 1724 242 59 p.
1080 1724 363 59 in-8.
1322 1724 202 59 1
1363 1724 161 59 50

83 1768 190 92 1943.
210 1768 381 92 Rémusat
527 1768 254 92 (Charles
717 1768 169 92 de).
823 1768 127 92 L.
887 1768 169 92 aut.
992 1768 169 92 sig.
1098 1768 211 92 Jeudi,
1246 1768 127 92 17
1288 1768 233 92 septembre

88 1820 586 58 1840.
479 1820 326 58 1
609 1820 391 58 p.
804 1820 586 58 in-8.
1195 1820 326 58 1
1260 1820 261 58 50

83 1855 193 84 1944.
211 1855 343 84 Rendu
490 1855 215 84 membre
640 1855 129 84 du
705 1855 236 84 Conseil
876 1855 129 84 de
941 1855 365 84 l’Instruction
1241 1855 279 84 publique.
1434 1855 86 84 L.

124 1925 243 51 aut.
275 1925 243 51 sig.
427 1925 152 51 7
488 1925 212 51 mai
609 1925 273 51 1822.
791 1925 152 51 1
852 1925 182 51 p.
943 1925 182 51 et
1034 1925 273 51 demie
1216 1925 273 51 in-4.
1399 1925 152 51 2
1429 1925 91 51 »

85 1953 167 86 1945.
197 1953 391 86 Revcrchon,
532 1953 186 86 député
662 1953 112 86 de
718 1953 465 86 Saône-et-Loire
1127 1953 93 86 à
1165 1953 112 86 la
1220 1953 279 86 Convention.
1425 1953 93 86 L..

129 2017 130 85 a.
194 2017 130 85 s.
260 2017 239 85 Beaune,
434 2017 130 85 29
499 2017 348 85 vendémiaire,
782 2017 130 85 an
847 2017 152 85 IX.
934 2017 109 85 1
977 2017 130 85 p.
1043 2017 130 85 et
1108 2017 196 85 quart
1238 2017 239 85 in-fol.
1412 2017 109 85 3
1434 2017 87 85 50

252 2144 199 55 SOUS
397 2144 199 55 PRESSE,
541 2144 145 55 POUR
632 2144 217 55 PARAITRE
794 2144 108 55 AU
849 2144 145 55 MOIS
939 2144 235 55 D’OCTOBRE
1102 2144 271 55 PROCHAIN:

84 2197 425 86 Correspondance
448 2197 121 86 de
509 2197 223 86 Boileau
670 2197 121 86 et
731 2197 364 86 Brossette,
1035 2197 162 86 avec
1136 2197 142 86 les
1217 2197 202 86 œuvres
1338 2197 182 86 supplé-

126 2256 260 55 mentaires.
331 2256 130 55 1re
405 2256 204 55 édition
554 2256 242 55 complète,
740 2256 111 55 en
795 2256 186 55 partie
925 2256 223 55 inédite,
1093 2256 204 55 publiée
1241 2256 130 55 sur
1316 2256 130 55 les
1371 2256 149 55 manu

125 2293 202 60 scrits
266 2293 283 60 originaux,
488 2293 141 60 par
569 2293 222 60 AUGUSTE
731 2293 262 60 LAVERDET.
932 2293 101 60 —
973 2293 121 60 Un
1033 2293 202 60 volume
1175 2293 182 60 in-8,
1296 2293 222 60 enrichi
1437 2293 81 60 de

123 2337 232 87 plusieurs
284 2337 232 87 fac

87 2420 170 98 Par
206 2420 153 98 suite
308 2420 102 98 de
360 2420 170 98 retard
479 2420 136 98 dans
564 2420 102 98 la
615 2420 221 98 rédaction
785 2420 102 98 et
837 2420 290 98 l’impression,
1075 2420 102 98 ce
1126 2420 170 98 numéro
1245 2420 119 98 n’a
1314 2420 119 98 été
1365 2420 153 98 dis

451 2473 202 65 tribué
607 2473 140 65 qu’au
700 2473 249 65 commencement
902 2473 93 65 de
933 2473 218 65 juillet

126 2627 256 51 N.B
327 2627 110 51 M.
382 2627 220 51 LAVERDET
547 2627 128 51 est
620 2627 146 51 chez
712 2627 128 51 lui
785 2627 110 51 de
840 2627 92 51 1
876 2627 165 51 heure
986 2627 92 51 à
1023 2627 110 51 4,
1078 2627 128 51 les
1151 2627 238 51 dimanches
1334 2627 110 51 et
1371 2627 146 51 fêtes.

85 2675 239 85 exceptés,
268 2675 110 85 et
323 2675 110 85 du
378 2675 110 85 15
433 2675 165 85 avril
544 2675 110 85 au
599 2675 110 85 15
654 2675 220 85 octobre,
819 2675 129 85 les
892 2675 239 85 mercredis
1076 2675 110 85 et
1131 2675 202 85 samedis
1260 2675 220 85 seulement.

228 2775 193 71 Paris.
363 2775 96 71 —
401 2775 289 71 Typographie
632 2775 116 71 de
690 2775 212 71 Gaittet
844 2775 116 71 et
902 2775 154 71 Cie,
999 2775 135 71 rue
1076 2775 308 71 Cit-le-Cœur,
1307 2775 77 71 7.
