1244 2061
-9 21 740 113 LETTRES
520 21 687 113 AUTOGRAPHES

241 134 236 69 ET
398 134 341 69 DOCUMENTS
635 134 341 69 HISTORIQUES

140 218 218 69 MAISON
293 218 218 69 FONDÉE
446 218 131 69 EN
511 218 174 69 1830
620 218 153 69 PAR
707 218 131 69 J.
773 218 262 69 CHARAVAY
947 218 131 69 AINÉ

493 282 98 83 et
542 282 180 83 dirigée
656 282 82 83 par

255 357 274 93 ÉTIENNE
454 357 299 93 CHARAVAY
678 357 199 93 FILS
803 357 149 93 ET
852 357 100 93 S.

101 414 309 89 ARCHIVISTE
344 414 353 89 PALÉOGRAPHE,
631 414 221 89 EXPERT
786 414 133 89 EN
830 414 287 89 AUTOGRAPHES

297 488 118 65 A
345 488 236 65 Paris,
510 488 165 65 rue
605 488 142 65 de
676 488 236 65 Seine,
817 488 95 65 51

79 554 422 87 CORRESPONDANT
427 554 273 87 SPÉCIAL
625 554 124 87 A
675 554 298 87 LONDRES:
898 554 149 87 F.
948 554 198 87 NAYLOR

364 624 99 54 4,
413 624 181 54 Milmann
545 624 181 54 street,
676 624 181 54 Bedford
792 624 82 54 ROw

20 675 151 58 ACHAT
121 675 101 58 DE
171 675 252 58 COLLECTIONS
373 675 286 58 D’AUTOGRAPHES
609 675 101 58 AU
659 675 219 58 COMPTANT;
827 675 219 58 ÉCHANGES;
978 675 219 58 COMMISSIONS

64 726 170 50 VENTES
183 726 221 50 PUBLIQUES
354 726 102 50 ET
405 726 85 50 A
439 726 238 50 L’AMIABLE;
626 726 221 50 RÉDACTION
796 726 102 50 DE
847 726 255 50 CATALOGUES;
1035 726 136 50 COPIES

123 760 237 56 CERTIFIÉES
309 760 102 56 DE
360 760 203 56 CHARTES,
513 760 220 56 DOCUMENTS
682 760 102 56 ET
733 760 271 56 AUTOGRAPHES;
936 760 153 56 VÉRIFI-

223 809 169 54 CATION
341 809 101 54 DE
392 809 169 54 PIÈCES
510 809 101 54 ET
561 809 253 54 CERTIFICATS
747 809 287 54 D’AUTHENTICITÉ;

267 846 268 56 PUBLICATION
482 846 107 56 DE
535 846 232 56 L’AMATEUR
696 846 268 56 D’AUTOGRAPHES

394 889 100 46 ET
444 889 100 46 DU
494 889 232 46 SUPPLÉMENT
677 889 83 46 A
693 889 133 46 L’ISO-

443 935 199 46 GRAPHIE
587 935 126 46 DES
642 935 144 46 HOMMES

909 945 200 77 Juin
1009 945 150 77 1880

499 972 203 59 CÉLÈBRES

42 965 303 67 Numéro
224 965 152 67 205

278 1098 213 68 BULLETIN
438 1098 302 68 D’AUTOGRAPHES
687 1098 89 68 A
723 1098 142 68 PRIX
794 1098 160 68 MARQUÉS

18 1238 167 62 29491.
135 1238 200 62 ACADÉMIE
285 1238 100 62 DE
335 1238 200 62 PEINTURE
485 1238 100 62 EN
535 1238 150 62 1745.
635 1238 83 62 —
668 1238 100 62 L.
718 1238 100 62 S.
768 1238 100 62 de
818 1238 250 62 Restout,
1001 1238 200 62 Cazes

193 1283 230 62 Coustou,
380 1283 201 62 Coypel
538 1283 317 62 (Charles-Antoine),
811 1283 245 62 Dumont
1013 1283 101 62 (le
1056 1283 144 62 Romain),

191 1326 230 58 Natoire
383 1326 166 58 Leroy,
511 1326 192 58 Leclerc
665 1326 192 58 (Sébastien,
818 1326 77 58 2e
857 1326 77 58 du
895 1326 102 58 nom)
959 1326 77 58 et
984 1326 218 58 Lepicié

190 1365 246 55 secrétaire
384 1365 105 55 au
437 1365 299 55 surintendant;
683 1365 176 55 Paris,
806 1365 105 55 27
858 1365 141 55 fév.
946 1365 158 55 1745,
1052 1365 88 55 2
1087 1365 105 55 p.
1122 1365 88 55 in-

196 1413 97 50 fol.
256 1413 157 50 (Coll.
377 1413 145 50 Benjamin
486 1413 194 50 Fillon)
643 1413 73 50 25
668 1413 48 50 »»

220 1450 120 50 Pièce
300 1450 214 50 intéressante
473 1450 93 50 par
527 1450 80 50 la
567 1450 147 50 réunion
674 1450 93 50 des
727 1450 200 50 signatures,
887 1450 107 50 dont
954 1450 227 50 quelques-unes
1128 1450 80 50 sont

192 1480 139 48 rares.
290 1480 70 48 —
317 1480 98 48 Ils
373 1480 181 48 demandent
512 1480 125 48 qu’on
596 1480 181 48 abandonne
735 1480 70 48 à
763 1480 195 48 l’Académie
916 1480 98 48 une
972 1480 125 48 pièce
1056 1480 84 48 de
1084 1480 125 48 service

189 1514 97 52 qui
245 1514 167 52 permette
370 1514 69 52 à
397 1514 97 52 ses
453 1514 153 52 membres
564 1514 180 52 d’arriver
703 1514 69 52 à
730 1514 111 52 leur
800 1514 125 52 salle
883 1514 83 52 de
925 1514 153 52 réunion
1036 1514 97 52 par
1091 1514 83 52 le
1119 1514 97 52 grand

181 1559 136 49 escalier.

148 1589 158 55 29492.
259 1589 174 55 AMBOISE
386 1589 206 55 (Georges,
544 1589 190 55 cardinal
687 1589 127 55 d’),
766 1589 95 55 le
813 1589 174 55 célèbre
940 1589 174 55 premier
1051 1589 158 55 ministre

500 1624 76 54 de
538 1624 113 54 Louis
614 1624 101 54 XII.
677 1624 63 54 —
702 1624 76 54 L.
740 1624 88 54 s.,
790 1624 101 54 avec
853 1624 76 54 la
891 1624 176 54 souscript.
1030 1624 113 54 aut.,
1105 1624 63 54 à
1130 1624 76 54 M.
1156 1624 50 54 de

193 1668 146 67 Rohan;
296 1668 175 67 Orléans,
427 1668 88 67 24
471 1668 190 67 décembre,
616 1668 73 67 1
646 1668 88 67 p.
689 1668 131 67 in-4.
777 1668 233 67 Rare
966 1668 88 67 30
996 1668 58 67 »»

225 1712 175 47 Très-belle
363 1712 125 47 lettre
451 1712 150 47 relative
564 1712 75 47 au
601 1712 125 47 procès
689 1712 75 47 de
726 1712 75 47 M.
764 1712 75 47 de
789 1712 100 47 Rohan.

9 1746 190 71 29493.
142 1746 228 71 ARGENSON
313 1746 418 71 (Marc-Antoine-René
674 1746 171 71 Voyer
788 1746 152 71 d’),
883 1746 209 71 marquis
1035 1746 114 71 de
1073 1746 133 71 Paul-

188 1791 128 57 my,
261 1791 237 57 diplomate
443 1791 109 57 et
498 1791 274 57 bibliophile
717 1791 219 57 célèbre,
881 1791 182 57 membre
1008 1791 109 57 de
1045 1791 164 57 l’Acad.

300 1832 111 70 fr.
363 1832 79 70 —
395 1832 95 70 L.
443 1832 127 70 aut.
522 1832 95 70 au
569 1832 142 70 même;
664 1832 206 70 Varsovie,
822 1832 95 70 23
870 1832 127 70 mars
949 1832 142 70 1762,
1044 1832 79 70 3
1060 1832 63 70 p.

199 1879 77 58 in-4.
251 1879 51 58 20
268 1879 34 58 »»

223 1895 268 72 Très-intéressante
453 1895 128 72 lettre
543 1895 77 72 où
581 1895 77 72 il
619 1895 141 72 demande
722 1895 89 72 qui
773 1895 179 72 remplacera
913 1895 166 72 Crébillon
1041 1895 64 72 à
1054 1895 153 72 l’Académie

197 1955 140 56 française
305 1955 65 56 et
337 1955 65 56 où
370 1955 65 56 on
402 1955 108 56 trouve
477 1955 65 56 ce
510 1955 119 56 passage
596 1955 205 56 caractéristique
769 1955 54 56 :
790 1955 97 56 «Pour
855 1955 75 56 nos
898 1955 119 56 pauvres
973 1955 65 56 amis

957 1988 108 52 1
