1597 2878
61 148 441 67 Saint-Bertholomé
436 148 132 67 de
502 148 242 67 l’ordre
678 148 154 67 des
766 148 308 67 Carmélites
1008 148 308 67 réformées,
1229 148 242 67 «quelques

61 201 335 57 «particules
329 201 134 57 de
396 201 268 57 reliques
597 201 156 57 des
687 201 224 57 saints
843 201 246 57 martyrs
1022 201 156 57 qui
1111 201 156 57 ont
1201 201 268 57 souffert
1380 201 89 57 en

61 237 245 58 «nostre
239 237 289 58 montaigne
461 237 178 58 pour
572 237 133 58 la
639 237 156 58 foy
728 237 133 58 de
795 237 222 58 nostre
950 237 267 58 Seigneur
1128 237 334 58 Jésus

63 285 213 72 «C’est
212 285 106 72 à
254 285 234 72 sçauoir
425 285 149 72 une
510 285 213 72 partie
659 285 170 72 d’un
765 285 170 72 tays
872 285 128 72 et
936 285 128 72 un
1000 285 234 72 morceau
1170 285 128 72 de
1234 285 213 72 coste,
1362 285 106 72 les

62 345 259 56 «quelles
257 345 259 56 reliques
451 345 173 56 nous
559 345 194 56 auons
689 345 216 56 prises
840 345 173 56 dant
948 345 151 56 les
1035 345 238 56 châsses
1208 345 151 56 qui
1294 345 173 56 sont
1381 345 86 56 en

61 390 254 50 «nostre
245 390 323 50 Eglise...»
499 390 115 50 7
545 390 254 50 février
729 390 207 50 1613.
868 390 207 50 Belle
1006 390 207 50 pièce
1144 390 161 50 sur
1213 390 254 50 parchemin

37 431 491 57 in-fol.
395 431 268 57 en
529 431 536 57 travers.
931 431 491 57 Cachet.
1288 431 223 57 6
1333 431 134 57 »

16 460 149 75 400.
109 460 409 75 Becdelièvre
462 460 371 75 (Charles-Prudent
778 460 149 75 de),
871 460 186 75 évêque
1001 460 111 75 de
1056 460 316 75 Nîmes
1316 460 111 75 L.
1354 460 111 75 aut.

61 525 201 90 sig.,
195 525 112 90 à
239 525 134 90 M.
306 525 268 90 Boilloud
507 525 134 90 de
574 525 380 90 Saint-Julien.
887 525 223 90 Nîmes,
1044 525 134 90 29
1111 525 179 90 mars
1222 525 201 90 1745.
1356 525 112 90 1
1379 525 89 90 p.

17 605 153 92 401.
112 605 363 92 Bellangé
418 605 305 92 (Hyppolite),
666 605 210 92 peintre
819 605 286 92 d’histoire.
1048 605 115 92 L.
1105 605 153 92 aut.
1201 605 172 92 sig.,
1315 605 95 92 à
1353 605 115 92 M.
1392 605 76 92 de

62 669 422 89 Saint-Vincent.
413 669 235 89 Rouen,
578 669 117 89 5
625 669 281 89 novembre
836 669 211 89 1840.
976 669 117 89 4
1023 669 141 89 p.
1094 669 164 89 pl.
1188 669 211 89 in-8.
1305 669 164 89 Inté

16 744 159 78 402.
116 744 338 78 Belle,
394 744 159 78 l’un
494 744 139 78 des
573 744 299 78 secrétaires
812 744 119 78 du
872 744 239 78 maréchal
1051 744 259 78 Berthier,
1230 744 239 78 correspon-

62 817 183 62 dant
177 817 138 62 du
246 817 229 62 Caveau
406 817 275 62 moderne,
612 817 252 62 convive
796 817 161 62 des
888 817 252 62 soupers
1071 817 138 62 de
1140 817 252 62 Maumus.
1323 817 138 62 1°
1369 817 92 62 L.

65 859 165 65 aut.
168 859 185 65 sig.,
292 859 103 65 à
333 859 144 65 MM.
416 859 227 65 Capelle
580 859 124 65 et
642 859 227 65 Renand.
807 859 268 65 Vitebseh,
1013 859 124 65 28
1075 859 227 65 juillet
1239 859 185 65 1812.
1363 859 103 65 1
1384 859 82 65 p.

62 911 162 56 pl.
154 911 208 56 in-8.
293 911 208 56 Envoi
431 911 139 56 de
501 911 139 56 la
570 911 208 56 pièce
708 911 162 56 qui
801 911 185 56 suit
916 911 277 56 composée
1124 911 139 56 en
1193 911 277 56 présence
1378 911 92 56 de

69 959 239 58 l’ennemi,
253 959 147 58 avec
345 959 184 58 prière
474 959 110 58 de
529 959 110 58 la
584 959 166 58 faire
695 959 203 58 insérer
842 959 147 58 dans
934 959 331 58 l'Epicurien
1192 959 276 58 français;

64 1000 108 61 —
108 1000 130 61 2°
173 1000 108 61 «
216 1000 195 61 Chant
346 1000 281 61 guerrier,
562 1000 173 61 fait
670 1000 130 61 la
735 1000 216 61 veille
886 1000 130 61 du
951 1000 238 61 passage
1124 1000 130 61 de
1189 1000 130 61 la
1254 1000 195 61 Dwina
1362 1000 108 61 par

66 1058 259 76 «l’armée
261 1058 281 76 française
476 1058 129 76 le
541 1058 129 76 27
606 1058 237 76 juillet
779 1058 194 76 1812.
908 1058 194 76 Dédié
1037 1058 108 76 à
1081 1058 129 76 la
1145 1058 216 76 grande
1275 1058 194 76 armée.»

64 1098 103 63 1
106 1098 124 63 p.
168 1098 144 63 pl.
250 1098 165 63 aut.
353 1098 165 63 sig.
436 1098 144 63 in

18 1131 152 81 403.
113 1131 286 81 Belzunce
342 1131 114 81 de
399 1131 419 81 Castel-Mloron,
761 1131 191 81 évêque
894 1131 114 81 de
952 1131 419 81 Marseille,
1295 1131 171 81 célèbre

64 1201 156 58 par
153 1201 156 58 son
242 1201 312 58 dévouement
488 1201 245 58 pendant
666 1201 134 58 la
733 1201 201 58 peste
867 1201 134 58 de
934 1201 290 58 Marseille
1157 1201 134 58 L.
1224 1201 178 58 aut.
1313 1201 156 58 sig.,

67 1241 106 53 à
109 1241 149 53 Mgr
194 1241 256 53 l’évêque
386 1241 128 53 de
450 1241 170 53 Gap.
556 1241 298 53 Marseille,
791 1241 149 53 1er
876 1241 277 53 septembre
1089 1241 192 53 1719.
1216 1241 106 53 1
1259 1241 128 53 p.
1323 1241 149 53 pl.
1387 1241 85 53 et

-3 1293 829 55 demie
549 1293 829 55 in-4.
1102 1293 460 55 6
1194 1293 276 55 »

111 1317 128 85 Au
175 1317 192 85 sujet
302 1317 128 85 du
366 1317 234 85 présent
536 1317 192 85 qu’il
664 1317 192 85 vient
792 1317 128 85 de
856 1317 255 85 recevoir
1047 1317 128 85 du
1111 1317 192 85 Pape,
1239 1317 128 85 de
1281 1317 192 85 l’arrêt

66 1382 149 89 qui
151 1382 107 89 a
194 1382 149 89 été
279 1382 192 89 rendu
407 1382 128 89 en
471 1382 128 89 sa
534 1382 213 89 faveur
684 1382 128 89 et
748 1382 128 89 du
811 1382 277 89 sentiment
1025 1382 128 89 de
1088 1382 277 89 plusieurs
1280 1382 192 89 évêques

67 1432 107 62 à
109 1432 150 62 cet
174 1432 171 62 égard.

19 1466 166 75 404.
123 1466 456 75 Bentivoglio
516 1466 228 75 (Jean),
682 1466 249 75 seigneur
868 1466 124 75 de
931 1466 249 75 Bologne.
1117 1466 124 75 L.
1179 1466 166 75 aut.
1283 1466 166 75 sig.
1365 1466 104 75 (en

66 1524 272 59 italien),
275 1524 104 59 à
317 1524 230 59 Laurent
484 1524 125 59 de
547 1524 251 59 Médicis.
735 1524 251 59 Bologne,
923 1524 125 59 14
985 1524 230 59 octobre
1153 1524 188 59 1485.
1278 1524 104 59 1
1320 1524 146 59 gr.
1382 1524 84 59 p.

33 1572 387 64 pl.
254 1572 609 64 in-fol.
697 1572 664 64 Cachet..
1194 1572 332 64 10
1305 1572 166 64 »

22 1626 145 52 405.
112 1626 325 52 Bérard
383 1626 181 52 auteur
510 1626 108 52 et
564 1626 199 52 éditeur
708 1626 126 52 des
781 1626 253 52 Cancans
979 1626 343 52 politiques
1268 1626 199 52 publiés
1395 1626 72 52 au

66 1672 336 67 commencement
339 1672 126 67 du
402 1672 189 67 règne
528 1672 126 67 de
591 1672 399 67 Louis-Philippe.
926 1672 126 67 L.
989 1672 168 67 aut.
1094 1672 189 67 sig.,
1220 1672 105 67 à
1262 1672 126 67 M.
1304 1672 168 67 l’abbé

66 1716 257 54 Perrin,
252 1716 117 54 à
299 1716 233 54 Paris.
462 1716 350 54 Luxembourg,
742 1716 140 54 29
812 1716 280 54 novembre
1022 1716 210 54 1833.
1162 1716 117 54 2
1208 1716 163 54 gr.
1302 1716 140 54 p.
1348 1716 117 54 pl.

-37 1755 1132 64 in-4.
718 1755 629 64 8
970 1755 629 64 4
1096 1755 377 64 »

23 1790 157 80 406.
122 1790 393 80 Berthault
456 1790 255 80 (Pierre),
652 1790 236 80 chanoine
829 1790 118 80 et
888 1790 275 80 sous-doyen
1104 1790 118 80 de
1163 1790 236 80 l’église
1320 1790 157 80 cathé-

69 1858 204 67 drale
205 1858 136 67 de
273 1858 295 67 Chartres.
500 1858 204 67 Pièce
636 1858 181 67 sig.
749 1858 204 67 comme
886 1858 385 67 grand-vicaire
1203 1858 136 67 de
1248 1858 227 67 l’évêque

69 1900 290 68 Ferdinand
292 1900 134 68 de
359 1900 313 68 Neufville,
605 1900 313 68 autorisant
851 1900 179 68 dans
962 1900 268 68 l’église
1163 1900 134 68 de
1230 1900 246 68 Trappes
1387 1900 89 68 la

426 1953 200 87 fondation
580 1953 92 87 de
626 1953 92 87 la
672 1953 200 87 confrérie
826 1953 92 87 du
872 1953 185 87 Rosaire,
1011 1953 200 87 Chartres,
1165 1953 92 87 le
1211 1953 92 87 20
1257 1953 169 87 octobre
1365 1953 108 87 1671.

1360 2000 27 62 2
1370 2000 37 62 gr.
1392 2000 32 62 p.
1408 2000 59 62 in-fol.
1450 2000 27 62 7
1456 2000 21 62 50

26 2036 153 78 407.
121 2036 248 78 Blouet
312 2036 115 78 de
370 2036 287 78 Camilly
599 2036 287 78 (François),
828 2036 267 78 archevêque
1039 2036 115 78 de
1096 2036 325 78 Tours
1344 2036 134 78 avant

73 2097 187 56 évêque
204 2097 112 56 de
260 2097 299 56 Toul
503 2097 112 56 L.
559 2097 149 56 aut.
652 2097 168 56 sig.,
764 2097 93 56 à
801 2097 149 56 M...
894 2097 187 56 Paris,
1025 2097 93 56 8
1062 2097 149 56 mars
1156 2097 168 56 1720.
1268 2097 93 56 2
1305 2097 112 56 p.
1342 2097 131 56 in

70 2143 134 55 Au
137 2143 201 55 sujet
270 2143 134 55 de
337 2143 268 55 l’abbaye
538 2143 134 55 de
605 2143 201 55 Gorse
739 2143 223 55 située
895 2143 112 55 à
940 2143 156 55 six
1029 2143 223 55 lieues
1185 2143 134 55 de
1252 2143 201 55 Toul.
1386 2143 112 55 3
1408 2143 67 55 »

25 2187 157 55 408.
123 2187 353 55 Boileau
418 2187 216 55 (Jean),
575 2187 216 55 prêtre,
732 2187 216 55 docteur
889 2187 118 55 de
947 2187 255 55 Sorbonne.
1144 2187 196 55 Quitt.
1281 2187 157 55 sig.
1359 2187 118 55 (sur

73 2242 310 73 parchemin),
321 2242 124 73 de
383 2242 124 73 la
445 2242 186 73 somme
569 2242 124 73 de
631 2242 207 73 trente
776 2242 227 73 livres.
942 2242 207 73 Paris,
1086 2242 103 73 2
1128 2242 186 73 juil.
1252 2242 186 73 1705.
1376 2242 103 73 2
1396 2242 83 73 50

25 2285 163 64 409.
126 2285 407 64 Bonaparte
473 2285 326 64 (Charlotte),
737 2285 143 64 qui
819 2285 143 64 fut
900 2285 183 64 aimée
1022 2285 122 64 de
1083 2285 224 64 Léopold
1246 2285 224 64 Robert.
1389 2285 81 64 L.

73 2332 175 64 aut.
182 2332 196 64 sig.,
313 2332 131 64 au
379 2332 196 64 comte
510 2332 131 64 de
575 2332 284 64 Saint-Leu
793 2332 240 64 (Lucien
968 2332 327 64 Bonaparte),
1230 2332 153 64 son
1295 2332 175 64 oncle.

73 2384 281 48 Florence,
289 2384 130 48 15
354 2384 238 48 janvier
527 2384 194 48 1837.
657 2384 108 48 3
700 2384 151 48 gr.
787 2384 130 48 p.
851 2384 151 48 pl.
938 2384 194 48 in-4.
1067 2384 238 48 Cachet.
1219 2384 259 48 Très

45 2430 525 60 lettre.
427 2430 812 60 Intéressante.
1096 2430 239 60 5
1239 2430 287 60 20
1335 2430 143 60 »

29 2469 145 65 410.
119 2469 290 65 Bonzy
355 2469 127 65 (le
427 2469 217 65 cardinal
590 2469 145 65 de),
681 2469 253 65 archevêque
880 2469 109 65 de
934 2469 362 65 Toulouse
1242 2469 163 65 avant
1332 2469 145 65 évêque

76 2528 112 51 de
132 2528 375 51 Béxziers
451 2528 112 51 L.
507 2528 150 51 aut.
601 2528 169 51 sig.,
713 2528 112 51 au
769 2528 225 51 cardinal
938 2528 112 51 de
994 2528 243 51 Bouillon.
1181 2528 206 51 Madrid,
1331 2528 112 51 13
1369 2528 112 51 mars

62 2573 290 58 1671.
255 2573 161 58 2
319 2573 193 58 p.
416 2573 290 58 in-4,
609 2573 418 58 enveloppe
931 2573 257 58 avec
1092 2573 354 58 cachet.
1349 2573 161 58 5
1381 2573 97 58 »

27 2604 176 69 411.
137 2604 242 69 Bory
313 2604 462 69 Saint-Vincent
709 2604 154 69 (le
797 2604 286 69 colonel),
1017 2604 220 69 membre
1171 2604 132 69 de
1215 2604 264 69 l’Académie

79 2670 128 49 des
152 2670 237 49 sciences.
334 2670 109 49 L.
389 2670 146 49 aut.
480 2670 146 49 sig.
571 2670 292 49 Bory
808 2670 109 49 au
863 2670 201 49 citoyen
1009 2670 164 49 Bosc,
1118 2670 91 49 à
1155 2670 182 49 Paris.
1282 2670 146 49 Port
1355 2670 128 49 Nord-

76 2716 186 84 Quest
200 2716 124 84 de
262 2716 413 84 l’Ile-de-France,
614 2716 124 84 26
676 2716 248 84 pluviôse
862 2716 124 84 an
924 2716 124 84 X.
986 2716 103 84 3
1027 2716 145 84 gr.
1110 2716 124 84 p.
1172 2716 145 84 pl.
1255 2716 186 84 in-4.
1379 2716 103 84 3
1399 2716 83 84 50

71 576 100 57 in-4.
138 576 56 57 2
149 576 44 57 50

71 716 183 62 ressante.
212 716 70 62 7
226 716 56 62 50
