1600 2865
627 55 188 78 —
664 55 150 78 36

132 119 206 83 Lettre
276 119 329 83 intéressante
544 119 144 83 sur
626 119 144 83 les
708 119 308 83 productions
955 119 123 83 de
1016 119 206 83 l’île,
1160 119 267 83 animales,
1345 119 144 83 végé-

83 176 201 87 tales,
224 176 282 87 minérales,
425 176 121 87 etc.

33 229 142 70 412
114 229 324 70 Bosc,
377 229 283 70 botaniste,
599 229 202 70 membre
741 229 121 70 de
801 229 303 70 l’Institut.
1044 229 121 70 L.
1105 229 162 70 aut.
1206 229 182 70 sig.,
1327 229 101 70 à
1368 229 121 70 M.
1408 229 81 70 de

72 281 422 66 Chassiron.
404 281 302 66 Paris,
615 281 151 66 6
675 281 241 66 août
826 281 272 66 1808.
1007 281 151 66 2
1068 281 181 66 p.
1158 281 272 66 in-4.
1339 281 151 66 2
1369 281 121 66 50

84 331 111 60 Au
139 331 166 60 sujet
250 331 111 60 de
305 331 111 60 la
361 331 277 60 publication
582 331 111 60 du
638 331 351 60 Dictionnaire
915 331 369 60 d’agriculture

34 369 164 73 413.
136 369 369 73 Bossuet
443 369 287 73 (Bénigne),
669 369 287 73 conseiller
894 369 123 73 du
955 369 143 73 roi
1037 369 123 73 au
1099 369 266 73 Parlement
1304 369 123 73 de
1345 369 143 73 Metz,

81 429 168 67 père
186 429 126 67 de
249 429 252 67 l’évêque
438 429 126 67 de
502 429 210 67 Meaux.
649 429 210 67 Quitt.
796 429 168 67 sig.
901 429 168 67 (sur
1006 429 294 67 parchemin)
1238 429 126 67 de
1301 429 126 67 la
1343 429 147 67 somme

81 471 126 67 de
144 471 147 67 750
228 471 211 67 livres
376 471 147 67 qui
460 471 147 67 lui
544 471 168 67 sont
650 471 168 67 dues
755 471 168 67 pour
860 471 147 67 ses
944 471 190 67 gages
1071 471 126 67 du
1134 471 253 67 semestre
1324 471 168 67 échu
1408 471 84 67 le

72 517 174 69 20
159 517 318 69 janvier
390 517 260 69 1648.
564 517 260 69 Toul,
737 517 174 69 le
824 517 174 69 27
911 517 318 69 juillet
1142 517 260 69 1652.
1316 517 145 69 e
1373 517 145 69 3
1402 517 87 69 »

34 565 157 93 414.
132 565 353 93 Bossuet
426 565 431 93 (Jacques-Bénigne),
798 565 196 93 évêque
936 565 118 93 de
994 565 333 93 Meaux
1269 565 176 93 Pièce
1366 565 118 93 sig.

81 615 168 65 (sur
186 615 314 65 parchemin),
437 615 251 65 relative
625 615 105 65 à
667 615 126 65 la
730 615 251 65 paroisse
919 615 126 65 de
961 615 523 65 Saint

75 663 174 56 26
162 663 231 56 mars
306 663 260 56 1672.
480 663 289 56 Grande
682 663 318 56 feuille
914 663 289 56 double
1116 663 318 56 in-fol.
1347 663 145 56 7
1376 663 116 56 50

35 706 157 76 415.
134 706 354 76 Bossuet
428 706 432 76 (Jacques-Bénigne),
802 706 197 76 évêque
940 706 118 76 de
999 706 334 76 Meaux
1274 706 216 76 Devoirs
1411 706 79 76 de

80 761 342 73 composition
353 761 319 73 d’histoire
604 761 137 73 du
672 761 205 73 grand
809 761 273 73 Dauphin,
1014 761 182 73 avec
1128 761 159 73 des
1196 761 296 73 corrections

62 807 317 61 aut.
261 807 238 61 de
380 807 476 61 Bossuet.
737 807 198 61 4
816 807 238 61 p.
935 807 278 61 pl.
1093 807 357 61 in-4.
1331 807 198 61 5
1371 807 119 61 »

37 849 157 87 416.
136 849 354 87 Bouhier
430 849 216 87 (Jean),
587 849 255 87 président
784 849 118 87 au
843 849 255 87 Parlement
1039 849 118 87 de
1098 849 196 87 Dijon,
1216 849 275 87 littérateur,

81 900 228 69 poëte,
241 900 228 69 membre
400 900 137 69 de
468 900 319 69 l’Académie
718 900 319 69 française.
969 900 137 69 L.
1037 900 182 69 aut.
1151 900 205 69 sig.,
1287 900 114 69 à
1310 900 182 69 l’abbé

79 962 323 51 Lebeuf.
314 962 294 51 Dijon,
520 962 176 51 18
608 962 206 51 mai
725 962 265 51 1738.
902 962 147 51 3
961 962 176 51 p.
1049 962 206 51 pl.
1167 962 265 51 in-4.
1343 962 176 51 12
1402 962 88 51 »

137 996 110 61 Il
192 996 128 61 lui
265 996 165 61 donne
375 996 128 61 son
448 996 238 61 sentiment
632 996 128 61 sur
705 996 257 61 l'Ascia
907 996 367 61 sepulcralis
1219 996 128 61 les
1274 996 220 61 antiquités

84 1035 139 88 de
153 1035 277 88 Langres,
361 1035 139 88 du
430 1035 300 88 manuscrit
661 1035 139 88 de
731 1035 254 88 Mathieu
916 1035 231 88 Paris,
1077 1035 162 88 des
1170 1035 231 88 mottes
1308 1035 185 88 sépul-

88 1096 211 62 crales,
241 1096 173 62 etc.,
337 1096 115 62 etc.

39 1131 147 93 417.
131 1131 331 93 Bouhier
406 1131 184 93 (Cl.),
535 1131 184 93 évêque
664 1131 110 93 de
719 1131 313 93 Dijon
976 1131 110 93 L.
1031 1131 147 93 aut.
1123 1131 165 93 sig.,
1234 1131 92 93 à
1270 1131 147 93 M...
1344 1131 147 93 Dijon,

57 1186 287 83 24
201 1186 383 83 mars
440 1186 430 83 1754.
727 1186 239 83 2
822 1186 287 83 p.
966 1186 430 83 in-4.
1253 1186 239 83 3
1301 1186 191 83 50

133 1237 136 69 Au
201 1237 204 69 sujet
337 1237 136 69 de
405 1237 453 69 l’administration
790 1237 136 69 de
858 1237 136 69 la
926 1237 226 69 maison
1084 1237 136 69 du
1152 1237 159 69 Bon
1243 1237 249 69 Pasteur
1401 1237 91 69 de

86 1290 209 68 Dijon.
232 1290 230 68 Détails
379 1290 313 68 intéressants.

42 1326 142 75 418.
131 1326 318 75 Bouillé
396 1326 124 75 (le
467 1326 195 75 marquis
608 1326 142 75 de),
697 1326 177 75 auteur
821 1326 106 75 de
874 1326 265 75 Mémoires
1086 1326 124 75 sur
1157 1326 106 75 la
1192 1326 301 75 Révolution

86 1377 111 62 Né
142 1377 93 62 à
179 1377 297 62 Cluze
420 1377 222 62 (Isère).
587 1377 111 62 L.
642 1377 167 62 sig.,
754 1377 93 62 à
791 1377 130 62 MM.
865 1377 130 62 les
939 1377 241 62 officiers
1124 1377 259 62 municipaux
1328 1377 111 62 de
1365 1377 130 62 Pont-

83 1425 353 64 à-Mousson.
360 1425 378 64 Strasbourg,
662 1425 151 64 18
738 1425 277 64 octobre
940 1425 227 64 1790.
1091 1425 126 64 2
1141 1425 151 64 p.
1217 1425 227 64 in-4.
1368 1425 126 64 2
1393 1425 101 64 50

136 1477 122 70 Au
197 1477 182 70 sujet
318 1477 122 70 du
379 1477 182 70 désir
501 1477 203 70 qu’ils
643 1477 142 70 ont
724 1477 122 70 de
784 1477 264 70 conserver
987 1477 162 70 dans
1089 1477 162 70 leur
1190 1477 182 70 ville
1312 1477 142 70 les
1372 1477 122 70 deux

86 1523 284 60 escadrons
305 1523 131 60 de
370 1523 262 60 Bercheny
567 1523 153 60 qui
655 1523 109 60 y
698 1523 175 60 sont
808 1523 131 60 en
851 1523 241 60 quartier.

41 1574 159 66 419.
141 1574 359 66 Bouilly
440 1574 379 66 (Jean-Nicolas),
759 1574 319 66 littérateur,
1018 1574 199 66 auteur
1157 1574 299 66 dramatique.
1396 1574 120 66 Né
1436 1574 60 66 à

93 1608 336 65 Tours
370 1608 119 65 L.
429 1608 158 65 aut.
528 1608 178 65 sig.,
647 1608 138 65 aux
726 1608 217 65 membres
884 1608 257 65 composant
1082 1608 297 65 l’assemblée
1299 1608 198 65 générale

89 1661 147 59 des
173 1661 315 59 sociétaires
425 1661 126 59 du
487 1661 231 59 théâtre
655 1661 126 59 de
718 1661 419 59 l’Opéra-Comique,
1075 1661 126 59 au
1138 1661 231 59 théâtre
1284 1661 210 59 Feydeau.

79 1708 329 66 Paris,
310 1708 198 66 22
408 1708 362 66 février
672 1708 296 66 1823.
869 1708 165 66 3
935 1708 231 66 gr.
1067 1708 198 66 p.
1166 1708 296 66 in-4.
1363 1708 165 66 5
1396 1708 99 66 »

139 1765 188 58 Lettre
271 1765 320 58 intéressante,
534 1765 113 58 au
591 1765 169 58 sujet
704 1765 113 58 de
760 1765 113 58 sa
817 1765 169 58 pièce
929 1765 301 58 Valentine
1174 1765 113 58 de
1231 1765 245 58 Milan
1400 1765 94 58 ar-

92 1805 185 65 rêtée
215 1805 267 65 plusieurs
420 1805 164 65 fois
522 1805 164 65 dans
625 1805 123 65 le
686 1805 185 65 cours
809 1805 123 65 de
871 1805 144 65 ses
932 1805 369 65 représentations.

41 1857 171 68 420.
147 1857 513 68 Bourbon-Condé
596 1857 727 68 (Louise-Marie-Thérèse-Bathilde
1238 1857 256 68 d’Orléans,

90 1904 268 78 duchesse
291 1904 179 78 de),
402 1904 179 78 mère
514 1904 134 78 du
581 1904 156 78 duc
670 1904 313 78 d’Enghien.
916 1904 134 78 L.
983 1904 179 78 aut.
1094 1904 201 78 sig.,
1228 1904 112 78 à
1273 1904 223 78 M.....
1407 1904 89 78 16

65 1946 464 66 juillet
402 1946 379 66 1818.
655 1946 211 66 1
739 1946 253 66 p.
866 1946 295 66 pl.
1034 1946 379 66 in-4.
1287 1946 211 66 7
1329 1946 169 66 50

47 1982 155 89 421.
144 1982 368 89 Bourotte
454 1982 155 89 (Dom
550 1982 310 89 Franç-Nic.),
802 1982 291 89 bénédictin.
1035 1982 116 89 L.
1093 1982 155 89 aut.
1190 1982 174 89 sig.,
1306 1982 97 89 à
1345 1982 116 89 M.
1384 1982 116 89 Car-

83 2037 307 62 rière.
298 2037 307 62 Paris,
513 2037 153 62 2
574 2037 338 62 février
820 2037 276 62 1772.
1004 2037 153 62 1
1065 2037 184 62 p.
1157 2037 276 62 in-4.
1342 2037 153 62 3
1372 2037 123 62 50

47 2070 166 97 422.
151 2070 456 97 Boutteville
544 2070 518 97 (Marie-Anne-Hippolyte
1000 2070 145 97 Hay
1083 2070 166 97 de),
1186 2070 228 97 évêque,
1331 2070 166 97 prince

97 2146 112 65 de
153 2146 354 65 Grenoble
452 2146 224 65 (Isère).
620 2146 112 65 L.
675 2146 149 65 aut.
769 2146 149 65 sig.
862 2146 93 65 à
899 2146 168 65 M....
1011 2146 186 65 Paris,
1142 2146 112 65 27
1198 2146 205 65 juillet
1347 2146 168 65 1786.
1440 2146 56 65 3

64 2195 318 60 p.
223 2195 477 60 in-4.
541 2195 477 60 Jolie
859 2195 583 60 lettre.
1283 2195 265 60 6
1336 2195 159 60 »

142 2231 209 67 Lettre
288 2231 250 67 curieuse
476 2231 125 67 au
538 2231 188 67 sujet
664 2231 125 67 du
726 2231 229 67 conseil
893 2231 125 67 de
956 2231 271 67 Grenoble;
1164 2231 125 67 on
1227 2231 125 67 ne
1289 2231 167 67 doit
1373 2231 125 67 plus

95 2279 213 71 penser
244 2279 149 71 aux
329 2279 340 71 doctrinaires
605 2279 170 71 pour
711 2279 128 71 la
775 2279 255 71 conduite
966 2279 128 71 de
1030 2279 255 71 collège,
1222 2279 170 71 mais
1328 2279 149 71 aux
1392 2279 106 71 Jo

69 2338 256 62 séphistes.

46 2356 166 93 423.
150 2356 394 93 Brazier
482 2356 207 93 auteur
627 2356 311 93 dramatique,
876 2356 332 93 chansonnier,
1145 2356 207 93 membre
1291 2356 124 93 du
1332 2356 166 93 Caveau

96 2424 233 71 moderne.
270 2424 214 71 Sans
426 2424 214 71 tambour
581 2424 117 71 ni
640 2424 350 71 trompette
931 2424 214 71 Chanson
1087 2424 155 71 aut.
1184 2424 155 71 sig.
1281 2424 175 71 1809.
1398 2424 97 71 2
1417 2424 78 71 p.

43 2465 436 70 et
261 2465 654 70 demie
697 2465 654 70 in-4.
1134 2465 363 70 4
1206 2465 291 70 »»

48 2508 173 69 424.
157 2508 389 69 Brifaut
481 2508 303 69 (Charles),
719 2508 216 69 poëte,
871 2508 216 69 auteur
1022 2508 325 69 dramatique,
1282 2508 216 69 membre
1411 2508 87 69 de

98 2557 273 73 l’Académie
312 2557 273 73 française.
526 2557 117 73 Né
584 2557 97 73 à
623 2557 331 73 Dijon
896 2557 117 73 L.
954 2557 156 73 aut.
1051 2557 156 73 sig.
1149 2557 195 73 (comme
1265 2557 234 73 secrétaire

99 2620 117 66 du
157 2620 175 66 roi),
274 2620 117 66 au
332 2620 253 66 rédacteur
527 2620 117 66 en
585 2620 156 66 chef
682 2620 117 66 de
741 2620 117 66 la
799 2620 273 66 Gaxette
1013 2620 117 66 de
1072 2620 292 66 France
1305 2620 195 66 Paris,
1422 2620 78 66 15

75 2662 561 79 septembre
507 2662 475 79 (1824).
852 2662 216 79 2
939 2662 259 79 p.
1068 2662 389 79 in-4.
1327 2662 216 79 5
1370 2662 130 79 »

140 2718 136 62 Au
208 2718 204 62 sujet
344 2718 136 62 de
412 2718 136 62 la
480 2718 249 62 maladie
661 2718 136 62 de
729 2718 204 62 Louis
865 2718 294 62 XVIII....
1091 2718 181 62 «Peu
1205 2718 136 62 de
1273 2718 181 62 mots
1363 2718 136 62 sont
