1550 2870
619 79 192 82 —
695 79 230 82 38
772 79 115 82 —

35 158 155 86 438.
131 158 271 86 Charles
344 158 252 86 VII,
538 158 135 86 roi
615 158 116 86 de
673 158 213 86 France.
828 158 174 86 Pièce
944 158 155 86 sig.
1041 158 155 86 (sur
1138 158 290 86 parchemin),
1370 158 97 86 1
1389 158 97 86 gr.

70 233 207 51 p.
173 233 241 51 pl.
311 233 242 51 gr.
449 233 380 51 in-fol.
725 233 311 51 Trace
932 233 207 51 de
1036 233 380 51 cachet.
1312 233 207 51 35
1381 233 104 51 »

130 273 344 68 Instructions
410 273 366 68 particulières
711 273 237 68 données
884 273 108 68 à
927 273 151 68 son
1013 273 323 68 ambassadeur
1271 273 215 68 auprès
1400 273 86 68 du

83 316 207 66 Pape.
221 316 277 66 Précieux
406 316 253 66 document.

37 335 147 104 439.
128 335 257 104 Charles
331 335 220 104 VHII
496 335 129 104 roi
569 335 110 104 de
625 335 202 104 France.
772 335 110 104 L.
827 335 147 104 sig.
918 335 110 104 et
974 335 294 104 contresignée
1194 335 294 104 Bohier

84 405 106 62 à
126 405 149 62 son
211 405 170 62 cher
318 405 128 62 et
381 405 149 62 amé
466 405 234 62 cousin,
637 405 213 62 Pierre
785 405 128 62 de
849 405 255 62 Médicis.
1041 405 234 62 Poissy,
1211 405 128 62 le
1274 405 128 62 25
1317 405 170 62 avril.

57 452 247 63 1
155 452 296 63 p.
303 452 444 63 in-4.
600 452 444 63 Belle
896 452 494 63 pièce.
1241 452 296 63 16
1340 452 148 63 »

37 494 153 81 440.
132 494 267 81 Charles
343 494 210 81 IX,
495 494 134 81 roi
572 494 115 81 de
629 494 210 81 France.
782 494 115 81 L.
839 494 153 81 aut.
935 494 153 81 sig.
1030 494 401 81 Alexandre
1355 494 134 81 comme

83 555 138 64 il
152 555 254 64 signait
337 555 185 64 dans
452 555 138 64 sa
521 555 300 64 jeunesse,
752 555 138 64 «à
821 555 138 64 la
890 555 208 64 royne
1029 555 277 64 despagne
1236 555 138 64 Ma
1305 555 185 64 Dame
1398 555 92 64 ma

77 593 277 60 «sœur
262 593 154 60 »
323 593 184 60 (9
415 593 215 60 mai
538 593 369 60 15....).
815 593 154 60 1
876 593 215 60 gr.
999 593 184 60 p.
1091 593 338 60 in-fol.
1337 593 184 60 50
1399 593 92 60 »

133 637 126 72 Il
196 637 147 72 n’a
280 637 189 72 voulu
406 637 231 72 laisser
573 637 210 72 passer
720 637 189 72 cette
846 637 252 72 occasion
1035 637 168 72 sans
1140 637 147 72 lui
1223 637 189 72 faire
1349 637 126 72 ce
1391 637 105 72 mot

86 695 173 71 pour
195 695 130 71 se
260 695 325 71 ramentevoir
519 695 130 71 en
584 695 130 71 sa
649 695 195 71 bonne
779 695 195 71 grâce
909 695 130 71 et
974 695 130 71 la
1039 695 260 71 supplier
1234 695 130 71 de
1299 695 130 71 le
1342 695 152 71 tenir

87 742 132 55 en
153 742 198 55 celle
285 742 132 55 du
351 742 154 55 roi
439 742 154 55 son
527 742 176 55 mari
637 742 132 55 «à
703 742 154 55 qui
791 742 176 55 tous
901 742 176 55 ceus
1011 742 132 55 de
1077 742 220 55 nostre
1231 742 220 55 maison
1363 742 132 55 sont

87 796 201 46 «bien
221 796 179 46 fort
333 796 246 46 obliges
511 796 134 46 et
578 796 156 46 moy
668 796 179 46 pour
780 796 134 46 ma
847 796 201 46 part,
981 796 134 46 je
1048 796 134 46 me
1115 796 179 46 sens
1227 796 134 46 si
1271 796 224 46 extrême-

88 836 192 63 «ment
216 836 170 63 tenu
322 836 170 63 pour
429 836 149 63 les
514 836 277 63 honnestes
727 836 213 63 offres
876 836 192 63 qu’il
1004 836 107 63 a
1047 836 213 63 faites
1196 836 128 63 au
1260 836 149 63 Roy
1324 836 170 63 nostre

87 892 220 56 «frère
241 892 154 56 qui
329 892 132 56 ne
395 892 132 56 me
461 892 176 56 sera
571 892 220 56 jamais
725 892 198 56 donné
858 892 198 56 moyen
990 892 132 56 de
1056 892 154 56 lui
1144 892 198 56 faire
1276 892 132 56 et
1342 892 110 56 à
1364 892 132 56 nous

88 938 223 69 «aussi
244 938 134 69 un
311 938 156 69 bon
400 938 246 69 service
579 938 156 69 que
668 938 134 69 je
735 938 134 69 ni
802 938 246 69 emploie
981 938 201 69 aussi
1115 938 313 69 volontiers
1338 938 156 69 toute

89 981 156 63 «la
178 981 290 63 puissance
401 981 156 63 que
467 981 223 63 jay....»

43 1002 159 85 441.
143 1002 279 85 Charles
362 1002 179 85 X
481 1002 139 85 roi
561 1002 119 85 de
620 1002 219 85 France.
780 1002 119 85 L.
839 1002 159 85 aut.
939 1002 179 85 sig.,
1058 1002 100 85 à
1098 1002 119 85 M.
1158 1002 119 85 le
1217 1002 179 85 comte
1337 1002 119 85 de
1377 1002 119 85 Vin

91 1077 259 84 timille.
286 1077 302 84 Edimbourg,
523 1077 130 84 28
588 1077 151 84 mai
674 1077 194 84 1796.
804 1077 108 84 1
847 1077 151 84 gr.
934 1077 130 84 p.
998 1077 151 84 pl.
1085 1077 130 84 et
1150 1077 194 84 demie
1279 1077 194 84 in-4.
1387 1077 108 84 Ca-

-25 1122 1244 62 chet.
804 1122 829 62 25
1080 1122 415 62 »

136 1167 303 58 Très-belle
374 1167 216 58 lettre
525 1167 259 58 relative
720 1167 108 58 à
763 1167 130 58 la
828 1167 281 58 situation
1044 1167 130 58 de
1109 1167 130 58 sa
1174 1167 238 58 famille
1347 1167 130 58 et
1390 1167 108 58 aux

92 1204 242 74 affaires
273 1204 282 74 politiques
495 1204 121 74 de
555 1204 121 74 la
615 1204 221 74 France,
756 1204 121 74 etc.

43 1246 157 78 442.
142 1246 373 78 Charlet,
456 1246 216 78 peintre
613 1246 118 78 et
672 1246 314 78 dessinateur.
927 1246 118 78 L.
986 1246 157 78 aut.
1084 1246 177 78 sig.,
1202 1246 98 78 à
1242 1246 118 78 M.
1301 1246 196 78 Merle.
1418 1246 79 78 Ce

60 1324 586 46 samedi.
486 1324 266 46 1
592 1324 319 46 p.
752 1324 373 46 pl.
965 1324 479 46 in-4.
1284 1324 266 46 6
1337 1324 160 46 »

137 1362 176 59 S’il
247 1362 132 59 se
313 1362 263 59 souvient
510 1362 176 59 d’un
620 1362 263 59 artiste,
818 1362 220 59 auteur
971 1362 176 59 d’un
1081 1362 241 59 méchant
1257 1362 241 59 croquis
1410 1362 88 59 de

93 1397 168 64 deux
198 1397 210 64 gamins
345 1397 147 64 qui
429 1397 231 64 jouent,
597 1397 210 64 lequel
744 1397 147 64 est
828 1397 168 64 dans
933 1397 147 64 son
1017 1397 210 64 album,
1164 1397 189 64 «s’il
1290 1397 168 64 vous
1374 1397 126 64 sou-

98 1464 95 57 «
136 1464 189 57 vient,
268 1464 208 57 dis-je,
419 1464 113 57 de
476 1464 113 57 ce
533 1464 189 57 pauvre
665 1464 359 57 Charlet
968 1464 284 57 seriez-vous
1195 1464 170 57 homme
1308 1464 95 57 à
1346 1464 132 57 lui
1402 1464 95 57 en-

92 1496 226 61 «voyer
251 1496 181 61 pour
364 1496 136 61 un
432 1496 158 61 des
523 1496 272 61 premiers
726 1496 204 61 jours
862 1496 136 61 de
930 1496 136 61 la
998 1496 272 61 semaine,
1202 1496 136 61 un
1270 1496 226 61 billet
1405 1496 91 61 de

92 1552 232 61 «dames
254 1552 185 61 pour
370 1552 185 61 voir
485 1552 255 61 quelque
671 1552 301 61 mélodrame
879 1552 301 61 féroce....»

43 1594 182 69 443.
157 1594 546 69 Châteaubriand
635 1594 159 69 (le
726 1594 250 69 vicomte
908 1594 182 69 de),
1021 1594 227 69 membre
1181 1594 136 69 de
1226 1594 273 69 l’Académie

93 1653 298 50 française.
327 1653 128 50 L.
391 1653 192 50 sig.,
519 1653 170 50 avec
625 1653 277 50 plusieurs
838 1653 320 50 corrections
1094 1653 192 50 aut.,
1222 1653 149 50 aux
1307 1653 192 50 pairs
1414 1653 85 50 de

95 1684 238 71 France.
268 1684 216 71 Paris,
419 1684 259 71 novembre
614 1684 194 71 1816.
743 1684 108 71 1
786 1684 130 71 p.
851 1684 151 71 pl.
938 1684 194 71 in-4.
1067 1684 151 71 Sur
1154 1684 130 71 la
1218 1684 281 71 violation
1413 1684 86 71 de

67 1738 286 56 la
210 1738 525 56 liberté
592 1738 334 56 des
783 1738 668 56 élections.
1308 1738 239 56 5
1356 1738 143 56 »

47 1794 157 55 444.
146 1794 353 55 Chesnel
440 1794 137 55 (le
518 1794 216 55 marquis
676 1794 157 55 de),
774 1794 196 55 poëte,
911 1794 255 55 musicien,
1107 1794 314 55 naturaliste,
1343 1794 157 55 dessi

95 1833 244 83 nateur.
273 1833 133 83 L.
339 1833 178 83 aut.
450 1833 200 83 sig.,
584 1833 111 83 à
628 1833 133 83 M.
695 1833 133 83 de
762 1833 133 83 la
828 1833 267 83 Bouïsse.
1028 1833 156 83 1er
1117 1833 200 83 sept.
1251 1833 200 83 1824.
1384 1833 111 83 1
1406 1833 89 83 p.

-39 1890 1382 47 in-4.
883 1890 768 47 2
1036 1890 461 47 »

47 1923 164 62 445.
149 1923 389 62 Chevreul
477 1923 431 62 (Maurice-Eugène),
846 1923 205 62 savant
990 1923 267 62 chimiste,
1195 1923 205 62 membre
1338 1923 123 62 de
1379 1923 123 62 l’A-

94 1979 242 58 cadémie
270 1979 154 58 des
358 1979 286 58 sciences,
578 1979 396 58 administrateur
907 1979 132 58 du
973 1979 220 58 Muséum
1127 1979 308 58 d’histoire
1347 1979 154 58 natu-

100 2015 192 68 relle.
234 2015 115 68 Né
291 2015 96 68 à
330 2015 326 68 Angers
598 2015 403 68 (Maine-et-Loire).
943 2015 115 68 L.
1001 2015 153 68 aut.
1097 2015 173 68 sig.,
1212 2015 96 68 à
1250 2015 173 68 M....
1346 2015 153 68 Paris,

78 2065 237 63 23
196 2065 434 63 février
512 2065 355 63 1846.
749 2065 197 63 3
828 2065 276 63 gr.
986 2065 237 63 p.
1104 2065 355 63 in-4.
1341 2065 197 63 3
1381 2065 118 63 »

50 2106 153 76 446.
145 2106 363 76 Chifflet
451 2106 420 76 (Pierre-François),
814 2106 191 76 savant
947 2106 229 76 Jésuite,
1119 2106 172 76 garde
1234 2106 134 76 des
1291 2106 210 76 médailles

97 2165 122 70 du
158 2165 162 70 roi.
259 2165 122 70 Né
320 2165 102 70 à
361 2165 406 70 Besançon
706 2165 122 70 L.
767 2165 162 70 aut.
868 2165 183 70 sig.,
990 2165 122 70 au
1051 2165 162 70 père
1153 2165 223 70 Jacques
1295 2165 203 70 Sirmond.

87 2214 314 63 Dijon,
306 2214 188 63 16
401 2214 346 63 janvier
652 2214 283 63 1648.
840 2214 157 63 2
903 2214 220 63 gr.
1029 2214 188 63 p.
1123 2214 346 63 in-fol.
1374 2214 157 63 8
1406 2214 94 63 »

144 2247 180 93 Belle
264 2247 120 93 et
324 2247 320 93 intéressante
584 2247 200 93 lettre
724 2247 140 93 sur
804 2247 280 93 l’histoire
1024 2247 380 93 ecclésiastique,
1344 2247 140 93 les
1404 2247 100 93 dé-

98 2321 224 51 cisions
260 2321 142 51 des
342 2321 265 51 conciles,
525 2321 122 51 etc.

47 2345 176 69 447.
157 2345 286 69 Collin
377 2345 462 69 d’Harleville,
773 2345 220 69 poëte,
926 2345 220 69 auteur
1080 2345 330 69 dramatique,
1322 2345 176 69 membre

100 2402 108 55 de
154 2402 270 55 l’Institut,
370 2402 108 55 né
424 2402 90 55 à
460 2402 360 55 Maintenon
766 2402 360 55 (Eure-et-Loire).
1072 2402 108 55 L.
1126 2402 144 55 aut.
1216 2402 162 55 sig.,
1324 2402 90 55 à
1360 2402 126 55 MM.
1414 2402 90 55 les

98 2452 277 64 comédiens
310 2452 255 64 français
502 2452 128 64 au
566 2452 234 64 théâtre
736 2452 128 64 de
800 2452 128 64 la
864 2452 234 64 Nation.
1034 2452 213 64 Paris,
1183 2452 128 64 10
1247 2452 149 64 mai
1332 2452 191 64 1790,
1438 2452 64 64 2

13 2494 638 74 p.
332 2494 957 74 in-4.
969 2494 638 74 10
1182 2494 319 74 »

145 2543 113 58 Il
202 2543 189 58 espère
334 2543 170 58 qu’on
447 2543 189 58 jouera
579 2543 208 58 bientôt
730 2543 302 58 l'Heureux
976 2543 359 58 imaginaire
1278 2543 113 58 et
1334 2543 151 58 puis
1410 2543 94 58 les

102 2597 260 57 Châteaux
309 2597 104 57 en
361 2597 277 57 Espagne
586 2597 260 57 Partirai-je
794 2597 138 57 sans
880 2597 156 57 avoir
984 2597 104 57 vu
1036 2597 156 57 jouer
1122 2597 381 57 l'Inconstant

50 2642 157 69 448.
148 2642 411 69 Coustantin
501 2642 137 69 (le
579 2642 294 69 grand-duc),
814 2642 176 69 frère
931 2642 117 69 de
990 2642 274 69 l’empereur
1205 2642 254 69 Alexandre
1382 2642 117 69 Ier.

96 2695 124 57 L.
158 2695 186 57 sig.,
282 2695 124 57 au
344 2695 269 57 chevalier
551 2695 248 57 Pougens.
737 2695 269 57 Varsovie,
943 2695 124 57 27
1005 2695 269 57 janvier-8
1212 2695 227 57 février
1356 2695 145 57 1822.

74 2737 217 74 1
160 2737 303 74 gr.
334 2737 260 74 p.
464 2737 303 74 pl.
637 2737 260 74 et
767 2737 390 74 quart
1027 2737 390 74 in-4.
1287 2737 217 74 7
1331 2737 173 74 50
