1586 2862
647 72 193 73 —
724 72 231 73 40
801 72 116 73 —

66 146 169 83 463.
172 146 486 83 Desfontaines
595 146 296 83 (Louiche),
827 146 296 83 botaniste,
1060 146 211 83 membre
1208 146 127 83 de
1250 146 275 83 l’Institut.

118 223 117 59 Né
177 223 98 59 à
216 223 372 59 Tremblay
529 223 430 59 (Ille-et-Vilaine).
901 223 196 59 Quitt.
1038 223 157 59 aut.
1136 223 157 59 sig.
1234 223 117 59 de
1292 223 117 59 la
1351 223 176 59 somme
1449 223 78 59 de

116 270 152 57 382
203 270 217 57 livres
355 270 130 57 10
420 270 174 57 sols
529 270 174 57 pour
637 270 130 57 le
702 270 239 57 premier
876 270 260 57 quartier
1071 270 130 57 de
1136 270 152 57 ses
1201 270 326 57 appointements

116 318 132 52 de
182 318 132 52 la
248 318 198 52 place
380 318 132 52 de
446 318 308 52 professeur
688 318 132 52 de
754 318 286 52 botanique
975 318 132 52 au
1041 318 220 52 Jardin
1195 318 132 52 du
1261 318 176 52 Roi.
1349 318 176 52 Paris,

98 371 271 56 fer
253 371 348 56 avril
485 371 348 56 1790.
717 371 503 56 Demi-page
1104 371 348 56 in-4.
1336 371 193 56 1
1374 371 155 56 75

70 410 146 68 464.
161 410 364 68 Desmahis,
471 410 219 68 chanoine
634 410 383 68 d'Orléans
962 410 109 68 L.
1017 410 146 68 aut.
1108 410 164 68 sig.,
1217 410 91 68 à
1254 410 200 68 Mer....
1381 410 146 68 Paris,

111 451 149 76 27
186 451 273 76 juillet
385 451 224 76 1691.
534 451 124 76 3
583 451 149 76 p.
658 451 174 76 pl.
757 451 149 76 et
832 451 249 76 quart,
1006 451 224 76 petit
1155 451 224 76 in-4.
1304 451 174 76 15.
1404 451 149 76 10
1453 451 75 76 »

164 505 130 72 Il
229 505 152 72 n’a
316 505 130 72 pu
381 505 195 72 faire
511 505 130 72 un
576 505 217 72 examen
728 505 195 72 aussi
859 505 195 72 exact
989 505 195 72 qu’il
1119 505 260 72 l’aurait
1314 505 195 72 voulu
1423 505 108 72 des

117 559 253 64 passages
307 559 169 64 dans
412 559 253 64 lesquels
602 559 148 64 les
686 559 274 64 Sociniens
897 559 295 64 défigurent
1129 559 126 64 la
1192 559 274 64 morale...
1381 559 148 64 Quel-

117 610 162 62 ques
218 610 242 62 ouvrages
399 610 262 62 consultés
601 610 121 62 et
662 610 101 62 à
702 610 323 62 consulter...
965 610 121 62 Il
1025 610 141 62 dit
1106 610 121 62 en
1167 610 121 62 P.
1227 610 121 62 S.
1288 610 141 62 «Il
1368 610 101 62 y
1409 610 101 62 a
1429 610 101 62 ici

119 666 143 50 «un
200 666 123 50 N.
262 666 286 50 catholique
487 666 143 50 qui
569 666 225 50 servoit
732 666 123 50 le
794 666 123 50 P.
855 666 205 50 Fossé,
998 666 123 50 en
1060 666 184 50 1687.
1182 666 123 50 N.
1244 666 143 50 dit
1325 666 184 50 qu’il
1428 666 102 50 l’a

116 710 177 54 «veu
227 710 266 54 déjeuner
426 710 199 54 avant
559 710 155 54 que
647 710 133 54 de
714 710 177 54 dire
824 710 133 54 la
891 710 221 54 messe,
1046 710 133 54 et
1112 710 155 54 que
1201 710 155 54 luy
1289 710 199 54 ayant
1400 710 133 54 mar-

118 752 171 58 «qué
224 752 149 58 son
310 752 320 58 étonnement,
566 752 128 58 il
630 752 149 58 luy
716 752 278 58 répondit;
929 752 192 58 J.-C.
1057 752 192 58 avoit
1185 752 192 58 soupé
1313 752 192 58 avant
1420 752 107 58 que

117 795 152 68 «de
204 795 282 68 communier
421 795 261 68 pourquoy
617 795 130 68 ne
682 795 326 68 pourrois-je
943 795 152 68 pas
1029 795 282 68 déjeuner.
1247 795 130 68 Il
1312 795 152 68 dit
1377 795 152 68 qu’il

114 845 185 57 «luy
229 845 116 57 a
276 845 162 57 veu
368 845 231 57 donner
530 845 139 57 au
599 845 231 57 retour
761 845 139 57 de
830 845 139 57 la
900 845 208 57 messe
1039 845 139 57 de
1108 845 301 57 parroisse
1339 845 139 57 du
1385 845 139 57 pain

117 899 214 63 «bénit
266 899 107 63 à
309 899 150 63 son
395 899 193 63 chien
523 899 150 63 qui
609 899 214 63 venait
759 899 128 63 le
823 899 278 63 caresser;
1037 899 128 63 en
1102 899 150 63 luy
1187 899 236 63 disant:
1359 899 171 63 Dieu
1444 899 86 63 te

118 940 287 61 «bénisse,
339 940 155 61 mon
427 940 221 61 chien,
582 940 133 61 et
648 940 155 61 que
737 940 155 61 luy
825 940 199 61 ayant
958 940 155 61 dit
1046 940 155 61 que
1134 940 177 61 cela
1245 940 133 61 ne
1311 940 133 61 se
1355 940 177 61 devoit

121 985 161 52 «pas
221 985 201 52 faire,
362 985 121 52 il
423 985 262 52 répondit,
624 985 121 52 ne
684 985 221 52 faut-il
845 985 141 52 pas
926 985 141 52 que
1006 985 121 52 D.
1066 985 221 52 bénisse
1227 985 201 52 toutes
1348 985 181 52 choses.

115 1031 148 79 «Il
199 1031 232 79 raporta
368 1031 274 79 plusieurs
579 1031 211 79 folies
727 1031 127 79 de
790 1031 127 79 ce
833 1031 274 79 religieux.»

69 1086 170 57 465.
175 1086 446 57 Destouches
557 1086 531 57 (Philippe-Néricault),
1024 1086 212 57 auteur
1172 1086 318 57 dramatique,
1406 1086 127 57 mem-

120 1132 133 54 bre
196 1132 114 54 de
253 1132 267 54 l’Académie
463 1132 267 54 française.
673 1132 114 54 Né
730 1132 95 54 à
768 1132 324 54 Tours
1035 1132 114 54 L.
1092 1132 153 54 aut.
1188 1132 172 54 sig.,
1302 1132 95 54 à
1340 1132 153 54 M...
1417 1132 114 54 Fon-

114 1185 393 58 tainebleau,
428 1185 131 58 6
481 1185 210 58 mars
612 1185 236 58 1742.
769 1185 131 58 1
821 1185 157 58 p.
900 1185 183 58 pl.
1005 1185 157 58 et
1083 1185 236 58 demie
1241 1185 236 58 in-4.
1398 1185 157 58 20
1450 1185 79 58 »

71 1212 160 86 466.
171 1212 360 86 Dévéria
471 1212 180 86 (E.),
591 1212 240 86 peintre.
771 1212 120 86 L.
830 1212 160 86 aut.
930 1212 180 86 sig.,
1050 1212 100 86 à
1090 1212 160 86 M...
1190 1212 180 86 1831.
1310 1212 100 86 1
1350 1212 120 86 p.
1390 1212 140 86 in

108 1280 257 65 Envoi
280 1280 171 65 de
365 1280 228 65 deux
508 1280 314 65 dessins
736 1280 257 65 tirés
907 1280 171 65 de
992 1280 285 65 Walter
1192 1280 285 65 Scott.
1391 1280 143 65 2
1420 1280 114 65 25

72 1330 174 62 467.
181 1330 262 62 Diane
377 1330 131 62 de
443 1330 327 62 France,
704 1330 262 62 duchesse
901 1330 349 62 d’Angoulême,
1184 1330 196 62 fille
1293 1330 240 62 légitimée

120 1393 128 48 de
184 1393 193 48 Henri
312 1393 150 48 II.
398 1393 214 48 Quitt.
548 1393 171 48 avec
655 1393 150 48 une
741 1393 193 48 ligne
869 1393 171 48 aut.
976 1393 193 48 sig.,
1105 1393 128 48 de
1169 1393 128 48 la
1233 1393 193 48 somme
1362 1393 128 48 de
1405 1393 128 48 qua-

121 1437 406 53 tre-vingt-trois
463 1437 171 53 écus
569 1437 128 53 un
633 1437 214 53 tiers,
783 1437 192 53 reçue
911 1437 128 53 de
975 1437 128 53 M.
1040 1437 128 53 le
1104 1437 150 53 duc
1189 1437 128 53 de
1253 1437 278 53 Bouillon.
1446 1437 85 53 18

89 1488 361 57 juin
314 1488 406 57 1599.
585 1488 271 57 1.
720 1488 271 57 p.
856 1488 316 57 pl.
1036 1488 406 57 in-4.
1307 1488 225 57 3
1352 1488 180 57 50

73 1530 162 56 468.
174 1530 304 56 Dino
418 1530 162 56 (Mme
519 1530 122 56 la
580 1530 244 56 duchesse
763 1530 162 56 de),
864 1530 183 56 nièce
986 1530 122 56 de
1047 1530 122 56 M.
1108 1530 122 56 le
1169 1530 203 56 prince
1311 1530 122 56 de
1351 1530 183 56 Tallev

110 1575 251 60 rand.
277 1575 167 60 L.
361 1575 223 60 aut.
500 1575 223 60 sig.
640 1575 279 60 Paris,
835 1575 167 60 27
919 1575 251 60 mars.
1086 1575 139 60 1
1142 1575 167 60 p.
1225 1575 251 60 in-8.
1393 1575 139 60 1
1420 1575 112 60 50

68 1619 167 63 469.
173 1619 356 63 Dubois
465 1619 627 63 (François-Noël-Alexandre),
1030 1619 293 63 chancelier
1260 1619 125 63 et
1302 1619 230 63 théologal

119 1676 116 61 de
177 1676 327 61 Sainte-Croix,
446 1676 308 61 littérateur.
697 1676 116 61 Né
754 1676 96 61 à
793 1676 347 61 Orléans
1082 1676 116 61 en
1140 1676 173 61 1752.
1255 1676 154 61 Mort
1352 1676 116 61 en
1390 1676 135 61 1824.

119 1723 134 59 L.
186 1723 179 59 aut.
298 1723 202 59 sig.,
432 1723 112 59 à
477 1723 134 59 M.
544 1723 134 59 le
611 1723 246 59 duc....
791 1723 291 59 Soissons,
1015 1723 134 59 25
1082 1723 269 59 décembre
1284 1723 202 59 1787.
1418 1723 112 59 2
1440 1723 90 59 p.

-16 1769 1391 68 in-4.
912 1769 773 68 3
1066 1769 464 68 »

74 1804 137 78 470.
160 1804 361 78 Dubournial
469 1804 172 78 (Henri
589 1804 361 78 Bouchon¬),
898 1804 275 78 littérateur.
1121 1804 103 78 Né
1173 1804 86 78 à
1207 1804 258 78 Toul
1396 1804 137 78 (Meur

118 1861 182 60 the).
239 1861 182 60 Trois
361 1861 223 60 lettres
522 1861 162 60 aut.
624 1861 182 60 sig.,
745 1861 101 60 à
785 1861 121 60 M.
846 1861 263 60 Renouard,
1048 1861 263 60 libraire.
1251 1861 182 60 1808,
1372 1861 162 60 1811
1453 1861 81 60 et

97 1919 368 71 1817.
343 1919 532 71 Ensemble,
752 1919 205 71 9
834 1919 368 71 pages
1080 1919 368 71 in-4.
1325 1919 205 71 7
1366 1919 164 71 50

165 1957 139 63 Ces
244 1957 178 63 trois
363 1957 218 63 lettres
522 1957 158 63 sont
620 1957 356 63 intéressantes,
917 1957 178 63 elles
1036 1957 158 63 sont
1135 1957 257 63 relatives
1333 1957 99 63 à
1373 1957 119 63 sa
1412 1957 119 63 tra-

117 1993 222 75 duction
279 1993 142 75 des
359 1993 202 75 œuvres
501 1993 121 75 de
562 1993 283 75 Cervantes,
784 1993 121 75 et
845 1993 364 75 principalement
1148 1993 121 75 de
1209 1993 202 75 Don
1330 1993 202 75 Qui

118 2054 163 61 chotte

68 2086 158 90 471.
167 2086 357 90 Dubufe,
464 2086 218 90 peintre
623 2086 119 90 de
682 2086 277 90 portraits,
900 2086 119 90 L.
960 2086 158 90 aut.
1059 2086 178 90 sig.,
1177 2086 99 90 à
1217 2086 119 90 M.
1276 2086 238 90 Chaillou
1435 2086 99 90 Po

76 2150 668 66 trelle.
562 2150 303 66 1
683 2150 364 66 p.
865 2150 546 66 in-8.
1230 2150 303 66 1
1290 2150 243 66 75

63 2178 183 91 472.
178 2178 206 91 Du
315 2178 252 91 Cambout
499 2178 138 91 de
568 2178 344 91 Coislin
843 2178 252 91 (Pierre
1026 2178 183 91 IV),
1141 2178 298 91 cardinal,
1348 2178 183 91 évêque

113 2254 392 55 d'Orléans
449 2254 112 55 Il
505 2254 205 55 assista
655 2254 187 55 (1700)
785 2254 93 55 à
823 2254 261 55 l’élection
1028 2254 112 55 de
1084 2254 205 55 Clément
1233 2254 131 55 XI.
1308 2254 149 55 Mort
1401 2254 93 55 à
1420 2254 112 55 Ver-

107 2300 248 54 sailles
288 2300 135 54 le
356 2300 113 54 5
401 2300 248 54 février
582 2300 203 54 1706.
717 2300 271 54 Promesse
920 2300 135 54 de
988 2300 271 54 payement
1191 2300 203 54 d’une
1327 2300 203 54 somme
1440 2300 90 54 de

107 2346 166 57 761
202 2346 261 57 livres.
392 2346 427 57 Saint-Germain,
747 2346 142 57 27
818 2346 261 57 février
1008 2346 261 57 (1679).
1197 2346 213 57 Tiers
1339 2346 142 57 de
1387 2346 142 57 page

-34 2370 1420 93 -in-4.
960 2370 710 93 3
1102 2370 426 93 »

63 2433 170 77 412.
169 2433 191 77 Du
297 2433 276 77 Cange
509 2433 276 77 (Victor),
722 2433 213 77 auteur
870 2433 319 77 dramatique,
1125 2433 298 77 romancier.
1359 2433 128 77 L.
1402 2433 128 77 aut.

107 2489 197 71 sig.,
238 2489 109 71 à
282 2489 131 71 M.
348 2489 131 71 de
413 2489 350 71 Pixerécourt.
698 2489 109 71 2
742 2489 131 71 p.
807 2489 153 71 pl.
895 2489 131 71 et
960 2489 197 71 demie
1092 2489 197 71 in-8.
1223 2489 284 71 Curieuse.
1442 2489 109 71 3
1463 2489 66 71 »

61 2530 181 71 474.
174 2530 203 71 Du
310 2530 339 71 Chambge
581 2530 181 71 (Mme
694 2530 294 71 Pauline),
920 2530 339 71 musicienne,
1191 2530 339 71 compositeur
1440 2530 90 71 de

102 2591 210 70 jolies
249 2591 273 70 romances.
459 2591 126 70 L.
521 2591 168 70 aut.
626 2591 189 70 sig.,
752 2591 398 70 Pauline
1088 2591 126 70 au
1151 2591 189 70 baron
1276 2591 126 70 de
1318 2591 210 70 Trémont,

107 2638 212 55 (alors
255 2638 212 55 préfet
403 2638 127 55 de
467 2638 127 55 la
530 2638 318 55 Côte-d’Or),
785 2638 106 55 à
827 2638 212 55 Dijon.
975 2638 212 55 Paris,
1124 2638 127 55 11
1187 2638 169 55 juin
1293 2638 191 55 1831.
1420 2638 106 55 3
1441 2638 85 55 p.

97 2686 233 53 pl.
230 2686 299 53 in-8.
429 2686 332 53 Lettre
662 2686 366 53 intime.
928 2686 565 53 Intéressante.
1393 2686 166 53 5
1426 2686 100 53 »

57 2728 146 82 475.
148 2728 293 82 Ducis
386 2728 366 82 (Jean-François),
697 2728 165 82 poëte
807 2728 274 82 dramatique.
1026 2728 110 82 Né
1081 2728 91 82 à
1118 2728 402 82 Versailles
1447 2728 73 82 L.
