1597 2885
619 68 181 83 —
655 68 145 83 41

85 152 162 70 aut.
186 152 182 70 sig.,
308 152 101 70 à
348 152 122 70 M.
409 152 122 70 de
470 152 122 70 La
530 152 243 70 Bouïsse,
713 152 101 70 à
753 152 203 70 Paris.
895 152 304 70 Versailles,
1138 152 122 70 23
1199 152 223 70 juillet
1340 152 142 70 1810.

68 216 174 49 1
138 216 208 49 p.
242 216 243 49 pl.
381 216 208 49 et
485 216 312 49 demie
693 216 312 49 in-4.
901 216 521 49 Littéraire.
1318 216 174 49 6
1352 216 139 49 50

36 265 160 57 476.
136 265 180 57 Du
255 265 259 57 Creux
455 265 219 57 (l’abbé
614 265 379 57 Gabriel-Marie),
934 265 239 57 chanoine
1113 265 120 57 de
1173 265 339 57 Sainte-Croix,
1432 265 60 57 a

88 325 189 45 publié
221 325 114 45 la
278 325 265 45 collection
486 325 227 45 complète
656 325 133 45 des
732 325 189 45 œuvres
865 325 114 45 de
922 325 246 45 Fléchier.
1111 325 114 45 Né
1168 325 95 45 à
1187 325 303 45 Orléans

87 357 108 50 le
141 357 108 50 27
195 357 144 50 juin
285 357 162 50 1743.
392 357 144 50 Mort
482 357 90 50 à
518 357 323 50 Orléans
788 357 108 50 le
841 357 108 50 24
895 357 144 50 août
985 357 162 50 1792.
1093 357 108 50 L.
1147 357 144 50 aut.
1237 357 162 50 sig.,
1344 357 90 50 à
1380 357 108 50 M.
1416 357 72 50 de

77 405 418 64 Malesherbes.
417 405 261 64 Paris,
600 405 157 64 15
678 405 235 64 sept.
835 405 235 64 1780.
991 405 131 64 2
1044 405 157 64 p.
1122 405 183 64 pl.
1227 405 235 64 in-4.
1383 405 131 64 5
1410 405 78 64 »

129 451 340 62 Remerciments
405 451 170 62 pour
511 451 128 62 le
575 451 255 62 précieux
766 451 276 62 manuscrit
979 451 149 62 qui
1064 451 149 62 lui
1149 451 106 62 a
1191 451 149 62 été
1255 451 234 62 confié...

81 497 154 68 «Si
169 497 154 68 mon
257 497 286 68 discours,
477 497 154 68 sur
565 497 132 68 la
631 497 264 68 personne
830 497 132 68 et
896 497 154 68 les
984 497 220 68 écrits
1138 497 132 68 de
1204 497 132 68 M.
1248 497 242 68 Fléchier,

84 548 210 52 «n’est
231 548 147 52 pas
315 548 126 52 un
378 548 231 52 morceau
546 548 126 52 de
609 548 315 52 littérature
861 548 273 52 agréable,
1071 548 315 52 intéressant
1323 548 126 52 et
1365 548 126 52 pro-

83 594 216 52 «fond,
235 594 130 52 ce
300 594 130 52 ne
365 594 173 52 sera
473 594 151 52 pas
559 594 195 52 faute
689 594 238 52 d’avoir
862 594 130 52 eu
927 594 151 52 des
1014 594 238 52 secours
1165 594 325 52 abondants...»

36 637 159 73 477.
136 637 318 73 Dumas
394 637 279 73 (Jacques),
613 637 199 73 savant
753 637 259 73 chimiste.
952 637 119 73 L.
1011 637 159 73 aut.
1111 637 179 73 sig.,
1230 637 100 73 à
1270 637 119 73 M.
1310 637 179 73 Evrard.

51 691 266 80 1
157 691 319 80 p.
317 691 479 80 in-8.
636 691 266 80 4
742 691 479 80 reir.
1061 691 319 80 71
1221 691 266 80 1
1274 691 213 80 50

37 729 171 57 478.
144 729 193 57 Du
272 729 449 57 Petiv-Rnouars
657 729 128 57 (1
721 729 257 57 amiral),
914 729 300 57 commandant
1150 729 278 57 l’escadre
1342 729 150 57 fran

80 783 190 72 çaise
206 783 168 72 dans
312 783 295 72 l’Océanie.
543 783 126 72 L.
606 783 168 72 aut.
712 783 168 72 sig.
817 783 211 72 Paris,
964 783 126 72 21
1028 783 232 72 février
1196 783 190 72 1845.
1323 783 105 72 1
1365 783 126 72 p.
1407 783 84 72 et

11 831 829 63 demie
564 831 829 63 in-8.
1116 831 461 63 2
1209 831 276 63 »

36 872 153 62 479.
131 872 172 62 Du
246 872 268 62 Voisin
457 872 382 62 (Jean-Baptiste),
782 872 191 62 évêque
915 872 115 62 de
973 872 344 62 Nantes
1260 872 210 62 premier
1393 872 96 62 au

83 925 192 66 mônier
217 925 115 66 de
275 925 346 66 l’Impératrice,
564 925 192 66 auteur
698 925 115 66 de
756 925 192 66 divers
891 925 250 66 ouvrages.
1083 925 115 66 Né
1141 925 96 66 à
1160 925 327 66 Langres

81 973 367 63 (Haute-Marne).
386 973 122 63 L.
448 973 163 63 aut.
549 973 183 63 sig.,
672 973 122 63 au
733 973 224 63 citoyen
896 973 306 63 commissaire
1141 973 245 63 général.
1304 973 183 63 Nantes,

66 1024 213 52 16
173 1024 426 52 germinal
493 1024 213 52 an
599 1024 284 52 XII,
777 1024 462 52 demi-page
1132 1024 320 52 in-4.
1345 1024 178 52 3
1380 1024 107 52 »

31 1065 180 79 480.
143 1065 359 79 Elisabeth
435 1065 135 79 de
502 1065 337 79 France,
772 1065 202 79 femme
906 1065 135 79 de
974 1065 269 79 Philippe
1176 1065 157 79 IV,
1265 1065 157 79 roi
1333 1065 157 79 d’Es

84 1107 185 64 pagne.
213 1107 111 64 L.
268 1107 148 64 aut.
360 1107 148 64 sig.
453 1107 166 64 Yo
563 1107 111 64 la
619 1107 240 64 Reyna
803 1107 129 64 (en
877 1107 258 64 espagnol),
1080 1107 92 64 à
1117 1107 111 64 la
1172 1107 166 64 reine
1283 1107 111 64 de
1320 1107 166 64 France.

65 1165 278 46 Sans
239 1165 312 46 date.
447 1165 174 46 1
516 1165 243 46 gr.
655 1165 208 46 p.
759 1165 382 46 in-fol.
1037 1165 382 46 Cachet.
1315 1165 208 46 16
1384 1165 104 46 »

32 1209 172 55 481.
139 1209 215 55 Eon
289 1209 129 55 de
353 1209 343 55 Beaumont
632 1209 193 55 (d’),
761 1209 150 55 dit
847 1209 129 55 la
912 1209 322 55 chevalière.
1169 1209 215 55 Billet
1319 1209 193 55 sig.,
1427 1209 64 55 à

80 1257 134 60 M.
147 1257 313 60 Falconnet.
393 1257 269 60 Londres,
595 1257 112 60 5
639 1257 269 60 octobre.
841 1257 291 60 Demi-page
1065 1257 201 60 in-8.
1199 1257 134 60 Le
1266 1257 157 60 bas
1356 1257 134 60 de
1400 1257 90 60 la

43 1312 481 72 page
344 1312 301 72 a
464 1312 421 72 été
705 1312 662 72 enlevé.
1186 1312 301 72 2
1246 1312 241 72 50

33 1346 166 71 482.
137 1346 415 71 Espinasse
490 1346 187 71 (Mlle
615 1346 519 71 Julie-Jeanne-Eléonore
1072 1346 125 71 de
1134 1346 166 71 l’),
1238 1346 228 71 célèbre
1383 1346 104 71 par

78 1396 152 66 son
165 1396 217 66 esprit
317 1396 130 66 et
382 1396 152 66 par
469 1396 369 66 l’attachement
772 1396 152 66 que
859 1396 304 66 D’Alembert
1098 1396 152 66 lui
1184 1396 282 66 conserva.
1380 1396 108 66 Née

82 1446 101 54 à
122 1446 302 54 Lyon
364 1446 121 54 en
424 1446 181 54 1732.
545 1446 181 54 Morte
665 1446 121 54 en
726 1446 181 54 1776.
846 1446 262 54 Portraits
1047 1446 121 54 de
1108 1446 282 54 différents
1309 1446 181 54 person-

80 1497 208 53 nages
218 1497 138 53 du
288 1497 231 53 temps.
449 1497 138 53 10
518 1497 161 53 gr.
610 1497 138 53 p.
680 1497 161 53 pl.
772 1497 185 53 aut.
887 1497 208 53 in-4.
1026 1497 369 53 (Remontées).
1326 1497 138 53 La
1372 1497 115 53 fin

-13 1545 1268 51 manque.
909 1545 692 51 16
1139 1545 346 51 »

34 1575 164 75 483.
136 1575 368 75 Faucher
443 1575 205 75 (César
586 1575 123 75 et
647 1575 327 75 Constantin),
913 1575 205 75 frères
1056 1575 245 75 jumeaux,
1241 1575 245 75 généraux
1404 1575 82 75 de

80 1631 113 67 la
137 1631 263 67 République
343 1631 113 67 et
399 1631 113 67 de
456 1631 244 67 l’Empire.
643 1631 131 67 Nés
718 1631 94 67 à
756 1631 169 67 La
869 1631 263 67 Réole
1075 1631 263 67 (Gironde),
1282 1631 113 67 le
1338 1631 113 67 20
1375 1631 113 67 mars

77 1685 189 63 1769.
203 1685 251 63 Fusillés
391 1685 168 63 dans
496 1685 147 63 les
580 1685 168 63 bras
685 1685 168 63 l’un
790 1685 126 63 de
852 1685 231 63 l’autre
1020 1685 126 63 en
1083 1685 272 63 septembre
1292 1685 189 63 1815.
1397 1685 84 63 L.

76 1731 173 66 aut.
184 1731 173 66 sig.
292 1731 129 66 de
357 1731 194 66 César
486 1731 129 66 et
551 1731 194 66 aussi
681 1731 216 66 signée
832 1731 151 66 par
918 1731 324 66 Constantin,
1177 1731 129 66 au
1220 1731 259 66 général...

50 1779 248 53 4
149 1779 396 53 mars
396 1779 446 53 1815.
693 1779 248 53 1
792 1779 297 53 p.
941 1779 446 53 in-4.
1238 1779 297 53 10
1337 1779 149 53 »

32 1812 164 75 484.
134 1812 348 75 Favart
420 1812 409 75 (Charles-Simon),
768 1812 205 75 auteur
911 1812 307 75 dramatique.
1157 1812 123 75 L.
1218 1812 164 75 aut.
1320 1812 184 75 sig.,
1423 1812 61 75 à

75 1873 220 84 madame
229 1873 242 84 Bellot,
405 1873 132 84 sa
471 1873 220 84 fille.
625 1873 220 84 Paris,
779 1873 132 84 16
846 1873 242 84 octobre
1022 1873 198 84 1776.
1154 1873 110 84 1
1198 1873 132 84 p.
1264 1873 154 84 pl.
1330 1873 154 84 in

-16 1915 1270 59 Cachet.
907 1915 693 59 10
1138 1915 346 59 »

31 1952 160 71 485.
131 1952 379 71 Favièses
450 1952 180 71 (de),
570 1952 279 71 conseiller
789 1952 120 71 au
849 1952 259 71 Parlement
1048 1952 120 71 de
1108 1952 199 71 Paris,
1248 1952 199 71 auteur
1367 1952 120 71 dra-

79 2017 231 58 matique,
252 2017 193 58 auteur
387 2017 116 58 de
445 2017 212 58 Paul
599 2017 116 58 et
656 2017 327 58 Virginie
926 2017 193 58 opéra,
1061 2017 154 58 etc.
1157 2017 116 58 1°
1215 2017 116 58 L.
1272 2017 154 58 aut.
1349 2017 135 58 sig.,

77 2054 105 65 à
119 2054 126 65 M.
182 2054 126 65 de
245 2054 336 65 Pixerécourt.
518 2054 210 65 Paris,
665 2054 105 65 6
707 2054 231 65 février
875 2054 189 65 1827.
1001 2054 105 65 1
1043 2054 126 65 p.
1106 2054 189 65 in-4.
1232 2054 126 65 Il
1295 2054 189 65 vient
1400 2054 84 65 de

79 2115 190 68 revoir
212 2115 114 68 la
269 2115 247 68 partition
459 2115 399 68 d'Elisea.
800 2115 114 68 il
857 2115 152 68 veut
952 2115 114 68 se
1009 2115 247 68 concerter
1199 2115 152 68 pour
1294 2115 114 68 la
1332 2115 152 68 remise

80 2158 117 64 de
138 2158 136 64 cet
216 2158 214 64 ouvrage
372 2158 97 64 «
411 2158 273 64 dernier
625 2158 312 64 chef-d’œuvre
878 2158 117 64 de
937 2158 175 64 notre
1053 2158 253 64 admirable
1229 2158 253 64 Grétry

74 2213 159 56 «et
165 2213 159 56 qui
256 2213 159 56 m’a
347 2213 204 56 porté
483 2213 250 56 bonheur
665 2213 182 56 deux
778 2213 227 56 fois.»
937 2213 114 56 —
982 2213 136 56 2°
1051 2213 272 56 Fragment
1255 2213 182 56 aut.
1346 2213 136 56 d’un

49 2255 462 50 opéra.
372 2255 231 50 2
465 2255 324 50 gr.
650 2255 277 50 p.
788 2255 324 50 pl.
973 2255 462 50 in-fol
1297 2255 231 50 6
1343 2255 139 50 »

26 2291 166 70 486.
130 2291 269 70 Féline
337 2291 290 70 Sandé,
565 2291 228 70 célèbre
730 2291 352 70 jurisconsulte
1020 2291 249 70 italien.
1207 2291 124 70 L.
1269 2291 166 70 aut.
1352 2291 124 70 sig.

74 2346 141 69 (en
154 2346 261 69 italien),
355 2346 101 69 à
396 2346 221 69 Nicolas
556 2346 302 69 Michelozzi,
798 2346 281 69 chancelier
1019 2346 121 69 de
1079 2346 221 69 Laurent
1240 2346 121 69 de
1280 2346 201 69 Médicis.

67 2397 150 62 5
127 2397 241 62 mars
277 2397 271 62 1486.
458 2397 150 62 1
518 2397 180 62 p.
608 2397 241 62 in-4
758 2397 180 62 en
849 2397 331 62 travers
1089 2397 331 62 Cachet.
1330 2397 180 62 10
1390 2397 90 62 »

28 2439 171 55 487.
134 2439 406 55 Fénelon,
476 2439 299 55 archevêque
711 2439 128 55 de
775 2439 256 55 Cambrai.
967 2439 128 55 L.
1031 2439 192 55 aut.,
1159 2439 107 55 à
1202 2439 128 55 M.
1266 2439 128 55 le
1330 2439 149 55 due
1394 2439 85 55 de

75 2490 373 56 Beauvilliers.
382 2490 263 56 Cambrai,
580 2490 132 56 24
646 2490 241 56 juillet
821 2490 198 56 1702.
953 2490 110 56 4
997 2490 154 56 gr.
1085 2490 132 56 p.
1151 2490 154 56 pl.
1239 2490 198 56 in-4.
1370 2490 132 56 50
1414 2490 66 56 »

125 2538 202 54 Lettre
266 2538 323 54 intéressante
529 2538 141 54 sur
609 2538 141 54 les
690 2538 242 54 affaires
872 2538 141 54 des
952 2538 242 54 jésuites
1134 2538 121 54 de
1175 2538 161 54 Douai.

26 2574 169 71 488.
131 2574 380 71 Fémelon
448 2574 359 71 (L.-Fr.-Ferd.
743 2574 253 71 Salignac
933 2574 127 71 de
996 2574 127 71 la
1059 2574 232 71 Mothe),
1228 2574 253 71 aumônier
1397 2574 84 71 du

79 2626 158 62 roi,
178 2626 197 62 évêque
316 2626 118 62 de
375 2626 355 62 Lombes
672 2626 118 62 L.
731 2626 158 62 aut.
829 2626 178 62 sig.,
948 2626 99 62 à
987 2626 118 62 M.
1047 2626 276 62 Silvestre.
1264 2626 217 62 Lombez,
1402 2626 79 62 24

51 2686 563 55 septembre
484 2686 390 55 1777.
743 2686 216 55 1
830 2686 260 55 p.
960 2686 390 55 in-4.
1219 2686 216 55 5
1306 2686 216 55 3
1349 2686 130 55 »

26 2724 159 75 489.
126 2724 339 75 Fenouillot
405 2724 120 75 de
464 2724 319 75 Falbert,
723 2724 199 75 auteur
863 2724 299 75 dramatique.
1102 2724 120 75 Né
1161 2724 100 75 à
1181 2724 299 75 Salins
