1581 2839
742 38 222 72 42
816 38 111 72 —

111 118 231 64 (Jura).
279 118 126 64 L.
342 118 168 64 aut.
447 118 189 64 sig.,
574 118 126 64 au
637 118 231 64 citoyen
805 118 252 64 ministre
994 118 379 64 Destournelles.
1310 118 210 64 Paris,
1436 118 84 64 25

99 178 416 66 brumaire
411 178 208 66 an
515 178 243 66 II.
654 178 173 66 2
723 178 243 66 gr.
862 178 208 66 p.
966 178 243 66 pl.
1104 178 381 66 in-fol.
1381 178 173 66 5
1416 178 104 66 »

66 233 154 64 490.
162 233 309 64 Ferry
413 233 212 64 (Paul),
567 233 212 64 célèbre
721 233 231 64 ministre
895 233 289 64 protestant.
1126 233 251 64 Quittance
1319 233 154 64 aut.
1396 233 116 64 sig.

114 286 126 61 de
177 286 126 61 la
240 286 189 61 somme
366 286 126 61 de
428 286 168 61 cent
533 286 293 61 vingt-cinq
764 286 231 61 livres.
931 286 147 61 1er
1015 286 231 61 janvier
1183 286 189 61 1629.
1288 286 231 61 Demi

-4 327 1385 60 in-18.
965 327 693 60 2
1104 327 416 60 »

65 373 162 70 491.
166 373 304 70 Fleuriau
409 373 445 70 d’Amenonville
793 373 385 70 (Louis-Gaston),
1117 373 202 70 évêque
1239 373 283 70 d’Or

114 420 298 61 léans
360 420 158 61 avant
465 420 175 61 évêque
587 420 315 61 d'Aire
850 420 105 61 L.
903 420 140 61 aut.
990 420 158 61 sig.,
1096 420 88 61 à
1131 420 140 61 M...
1218 420 105 61 19
1271 420 193 61 février
1393 420 123 61 1706.

73 475 302 55 4
193 475 422 55 gr.
435 475 362 55 p.
616 475 422 55 pl.
857 475 543 55 in-4.
1219 475 302 55 7
1280 475 241 55 50

158 511 268 64 Relative
359 511 134 64 au
425 511 335 64 consistoire
693 511 134 64 de
760 511 134 64 la
827 511 268 64 Bastide,
1028 511 268 64 supprimé
1229 511 156 64 par
1318 511 201 64 ordre
1430 511 89 64 du

115 567 168 78 roi,
220 567 126 78 et
283 567 189 78 réuni
409 567 147 78 par
492 567 147 78 les
576 567 377 78 religionnaires
891 567 147 78 qui
975 567 126 78 en
1038 567 315 78 dépendaient
1289 567 105 78 à
1331 567 189 78 celui
1436 567 84 78 de

91 612 314 66 Saint

62 659 167 75 492.
166 659 396 75 Fleuriau
500 659 438 75 (Thomas-Charles),
875 659 229 75 jésuite
1042 659 271 75 procureur
1251 659 146 75 des
1313 659 209 75 Missions

113 718 122 62 du
174 718 224 62 Levant.
337 718 122 62 L.
398 718 163 62 aut.
500 718 184 62 sig.,
623 718 102 62 à
663 718 163 62 M...
765 718 204 62 Paris,
908 718 102 62 8
949 718 224 62 octobre
1112 718 184 62 1728.
1234 718 102 62 2
1275 718 122 62 p.
1336 718 122 62 et
1377 718 143 62 demie

-20 768 1380 47 in-4.
900 768 767 47 3
1053 768 460 47 »

64 799 162 84 493.
165 799 344 84 Fleury
448 799 525 84 (Henri-Marie-Bernardin
913 799 121 84 de
973 799 222 84 Ceilhes
1135 799 162 84 de),
1236 799 283 84 archevêque
1438 799 81 84 de

115 862 361 53 Tours
412 862 127 53 L.
475 862 170 53 aut.
582 862 191 53 sig.,
709 862 106 53 à
751 862 170 53 M...
857 862 212 53 Paris,
1006 862 127 53 14
1069 862 276 53 septembre
1282 862 191 53 1763.
1409 862 106 53 1
1430 862 85 53 p.

17 907 1041 62 in-4.
711 907 578 62 6
943 907 578 62 3
1058 907 463 62 50

161 952 126 60 Il
224 952 126 60 le
287 952 251 60 remercie
475 952 126 60 de
538 952 147 60 lui
622 952 188 60 avoir
747 952 209 60 envoyé
894 952 126 60 la
957 952 188 60 copie
1082 952 147 60 des
1145 952 377 60 lettres

114 1002 399 56 d’établissement
450 1002 126 56 du
513 1002 231 56 collège
682 1002 147 56 des
766 1002 252 56 jésuites
955 1002 105 56 à
976 1002 210 56 Tours...

65 1035 162 76 494.
166 1035 385 76 Florian,
490 1035 324 76 littérateur,
754 1035 284 76 fabuliste,
977 1035 203 76 membre
1119 1035 122 76 de
1179 1035 284 76 l’Académie
1382 1035 142 76 fran

115 1101 210 59 çaise.
262 1101 126 59 L.
325 1101 189 59 aut.,
451 1101 105 59 à
493 1101 126 59 M.
556 1101 126 59 de
619 1101 231 59 Florian
787 1101 147 59 son
871 1101 210 59 oncle,
1018 1101 210 59 ancien
1165 1101 273 59 capitaine
1375 1101 126 59 de
1417 1101 105 59 ca-

111 1155 241 55 valerie,
292 1155 101 55 à
332 1155 221 55 Genève.
493 1155 201 55 Paris,
634 1155 101 55 7
674 1155 221 55 janvier
835 1155 181 55 1791.
955 1155 101 55 2
995 1155 141 55 gr.
1076 1155 121 55 p.
1136 1155 141 55 pl.
1216 1155 121 55 et
1277 1155 181 55 quart
1377 1155 141 55 in

81 1199 587 61 Cachet.
507 1199 907 61 Intéressante.
1254 1199 267 61 8
1308 1199 213 61 50

65 1231 162 81 495.
166 1231 384 81 Florian,
490 1231 324 81 littérateur,
752 1231 283 81 fabuliste,
975 1231 202 81 membre
1116 1231 121 81 de
1177 1231 283 81 l’Académie
1379 1231 142 81 fran

114 1299 198 63 çaise.
253 1299 178 63 Le
371 1299 178 63 Paon,
490 1299 138 63 les
569 1299 158 63 deux
668 1299 198 63 Oisons
806 1299 119 63 et
866 1299 119 63 le
925 1299 336 63 Plongeon
1202 1299 178 63 fable
1320 1299 158 63 aut.
1419 1299 99 63 1
1439 1299 79 63 p.

-6 1342 1248 52 in-8.
827 1342 832 52 10
1104 1342 416 52 »

65 1378 162 68 496.
166 1378 385 68 Florian,
490 1378 324 68 littérateur,
753 1378 283 68 fabuliste,
976 1378 202 68 membre
1117 1378 121 68 de
1178 1378 283 68 l’Académie
1380 1378 142 68 fran

74 1433 95 53 «
112 1433 190 53 çaise.
245 1433 304 53 Guillaume
493 1433 171 53 Tell,
607 1433 114 53 ou
664 1433 114 53 la
721 1433 190 53 Suisse
854 1433 266 53 libre
1063 1433 171 53 Livre
1178 1433 133 53 Ier
1254 1433 247 53 Manuscrit
1425 1433 95 53 au-

113 1486 295 64 tographe.
340 1486 136 64 26
408 1486 204 64 pages
544 1486 113 64 à
589 1486 295 64 mi-marge,
816 1486 204 64 in-4.
952 1486 204 64 Jolie
1088 1486 272 64 écriture
1292 1486 181 64 bien
1383 1486 136 64 cor-

8 1542 1260 55 recte.
890 1542 756 55 20
1142 1542 378 55 »

64 1554 150 86 497.
158 1554 280 86 François
382 1554 187 86 I,
513 1554 131 86 roi
588 1554 112 86 de
644 1554 206 86 France.
793 1554 112 86 L.
849 1554 150 86 sig.
943 1554 112 86 et
999 1554 299 86 contresignée
1223 1554 299 86 Burgen

112 1626 289 71 sis
343 1626 96 71 à
381 1626 135 71 nos
458 1626 173 71 chers
574 1626 116 71 et
632 1626 154 71 bien
728 1626 154 71 amés
825 1626 135 71 les
902 1626 193 71 doyen,
1036 1626 250 71 chanoines
1229 1626 116 71 et
1287 1626 231 71 chapitre
1441 1626 77 71 de

113 1674 256 78 l’Eglise
304 1674 213 78 d’Aix.
453 1674 554 78 Saint-Germain-en-Laye,
943 1674 128 78 le
1007 1674 106 78 8
1050 1674 234 78 octobre
1220 1674 170 78 1560
1326 1674 106 78 1
1369 1674 149 78 gr.
1433 1674 85 78 p.

97 1721 255 75 pl.
242 1721 218 75 et
351 1721 327 75 demie
569 1721 400 75 in-fol.
860 1721 582 75 Rare
1333 1721 218 75 30
1406 1721 109 75 »

158 1765 212 64 Lettre
306 1765 340 64 intéressante
582 1765 127 64 au
646 1765 191 64 sujet
773 1765 149 64 des
858 1765 255 64 troubles
1049 1765 127 64 du
1092 1765 212 64 royaume.

64 1808 159 75 498.
163 1808 258 75 Frétat
362 1808 119 75 de
421 1808 258 75 Sarra
620 1808 357 75 (Jean-Augustin
917 1808 159 75 de),
1016 1808 198 75 évêque
1155 1808 119 75 de
1195 1808 317 75 Nantes

116 1873 164 51 avant
225 1873 182 51 évêque
352 1873 109 51 de
407 1873 364 51 Tréguier
716 1873 109 51 L.
770 1873 145 51 aut.
861 1873 164 51 sig.,
970 1873 91 51 à
1007 1873 145 51 M...
1098 1873 200 51 Nantes,
1243 1873 109 51 22
1298 1873 164 51 avril
1389 1873 127 51 1776.

109 1922 108 60 2
153 1922 152 60 gr.
239 1922 130 60 p.
304 1922 152 60 pl.
391 1922 130 60 et
456 1922 195 60 demie
586 1922 195 60 in-4,
716 1922 130 60 le
781 1922 238 60 premier
954 1922 260 60 feuillet
1149 1922 195 60 rogné
1279 1922 108 60 à
1322 1922 130 60 la
1365 1922 152 60 marge

91 1972 587 50 extérieure
552 1972 461 50 jusqu’à
888 1972 252 50 la
1014 1972 461 50 lettre.
1349 1972 210 50 4
1391 1972 126 50 »

61 2017 167 68 499.
165 2017 292 68 Frézeau
394 2017 125 68 de
457 2017 125 68 la
519 2017 396 68 Frézelières
853 2017 167 68 (Ch.
957 2017 208 68 Mad.),
1102 2017 208 68 évêque
1248 2017 125 68 de
1290 2017 229 68 La

115 2068 387 57 Rochelle,
446 2068 111 57 en
502 2068 166 57 1693.
612 2068 166 57 Ayant
723 2068 221 57 embrassé
889 2068 184 57 l’état
1018 2068 332 57 ecclésiastique
1295 2068 166 57 après
1387 2068 129 57 avoir

108 2114 195 54 porté
238 2114 238 54 quelque
412 2114 195 54 temps
542 2114 152 54 les
628 2114 217 54 armes,
780 2114 173 54 prit
889 2114 130 54 le
954 2114 217 54 bonnet
1105 2114 130 54 de
1170 2114 238 54 docteur
1344 2114 130 54 de
1387 2114 130 54 Sor-

111 2165 212 64 bonne,
259 2165 127 64 et
323 2165 149 64 fut
408 2165 212 64 chargé
557 2165 127 64 de
620 2165 276 64 gouverner
833 2165 255 64 l’Eglise
1024 2165 127 64 de
1087 2165 318 64 Strasbourg.
1342 2165 127 64 L.
1385 2165 127 64 aut.

107 2205 226 75 sig.,
258 2205 126 75 à
308 2205 201 75 M...
434 2205 151 75 La
509 2205 327 75 Rochelle,
761 2205 151 75 22
837 2205 176 75 mai
937 2205 226 75 1699.
1088 2205 126 75 6
1139 2205 151 75 p.
1214 2205 226 75 in-4.
1365 2205 126 75 6
1415 2205 126 75 6
1441 2205 75 75 »

159 2262 136 55 En
227 2262 226 55 faveur
385 2262 136 55 de
453 2262 136 55 M.
521 2262 249 55 Auvray,
702 2262 249 55 nouveau
883 2262 294 55 converti,
1109 2262 226 55 prêtre
1267 2262 136 55 et
1313 2262 203 55 vicaire

112 2280 122 90 de
173 2280 122 90 la
234 2280 245 90 paroisse
418 2280 122 90 de
479 2280 286 90 Saint-Jean
704 2280 122 90 de
765 2280 122 90 la
826 2280 265 90 Rochelle,
1030 2280 122 90 et
1091 2280 265 90 Fontaine,
1275 2280 245 90 «ci

111 2350 282 53 «ministre
328 2350 130 53 de
393 2350 130 53 la
458 2350 260 53 religion
653 2350 282 53 prétendue
870 2350 260 53 réformée
1065 2350 152 53 qui
1152 2350 152 53 est
1238 2350 130 53 si
1303 2350 173 53 bien
1390 2350 130 53 con-

111 2395 216 85 «verti
263 2395 151 85 que
349 2395 130 85 je
414 2395 173 85 m’en
522 2395 173 85 sers
630 2395 389 85 très-utilement
954 2395 173 85 pour
1062 2395 130 85 la
1126 2395 302 85 conversion
1364 2395 130 85 de
1407 2395 108 85 nos

108 2446 190 76 «mal
203 2446 261 76 réunis...

61 2474 174 83 500.
170 2474 326 83 Froullay
430 2474 130 83 de
496 2474 282 83 Tessé
713 2474 261 83 (Charles
908 2474 195 83 Louis
1038 2474 174 83 de),
1147 2474 195 83 comte
1277 2474 130 83 de
1342 2474 174 83 Lyon
1429 2474 87 83 et

114 2552 216 55 aumônier
276 2552 108 55 du
330 2552 144 55 roi,
420 2552 162 55 etc.,
527 2552 180 55 évêque
653 2552 108 55 du
707 2552 288 55 Mans
941 2552 108 55 Né
995 2552 90 55 à
1013 2552 503 55 Saint

113 2594 311 58 tines
366 2594 273 58 (Mayenne).
580 2594 117 58 L.
638 2594 156 58 aut.
735 2594 175 58 sig.,
852 2594 97 58 à
891 2594 136 58 Son
969 2594 253 58 Eminence.
1164 2594 117 58 Au
1222 2594 175 58 Mans,
1339 2594 117 58 le
1397 2594 97 58 4
1417 2594 97 58 mai

74 2646 519 71 1738.
420 2646 288 71 4
536 2646 346 71 p.
709 2646 404 71 pl.
939 2646 519 71 in-4.
1285 2646 288 71 6
1343 2646 173 71 »

155 2696 125 68 Au
218 2696 188 68 sujet
343 2696 125 68 de
406 2696 125 68 la
468 2696 313 68 réformation
719 2696 146 68 des
802 2696 313 68 Filles-Dieu
1053 2696 125 68 du
1095 2696 146 68 Mans.
