1561 2825
50 117 163 74 514.
152 117 347 74 Gudin,
437 117 224 74 peintre
600 117 122 74 de
662 117 224 74 marine.
825 117 122 74 L.
886 117 163 74 aut.
988 117 184 74 sig.,
1110 117 102 74 à
1151 117 122 74 M.
1192 117 306 74 Rouquairolle.

78 181 197 70 2
156 181 237 70 p.
275 181 355 70 in-8.
512 181 434 70 Affaire
828 181 237 70 de
946 181 474 70 tableau.
1302 181 197 70 2
1341 181 158 70 25

48 216 166 69 515.
152 216 310 69 Guénepin
400 216 124 69 de
462 216 310 69 Vauréal
711 216 331 69 (Louis-Guy),
980 216 207 69 évêque
1124 216 124 69 de
1166 216 331 69 Rennes

94 287 324 51 ambassadeur
354 287 389 51 extraordinaire
678 287 130 51 et
743 287 260 51 ministre
938 287 433 51 plénipotentiaire
1305 287 130 51 en
1349 287 151 51 Espa-

93 324 182 71 gne.
207 324 136 71 L.
275 324 182 71 aut.
388 324 204 71 sig.,
524 324 113 71 à
570 324 136 71 M.
638 324 295 71 Lallemant
865 324 136 71 de
933 324 182 71 Bez.
1046 324 250 71 Madrid,
1228 324 136 71 15
1273 324 227 71 décembre

67 375 445 52 1741.
363 375 247 52 3
462 375 346 52 gr.
660 375 297 52 p.
808 375 346 52 pl.
1006 375 445 52 in-4.
1302 375 247 52 6
1352 375 148 52 »

142 424 209 59 Lettre
289 424 251 59 curieuse
477 424 126 59 au
540 424 188 59 sujet
666 424 126 59 de
728 424 126 59 la
791 424 230 59 société
959 424 147 59 par
1042 424 209 59 action
1189 424 209 59 fondée
1336 424 147 59 par
1398 424 105 59 ma-

95 456 307 67 demoiselle
336 456 219 67 Powis.
489 456 307 67 Discussion
730 456 175 67 avec
840 456 131 67 la
906 456 285 67 compagnie
1125 456 307 67 espagnole,
1344 456 131 67 etc.

48 500 153 85 516.
143 500 325 85 Guérin
411 500 248 85 (Pierre),
602 500 210 85 peintre
754 500 286 85 d’histoire.
983 500 115 85 L.
1041 500 153 85 aut.
1136 500 172 85 sig.,
1251 500 95 85 à
1289 500 115 85 M.
1327 500 172 85 Artaud.

77 563 329 54 Rome,
297 563 219 54 18
406 563 402 54 juillet
698 563 329 54 1825.
918 563 183 54 1
991 563 219 54 p.
1100 563 329 54 in-4.
1319 563 183 54 2
1356 563 146 54 50

47 605 164 67 517.
149 605 410 67 Guichenon
497 605 266 67 (Samuel),
702 605 266 67 historien
907 605 123 67 de
968 605 205 67 Bresse
1112 605 123 67 et
1173 605 123 67 de
1235 605 225 67 Savoie.
1399 605 123 67 Né
1440 605 61 67 à

97 656 288 59 Mâcon
331 656 378 59 (Saône-et-Loire).
655 656 108 59 L.
709 656 144 59 aut.
799 656 162 59 sig.,
906 656 90 59 à
942 656 108 59 M.
996 656 108 59 Du
1050 656 216 59 Bouchet,
1212 656 90 59 à
1248 656 180 59 Paris.
1356 656 144 59 Bourg,

80 713 208 67 14
184 713 242 67 mai
323 713 312 67 1640.
531 713 173 67 2
600 713 208 67 p.
704 713 242 67 pl.
842 713 312 67 in-4.
1050 713 381 67 Cachet.
1327 713 208 67 16
1396 713 104 67 »

144 750 204 51 Lettre
286 750 326 51 intéressante
551 750 245 51 relative
735 750 102 51 à
775 750 143 51 ses
857 750 224 51 travaux
1000 750 285 51 historiques.

46 778 162 87 518.
147 778 364 87 Guizot,
450 778 283 87 historien,
673 778 263 87 ministre,
875 778 182 87 homme
996 778 222 87 d’Etat,
1158 778 202 87 membre
1300 778 121 87 de
1340 778 162 87 l’Aca

94 848 186 50 démie
218 848 289 50 française.
446 848 124 50 L.
508 848 165 50 aut.
611 848 186 50 sig.,
735 848 103 50 à
776 848 124 50 M.
839 848 207 50 Génié.
983 848 124 50 Du
1045 848 310 50 Val-Richer,
1293 848 103 50 4
1314 848 186 50 octobre

62 895 481 48 1839.
382 895 267 48 1
489 895 321 48 p.
649 895 374 48 pl.
863 895 534 48 in-18.
1237 895 267 48 2
1290 895 214 48 50

48 938 157 61 519.
147 938 373 61 Hatzfeld
461 938 138 61 (le
540 938 197 61 prince
677 938 157 61 d’),
776 938 236 61 général,
953 938 256 61 diplomate
1149 938 118 61 au
1208 938 216 61 service
1365 938 118 61 du
1405 938 98 61 roi

94 989 128 64 de
158 989 235 64 Prusse,
329 989 192 64 connu
457 989 150 64 par
542 989 128 64 sa
606 989 256 64 trahison
799 989 214 64 contre
948 989 278 64 Napoléon.
1162 989 128 64 L.
1226 989 171 64 aut.
1333 989 192 64 sig.,
1440 989 64 64 à

95 1038 128 64 M.
159 1038 192 64 Chad.
286 1038 213 64 Alenir
436 1038 213 64 (duché
585 1038 128 64 de
649 1038 213 64 Berg),
798 1038 128 64 14
862 1038 170 64 août
968 1038 192 64 1818.
1096 1038 107 64 1
1139 1038 128 64 p.
1203 1038 149 64 pl.
1288 1038 192 64 in-4.
1416 1038 107 64 8
1437 1038 64 64 »

50 1081 164 70 520.
152 1081 204 70 Hay
295 1081 123 70 de
356 1081 368 70 Bouteville
663 1081 532 70 (M...-T...-Hyppolite),
1133 1081 225 70 évêque,
1297 1081 204 70 prince
1419 1081 82 70 de

100 1131 346 67 Grenoble
394 1131 156 67 avant
498 1131 173 67 évêque
619 1131 104 67 de
671 1131 398 67 Saint-Flour
1017 1131 104 67 L.
1069 1131 139 67 aut.
1156 1131 156 67 sig.,
1260 1131 87 67 à
1294 1131 104 67 M.
1346 1131 104 67 le
1381 1131 121 67 comte

89 1181 194 60 ...
200 1181 360 60 Grenoble,
477 1181 166 60 18
560 1181 249 60 avril
726 1181 249 60 1788.
893 1181 166 60 2.
976 1181 194 60 gr.
1087 1181 166 60 p.
1170 1181 305 60 in-fol.
1391 1181 139 60 5
1419 1181 83 60 »

143 1223 223 62 Lettre
299 1223 290 62 touchante
522 1223 134 62 en
589 1223 223 62 faveur
745 1223 179 62 d’un
857 1223 312 62 malheureux
1102 1223 223 62 soldat
1259 1223 223 62 détenu
1392 1223 112 62 de-

97 1285 168 53 puis
202 1285 189 53 trois
328 1285 147 53 ans
411 1285 168 53 dans
516 1285 147 53 les
600 1285 230 53 cachots
768 1285 105 53 à
789 1285 230 53 Grenoble.

47 1306 171 87 521.
154 1306 257 87 Henri
347 1306 150 87 HI,
432 1306 150 87 roi
518 1306 129 87 de
582 1306 321 87 France.
840 1306 129 87 L.
904 1306 171 87 aut.
1011 1306 193 87 sig.,
1140 1306 107 87 à
1183 1306 279 87 Villeroy.
1375 1306 129 87 Sans

69 1373 445 61 date.
365 1373 642 61 Demi-page
859 1373 543 61 in-fol.
1254 1373 296 61 16
1353 1373 148 61 »

47 1407 157 63 522.
146 1407 314 63 Hoche
401 1407 138 63 (le
480 1407 216 63 général
637 1407 236 63 Lazare).
813 1407 118 63 L.
872 1407 177 63 sig.,
990 1407 118 63 au
1049 1407 236 63 ministre
1226 1407 118 63 de
1285 1407 118 63 la
1324 1407 177 63 guerre.

94 1465 261 87 Wetzlar,
290 1465 130 87 18
355 1465 283 87 fructidor
572 1465 130 87 an
638 1465 109 87 v
681 1465 130 87 (4
746 1465 283 87 septembre
964 1465 196 87 1797,
1094 1465 152 87 peu
1181 1465 130 87 de
1246 1465 196 87 jours
1355 1465 152 87 avant

63 1518 320 66 sa
223 1518 533 66 mort).
596 1518 267 66 1
703 1518 320 66 p.
863 1518 587 66 in-fol.
1290 1518 267 66 4
1343 1518 160 66 »

144 1558 120 56 Il
204 1558 140 56 lui
284 1558 200 56 envoie
424 1558 180 56 copie
544 1558 180 56 d’une
664 1558 160 56 note
764 1558 160 56 dont
865 1558 120 56 il
925 1558 220 56 adresse
1085 1558 280 56 l’original
1305 1558 120 56 au
1345 1558 160 56 Direc-

96 1593 195 69 toire
226 1593 173 69 pour
335 1593 152 69 lui
421 1593 238 69 prouver
594 1593 152 69 que
681 1593 130 69 M.
746 1593 260 69 Dufresne
941 1593 152 69 qui
1028 1593 130 69 le
1093 1593 282 69 poursuit,
1309 1593 130 69 «a
1352 1593 152 69 menti

92 1657 397 61 «impudemment
415 1657 149 61 en
489 1657 298 61 avançant
712 1657 174 61 que
812 1657 149 61 le
886 1657 198 61 pays
1010 1657 149 61 de
1084 1657 347 61 Damestadt,
1332 1657 174 61 avait

97 1702 210 64 «versé
244 1702 126 64 un
307 1702 231 64 million
475 1702 105 64 à
517 1702 126 64 la
580 1702 210 64 caisse
727 1702 126 64 de
790 1702 252 64 l’armée.
980 1702 126 64 Je
1043 1702 273 64 prouverai
1253 1702 168 64 sous
1358 1702 147 64 peu
1421 1702 84 64 la

99 1746 274 56 «fausseté
310 1746 127 56 de
373 1746 211 56 toutes
521 1746 148 56 ses
584 1746 295 56 assertions.»

49 1802 168 64 423.
154 1802 400 64 Holboll,
491 1802 273 64 directeur
701 1802 126 64 du
764 1802 210 64 jardin
911 1802 273 64 botanique
1121 1802 126 64 de
1185 1802 315 64 Copenhague.
1416 1802 84 64 L.

96 1851 173 69 aut.
205 1851 195 69 sig.,
334 1851 108 69 à
378 1851 195 69 M....
507 1851 324 69 Copenhague,
767 1851 130 69 15
832 1851 238 69 février
1005 1851 195 69 1800.
1134 1851 108 69 1
1178 1851 130 69 p.
1243 1851 195 69 in-4.
1351 1851 151 69 Envoi

53 1891 395 52 de
251 1891 790 52 graines,
843 1891 527 52 etc.
1173 1891 329 52 2
1239 1891 263 52 25

50 1933 166 61 524.
154 1933 436 61 Holstenius
528 1933 208 61 (Luc),
674 1933 249 61 chanoine
861 1933 125 61 de
923 1933 333 61 Saint-Pierre
1193 1933 125 61 de
1256 1933 187 61 Rome,
1360 1933 145 61 garde

99 1988 124 55 de
161 1988 124 55 la
223 1988 331 55 bibliothèque
492 1988 124 55 du
554 1988 248 55 Vatican.
740 1988 124 55 L.
802 1988 207 55 latine
947 1988 165 55 aut.
1050 1988 186 55 sig.,
1174 1988 124 55 au
1236 1988 165 55 père
1319 1988 186 55 Jacques

97 2039 291 73 Sirmond.
315 2039 218 73 Rome,
461 2039 170 73 mai
558 2039 218 73 1650.
703 2039 121 73 3
752 2039 170 73 gr.
849 2039 146 73 p.
922 2039 170 73 pl.
1019 2039 146 73 et
1092 2039 218 73 demie
1237 2039 218 73 in-4.
1383 2039 121 73 7
1407 2039 97 73 50

48 2084 176 68 525.
158 2084 330 68 Hortense
422 2084 440 68 Beauharnais,
796 2084 198 68 reine
928 2084 132 68 de
994 2084 286 68 Hollande.
1214 2084 132 68 L.
1280 2084 176 68 aut.
1368 2084 132 68 sig.

99 2132 147 62 H.,
183 2132 126 62 24
246 2132 188 62 avril
371 2132 188 62 1817.
497 2132 105 62 2
539 2132 126 62 p.
602 2132 188 62 petit
727 2132 209 62 in-12.
874 2132 272 62 Charmante
1083 2132 209 62 lettre
1230 2132 230 62 intime.
1397 2132 126 62 15
1439 2132 63 62 »

54 2172 152 70 526.
149 2172 362 70 Houdetot
454 2172 210 70 (Sophie
606 2172 114 70 du
664 2172 171 70 La
778 2172 152 70 Live
873 2172 114 70 de
930 2172 362 70 Bellegarde
1235 2172 229 70 comtesse
1388 2172 114 70 d’),

98 2223 171 64 amie
204 2223 128 64 de
268 2223 192 64 J.-J.
396 2223 277 64 Rousseau.
610 2223 128 64 L.
674 2223 171 64 aut.
780 2223 192 64 sig.,
909 2223 107 64 à
951 2223 299 64 Madame....
1186 2223 107 64 1
1229 2223 128 64 p.
1293 2223 149 64 pl.
1357 2223 149 64 petit

-20 2274 1385 58 in-18.
949 2274 693 58 5
1088 2274 416 58 »

53 2303 155 72 527.
149 2303 310 72 Huber
401 2303 252 72 (Michel),
594 2303 271 72 traducteur
807 2303 135 72 des
885 2303 194 72 œuvres
1020 2303 116 72 de
1078 2303 232 72 Gessner.
1252 2303 116 72 L.
1310 2303 155 72 aut.
1388 2303 116 72 sig.

101 2368 103 55 à
143 2368 186 55 M....
267 2368 248 55 Leipzig,
453 2368 124 55 19
514 2368 227 55 octobre
680 2368 186 55 1782.
804 2368 103 55 2
845 2368 145 55 gr.
928 2368 124 55 p.
990 2368 145 55 pl.
1072 2368 124 55 et
1134 2368 186 55 demie
1258 2368 186 55 in-4.
1361 2368 145 55 Jolie

58 2416 629 55 lettre
498 2416 944 55 littéraire.
1253 2416 315 55 6
1316 2416 189 55 »

53 2458 162 66 528.
154 2458 364 66 Huzard,
457 2458 323 66 vétérinaire,
719 2458 202 66 membre
861 2458 121 66 de
921 2458 303 66 l’Institut.
1164 2458 121 66 L.
1224 2458 162 66 aut.
1325 2458 182 66 sig.,
1426 2458 81 66 au

95 2513 410 54 ministre....
429 2513 256 54 Paris,
608 2513 154 54 23
685 2513 333 54 septembre
942 2513 231 54 1808.
1096 2513 128 54 1
1147 2513 154 54 p.
1224 2513 231 54 in-4.
1378 2513 128 54 1
1403 2513 103 54 50

54 2552 157 73 529.
153 2552 275 73 Jarente
368 2552 118 73 de
427 2552 118 73 La
486 2552 294 73 Bruyère
722 2552 353 73 (Louis-Sextius
1016 2552 157 73 de),
1114 2552 196 73 évêque
1232 2552 275 73 d’Or

107 2606 286 53 léans
343 2606 151 53 avant
444 2606 168 53 évêque
562 2606 101 53 de
612 2606 286 53 Digne
848 2606 101 53 L.
898 2606 135 53 aut.
982 2606 151 53 sig.,
1083 2606 101 53 au
1134 2606 202 53 cardinal
1285 2606 101 53 de
1319 2606 185 53 Bouillon.

97 2656 384 52 Versailles,
405 2656 154 52 25
482 2656 205 52 mars
610 2656 231 52 1750.
764 2656 128 52 2
815 2656 154 52 p.
892 2656 179 52 pl.
994 2656 154 52 et
1071 2656 231 52 demie
1225 2656 231 52 in-4.
1379 2656 128 52 8
1404 2656 103 52 50

56 2693 152 65 530.
151 2693 267 65 Jarente
361 2693 114 65 de
418 2693 114 65 La
475 2693 286 65 Bruyère
704 2693 381 65 (Louis-Sextius),
1028 2693 191 65 évêque
1142 2693 362 65 d'Orléans
