1679 2946
707 33 230 85 47
783 33 115 85 —

128 119 126 78 Sa
191 119 210 78 santé,
338 119 147 78 qui
422 119 231 78 devient
589 119 168 78 tous
694 119 147 78 les
778 119 189 78 jours
904 119 168 78 plus
1009 119 252 78 mavaise,
1197 119 126 78 ne
1260 119 147 78 lui
1323 119 168 78 permet

83 183 207 66 presque
234 183 150 66 plus
328 183 113 66 de
384 183 244 66 s’occuper
572 183 113 66 du
628 183 207 66 journal
779 183 169 66 le
892 183 207 66 Drapeuu
1023 183 226 66 blanc

37 222 149 59 554.
131 222 317 59 Lameth
391 222 485 59 (Charles-Malo-François
820 222 149 59 de),
913 222 186 59 député
1044 222 112 59 du
1081 222 410 59 Pas

82 282 108 51 à
126 282 325 51 l’Assemblée
385 282 368 51 constituante.
688 282 130 51 L.
753 282 130 51 a.
818 282 151 51 s.,
905 282 108 51 à
948 282 195 51 M....
1078 282 108 51 4
1121 282 130 51 p.
1186 282 151 51 pl.
1273 282 195 51 in-4.
1402 282 108 51 3
1424 282 65 51 »

38 316 155 80 555.
134 316 329 80 Lameth
405 316 271 80 (Alexandre
618 316 155 80 de),
715 316 194 80 député
850 316 116 80 de
908 316 116 80 la
967 316 310 80 Somme
1218 316 97 80 à
1237 316 252 80 l’Assemblée

82 382 373 54 constituante.
389 382 132 54 L.
455 382 176 54 aut.
565 382 198 54 sig.,
697 382 110 54 à
741 382 176 54 Mgr.
850 382 154 54 ...
938 382 220 54 Turin,
1092 382 132 54 25
1158 382 263 54 novembre
1333 382 154 54 1813.

58 415 239 80 3
154 415 287 80 p.
297 415 430 80 in-4.
584 415 430 80 Belle
870 415 525 80 lettre.
1252 415 239 80 3
1300 415 191 80 50

38 453 155 80 556.
134 453 290 80 Lami
367 453 252 80 (Eugène),
560 453 213 80 peintre
715 453 116 80 de
774 453 252 80 batailles
967 453 116 80 et
1025 453 116 80 de
1083 453 194 80 genre.
1219 453 116 80 L.
1277 453 155 80 aut.
1354 453 136 80 sig.,

55 510 256 56 à
157 510 307 56 M.
311 510 359 56 ...
516 510 256 56 1
618 510 307 56 p.
772 510 359 56 pl.
977 510 461 56 in-8.
1284 510 256 56 2
1335 510 154 56 »

36 540 169 97 557.
141 540 190 97 La
268 540 317 97 Momnoye
521 540 253 97 (Bernard
711 540 169 97 de),
817 540 338 97 littérateur,
1091 540 211 97 membre
1239 540 127 97 de
1281 540 211 97 l’Acadé

88 606 171 56 démie
202 606 265 56 française.
410 606 114 56 Né
467 606 95 56 à
505 606 322 56 Dijon
770 606 171 56 Pièce
884 606 152 56 aut.
978 606 95 56 2
1016 606 114 56 p.
1073 606 133 56 pl.
1149 606 171 56 petit
1263 606 171 56 in-4.
1357 606 133 56 Belle

88 654 264 64 écriture,
291 654 325 64 conservation
555 654 264 64 parfaite.
759 654 122 64 On
820 654 142 64 lit
901 654 122 64 en
962 654 183 64 tête,
1084 654 122 64 de
1145 654 122 64 la
1206 654 163 64 main
1308 654 122 64 de
1349 654 142 64 Huet,

85 709 223 79 évêque
241 709 335 79 d’Avranches
509 709 112 79 :
553 709 246 79 «Lettre
732 709 134 79 de
799 709 134 79 M.
866 709 134 79 de
933 709 134 79 La
1000 709 268 79 Monnoye,
1201 709 134 79 de
1268 709 223 79 Dijon,
1402 709 89 79 au

77 751 220 66 «P.
202 751 440 66 Thoullier,
548 751 409 66 jésuite.»
862 751 377 66 Novembre
1145 751 283 66 1710.
1334 751 189 66 40
1397 751 94 66 »

136 792 265 67 Recherches
344 792 132 67 sur
420 792 113 67 le
476 792 170 67 temps
590 792 189 67 auquel
722 792 340 67 Achille
1005 792 151 67 Tace
1100 792 94 67 a
1119 792 132 67 vécu.

43 832 143 80 558.
133 832 161 80 La
240 832 340 80 NÉusanchère
526 832 197 80 (Pierre
669 832 340 80 Mauclère
955 832 143 80 de),
1045 832 179 80 évêque
1170 832 107 80 de
1206 832 286 80 Nantes

90 891 109 55 Né
144 891 91 55 à
181 891 164 55 La
290 891 364 55 Musanchère,
600 891 200 55 diocèse
746 891 109 55 de
801 891 182 55 Luçon,
928 891 109 55 en
983 891 164 55 1700.
1092 891 109 55 L.
1147 891 146 55 aut.
1238 891 164 55 sig.,
1347 891 91 55 à
1384 891 109 55 M.
1420 891 73 55 le

86 944 313 59 chancelier
332 944 134 59 de
399 944 313 59 Lamoignon.
645 944 246 59 Nantes,
823 944 112 59 4
868 944 179 59 mars
980 944 201 59 1759.
1114 944 112 59 3
1159 944 134 59 p.
1226 944 201 59 in-4.
1338 944 156 59 Belle

4 984 1171 54 lettre.
855 984 745 54 410
1175 984 319 54 «

135 1033 206 67 Lettre
279 1033 329 67 intéressante
547 1033 123 67 au
609 1033 185 67 sujet
732 1033 123 67 de
794 1033 267 67 l’affaire
999 1033 123 67 du
1061 1033 267 67 supérieur
1267 1033 144 67 des
1328 1033 165 67 jésui-

88 1082 153 63 tes
176 1082 131 63 de
241 1082 241 63 Nantes,
417 1082 219 63 accusé
570 1082 131 63 du
636 1082 197 63 crime
767 1082 131 63 de
833 1082 329 63 propagation
1096 1082 131 63 de
1161 1082 263 63 quelques
1337 1082 153 63 ques-

89 1135 207 52 tions
227 1135 138 52 de
296 1135 230 52 morale
457 1135 138 52 du
526 1135 184 52 père
618 1135 322 52 Buzembaluem.

40 1172 157 77 459.
139 1172 275 77 Languet
354 1172 118 77 de
413 1172 255 77 Gergy
610 1172 157 77 curé
708 1172 118 77 de
767 1172 353 77 Saint-Sulpice,
1061 1172 118 77 né
1120 1172 98 77 à
1159 1172 334 77 Dijon
1414 1172 79 77 Il

88 1222 210 65 ouvrit
235 1222 147 65 une
319 1222 189 65 quête
445 1222 168 65 pour
549 1222 126 65 la
612 1222 336 65 construction
885 1222 126 65 de
948 1222 126 65 la
1011 1222 189 65 belle
1137 1222 210 65 église
1283 1222 126 65 de
1325 1222 168 65 Paris,

92 1263 140 68 qui
172 1263 140 68 fut
252 1263 261 68 commencée
453 1263 120 68 en
513 1263 180 68 1718.
633 1263 261 68 Fondateur
834 1263 120 68 de
894 1263 120 68 la
954 1263 200 68 maison
1094 1263 120 68 de
1134 1263 361 68 l'Enfant

91 1311 330 58 Jésus
363 1311 117 58 L.
421 1311 155 58 aut.
518 1311 175 58 sig.,
635 1311 97 58 à
674 1311 117 58 M.
732 1311 136 58 ...
810 1311 194 58 Paris,
946 1311 97 58 6
985 1311 155 58 juin
1082 1311 175 58 1726.
1198 1311 97 58 1
1237 1311 117 58 p.
1296 1311 175 58 in-4.
1412 1311 97 58 3
1432 1311 58 58 »

43 1346 153 89 560.
138 1346 267 89 Languet
348 1346 114 89 de
405 1346 286 89 ésergy,
634 1346 153 89 curé
730 1346 114 89 de
787 1346 343 89 Saint-Sulpice.
1073 1346 114 89 Né
1130 1346 95 89 à
1169 1346 324 89 Dijon
1417 1346 76 89 Il

89 1412 216 64 ouvrit
241 1412 151 64 une
327 1412 194 64 quête
457 1412 173 64 pour
564 1412 130 64 la
629 1412 194 64 belle
759 1412 216 64 église
910 1412 130 64 de
975 1412 194 64 Paris
1104 1412 151 64 qui
1191 1412 151 64 fut
1255 1412 238 64 commencée

93 1475 115 50 en
150 1475 172 50 1718.
265 1475 248 50 Fondateur
456 1475 115 50 de
513 1475 115 50 la
571 1475 191 50 maison
704 1475 115 50 de
762 1475 287 50 l'Enfant
972 1475 229 50 Jésus

136 1495 258 70 Discours
330 1495 258 70 prononcé
524 1495 151 70 par
610 1495 172 70 lui,
718 1495 237 70 lorsque
890 1495 129 70 M.
955 1495 129 70 le
1019 1495 258 70 cardinal
1213 1495 129 70 de
1256 1495 237 70 Noailles,

89 1557 328 60 archevêque
346 1557 141 60 de
417 1557 234 60 Paris,
580 1557 187 60 posa
698 1557 164 60 une
791 1557 281 60 première
1002 1557 234 60 pierre
1166 1557 117 60 à
1213 1557 281 60 l’Eglise
1400 1557 94 60 de

85 1602 460 67 Saint-Sulpice.
469 1602 128 67 2
520 1602 179 67 gr.
622 1602 153 67 p.
699 1602 179 67 pl.
801 1602 153 67 et
878 1602 230 67 demie
1031 1602 256 67 autog.
1210 1602 230 67 in-4.
1363 1602 153 67 20
1414 1602 77 67 »

43 1645 156 59 561.
141 1645 332 59 Lapito
414 1645 273 59 (Auguste),
629 1645 215 59 peintre
785 1645 117 59 de
843 1645 234 59 paysage.
1019 1645 117 59 L.
1077 1645 156 59 aut.
1175 1645 176 59 sig..
1292 1645 98 59 à
1331 1645 117 59 M.
1370 1645 117 59 ....

86 1699 247 56 Paris,
259 1699 173 56 1er
358 1699 197 56 juin
481 1699 222 56 1851.
629 1699 123 56 1
679 1699 148 56 p.
753 1699 222 56 in-8.
901 1699 222 56 Envoi
1049 1699 148 56 de
1123 1699 321 56 tableaux.
1370 1699 123 56 1
1394 1699 99 56 75

45 1732 155 71 562.
141 1732 174 71 La
257 1732 406 71 Rochefoucauld
605 1732 135 71 (le
683 1732 135 71 duc
760 1732 135 71 de)
838 1732 155 71 père
934 1732 116 71 de
992 1732 232 71 l’auteur
1166 1732 135 71 des
1224 1732 271 71 Muxi

91 1799 281 57 mes
316 1799 112 57 L.
372 1799 169 57 sig.,
485 1799 94 57 à
522 1799 131 57 MM.
597 1799 131 57 les
672 1799 225 57 échevins
840 1799 112 57 et
897 1799 243 57 habitants
1084 1799 112 57 de
1140 1799 112 57 la
1196 1799 169 57 ville
1309 1799 112 57 de
1346 1799 150 57 Saint-

89 1843 263 53 Maixant.
286 1843 285 53 Verteuil,
505 1843 131 53 10
571 1843 263 53 novembre
768 1843 197 53 1636.
900 1843 110 53 1
943 1843 131 53 p.
1009 1843 241 53 in-fol.
1184 1843 263 53 Cachets.
1381 1843 131 53 12
1425 1843 66 53 »

43 1887 187 65 563.
160 1887 211 65 La
300 1887 632 65 Rochefoucauld-Rayet
861 1887 351 65 (Fr.-Joseph
1142 1887 187 65 de),
1259 1887 234 65 évêque
1399 1887 94 65 de

91 1929 401 66 Beauvais;
432 1929 181 66 périt
552 1929 160 66 dans
653 1929 120 66 le
713 1929 241 66 massacre
893 1929 120 66 du
953 1929 100 66 2
994 1929 261 66 septembre
1194 1929 181 66 1792,
1314 1929 140 66 aux
1375 1929 120 66 Car-

90 1987 165 60 mes,
193 1987 103 60 à
235 1987 206 60 Paris.
379 1987 124 60 L.
441 1987 165 60 aut.
544 1987 185 60 sig.,
667 1987 103 60 à
708 1987 124 60 M.
770 1987 144 60 ...
852 1987 247 60 Boisles,
1038 1987 103 60 7
1079 1987 247 60 novembre
1264 1987 185 60 1784.
1388 1987 103 60 2
1409 1987 82 60 p.

59 2037 358 56 pl.
264 2037 461 56 in-4.
571 2037 870 56 Intéressante.
1287 2037 256 56 6
1338 2037 154 56 »

40 2082 185 60 564.
155 2082 208 60 La
294 2082 717 60 Rochefoucauld-Liancourt
941 2082 162 60 (le
1034 2082 162 60 duc
1126 2082 185 60 de),
1242 2082 231 60 député
1380 2082 116 60 aux

90 2128 382 53 Etats-Généraux
408 2128 127 53 de
472 2128 191 53 1789.
599 2128 170 53 Mort
705 2128 127 53 en
769 2128 191 53 1827.
897 2128 127 53 L.
960 2128 170 53 aut.
1066 2128 191 53 sig.,
1194 2128 106 53 à
1236 2128 127 53 M.
1300 2128 127 53 le
1342 2128 149 53 baron

85 2179 282 60 Louis.
282 2179 395 60 Liancourt,
592 2179 169 60 24
677 2179 225 60 août
818 2179 254 60 1819.
987 2179 141 60 1
1043 2179 169 60 p.
1128 2179 310 60 in-fol.
1353 2179 141 60 2
1381 2179 113 60 75

45 2216 157 55 565.
143 2216 176 55 La
261 2216 352 55 Rocheposay
554 2216 313 55 (Henri-Louis
809 2216 450 55 Chastaignier
1200 2216 157 55 de),
1298 2216 196 55 évêque
1416 2216 78 55 de

94 2272 378 60 Poitiers
415 2272 113 60 L.
472 2272 151 60 aut.
567 2272 170 60 sig.,
680 2272 95 60 à
718 2272 132 60 MM.
794 2272 132 60 les
869 2272 170 60 maire
983 2272 113 60 et
1039 2272 227 60 échevins
1209 2272 113 60 de
1266 2272 113 60 la
1323 2272 170 60 ville
1417 2272 76 60 de

90 2322 372 70 Saint-Maixent.
401 2322 269 70 Poitiers,
607 2322 124 70 21
670 2322 228 70 octobre
835 2322 186 70 1636.
959 2322 103 70 1
1001 2322 124 70 p.
1063 2322 228 70 in-fol.
1228 2322 228 70 Cachets
1373 2322 124 70 (Ta-

48 2364 503 57 ches
362 2364 1005 57 d’humidité).
1179 2364 314 57 7
1242 2364 251 57 50

45 2404 171 69 566.
151 2404 192 69 La
279 2404 171 69 Tour
386 2404 299 69 d’Auvergne
621 2404 384 69 Lauraguais
940 2404 213 69 (Ch.),
1090 2404 213 69 évêque
1218 2404 277 69 d’i>Ar

92 2461 280 62 ras
316 2461 112 62 L.
372 2461 112 62 a.
428 2461 131 62 s.,
503 2461 112 62 au
559 2461 280 62 ministre...
783 2461 187 62 Barly,
914 2461 112 62 25
970 2461 149 62 août
1063 2461 149 62 1812
1157 2461 93 62 1
1194 2461 112 62 p.
1250 2461 205 62 in-fol.
1400 2461 93 62 3
1418 2461 75 62 50

140 2508 121 61 Au
200 2508 182 61 sujet
321 2508 121 61 du
382 2508 282 61 traitement
604 2508 141 61 des
684 2508 222 61 prêtres
846 2508 121 61 et
906 2508 141 61 des
987 2508 242 61 vicaires
1168 2508 121 61 de
1229 2508 141 61 son
1289 2508 202 61 diocèse.

48 2545 143 63 567.
137 2545 321 63 Laureau
405 2545 232 63 (L’abbé),
583 2545 178 63 auteur
708 2545 160 63 d’une
815 2545 267 63 Histoire
1029 2545 160 63 avant
1136 2545 267 63 Clovis
1349 2545 107 63 L.
1385 2545 107 63 aut.

93 2606 200 81 sig.,
226 2606 111 81 à
271 2606 134 81 M.
338 2606 178 81 Nvon
449 2606 245 81 l’aîné.
627 2606 245 81 Rouvray
805 2606 200 81 (sans
939 2606 223 81 date).
1094 2606 111 81 2
1139 2606 134 81 p.
1206 2606 156 81 pl.
1295 2606 134 81 et
1339 2606 156 81 demie

44 2606 622 106 in-4.
459 2606 761 106 Rouvray
1012 2606 346 106 (
1150 2606 346 106 2
1219 2606 277 106 50

138 2699 312 69 Description
388 2699 333 69 intéressante
659 2699 187 69 d’une
784 2699 250 69 médaille
971 2699 125 69 de
1034 2699 208 69 Probus
1180 2699 187 69 qu’il
1284 2699 208 69 possède.
