1687 2875
735 60 193 89 —
812 60 231 89 48
889 60 116 89 —

144 139 147 78 568.
236 139 332 78 Lavater
512 139 350 78 (Jean-Gaspard),
807 139 221 78 ministre
973 139 276 78 protestant,
1194 139 184 78 auteur
1323 139 129 78 des
1378 139 221 78 Es

190 212 224 56 sais
353 212 530 56 physiognomoniques
822 212 204 56 Billet
965 212 163 56 aut.
1067 212 184 56 sig.,
1189 212 163 56 dans
1291 212 122 56 un
1332 212 265 56 encadrement

182 264 261 51 gravé.
365 264 287 51 Zurich,
574 264 131 51 5
626 264 183 51 mai
730 264 235 51 1789.
887 264 131 51 1
939 264 157 51 p.
1018 264 209 51 in-8
1148 264 157 51 en
1226 264 313 51 travers.
1461 264 131 51 6
1488 264 104 51 50

141 284 166 81 569.
245 284 374 81 Laverdy
556 284 602 81 (Clément-Charles-François
1096 284 166 81 de),
1200 284 291 81 contrôleur
1407 284 187 81 général

189 351 151 50 des
276 351 281 50 finanees.
492 351 130 50 Né
557 351 130 50 en
621 351 194 50 1723.
751 351 151 50 Mis
837 351 108 50 à
880 351 173 50 mort
988 351 130 50 en
1053 351 194 50 1793.
1183 351 130 50 1°
1248 351 130 50 L.
1312 351 173 50 aut.
1420 351 194 50 sig.,
1528 351 65 50 à

190 397 132 57 M.
256 397 132 57 de
322 397 285 57 Montigny,
541 397 285 57 intendant
760 397 154 57 des
848 397 285 57 finances.
1068 397 395 57 Fontainebleau,
1397 397 132 57 23
1440 397 154 57 octo-

188 443 154 52 bre
276 443 198 52 1769.
408 443 110 52 1
452 443 132 52 p.
518 443 198 52 in-4.
650 443 198 52 Envoi
782 443 132 52 du
848 443 242 52 mémoire
1024 443 154 52 qui
1112 443 198 52 suit,
1244 443 154 52 que
1332 443 154 52 lui
1420 443 110 52 a
1442 443 154 52 remis

186 492 130 62 M.
251 492 130 62 le
317 492 152 62 duc
403 492 130 62 de
468 492 282 62 Choiseul;
685 492 130 62 il
751 492 130 62 le
816 492 174 62 prie
924 492 130 62 de
989 492 130 62 le
1054 492 174 62 lire
1163 492 174 62 avec
1271 492 152 62 une
1358 492 217 62 grande
1488 492 109 62 at-

191 537 237 56 tention.
369 537 99 56 —
409 537 119 56 2°
468 537 178 56 du
587 537 316 56 Gouvernement
844 537 356 56 municipal
1140 537 119 56 18
1200 537 119 56 p.
1259 537 138 56 pl.
1338 537 119 56 et
1397 537 178 56 demie
1496 537 99 56 in-

155 580 427 64 fol.
422 580 374 64 Les
635 580 427 64 deux
902 580 587 64 pièces.
1329 580 267 64 7
1382 580 214 64 50

143 618 155 95 570.
239 618 174 95 La
356 618 329 95 Vrillière
626 618 135 95 (le
704 618 135 95 duc
781 618 155 95 de),
878 618 232 95 ministre
1052 618 116 95 de
1110 618 174 95 Louis
1226 618 155 95 XIV.
1323 618 116 95 L.
1381 618 155 95 aut.
1459 618 135 95 sig.,

186 685 126 57 à
236 685 151 57 M.
312 685 176 57 ...
412 685 252 57 Paris,
588 685 126 57 5
639 685 327 57 septembre
890 685 226 57 1686.
1041 685 126 57 2
1092 685 176 57 gr.
1192 685 151 57 p.
1268 685 277 57 in-fol.
1469 685 126 57 7
1494 685 101 57 50

143 729 159 71 571.
243 729 417 71 Lebaillif
600 729 258 71 chimiste.
799 729 119 71 L.
859 729 159 71 aut.
958 729 179 71 sig.,
1077 729 99 71 à
1117 729 179 71 M....
1236 729 119 71 30
1296 729 239 71 novembre
1455 729 139 71 1827.

147 776 315 67 4
273 776 440 67 gr.
525 776 377 67 p.
713 776 440 67 pl.
965 776 566 67 in-4.
1342 776 315 67 3
1405 776 189 67 »

235 820 238 58 Détails
408 820 346 58 intéressants
689 820 151 58 sur
776 820 130 58 le
841 820 195 58 baron
970 820 130 58 de
1035 820 195 58 Zach,
1165 820 195 58 doyen
1294 820 151 58 des-

191 875 145 55 mes
274 875 125 55 de
337 875 125 55 ce
399 875 208 55 temps,
544 875 187 55 etc.,
648 875 125 55 etc.

146 900 141 88 572.
235 900 318 88 Leblond
499 900 230 88 (l’abbé),
676 900 177 88 auteur
800 900 106 88 de
853 900 106 88 la
905 900 318 88 Description
1170 900 124 88 des
1241 900 194 88 pierres
1364 900 230 88 gravées

194 967 173 63 du
309 967 211 63 cabinet
463 967 115 63 du
520 967 134 63 duc
597 967 346 63 d’Orléans
885 967 115 63 L.
942 967 154 63 aut.
1038 967 173 63 sig.,
1154 967 115 63 au
1211 967 250 63 président
1403 967 115 63 du
1441 967 154 63 comité

191 1025 355 52 d’instruction
484 1025 251 52 publique
672 1025 125 52 de
734 1025 125 52 la
797 1025 313 52 Convention.
1048 1025 209 52 Paris,
1194 1025 125 52 27
1257 1025 167 52 août
1361 1025 188 52 1793.
1487 1025 104 52 1
1507 1025 84 52 p.

154 1064 420 58 pl.
394 1064 360 58 et
574 1064 540 58 demie
934 1064 540 58 in-4.
1294 1064 300 58 2
1354 1064 240 58 25

147 1104 133 73 573.
231 1104 266 73 Lecoz
447 1104 166 73 (Cl.),
563 1104 233 73 archevêque
746 1104 100 73 de
796 1104 333 73 Besançon
1079 1104 100 73 Né
1129 1104 83 73 à
1146 1104 449 73 Plennevèze

190 1163 454 61 (Basse-Bretagne).
580 1163 130 61 L.
645 1163 173 61 aut.
753 1163 195 61 sig.,
882 1163 108 61 à
926 1163 130 61 M.
991 1163 238 61 Noël...
1164 1163 281 61 Besançon,
1380 1163 130 61 13
1423 1163 173 61 novem-

170 1199 294 65 bre
338 1199 378 65 1809.
590 1199 210 65 3
674 1199 294 65 gr.
842 1199 252 65 p.
968 1199 294 65 pl.
1136 1199 378 65 in-4.
1388 1199 210 65 7
1430 1199 168 65 50

239 1244 129 57 Il
304 1244 129 57 se
369 1244 194 57 sent,
498 1244 215 57 hélas!
648 1244 172 57 bien
756 1244 280 57 incapable
971 1244 129 57 de
1036 1244 258 57 soutenir
1229 1244 129 57 la
1294 1244 194 57 bonne
1401 1244 194 57 opinion

192 1299 197 65 qu’on
324 1299 110 65 a
367 1299 131 65 de
433 1299 175 65 lui.
543 1299 153 65 «Je
630 1299 131 65 ne
696 1299 197 65 suis,
827 1299 285 65 Monsieur,
1046 1299 197 65 qu’un
1178 1299 219 65 pauvre
1309 1299 285 65 Bas

193 1362 149 51 «un
278 1362 213 51 enfant
427 1362 128 51 de
491 1362 447 51 QUIMPER-CORENTIN,
874 1362 128 51 de
938 1362 128 51 ce
1002 1362 170 51 pays
1108 1362 192 51 qu’on
1236 1362 234 51 faisait
1406 1362 170 51 tant
1492 1362 106 51 re-

192 1393 241 66 «douter
368 1393 132 66 au
433 1393 154 66 Bon
521 1393 132 66 La
587 1393 285 66 Fontaine,
806 1393 132 66 et
872 1393 132 66 où
938 1393 307 66 cependant,
1179 1393 175 66 plus
1289 1393 285 66 peut-être
1486 1393 110 66 que

192 1457 259 48 «partout
387 1457 281 48 ailleurs,
603 1457 130 48 il
667 1457 151 48 eût
754 1457 130 48 pu
819 1457 238 48 trouver
991 1457 151 48 des
1078 1457 302 48 caractères
1315 1457 281 48 analogues
1510 1457 86 48 au

189 1495 243 63 «sien,
359 1495 146 63 et
432 1495 146 63 de
504 1495 291 63 sincères
723 1495 364 63 admirateurs
1014 1495 146 63 de
1087 1495 170 63 son
1184 1495 267 63 aimable
1354 1495 243 63 origina-

194 1539 204 62 «lité,
337 1539 184 62 etc.,
439 1539 143 62 etc.»

142 1581 174 75 574.
251 1581 305 75 Lefrane
490 1581 131 75 de
556 1581 370 75 Pompignan
860 1581 218 75 (Jean-
1013 1581 283 75 Georges),
1230 1581 218 75 évêque
1361 1581 239 75 du

194 1632 310 55 Puy
442 1632 124 55 L.
504 1632 165 55 aut.
607 1632 186 55 sig.,
731 1632 103 55 à
773 1632 124 55 M.
835 1632 124 55 de
897 1632 351 55 Saint-Julien.
1186 1632 124 55 Au
1248 1632 165 55 Puy,
1351 1632 124 55 16
1392 1632 207 55 décembre

147 1682 593 59 4774.
543 1682 330 59 1
674 1682 395 59 p.
872 1682 593 59 in-4.
1267 1682 330 59 2
1333 1682 264 59 50

147 1724 159 84 575.
247 1724 378 84 Legouvé,
565 1724 318 84 littérateur,
823 1724 199 84 poëte,
963 1724 199 84 membre
1102 1724 119 84 de
1161 1724 298 84 l’Institut,
1400 1724 199 84 auteur
1519 1724 80 84 du

193 1778 261 67 Mérite
394 1778 140 67 des
474 1778 301 67 Femmes
714 1778 120 67 L.
775 1778 160 67 aut.
875 1778 181 67 sig.,
995 1778 100 67 à
1035 1778 120 67 M.
1096 1778 261 67 Renouard,
1296 1778 120 67 ce
1356 1778 120 67 19
1416 1778 120 67 au
1457 1778 140 67 soir.

140 1824 364 55 2
286 1824 437 55 p.
505 1824 510 55 pl.
796 1824 656 55 in-4.
1234 1824 364 55 7
1306 1824 292 55 50

148 1852 151 84 576.
242 1852 170 84 Le
356 1852 283 84 iercier
582 1852 283 84 (J.-L.-S.),
808 1852 189 84 évêque
940 1852 113 84 de
997 1852 377 84 Beauvais
1317 1852 189 84 ancien
1449 1852 151 84 curé
1525 1852 75 84 de

194 1913 469 57 Sainte-Marguerite,
599 1913 107 57 à
642 1913 213 57 Paris.
791 1913 128 57 L.
855 1913 171 57 aut.
962 1913 192 57 sig.,
1090 1913 107 57 à
1133 1913 128 57 M.
1197 1913 341 57 Heuqueville.
1453 1913 149 57 Beau-

163 1965 446 48 vais,
461 1965 297 48 19
610 1965 595 48 novembre
1056 1965 446 48 1837.
1353 1965 248 48 2
1403 1965 198 48 50

148 2003 151 87 577.
242 2003 340 87 Lesquen
526 2003 208 87 (Cl.-L.
676 2003 151 87 de),
771 2003 189 87 évêque
903 2003 113 87 de
959 2003 377 87 Beauvais
1280 2003 189 87 depuis
1412 2003 189 87 évêque
1526 2003 75 87 de

195 2062 362 54 Rennes
496 2062 121 54 L.
556 2062 161 54 aut.
657 2062 181 54 sig.,
777 2062 181 54 comme
898 2062 201 54 évêque
1039 2062 121 54 de
1099 2062 261 54 Beauvais,
1300 2062 100 54 à
1340 2062 181 54 M....
1440 2062 161 54 Paris,

171 2113 260 69 24
301 2113 737 69 septembre....
908 2113 217 69 1
995 2113 260 69 p.
1125 2113 390 69 in-4.
1385 2113 217 69 2
1429 2113 174 69 25

445 2216 340 103 SOUS-PRESSE,
732 2216 143 103 POUR
821 2216 215 103 PARAITRE
965 2216 340 103 PROCHAINEMENT:

148 2304 430 60 Correspondance
516 2304 123 60 de
577 2304 225 60 Boileau
741 2304 123 60 et
803 2304 368 60 Brossette,
1110 2304 164 60 avec
1212 2304 143 60 les
1294 2304 205 60 œuvres
1417 2304 184 60 supplé-

188 2351 268 61 mentaires.
398 2351 134 61 1re
475 2351 210 61 édition
627 2351 248 61 complète,
819 2351 115 61 en
876 2351 191 61 partie
1010 2351 229 61 inédite,
1182 2351 210 61 publiée
1334 2351 134 61 sur
1411 2351 134 61 les
1468 2351 134 61 manu-

190 2400 191 62 scrits
323 2400 267 62 originaux,
533 2400 134 62 par
610 2400 114 62 A.
667 2400 248 62 LAVERDET.
858 2400 95 62 —
896 2400 114 62 Un
953 2400 191 62 volume
1087 2400 172 62 in-8,
1201 2400 210 62 enrichi
1354 2400 114 62 de
1392 2400 210 62 plusieurs

171 2446 242 68 fac

190 2546 167 63 N.
302 2546 167 63 B
413 2546 112 63 M.
469 2546 223 63 LAVERDET
636 2546 130 63 est
711 2546 149 63 chez
804 2546 130 63 lui
878 2546 112 63 de
934 2546 93 63 1
971 2546 167 63 heure
1083 2546 93 63 à
1120 2546 112 63 4,
1176 2546 130 63 les
1250 2546 242 63 dimanches
1436 2546 112 63 et
1473 2546 130 63 fêtes

150 2595 241 54 exceptés,
336 2595 111 54 et
392 2595 111 54 du
447 2595 111 54 15
503 2595 167 54 avril
614 2595 111 54 au
670 2595 111 54 15
725 2595 223 54 octobre,
892 2595 130 54 les
967 2595 241 54 mercrédis
1152 2595 111 54 et
1208 2595 204 54 samedis
1337 2595 223 54 seulement.

298 2730 193 76 Paris.
433 2730 97 76 —
472 2730 290 76 Typographie
703 2730 116 76 de
761 2730 213 76 Gaittet
916 2730 116 76 et
974 2730 155 76 Cie,
1071 2730 135 76 rue
1148 2730 309 76 Git-le-Cœur,
1380 2730 77 76 7.
