2550 3299
142 360 361 86 10.
349 360 413 86 SALA
607 360 465 86 DELLA
865 360 568 86 SVIZZERA.

166 479 403 63 —ommissaro
483 479 144 63 :
540 479 201 63 Dr.
655 479 173 63 F.
713 479 230 63 VITAL.

137 686 561 85 MOSTRA
473 686 729 85 INDIVIDUALE

154 828 239 79 DI
274 828 638 79 FERDINAND
792 828 558 79 HODLER
1230 828 199 79 T
1270 828 558 79 (1853

112 985 404 93 PITTURE.

208 1159 143 85 1.
280 1159 214 85 Il
422 1159 356 85 Samaritano
707 1159 356 85 pietoso
968 1159 214 85 (1875).

268 1243 251 81 (app.
436 1243 223 81 alla
575 1243 391 81 Fondazione
882 1243 335 81 Goffredo
1134 1243 279 81 Keller
1329 1243 140 81 -
1385 1243 335 81 Galleria
1609 1243 223 81 d’Arte

269 1321 177 91 di
329 1321 295 91 Zurigo).

204 1408 127 70 2
254 1408 229 70 Il
407 1408 305 70 lettore-
636 1408 356 70 Madrid
891 1408 229 70 (1879).

206 1489 131 67 3
258 1489 419 67 Contadino
598 1489 497 67 meditabondo
991 1489 235 67 (1882).

202 1568 134 85 4
256 1568 241 85 La
416 1568 428 85 Jonction
737 1568 241 85 (1882).

213 1650 116 84 5
259 1650 464 84 L’operaio
630 1650 209 84 (1884).

208 1728 110 84 6
252 1728 198 84 Il
384 1728 242 84 lettore
538 1728 286 84 (1885).

211 1809 176 92 7
321 1809 132 92 Il
387 1809 352 92 filosofo
651 1809 198 92 (1886).

203 1897 135 68 8
257 1897 244 68 La
420 1897 298 68 valanga
636 1897 135 68 -
690 1897 352 68 Paesaggio
961 1897 460 68 invernale
1313 1897 244 68 (1887).

268 1978 259 81 (app.
441 1978 230 81 alla
584 1978 517 81 Confederazione
1015 1978 144 81 -
1073 1978 345 81 Galleria
1331 1978 287 81 d’Arte
1504 1978 316 81 Soletta).

207 2057 124 91 9
257 2057 198 91 I
380 2057 346 91 castagn
628 2057 222 91 (1889).

186 2136 150 86 10
261 2136 225 86 La
411 2136 225 86 donna
561 2136 175 86 col
661 2136 325 86 fiore
885 2136 225 86 (1889).

189 2218 137 91 11
258 2218 525 91 Autoritratto
692 2218 206 91 (1891).

270 2302 269 80 (app.
449 2302 239 80 alla
599 2302 418 80 Fondazione
927 2302 179 80 G.
1017 2302 299 80 Keller
1226 2302 149 80 -
1285 2302 269 80 Museo
1465 2302 299 80 d’Arte
1674 2302 149 80 e
1704 2302 119 80 di

270 2385 289 67 Storia
473 2385 174 67 di
531 2385 289 67 Ginevra.

189 2465 153 85 12
265 2465 281 85 Alla
469 2465 434 85 'Jonction
801 2465 230 85 (1892).

188 2544 150 84 13
263 2544 326 84 Studio
514 2544 175 84 per
614 2544 150 84 il
689 2544 125 84 l
739 2544 451 84 Predilettol
1090 2544 226 84 (1893).

190 2624 147 77 14
264 2624 319 77 Studio
509 2624 172 77 per
608 2624 147 77 il
681 2624 123 77 l
730 2624 466 77 Predilettol
1098 2624 221 77 (1893).

192 2706 150 68 15
267 2706 324 68 Studio
516 2706 175 68 per
616 2706 150 68 il
691 2706 125 68 à
741 2706 449 68 Prediletto
1090 2706 225 68 (1894).

192 2786 145 73 16
264 2786 313 73 Studio
505 2786 169 73 per
601 2786 145 73 il
674 2786 120 73 à
722 2786 458 73 Prediletton
1083 2786 217 73 (1894).

267 2865 516 81 (appartengono
692 2865 243 81 alla
843 2865 425 81 Fondazione
1177 2865 182 81 G.
1269 2865 304 81 Keller
1481 2865 152 81 -
1511 2865 304 81 Galleria

268 2953 315 83 d’Arte
488 2953 189 83 di
551 2953 283 83 Zungo).

1618 3119 341 52 UNIVERSITY
1886 3119 146 52 OF
1934 3119 244 52 MICHIGAN
