2550 3299
602 323 316 80 3.
760 323 526 80 SALONE
1076 323 579 80 CENTRALE.

617 497 526 83 Decorazione
1038 497 456 83 pittorica
1388 497 210 83 di
1493 497 386 83 GALILEO
1739 497 280 83 CHINI.

750 640 277 61 L’artista
963 640 128 61 al
1027 640 192 61 quale
1154 640 128 61 fu
1218 640 256 61 affidato
1410 640 298 61 l'incarico
1644 640 128 61 di
1708 640 213 61 ornare
1857 640 213 61 questa
2006 640 170 61 Sala
2091 640 192 61 massima

628 698 213 66 della
770 698 260 66 Mostta,
959 698 142 66 s’
1030 698 284 66 inspirô,
1243 698 213 66 nella
1385 698 331 66 concezione
1645 698 165 66 del
1739 698 165 66 suo
1834 698 260 66 lavoro,
2023 698 142 66 al
2070 698 213 66 ricordo

630 763 184 58 vivo
745 763 115 58 e
791 763 275 58 vibrante
997 763 161 58 del
1089 763 252 58 recente
1272 763 252 58 periodo
1456 763 321 58 guerresco,
1708 763 138 58 in
1777 763 161 58 cui
1869 763 298 58 l'eroismo
2076 763 206 58 italico

629 817 251 68 rifulse
812 817 297 68 magnifico
1040 817 160 68 sul
1132 817 228 68 suolo,
1292 817 206 68 sulle
1429 817 206 68 acque
1566 817 114 68 e
1612 817 160 68 nel
1703 817 206 68 cielo
1840 817 206 68 della
1954 817 206 68 Patria.

749 880 172 60 Egli
857 880 194 60 volle
986 880 172 60 cosi
1094 880 259 60 esaltare
1288 880 108 60 e
1331 880 237 60 fissare
1503 880 129 60 in
1568 880 129 60 un
1633 880 323 60 espressione
1891 880 280 60 pittorica
2107 880 108 60 —
2128 880 151 60 armo-

628 938 271 59 nizzante
832 938 158 59 col
922 938 294 59 carattere
1148 938 181 59 dell
1262 938 271 59 ambiente
1465 938 113 59 e
1510 938 158 59 con
1601 938 271 59 l’indole
1804 938 204 59 delle
1940 938 204 59 opere
2053 938 226 59 accolte-

629 1002 132 59 il
695 1002 198 59 genio
827 1002 198 59 delle
959 1002 198 59 forze
1091 1002 352 59 combattenti,
1377 1002 264 59 distinte
1574 1002 176 59 nell
1684 1002 242 59 azione,
1860 1002 132 59 ma
1926 1002 242 59 insieme
2080 1002 198 59 strette

633 1059 110 58 e
677 1059 241 58 confuse
852 1059 153 58 nel
940 1059 307 58 sacrificio
1181 1059 110 58 e
1225 1059 197 58 nella
1334 1059 241 58 vittoria.

752 1114 107 60 I
794 1114 215 60 cinque
945 1114 279 60 pannelli,
1160 1114 150 60 nei
1246 1114 193 60 quali
1375 1114 129 60 la
1439 1114 322 60 decorazione
1697 1114 107 60 e
1740 1114 301 60 suddivisa,
1955 1114 322 60 rappresentano

627 1177 235 62 quindi
768 1177 400 62 sinteticamente:

758 1233 126 61 1.
821 1233 189 61 La
947 1233 379 61 glorificazione
1263 1233 400 61 dell’Artigliere
1600 1233 105 61 e
1642 1233 316 61 dell’Ardito
1873 1233 400 61 lanciafiamme

748 1297 126 61 2.
811 1297 147 61 La
895 1297 378 61 glorificazione
1209 1297 147 61 del
1272 1297 336 61 Nocchiero

751 1351 123 61 3.
812 1351 123 61 La
873 1351 369 61 glorificazione
1181 1351 184 61 dell’
1283 1351 307 61 Aviatore

750 1410 128 75 A.
814 1410 128 75 La
878 1410 384 75 glorificazione
1197 1410 149 75 del
1261 1410 256 75 Fante

754 1471 128 61 5.
818 1471 128 61 La
882 1471 384 61 glorificazione
1201 1471 149 61 del
1265 1471 320 61 Lanciere

600 1649 549 83 MOSTRA
929 1649 714 83 INDIVIDUALE

1268 1786 213 84 DI
1374 1786 461 84 PLINIO
1693 1786 568 84 NOMELLINI.

574 1962 384 82 PITTURE.

743 2089 92 75 1
779 2089 275 75 Viltorio
981 2089 238 75 Venelo

731 2177 100 66 2
771 2177 180 66 Le
891 2177 160 66 navi
991 2177 120 66 di
1032 2177 260 66 Ulisse

729 2257 113 85 3
775 2257 203 85 Il
910 2257 225 85 Maggio
1068 2257 158 85 del
1135 2257 248 85 1915

734 2337 82 74 4
766 2337 98 74 L’
799 2337 312 74 invasione

728 2418 116 75 5
774 2418 208 75 Il
913 2418 278 75 funerale
1121 2418 139 75 di
1191 2418 208 75 Brano
1307 2418 370 75 Garibald.

728 2498 103 79 6
769 2498 226 79 <çAlle
933 2498 185 79 Porte
1056 2498 123 79 d’
1097 2498 267 79 Italia.

726 2584 109 68 7
770 2584 263 68 Ritorno
967 2584 175 68 alla
1054 2584 285 68 Patria

726 2665 133 67 8
780 2665 425 67 Garibaldi
1125 2665 133 67 a
1178 2665 266 67 Napoli
1364 2665 186 67 nel
1444 2665 186 67 1860.

739 2745 72 68 9
753 2745 216 68 Madre.

741 2825 80 66 10
767 2825 213 66 Aurora

741 2897 93 84 11
787 2897 124 84 I
864 2897 155 84 peschi
957 2897 217 84 fioriti.

1360 3030 142 55 18

1619 3117 340 55 UNIVERSITY
1886 3117 146 55 OF
1935 3117 243 55 MICHIGAN
