2550 3299
1320 242 329 58 HODLER.

690 353 151 68 17
765 353 427 68 Cantoniere
1117 353 176 68 sul
1217 353 351 68 Salève
1468 353 226 68 (1894).

694 432 137 75 18
763 432 205 75 Il
899 432 297 75 guerriero
1128 432 319 75 ferito
1356 432 205 75 (1896).

773 513 443 83 (appartiene
1128 513 236 83 alla
1275 513 531 83 Confederazione
1718 513 148 83 -
1777 513 354 83 Galleria
2043 513 295 83 d'Arte
2220 513 118 83 di

739 594 305 91 Zurgo).

688 680 159 84 19
768 680 398 84 Ritralto
1087 680 239 84 della
1246 680 345 84 Signorina
1511 680 239 84 W
1644 680 239 84 (1896).

776 761 265 79 (app.
952 761 236 79 alla
1100 761 413 79 Fondazione
1424 761 177 79 G.
1513 761 295 79 Keller
1719 761 147 79 -
1778 761 354 79 Galleria
2043 761 295 79 d’Arte
2220 761 118 79 di

749 841 294 84 Zurigo).

683 922 162 82 20
764 922 404 82 Ritratto
1087 922 162 82 di
1168 922 162 82 l.
1249 922 162 82 V.
1330 922 404 82 Widmann
1626 922 243 82 (1898).

684 1001 151 76 21
759 1001 227 76 Il
911 1001 252 76 Salève
1087 1001 151 76 in
1163 1001 378 76 autunno
1440 1001 227 76 (1903).

682 1081 153 76 22
758 1081 280 76 Lago
962 1081 153 76 di
1038 1081 382 76 Ginevra
1318 1081 229 76 (1908).

684 1170 148 82 23
758 1170 221 82 La
906 1170 369 82 morente
1177 1170 221 82 (1909).

684 1250 141 92 24
755 1250 212 92 Il
897 1250 448 92 taglialegna
1250 1250 212 92 (1910).

777 1325 273 72 (app.
959 1325 243 72 alla
1110 1325 546 72 Confederazione
1565 1325 152 72 -
1626 1325 273 72 Museo
1808 1325 303 72 d’Arte
2020 1325 182 72 di
2081 1325 273 72 Berna).

683 1395 142 89 25
754 1395 425 89 Ialiana
1085 1395 212 89 (1910).

681 1480 154 88 26
758 1480 231 88 La
912 1480 410 88 Jungfrau
1220 1480 205 88 (1911)

684 1562 160 82 27
764 1562 240 82 La
924 1562 240 82 valle
1084 1562 186 82 del
1190 1562 373 82 Rodano
1456 1562 240 82 (1912).

683 1641 154 83 28
760 1641 231 83 Il
915 1641 411 83 Weisshom
1223 1641 231 83 (1912).

682 1728 156 69 29
760 1728 389 69 Ritratto
1071 1728 182 69 del
1175 1728 207 69 Sig.
1304 1728 415 69 Morhardt
1616 1728 233 69 (1912).

688 1809 134 67 30
755 1809 357 67 Testa
1045 1809 134 67 di
1112 1809 290 67 donna
1313 1809 201 67 (1912).

774 1889 300 80 (app.
974 1889 267 80 alla
1141 1889 601 80 Confederazione
1641 1889 300 80 Museo
1841 1889 334 80 d’Arte
2075 1889 200 80 di
2142 1889 200 80 Win

755 1969 287 82 terthur).

684 2050 148 74 31
758 2050 222 74 Il
906 2050 444 74 Wetterhorn
1252 2050 222 74 (1913).

684 2129 148 92 32
758 2129 444 92 Umanità
1104 2129 222 92 (1914).

685 2217 143 77 33
757 2217 333 77 Sguardo
1018 2217 214 77 nell’
1161 2217 380 77 infinito
1446 2217 214 77 (1915).

686 2296 148 69 34
760 2296 371 69 Ruscello
1057 2296 148 69 di
1131 2296 321 69 Neris
1354 2296 222 69 (1915).

684 2377 154 84 35
864 2377 231 84 Dents
1017 2377 154 84 du
1094 2377 205 84 midi
1222 2377 231 84 l
1350 2377 231 84 (1915).

687 2457 145 84 36
759 2457 217 84 La
904 2457 362 84 cascata
1169 2457 217 84 (1916).

684 2538 145 82 37
756 2538 314 82 Gesta
998 2538 145 82 di
1070 2538 434 82 giovinetta
1408 2538 217 82 (1916).

683 2618 158 74 38
762 2618 237 74 Il
919 2618 210 74 lago
1051 2618 131 74 e
1103 2618 158 74 il
1182 2618 237 74 Monte
1340 2618 368 74 Bianco
1602 2618 237 74 (1916).

682 2698 164 73 39
764 2698 328 73 Primo
1009 2698 300 73 cartone
1228 2698 246 73 della
1392 2698 355 73 battaglia
1665 2698 164 73 di
1747 2698 355 73 Morat
1992 2698 246 73 (1917).

777 2776 451 77 (appartiene
1138 2776 240 77 alla
1288 2776 541 77 Confederazione
1739 2776 150 77 -
1799 2776 271 77 Museo
1979 2776 301 77 d’Arte
2190 2776 150 77 e
2220 2776 120 77 di

781 2858 285 82 Storia
980 2858 171 82 di
1037 2858 313 82 Ginevra).

687 2936 154 69 40
764 2936 232 69 Il
919 2936 232 69 Monte
1073 2936 360 69 Bianco
1330 2936 232 69 (1918).

494 3060 380 121 GUτgIe

1413 3065 152 58 40

1619 3119 339 51 UNIVERSITY
1885 3119 145 51 OF
1934 3119 242 51 MICHIGAN
