2550 3299
184 369 288 83 1.
280 369 577 83 VESTIBOLO.

203 537 278 83 A
377 537 555 83 sinistra
828 537 174 83 :
897 537 521 83 SEGRETERIA,
1279 537 590 83 AMMINISTRAZIONE

196 654 219 71 E
284 654 482 71 UFFICIO
635 654 395 71 DELLE
854 654 438 71 VENDITE.

223 858 245 65 Mobilio
401 858 200 65 della
534 858 178 65 Casa
645 858 222 65 Franco
801 858 289 65 Spicciani
1023 858 111 65 e
1068 858 200 65 figli
1201 858 133 65 di
1268 858 222 65 Lucca,
1423 858 267 65 eseguito
1623 858 133 65 su
1668 858 200 65 disegni

221 929 141 76 di
292 929 212 76 Carlo
410 929 283 76 Spicciani.

200 1168 315 85 2.
357 1168 419 85 SALA
619 1168 472 85 DELLA
881 1168 472 85 CUPOLA.

215 1336 218 68 LE
324 1336 400 68 VICENDE
578 1336 436 68 DELL’ARTE.

453 1450 542 87 Decorazione
887 1450 434 87 pittonca
1212 1450 217 87 di
1321 1450 398 87 GALILEO
1574 1450 289 87 CHINI.

341 1600 153 54 Gli
428 1600 175 54 otto
538 1600 196 54 campi
669 1600 196 54 della
800 1600 218 54 Cupola
952 1600 175 54 sono
1061 1600 196 54 stati
1192 1600 196 54 dall’
1323 1600 240 54 artista
1498 1600 284 54 ripartiti
1716 1600 131 54 in
1760 1600 109 54 tre

234 1672 210 60 zone.
374 1672 140 60 La
444 1672 304 60 superiore
678 1672 117 60 è
725 1672 304 60 puramente
958 1672 374 60 ornamentale;
1262 1672 140 60 I’
1332 1672 304 60 inferiore
1566 1672 140 60 s’
1636 1672 257 60 inspira
1800 1672 70 60 a

237 1760 223 52 motivi
393 1760 223 52 tratti
550 1760 201 52 dallo
684 1760 291 52 scarabèo,
907 1760 246 52 simbolo
1086 1760 134 52 di
1153 1760 268 52 bellezza
1354 1760 112 52 e
1399 1760 291 52 talismano
1622 1760 134 52 di
1667 1760 201 52 salute,

234 1833 122 59 e
282 1833 195 59 reca
404 1833 171 59 nel
502 1833 244 59 mezzo,
672 1833 122 59 a
721 1833 219 59 guisa
867 1833 146 59 di
941 1833 268 59 pendulo
1136 1833 293 59 tappeto,
1355 1833 146 59 un
1428 1833 293 59 pannello
1623 1833 244 59 rammemo-

233 1890 199 67 rante
366 1890 133 67 la
432 1890 265 67 leggenda
631 1890 199 67 greca
764 1890 199 67 degli
897 1890 243 67 uccelli
1074 1890 155 67 che
1162 1890 243 67 beccano
1339 1890 133 67 l'
1405 1890 155 67 uva
1494 1890 265 67 dipinta.
1693 1890 133 67 La
1737 1890 133 67 zona

232 1969 284 60 centrale
446 1969 355 60 rappresenta
730 1969 118 60 i
777 1969 237 60 perodi
943 1969 166 60 più
1038 1969 261 60 solenni
1227 1969 213 60 della
1369 1969 261 60 civiltà
1559 1969 118 60 e
1606 1969 190 60 dell
1701 1969 166 60 arte.

232 2036 149 56 I.
307 2036 149 56 Le
381 2036 298 56 Origini.
604 2036 124 56 —
654 2036 149 56 Le
728 2036 199 56 Arti
853 2036 347 56 primitive.
1126 2036 124 56 —
1175 2036 199 56 III.
1299 2036 248 56 Grecia
1473 2036 124 56 e
1523 2036 372 56 Italia
1796 2036 74 56 —

234 2109 255 63 IV.
413 2109 204 63 Arte
541 2109 357 63 Bizantina.
821 2109 128 63 —
872 2109 153 63 V.
949 2109 179 63 Dal
1051 2109 230 63 Medio
1204 2109 179 63 Éoo
1306 2109 153 63 al
1382 2109 536 63 Rinascimento

243 2185 158 66 Vl.
334 2185 384 66 Michelangelo.
650 2185 113 66 -
695 2185 181 66 VII.
808 2185 135 66 L’
876 2185 248 66 mpero
1056 2185 158 66 del
1147 2185 271 66 Barocco.
1350 2185 113 66 -
1395 2185 203 66 VIII.
1530 2185 135 66 La
1575 2185 294 66 Cioiltà

238 2273 172 53 nuova

340 2337 139 62 La
409 2337 348 62 decorazione
688 2337 209 62 delle
827 2337 232 62 pareti
989 2337 116 62 e
1036 2337 186 62 pure
1152 2337 209 62 opera
1291 2337 162 62 del
1384 2337 232 62 Chini.
1546 2337 139 62 Il
1593 2337 278 62 lucernario

240 2419 113 58 à
286 2419 203 58 vetri
421 2419 271 58 smaltati
625 2419 113 58 a
670 2419 226 58 fuoco,
828 2419 136 58 fu
896 2419 271 58 eseguito
1099 2419 226 58 dalle:
1258 2419 316 58 Fornaci
1506 2419 136 58 S.
1552 2419 316 58 Lorenzo

240 2482 226 66 Borgo
391 2482 176 66 San
491 2482 301 66 Lorenzo,
717 2482 276 66 Mugello
918 2482 352 66 (Firenze),
1194 2482 151 66 di
1269 2482 176 66 cui
1370 2482 326 66 direttore
1621 2482 276 66 tecnico
1797 2482 75 66 à

242 2556 206 64 Chino
380 2556 206 64 Chini
517 2556 115 64 e
563 2556 298 64 direttore
793 2556 298 64 artistico
1022 2556 252 64 Galileo
1183 2556 184 64 Chini.

805 3081 301 75 —
865 3081 241 75 17

1619 3107 339 65 UNIVERSITY
1885 3107 145 65 OF
1934 3107 242 65 MICHIGAN
