1162 2168
553 0 42 66 —
569 0 42 66 5
578 0 25 66 —

24 60 134 62 23815
114 60 149 62 JUAREZ
218 60 194 62 (Benito),
367 60 194 62 président
516 60 149 62 actuel
620 60 89 62 de
665 60 104 62 la,
725 60 209 62 République
888 60 209 62 mexicaine,
1037 60 75 62 qui

132 104 142 38 détrôna
235 104 181 38 l’empereur
377 104 194 38 Maximilien.
532 104 116 38 L.
610 104 129 38 s.
700 104 77 38 au
739 104 155 38 ministre
855 104 90 38 des
906 104 168 38 relations
1023 104 90 38 inté-

132 144 130 49 rieures;
229 144 54 49 5
251 144 86 49 janv
305 144 97 49 1857,
370 144 76 49 1/2
413 144 65 49 p.
446 144 97 49 in-4.
510 144 173 49 Rare
651 144 65 49 18
673 144 32 49 »

126 156 128 60 23816
211 156 184 60 LABOULAYE
353 156 199 60 (Édouard),
509 156 156 60 célèbre
623 156 199 60 publiciste
779 156 85 60 et
821 156 184 60 écrivain,
963 156 142 60 membre
1048 156 57 60 de

124 212 161 56 l’Institut.
253 212 97 56 L.
318 212 64 56 a.
350 212 118 56 s.
436 212 64 56 23
468 212 86 56 mars
522 212 97 56 1854,
586 212 54 56 2
608 212 64 56 p.
640 212 97 56 in-8.
704 212 54 56 2
715 212 43 56 50

163 229 183 70 Charmante
304 229 141 70 épître
402 229 99 70 sur
459 229 99 70 les
515 229 169 70 origines
642 229 85 70 de
670 229 183 70 l’apologue.

125 286 123 51 23817
207 286 150 51 LACOSTE
317 286 219 51 (André-Bruno
494 286 164 51 FRÉVOL),
617 286 150 51 célèbre
726 286 150 51 général
836 286 82 51 du
877 286 137 51 génie,
972 286 109 51 mort
1027 286 82 51 glo-

138 323 169 45 ieusement
268 323 78 45 au
307 323 117 45 siège
385 323 78 45 de
424 323 182 45 Saragosse,
567 323 78 45 en
606 323 117 45 1899.
685 323 117 45 L.
763 323 78 45 a.
802 323 130 45 s.
893 323 65 45 à
919 323 169 45 Taponier;
1036 323 65 45 En-

126 355 194 53 gelschwiff,
281 355 77 53 16
320 355 207 53 vendémiaire,
488 355 65 53 2
513 355 77 53 p.
552 355 90 53 1/2
604 355 116 53 in-4.
681 355 65 53 3
694 355 39 53 »

158 391 176 54 Curieuse
290 391 146 54 épître
393 391 117 54 sur.
466 391 88 54 un
510 391 132 54 curé,
598 391 117 54 dans
671 391 88 54 la
715 391 146 54 maison
817 391 161 54 duquel,
934 391 88 54 on
978 391 73 54 a
993 391 117 54 trouvé

139 421 92 51 les
191 421 157 51 cadavres
309 421 79 51 de
349 421 197 51 volontaires
506 421 171 51 français,
638 421 92 51 des
690 421 131 51 fusils
782 421 79 51 et
821 421 92 51 les
874 421 118 51 vases
953 421 144 51 sacrés.
1044 421 66 51 Pi-

136 460 127 50 quants
213 460 127 50 détails.

138 475 109 60 23818
211 475 109 60 LAING
283 475 169 60 (Malcolm),
416 475 121 60 savant
501 475 157 60 historien
622 475 145 60 anglais.
731 475 109 60 L.
803 475 73 60 a.
840 475 121 60 s.
924 475 61 60 à
949 475 85 60 MM.
997 475 121 60 Cadell
1070 475 48 60 et

140 539 133 44 Davies;
236 539 109 44 1802,
309 539 60 44 2
333 539 72 44 p.
369 539 109 44 in-4.
442 539 109 44 Belle
514 539 133 44 lettre.
611 539 60 44 5
623 539 36 44 »

125 547 128 63 23819
210 547 85 63 LA
253 547 199 63 MEILLERAIE
409 547 114 63 (Ch.
480 547 85 63 de
523 547 85 63 LA
566 547 142 63 PORTE.
665 547 100 63 duc
722 547 114 63 de),
793 547 171 63 maréchal
921 547 85 63 de
964 547 156 63 France,
1063 547 57 63 un

135 603 85 37 des
183 603 158 37 meilleurs
305 603 170 37 capitaines
438 603 73 37 du
475 603 109 37 règne
548 603 73 37 de
584 603 109 37 Louis
657 603 109 37 XIII.
730 603 109 37 L.
803 603 134 37 s.
900 603 134 37 Nantes,
997 603 73 37 21
1021 603 85 37 févr.

134 638 115 45 1660,
211 638 64 45 1
237 638 77 45 p.
275 638 115 45 in-4.
352 638 128 45 Jaunie
442 638 103 45 dans
506 638 77 45 le
545 638 115 45 haut.
622 638 64 45 6
635 638 38 45 »

164 650 164 70 Relative
287 650 68 70 à
315 650 82 70 la
356 650 205 70 publication
520 650 82 70 de
561 650 82 70 la
602 650 109 70 paix
670 650 96 70 que
724 650 82 70 le
765 650 96 70 roi
820 650 68 70 a
847 650 150 70 ordonné
957 650 68 70 à
984 650 82 70 La
1011 650 96 70 Meil-

131 710 139 44 léraie
229 710 84 44 de
270 710 125 44 faire
354 710 181 44 proclamer
493 710 84 44 en
521 710 153 44 Bretagne.

139 722 126 68 23820
223 722 168 68 LEMAITRE
349 722 224 68 (Frédérick),
531 722 84 68 un
573 722 84 68 de
615 722 98 68 nos
671 722 112 68 plus
741 722 168 68 célèbres
867 722 154 68 acteurs
965 722 154 68 contempo-

141 779 119 40 rains.
224 779 107 40 L.
296 779 71 40 a.
332 779 119 40 s.
415 779 60 40 à
439 779 71 40 M.
475 779 155 40 Lefebvre;
594 779 60 40 7
618 779 143 40 octobre,
725 779 60 40 1
749 779 71 40 p.
784 779 83 40 pl.
832 779 107 40 in-8.
903 779 107 40 Jolie
975 779 119 40 pièce.
1058 779 60 40 3
1070 779 36 40 »

133 819 74 43 23821
182 819 156 43 LESCOT-FLEURIOT
314 819 58 43 (J.
347 819 49 43 B.
371 819 74 43 Ed.),
421 819 74 43 maire
470 819 49 43 de
495 819 82 43 Paris,
552 819 74 43 connu
602 819 58 43 par
635 819 58 43 son
659 819 58 43 éner-

146 855 68 42 gique
191 855 90 42 attitude
258 855 60 42 lors
296 855 45 42 du
318 855 38 42 9
333 855 105 42 thermidor,
416 855 90 42 décapité
483 855 60 42 avec
521 855 120 42 Robespierre.
618 855 68 42 L.
656 855 68 42 s.

137 894 68 42 avec
179 894 51 42 la
204 894 119 42 souscript.
297 894 102 42 autogr.,
374 894 59 42 aux
408 894 93 42 membres
475 894 51 42 de
501 894 51 42 la
526 894 119 42 Commission
619 894 59 42 des
645 894 59 42 armes

142 919 63 46 et
174 919 126 46 poudres;
269 919 105 46 Paris,
342 919 63 46 27
374 919 126 46 messidor
469 919 63 46 an
500 919 74 46 II,
542 919 53 46 1
563 919 63 46 p.
595 919 95 46 in-4.
658 919 53 46 3
668 919 32 46 »

146 950 73 58 23822
195 950 90 58 LÉVÉQUE
260 950 106 58 (Pierre),
342 950 82 58 savant
399 950 131 58 hydrographe,
505 950 73 58 connu
554 950 57 58 par
586 950 57 58 ses
619 950 90 58 travaux
676 950 41 58 sur

138 989 226 51 l’aérostation,
327 989 126 51 membre
415 989 75 51 de
453 989 189 51 l’Institut,
604 989 75 51 né
641 989 63 51 à
666 989 138 51 Nantes.
767 989 113 51 L.
842 989 75 51 a.
880 989 138 51 s.
981 989 138 51 Nantes,
1069 989 50 51 25

140 1023 116 51 nivôse
222 1023 70 51 an
257 1023 81 51 IV,
303 1023 58 51 1
326 1023 70 51 p.
361 1023 81 51 1/2
408 1023 128 51 in-fol.
501 1023 58 51 3
512 1023 47 51 50

169 1036 220 69 Intéressante
348 1036 137 69 épître
444 1036 96 69 sur
499 1036 151 69 l’école
609 1036 82 69 de
650 1036 192 69 navigation
801 1036 82 69 de
829 1036 151 69 Paimbeuf.

139 1095 106 47 23823
210 1095 106 47 LOUIS
280 1095 71 47 XV
316 1095 82 47 roi
363 1095 71 47 de
398 1095 129 47 France.
492 1095 106 47 L.
563 1095 71 47 a.
598 1095 118 47 s.
681 1095 59 47 à
704 1095 141 47 Beaujon;
810 1095 177 47 Versailles,
951 1095 71 47 29
987 1095 94 47 mars
1034 1095 82 47 1774,

99 1139 272 47 1/2
254 1139 233 47 p.
371 1139 349 47 in-8,
604 1139 427 47 cachet.
914 1139 233 47 15
992 1139 116 47 »

162 1173 142 43 Billet
261 1173 128 43 écrit
346 1173 114 43 deux
417 1173 114 43 mois
488 1173 85 43 et
531 1173 114 43 demi
602 1173 128 43 avant
687 1173 85 43 sa
716 1173 99 43 mort.

137 1204 121 46 23824
217 1204 134 46 MANGOT
311 1204 174 46 (Claude),
445 1204 147 46 premier
552 1204 174 46 président
686 1204 80 46 au
726 1204 174 46 parlement
860 1204 80 46 de
900 1204 174 46 Bordeaux,
1020 1204 94 46 garde

140 1245 104 38 des
199 1245 148 38 sceaux
303 1245 119 38 sous
377 1245 133 38 Louis
466 1245 133 38 XIII,
555 1245 193 38 disgrâcié
704 1245 119 38 lors
778 1245 89 38 de
822 1245 89 38 la
867 1245 119 38 mort
941 1245 89 38 du
971 1245 148 38 maréchal

138 1276 151 49 d’Ancre,
252 1276 88 49 son
302 1276 189 49 protecteur.
453 1276 113 49 P.
529 1276 139 49 s.
630 1276 76 49 19
667 1276 113 49 févr.
743 1276 113 49 1604,
819 1276 63 49 3
844 1276 76 49 p.
882 1276 139 49 in-fol.
970 1276 151 49 Très

144 1311 81 44 pièce.
201 1311 41 44 4
209 1311 24 44 »

138 1345 112 48 23825
212 1345 162 48 MARCHANGY
337 1345 87 48 (E.
387 1345 100 48 de),
449 1345 174 48 magistrat,
586 1345 112 48 connu
660 1345 87 48 par
710 1345 75 48 sa
748 1345 149 48 Gaule
860 1345 199 48 poétique
1021 1345 75 48 et
1046 1345 75 48 bien

146 1381 96 39 plus
206 1381 120 39 encore
290 1381 84 39 par
337 1381 156 39 l’affaire
457 1381 84 39 des
505 1381 179 39 Sergents
648 1381 72 39 de
684 1381 191 39 Rarochellei.
840 1381 72 39 L.
876 1381 72 39 a.
912 1381 132 39 s.
1007 1381 60 39 8
1019 1381 96 39 juill.

139 1412 102 51 1819,
207 1412 57 51 1
230 1412 68 51 p.
264 1412 125 51 in-fol.
355 1412 57 51 3
366 1412 34 51 »

164 1456 123 43 Belle
246 1456 150 43 lettre,
355 1456 82 43 où
396 1456 82 43 il
437 1456 150 43 annonce
547 1456 96 43 que
601 1456 82 43 la
642 1456 82 43 3e
683 1456 150 43 édition
792 1456 82 43 de
833 1456 82 43 sa
874 1456 164 43 Gaule
983 1456 137 43 poé

134 1486 210 40 tique
304 1486 118 40 vient
383 1486 79 40 de
422 1486 170 40 paraître.
553 1486 79 40 Si
592 1486 79 40 le
632 1486 157 40 ministre
749 1486 105 40 juge
815 1486 92 40 que
867 1486 92 40 cêt
920 1486 144 40 ouvrage
1011 1486 105 40 mérite

126 1521 146 45 d’être
228 1521 131 45 placé
316 1521 117 45 dans
389 1521 175 45 quelques
520 1521 248 45 bibliothèques
724 1521 292 45 départementales,
958 1521 160 45 Marchangy

140 1560 97 45 met
196 1560 69 45 à
223 1560 83 45 la
265 1560 208 45 disposition
432 1560 83 45 de
473 1560 97 45 Son
529 1560 194 45 Excellence
682 1560 83 45 le
723 1560 139 45 nombre
821 1560 236 45 d’exemplaires
1001 1560 125 45 qu’elle

123 1589 169 47 désignera.

141 1601 114 65 23826
217 1601 152 65 MARMONT,
332 1601 89 65 duc
382 1601 76 65 de
420 1601 140 65 Raguse,
522 1601 152 65 maréchal
636 1601 76 65 de
674 1601 140 65 France,
776 1601 127 65 auteur
864 1601 76 65 de
890 1601 228 65 Mémoires

139 1660 102 40 L.
207 1660 68 40 a.
241 1660 114 40 s.
320 1660 57 40 à
343 1660 170 40 Bourrienne;
480 1660 57 40 à
502 1660 91 40 bord
559 1660 68 40 de
593 1660 102 40 La
661 1660 159 40 Diane
786 1660 68 40 29
821 1660 125 40 floréal
911 1660 68 40 an
946 1660 80 40 VI,
991 1660 57 40 1
1014 1660 68 40 p.
1036 1660 80 40 in

142 1693 125 51 Légères
233 1693 171 51 déchirures.
369 1693 57 51 5
381 1693 46 51 50

165 1727 230 41 Intéressante
351 1727 158 41 lettre,
466 1727 86 41 où
509 1727 86 41 il
552 1727 100 41 lui
609 1727 158 41 annonce
724 1727 129 41 qu’il
810 1727 129 41 s’est
896 1727 172 41 embarqué
1026 1727 72 41 à
1040 1727 86 41 Mar-

133 1759 155 43 seille,
246 1759 127 43 qu’il
331 1759 71 43 a
359 1759 170 43 supporté
486 1759 85 43 la
529 1759 99 43 mer
585 1759 71 43 à
613 1759 198 43 merveille,
769 1759 85 43 et
811 1759 99 43 lui
868 1759 155 43 demande
981 1759 85 43 de
1023 1759 85 43 ne
1051 1759 71 43 pas

138 1795 179 47 l’oublier
276 1795 82 47 et
317 1795 82 47 de
358 1795 165 47 consoler
482 1795 96 47 par
537 1795 96 47 une
592 1795 137 47 lettre
688 1795 82 47 un
729 1795 192 47 malheureux
880 1795 110 47 dans
949 1795 96 47 son
990 1795 96 47 exil.

142 1823 116 51 23827
220 1823 168 51 MARMONTEL
349 1823 90 51 (J.
400 1823 116 51 Fr.),
478 1823 142 51 célèbre
581 1823 116 51 poëte
659 1823 78 51 et
698 1823 207 51 littérateur,
866 1823 78 51 de
904 1823 142 51 l’Acad.
1008 1823 90 51 fr.
1046 1823 78 51 Reçu

135 1870 80 38 de
175 1870 147 38 5lignes
282 1870 107 38 aut.
349 1870 107 38 sig.
416 1870 80 38 de
456 1870 107 38 1200
523 1870 147 38 livres,
630 1870 67 38 à
657 1870 134 38 compte
750 1870 80 38 du
790 1870 147 38 travail
897 1870 120 38 qu’il
978 1870 94 38 est
1018 1870 107 38 chargé

140 1902 79 44 de
179 1902 119 44 faire
258 1902 105 44 pour
324 1902 79 44 M.
364 1902 184 44 Panckoucke
509 1902 105 44 dans
575 1902 92 44 son
627 1902 145 44 édition
733 1902 79 44 de
772 1902 343 44 l'Encyclopédie;
1062 1902 66 44 Pa-

137 1934 104 41 ris,
202 1934 78 41 28
241 1934 104 41 mars
306 1934 117 41 1782,
384 1934 91 41 1/2
437 1934 78 41 p.
476 1934 104 41 in-4
541 1934 143 41 oblong.
645 1934 65 41 3
658 1934 39 41 »

136 1968 110 46 23828
209 1968 134 46 MASSÉNA
307 1968 147 46 (André),
417 1968 147 46 maréchal
527 1968 73 46 de
563 1968 134 46 France,
661 1968 183 46 l’enfant
807 1968 110 46 chéri
881 1968 73 46 de
917 1968 73 46 la
942 1968 183 46 victoire

143 2008 118 41 L.
221 2008 79 41 a.
261 2008 131 41 s.
352 2008 65 41 à
379 2008 131 41 Defly;
470 2008 262 41 quartier-général
693 2008 65 41 à
719 2008 131 41 Coire,
811 2008 79 41 19
850 2008 144 41 ventôse
955 2008 79 41 an
994 2008 105 41 VII,
1060 2008 65 41 2
1073 2008 52 41 p.

135 2038 90 51 in-4,
195 2038 80 51 vig.
245 2038 60 51 et
274 2038 80 51 tête
324 2038 90 51 impr.
384 2038 159 51 Rare
513 2038 50 51 6
523 2038 40 51 50

15 2046 145 80 Belle
112 2046 177 80 lettre.
241 2046 81 80 —
273 2046 129 80 «Les
353 2046 177 80 papiers
482 2046 177 80 publics
611 2046 129 80 vous
692 2046 242 80 apprendront
885 2046 113 80 nos
934 2046 193 80 victoires;

24 2112 179 43 jamais
149 2112 107 43 on
203 2112 107 43 en
257 2112 90 43 a
293 2112 107 43 vu
347 2112 107 43 de
400 2112 107 43 si
436 2112 233 43 complètes.»
