1571 2958
744 59 255 104 386
853 59 109 104 —

145 156 184 83 çais,
267 156 164 83 aide
370 156 123 83 et
431 156 307 83 protection,
677 156 184 83 etc.,
799 156 164 83 etc.
902 156 123 83 Ce
963 156 225 83 firman,
1127 156 205 83 revêtu
1270 156 123 83 du
1311 156 225 83 Thoughra,

139 218 135 55 ou
207 218 135 55 du
275 218 248 55 chiffre
455 218 316 55 monogramme
703 218 135 55 du
771 218 225 55 sultan
928 218 248 55 régnant
1109 218 383 55 Abdul-Medjid,
1402 218 135 55 fils

139 271 135 51 du
207 271 225 51 sultan
365 271 383 51 Mahmoud-Khan,
680 271 158 51 est
770 271 180 51 daté
882 271 135 51 du
950 271 225 51 milieu
1107 271 135 51 du
1175 271 180 51 mois
1287 271 248 51 lunaire
1445 271 90 51 de

141 311 257 63 Zil-Côdè
334 311 129 63 de
398 311 236 63 l’année
570 311 129 63 de
634 311 257 63 l’hégire
827 311 172 63 1253
934 311 193 63 (mars
1063 311 215 63 1838).
1213 311 300 63 Très-grand
1428 311 107 63 in-

95 361 501 58 fol.
408 361 563 58 Belle
784 361 626 58 pièce.
1222 361 376 58 25
1347 361 188 58 »

93 402 171 79 4717.
207 402 360 79 <b>Castries</b>
510 402 133 79 (le
586 402 228 79 maréchal
757 402 152 79 de),
851 402 228 79 ministre
1022 402 114 79 de
1079 402 114 79 la
1136 402 209 79 marine.
1288 402 190 79 Lettre
1420 402 95 79 à
1439 402 95 79 lui

139 455 273 65 adressée
344 455 136 65 le
412 455 114 65 7
458 455 136 65 du
526 455 182 65 mois
639 455 136 65 de
708 455 250 65 ramazan
889 455 136 65 de
958 455 250 65 l’année
1140 455 136 65 de
1208 455 273 65 l’hégire
1390 455 136 65 1201

139 503 222 65 (1786).
300 503 181 65 Cette
421 503 222 65 lettre,
582 503 121 65 en
643 503 282 65 caractères
864 503 222 65 persans
1025 503 242 65 to’olics
1207 503 181 65 assez
1307 503 222 65 lisibles,

137 565 190 55 forme
264 565 169 55 deux
369 565 190 55 pages
496 565 190 55 grand
622 565 232 55 in-fol.
791 565 127 55 Le
855 565 190 55 recto
981 565 148 55 est
1066 565 148 55 sur
1150 565 169 55 fond
1256 565 127 55 or
1319 565 127 55 et
1361 565 169 55 argent

134 605 264 67 imprim.
326 605 144 67 en
398 605 288 67 camaieu,
614 605 192 67 avec
734 605 312 67 enveloppe
975 605 192 67 pour
1095 605 384 67 suscription.
1407 605 144 67 60
1455 605 72 67 »

184 649 252 61 L’auteur
373 649 126 61 ne
436 649 147 61 l’a
520 649 147 61 pas
604 649 231 61 signée,
772 649 126 61 il
835 649 147 61 dit
920 649 147 61 que
1004 649 147 61 son
1088 649 189 61 agent
1214 649 147 61 qui
1277 649 252 61 s’appelait

133 694 652 63 Galami-Imam-Hussein-Khan,
717 694 180 63 l’un
829 694 157 63 des
919 694 315 63 principaux
1166 694 292 63 seigneurs
1391 694 135 63 de
1436 694 90 63 la

133 763 193 45 ville
261 763 129 45 de
325 763 343 45 Behtoutcheri
604 763 364 45 (Pondicheri?)
904 763 129 45 et
968 763 214 45 dévoué
1118 763 150 45 aux
1204 763 257 45 intérêts
1396 763 129 45 de
1439 763 86 45 la

133 799 247 61 France,
312 799 202 61 avait
447 799 247 61 dépensé
627 799 157 61 des
716 799 225 61 sommes
874 799 382 61 considérables
1188 799 180 61 pour
1278 799 247 61 repousser

133 844 262 64 l’attaque
334 844 141 64 des
415 844 222 64 Anglais
576 844 202 64 contre
718 844 202 64 ladite
859 844 202 64 ville.
1000 844 121 64 Il
1060 844 181 64 entre
1181 844 161 64 dans
1282 844 141 64 des
1343 844 181 64 détails

134 895 318 53 intéressants
392 895 238 53 relatifs
571 895 99 53 à
611 895 119 53 la
670 895 199 53 guerre
809 895 119 53 de
869 895 199 53 l’Inde
1008 895 179 53 entre
1127 895 139 53 les
1206 895 238 53 Français
1385 895 119 53 et
1425 895 99 53 les

129 939 253 57 Anglais,
319 939 127 57 et
382 939 232 57 termine
551 939 127 57 en
615 939 211 57 priant
763 939 127 57 le
826 939 253 57 ministre
1016 939 127 57 de
1079 939 127 57 la
1143 939 211 57 marine
1291 939 127 57 de
1333 939 190 57 vouloir

127 992 180 60 bien
240 992 338 60 récompenser
510 992 158 60 ses
600 992 270 60 services
803 992 135 60 en
870 992 158 60 lui
960 992 315 60 restituant
1208 992 158 60 les
1275 992 248 60 déboursés

129 1033 180 64 faits
249 1033 140 64 par
329 1033 140 64 son
389 1033 160 64 aieul.

82 1072 175 73 4718.
198 1072 351 73 <b>Mosquée</b>
491 1072 195 73 (actes
627 1072 331 73 d’acquisition
900 1072 117 73 de
958 1072 234 73 terrains
1133 1072 156 73 pour
1231 1072 175 73 une).
1348 1072 117 73 1°
1387 1072 136 73 quit-

127 1131 213 52 tance
269 1131 236 52 donnée
435 1131 165 52 par
529 1131 284 52 Mohammed
742 1131 260 52 Hachel,
931 1131 142 52 de
1002 1131 284 52 Mohammed
1215 1131 236 52 Fazil,
1357 1131 165 52 habi-

130 1180 159 58 tant
230 1180 119 58 de
289 1180 119 58 la
349 1180 179 58 ville
468 1180 119 58 de
528 1180 199 58 Surat,
667 1180 119 58 et
727 1180 199 58 revêtu
866 1180 119 58 du
926 1180 179 58 sceau
1045 1180 119 58 du
1105 1180 179 58 mufti
1225 1180 119 58 de
1284 1180 119 58 la
1324 1180 199 58 localité

126 1230 222 63 Djafen
281 1230 222 63 Sadic,
436 1230 310 63 certifiant
680 1230 155 63 que
769 1230 177 63 Seïd
880 1230 266 63 Mohammed
1079 1230 200 63 avait
1190 1230 333 63 intégralement

128 1281 202 50 remis
262 1281 202 50 entre
397 1281 157 50 les
487 1281 202 50 mains
621 1281 202 50 dûdit
756 1281 269 50 Mohammed
958 1281 247 50 Hachem,
1137 1281 157 50 les
1227 1281 224 50 terres
1362 1281 157 50 atte-

126 1335 205 57 nantes
270 1335 123 57 au
332 1335 205 57 jardin
475 1335 123 57 de
537 1335 123 57 la
598 1335 267 57 compagnie
804 1335 144 57 qui
886 1335 205 57 achète
1029 1335 144 57 ces
1112 1335 205 57 terres
1255 1335 123 57 de
1317 1335 164 57 leur
1399 1335 123 57 pro-

125 1375 275 61 priétaire
336 1375 211 61 légal,
484 1375 275 61 moyennant
695 1375 127 61 la
759 1375 190 61 somme
885 1375 127 61 de
949 1375 148 61 131
1033 1375 232 61 roupies
1202 1375 211 61 surat.
1350 1375 127 61 Le
1413 1375 106 61 2
1435 1375 84 61 du

124 1428 169 57 mois
230 1428 127 57 de
293 1428 254 57 Zilhidjè
483 1428 127 57 de
547 1428 233 57 l’année
716 1428 127 57 de
780 1428 254 57 l’hégire
970 1428 169 57 1168
1076 1428 233 57 (1754).
1245 1428 127 57 En
1308 1428 190 57 marge
1414 1428 106 57 les

125 1468 288 60 signatures
352 1468 144 60 des
434 1468 247 60 témoins,
619 1468 123 60 et
680 1468 123 60 en
742 1468 164 60 tête
845 1468 123 60 de
906 1468 185 60 cette
1030 1468 185 60 pièce
1153 1468 123 60 le
1215 1468 185 60 sceau
1338 1468 123 60 du
1379 1468 144 60 mufti

126 1517 194 60 portant
267 1517 212 60 cesmots:
426 1517 194 60 <i>Ceci
567 1517 123 60 est
638 1517 106 60 le
691 1517 176 60 cachet
814 1517 106 60 de
867 1517 176 60 Djefen
991 1517 176 60 Sedic,
1114 1517 159 60 mufti
1220 1517 106 60 de
1273 1517 106 60 la
1326 1517 123 60 loi
1379 1517 141 60 du</i>

122 1575 276 72 <i>prophête
343 1575 111 72 de
398 1575 240 72 Dieu</i>.
582 1575 92 72 1
619 1575 111 72 p.
674 1575 129 72 gr.
748 1575 203 72 in-fol.
895 1575 92 72 —
932 1575 111 72 2°
988 1575 240 72 Duplicata
1172 1575 111 72 de
1227 1575 184 72 l’acte
1356 1575 129 72 qui
1411 1575 111 72 pré-

122 1615 193 51 cède,
250 1615 150 51 non
336 1615 215 51 revêtu
487 1615 129 51 du
551 1615 236 51 chiffre
723 1615 129 51 du
787 1615 215 51 mufti.
937 1615 107 51 1
980 1615 129 51 p.
1045 1615 150 51 gr.
1131 1615 236 51 in-fol.
1302 1615 107 51 —
1345 1615 129 51 3°
1388 1615 129 51 Sous

123 1657 130 64 la
188 1657 174 64 même
297 1657 174 64 date
406 1657 152 64 que
493 1657 152 64 les
580 1657 217 64 pièces
732 1657 152 64 qui
819 1657 304 64 précèdent,
1058 1657 130 64 et
1123 1657 217 64 revêtu
1275 1657 152 64 des
1340 1657 174 64 sceaux

123 1718 123 55 du
184 1718 184 55 mufti
307 1718 123 55 et
368 1718 123 55 du
430 1718 164 55 cadi
532 1718 123 55 de
594 1718 123 55 la
655 1718 266 55 localité,
860 1718 164 55 acte
963 1718 184 55 légal
1086 1718 123 55 de
1147 1718 123 55 la
1209 1718 184 55 vente
1332 1718 143 55 des
1393 1718 123 55 ter-

122 1763 202 56 rains
256 1763 315 56 mentionnés
504 1763 180 56 plus
616 1763 180 56 haut
728 1763 135 56 et
796 1763 247 56 achetés
976 1763 157 56 par
1065 1763 135 56 la
1133 1763 315 56 compagnie.
1358 1763 157 56 Ledit

119 1810 169 57 acte
225 1810 212 57 rédigé
373 1810 127 57 en
436 1810 212 57 Persan
584 1810 212 57 (comme
732 1810 148 57 les
817 1810 338 57 précédents),
1092 1810 169 57 dans
1198 1810 127 57 la
1261 1810 190 57 forme
1367 1810 148 57 juri-

119 1856 196 51 dique
250 1856 240 51 voulue,
424 1856 131 51 et
490 1856 131 51 en
555 1856 196 51 outre
686 1856 305 51 accompagné
926 1856 131 51 du
991 1856 196 51 tracé
1122 1856 131 51 et
1187 1856 131 51 de
1252 1856 131 51 la
1296 1856 218 51 délimis-

121 1905 211 48 tation
269 1905 232 48 desdits
438 1905 275 48 terrains,
649 1905 127 48 et
712 1905 211 48 revêtu
860 1905 127 48 de
924 1905 127 48 la
987 1905 275 48 signature
1198 1905 148 48 des
1283 1905 232 48 parties
1431 1905 84 48 et

117 1951 146 84 des
201 1951 250 84 témoins.
388 1951 104 84 1
430 1951 125 84 p.
492 1951 292 84 très-grand
721 1951 250 84 in-fol.,
909 1951 125 84 et
971 1951 104 84 1
1013 1951 125 84 p.
1076 1951 188 84 petit
1201 1951 229 84 in-fol.
1346 1951 167 84 Enseme

-16 1996 1223 59 ble.
749 1996 917 59 25
1054 1996 459 59 »

65 2026 197 87 4719.
197 2026 438 87 <b>Duquesne</b>.
569 2026 219 87 Lettre
722 2026 131 87 en
788 2026 197 87 beaux
919 2026 307 87 caractères
1160 2026 241 87 persans
1314 2026 197 87 toolics

117 2106 258 44 adressée
310 2106 129 44 au
374 2106 150 44 roi
460 2106 129 44 de
525 2106 236 44 France,
697 2106 215 44 priant
847 2106 129 44 Sa
911 2106 236 44 Majesté
1083 2106 129 44 de
1148 2106 236 44 vouloir
1320 2106 172 44 bien
1406 2106 107 44 ré-

114 2147 293 57 compenser
340 2147 158 57 les
430 2147 271 57 services
633 2147 226 57 rendus
791 2147 113 57 à
836 2147 135 57 la
904 2147 203 57 ville
1039 2147 135 57 de
1107 2147 338 57 Bohloutcher
1355 2147 158 57 (Pon-

115 2191 303 56 dicheri)?
347 2191 163 56 par
441 2191 140 56 M.
510 2191 303 56 Duquesne,
743 2191 233 56 chargé
906 2191 140 56 du
976 2191 372 56 gouvernement
1278 2191 140 56 de
1325 2191 186 56 ladite

114 2245 229 45 ville.
274 2245 114 45 1
320 2245 137 45 p.
389 2245 137 45 et
457 2245 252 45 dixième
640 2245 137 45 in
709 2245 206 45 fol.,
846 2245 183 45 sans
961 2245 183 45 date
1075 2245 137 45 ni
1144 2245 320 45 signature.
1396 2245 137 45 25
1441 2245 69 45 »

67 2280 188 62 4720.
193 2280 251 62 <b>Nizam
381 2280 146 62 Aly
465 2280 272 62 Khan</b>.
674 2280 146 62 Fin
758 2280 188 62 d’une
883 2280 209 62 lettre
1030 2280 126 62 en
1092 2280 188 62 belle
1218 2280 251 62 écriture
1385 2280 126 62 per

114 2340 183 55 sane
228 2340 320 55 to’olique,
480 2340 137 55 et
549 2340 183 55 sans
663 2340 389 55 commencement,
983 2340 252 55 portant
1166 2340 137 55 en
1235 2340 183 55 tête
1349 2340 137 55 le
1395 2340 114 55 mot

117 2387 305 54 <i>devum</i>
365 2387 286 54 (deuxième).
594 2387 153 54 Dans
689 2387 172 54 cette
803 2387 210 54 lettre,
956 2387 114 54 il
1013 2387 133 54 est
1089 2387 229 54 question
1261 2387 248 54 d’appeler
1433 2387 76 54 un

111 2440 305 52 successeur
351 2440 131 52 au
417 2440 196 52 trône
547 2440 174 52 d’un
656 2440 218 52 prince
809 2440 240 52 indien;
984 2440 196 52 c’est
1114 2440 131 52 le
1180 2440 174 52 père
1289 2440 131 52 du
1333 2440 174 52 prince

113 2477 170 63 même
219 2477 149 63 qui
304 2477 191 63 écrit
431 2477 127 63 la
495 2477 233 63 lettre,
664 2477 127 63 et
728 2477 149 63 qui
813 2477 212 63 promet
961 2477 127 63 de
1025 2477 233 63 choisir
1195 2477 149 63 son
1258 2477 255 63 successeur

111 2531 160 55 qui
203 2531 229 55 serait
363 2531 229 55 dévoué
522 2531 160 55 aux
614 2531 274 55 intérêts
820 2531 137 55 du
888 2531 251 55 royaume
1071 2531 137 55 de
1139 2531 229 55 France
1299 2531 183 55 dans
1391 2531 114 55 ces

113 2580 239 73 parages.
293 2580 120 73 En
353 2580 160 73 haut
452 2580 120 73 du
512 2580 180 73 verso
632 2580 120 73 on
692 2580 140 73 lit
772 2580 120 73 en
831 2580 259 73 Français:
1031 2580 259 73 <i>Lettre
1231 2580 120 73 du
1271 2580 239 73 soubal</i>

104 2630 247 55 <i>du
268 2630 275 55 Delhan
461 2630 247 55 Nixam
625 2630 192 55 Aly
735 2630 357 55 Khan</i>.
1010 2630 137 55 1
1065 2630 165 55 p.
1147 2630 302 55 in-fol.
1367 2630 165 55 25
1422 2630 82 55 »

63 2669 158 53 4721.
169 2669 282 53 <b>Inde</b>.
398 2669 176 53 Lettre
521 2669 106 53 en
574 2669 211 53 écriture
732 2669 211 53 persane,
891 2669 141 53 dite
979 2669 352 53 <i>chekesté</i>,
1278 2669 211 53 adressée
1419 2669 88 53 par

106 2721 135 67 un
174 2721 225 67 prince
332 2721 225 67 indien
489 2721 135 67 au
557 2721 248 67 premier
737 2721 270 67 ministre
939 2721 203 67 (sans
1074 2721 338 67 désignation
1344 2721 135 67 de
1389 2721 113 67 nom

107 2769 123 72 ou
169 2769 246 72 d’autres
354 2769 226 72 titres)
518 2769 123 72 du
580 2769 144 72 roi
662 2769 123 72 de
724 2769 226 72 France.
888 2769 185 72 Cette
1011 2769 205 72 lettre
1155 2769 103 72 a
1196 2769 164 72 pour
1299 2769 144 72 but
1360 2769 144 72 d’an
