1708 2996
728 75 258 98 395
839 75 110 98 —

127 153 187 92 in-18.
258 153 206 92 Cachet.
408 153 94 92 —
446 153 112 92 2°
502 153 187 92 Billet
633 153 150 92 aut.
727 153 150 92 Sig.
821 153 169 92 V.
933 153 187 92 H
1064 153 94 92 1
1102 153 112 92 p.
1158 153 187 92 in-18.
1289 153 94 92 —
1327 153 112 92 3°
1383 153 112 92 L.
1421 153 112 92 aut.

119 228 245 56 sig.,
282 228 136 56 à
337 228 163 56 M.
418 228 299 56 Paulin.
636 228 163 56 31
718 228 299 56 janvier
935 228 245 56 1836.
1099 228 136 56 1
1153 228 163 56 p.
1235 228 272 56 in-18.
1425 228 136 56 6
1452 228 82 56 »

77 271 193 60 4821.
205 271 279 60 Joseph
420 271 257 60 Ier,
613 271 257 60 empereur
806 271 150 60 des
892 271 257 60 Romains,
1085 271 172 60 fils
1192 271 129 60 de
1256 271 236 60 Léopold
1406 271 129 60 1er.

123 326 132 57 N.
189 326 199 57 1678.
322 326 132 57 M.
388 326 199 57 1711.
520 326 132 57 Sa
586 326 177 57 sig.
697 326 132 57 et
763 326 287 57 plusieurs
983 326 177 57 mots
1094 326 199 57 aut.,
1226 326 132 57 en
1292 326 199 57 marge
1403 326 132 57 d’un

124 368 232 63 mémoire
293 368 105 63 à
335 368 148 63 lui
419 368 232 63 adressé
588 368 126 63 au
651 368 190 63 sujet
777 368 190 63 d’une
904 368 232 63 abbave.
1072 368 232 63 Vienne,
1241 368 126 63 29
1304 368 169 63 mars
1388 368 148 63 1706,

77 427 348 59 3
216 427 486 59 gr.
494 427 417 59 p.
702 427 765 59 in-fol.
1258 427 348 59 6
1328 427 209 59 »

82 475 158 59 4822.
188 475 350 59 JosephHI
486 475 123 59 dit
556 475 105 59 le
608 475 298 59 Grand
854 475 210 59 empereur
1011 475 263 59 d’Autriche,
1222 475 140 59 fils
1309 475 105 59 de
1362 475 105 59 la
1397 475 140 59 grande

125 513 375 58 Marie-Thérèse.
437 513 125 58 Sa
500 513 270 58 signature
708 513 270 58 allemande
916 513 125 58 en
978 513 187 58 marge
1103 513 166 58 d’un
1207 513 229 58 rapport
1374 513 146 58 (en
1436 513 104 58 al-

130 564 225 56 lemand).
299 564 150 56 Sig.
393 564 338 56 Enlach
674 564 206 56 Vienne,
824 564 113 56 13
881 564 206 56 janvier
1031 564 169 56 1768.
1143 564 94 56 1
1181 564 131 56 gr.
1256 564 113 56 p.
1312 564 206 56 in-fol.
1462 564 94 56 5
1481 564 56 56 »

82 608 184 66 4823.
205 608 389 66 Klaproth
533 608 369 66 (Henri-Jules),
840 608 205 66 savant
984 608 349 66 orientaliste.
1271 608 123 66 L.
1332 608 164 66 aut.
1414 608 123 66 sig.

127 668 112 54 à
171 668 134 54 M.
238 668 290 54 Duchesne,
462 668 112 54 à
506 668 134 54 la
573 668 357 54 bibliothèque
864 668 134 54 du
931 668 179 54 Roi.
1043 668 223 54 Paris,
1199 668 134 54 14
1266 668 201 54 sept.
1378 668 156 54 1826.

55 708 464 55 1
241 708 556 55 p.
519 708 835 55 in-8.
1075 708 464 55 1
1168 708 371 55 50

81 738 185 78 4824.
205 738 432 78 Kueffstein
575 738 350 78 (Jean-Louis),
864 738 185 78 comte
987 738 124 78 de
1049 738 371 78 Greillenstein,
1337 738 206 78 ambassa-

131 799 171 61 deur
238 799 128 61 de
302 799 300 61 l’empereur
537 799 278 61 Ferdinand
751 799 128 61 II
815 799 107 61 à
858 799 407 61 Constantinople;
1201 799 128 61 il
1265 799 214 61 apprit
1393 799 150 61 beau-

130 851 174 65 coup
239 851 130 65 de
304 851 261 65 langues,
500 851 130 65 et
565 851 282 65 traduisit
782 851 152 65 des
869 851 239 65 auteurs
1042 851 282 65 espagnols
1260 851 130 65 et
1303 851 239 65 italiens.

130 900 134 64 N.
197 900 201 64 1587.
331 900 134 64 M.
398 900 201 64 1657.
532 900 134 64 L.
599 900 179 64 aut.
711 900 179 64 sig.
823 900 156 64 (en
912 900 313 64 allemand).
1158 900 134 64 16
1225 900 246 64 janvier
1382 900 156 64 1643.

126 942 142 60 2
182 942 198 60 gr.
296 942 170 60 p.
381 942 198 60 pl.
494 942 312 60 in-fol.
721 942 283 60 Cachet
919 942 142 60 à
976 942 170 60 la
1061 942 227 60 cire
1203 942 283 60 rouge.
1401 942 142 60 7
1430 942 113 60 50

82 1001 196 51 4825.
213 1001 457 51 Lacordaire
604 1001 479 51 (Henri-Dominique),
1018 1001 239 51 célèbre
1192 1001 348 51 prédicateur.
1453 1001 87 51 L.

132 1034 177 83 aut.
243 1034 199 83 sig.,
375 1034 111 83 à
420 1034 133 83 M.
486 1034 221 83 Egron.
641 1034 221 83 Paris,
796 1034 133 83 19
862 1034 177 83 déc.
973 1034 199 83 1845.
1105 1034 111 83 1
1150 1034 133 83 p.
1216 1034 199 83 in-8.
1327 1034 221 83 Intéres-

11 1083 1396 60 sante.
989 1083 698 60 5
1128 1083 419 60 »

92 1129 183 67 4826.
213 1129 325 67 Lafon
477 1129 203 67 acteur
619 1129 243 67 tragique
802 1129 122 67 du
862 1129 426 67 Théâtre-Français.
1227 1129 122 67 L.
1288 1129 162 67 aut.
1390 1129 183 67 sig.,
1491 1129 61 67 à

136 1189 125 58 M.
199 1189 311 58 l'intendant
448 1189 228 58 général
614 1189 145 58 des
697 1189 208 58 menus,
842 1189 125 58 de
904 1189 332 58 l’argenterie
1174 1189 125 58 et
1237 1189 249 58 affaires
1423 1189 125 58 de
1465 1189 83 58 la

136 1244 243 65 chambre
312 1244 132 65 du
378 1244 176 65 roi,
489 1244 198 65 etc.,
621 1244 176 65 etc.
731 1244 220 65 Paris,
886 1244 110 65 3
930 1244 265 65 novembre
1128 1244 198 65 1818.
1260 1244 110 65 2
1304 1244 154 65 gr.
1393 1244 132 65 p.
1437 1244 110 65 pl.

2 1274 1390 62 in-4.
928 1274 772 62 5
1083 1274 463 62 »

179 1313 183 70 Mlle
293 1313 183 70 Mars
407 1313 137 70 et
476 1313 183 70 Mlle
590 1313 297 70 Duchesnoy
818 1313 205 70 ayant
955 1313 183 70 reçu
1069 1313 183 70 leur
1183 1313 319 70 traitement
1411 1313 137 70 men-

135 1368 177 84 suel
245 1368 243 84 pendant
422 1368 132 84 le
488 1368 199 84 temps
620 1368 132 84 de
687 1368 177 84 leur
797 1368 265 84 absence,
995 1368 132 84 il
1062 1368 287 84 sollicite
1282 1368 132 84 la
1348 1368 177 84 même
1437 1368 110 84 fa

105 1428 176 60 veur.

89 1448 177 91 4827.
207 1448 177 91 La
325 1448 295 91 Mennais
561 1448 216 91 (l’abbé
719 1448 118 91 F.
778 1448 157 91 de),
876 1448 216 91 célèbre
1034 1448 295 91 publiciste.
1270 1448 118 91 L.
1329 1448 157 91 aut.
1407 1448 138 91 sig.:

145 1512 155 60 L.,
234 1512 111 60 à
278 1512 222 60 madame
433 1512 133 60 Z.
500 1512 266 60 Clément.
700 1512 222 60 Paris,
855 1512 133 60 12
922 1512 200 60 janv.
1055 1512 200 60 1849.
1188 1512 111 60 3
1232 1512 133 60 p.
1299 1512 155 60 pl.
1365 1512 178 60 in

114 1556 565 77 Enveloppe
548 1556 348 77 aut.
765 1556 348 77 Joli
982 1556 478 77 cachet.
1330 1556 261 77 10
1417 1556 130 77 »

185 1595 165 77 Tout
289 1595 124 77 ce
351 1595 186 77 qu’il
475 1595 165 77 sait
578 1595 124 77 de
640 1595 124 77 la
702 1595 289 77 solidarité
930 1595 352 77 républicaine,
1219 1595 186 77 c’est
1343 1595 165 77 que,
1426 1595 124 77 con-

136 1652 205 71 duite
273 1652 160 71 par
364 1652 160 71 des
455 1652 228 71 hommes
615 1652 342 71 incapables,
888 1652 182 71 elle
1002 1652 160 71 est
1093 1652 365 71 complètement
1389 1652 137 71 en
1435 1652 114 71 dé-

139 1698 242 73 sarroi,
315 1698 132 73 et
381 1698 198 73 qu’en
513 1698 132 73 ce
579 1698 220 73 moment
733 1698 132 73 on
799 1698 132 73 ne
866 1698 176 73 sait
976 1698 154 73 pas
1064 1698 132 73 ce
1130 1698 242 73 qu’elle
1284 1698 264 73 deviendra.

139 1748 201 75 «Nous
273 1748 179 75 nous
385 1748 134 75 en
452 1748 224 75 allons
609 1748 112 75 à
654 1748 224 75 grands
810 1748 157 75 pas
900 1748 179 75 vers
1012 1748 157 75 une
1101 1748 381 75 restauration.
1392 1748 157 75 Voilà

141 1811 154 52 «ce
229 1811 154 52 que
317 1811 176 52 nous
427 1811 220 52 aurons
581 1811 176 52 valu
691 1811 154 52 les
779 1811 286 52 imbéciles
999 1811 132 52 et
1065 1811 154 52 les
1153 1811 264 52 traîtres
1351 1811 176 52 qui,
1439 1811 110 52 de-

142 1862 208 52 «puis
280 1862 185 52 huit
396 1862 185 52 mois
512 1862 162 52 ont
604 1862 139 52 eu
673 1862 139 52 le
743 1862 254 52 pouvoir
927 1862 139 52 en
997 1862 208 52 main.
1135 1862 139 52 La
1205 1862 254 52 royauté
1389 1862 139 52 ne
1436 1862 116 52 du-

142 1898 211 56 «rera
282 1898 188 56 spas
400 1898 328 56 longtemps,
658 1898 164 56 et,
751 1898 188 56 dans
869 1898 141 56 la
939 1898 258 56 tempête
1127 1898 258 56 qu’elle
1291 1898 258 56 soulèvera

142 1946 291 71 «bientôt,
365 1946 157 71 les
455 1946 224 71 hommes
611 1946 157 71 qui
701 1946 313 71 triomphent
947 1946 336 71 aujourdhui,
1215 1946 268 71 emportés
1394 1946 157 71 corps

144 1990 147 65 «et
228 1990 189 65 bien,
354 1990 378 65 disparaîtront,
669 1990 126 65 et
732 1990 189 65 cette
858 1990 168 65 fois
963 1990 168 65 pour
1047 1990 252 65 toujours.»

93 2035 202 93 4828.
227 2035 202 93 La
362 2035 606 93 Rochefoucauld-Bayet
900 2035 449 93 (François-Joseph
1282 2035 180 93 de),
1372 2035 180 93 évêque

144 2088 133 65 de
210 2088 289 65 Beauvais,
433 2088 267 65 massacré
633 2088 156 65 aux
722 2088 245 65 Carmes,
900 2088 133 65 le
967 2088 111 65 2
1011 2088 289 65 septembre
1234 2088 200 65 1792.
1367 2088 133 65 L.
1412 2088 133 65 aut.

137 2126 254 69 sig.,
306 2126 141 69 à
363 2126 226 69 M...
504 2126 283 69 Paris,
702 2126 170 69 12
787 2126 226 69 mars
928 2126 254 69 1785.
1098 2126 141 69 1
1154 2126 170 69 p.
1239 2126 254 69 in-4.
1409 2126 141 69 2
1437 2126 113 69 50

96 2169 196 83 4829.
227 2169 196 83 La
357 2169 196 83 Roche
487 2169 282 83 Pozay
705 2169 348 83 (Henri-Louis
987 2169 130 83 de
1052 2169 348 83 Chasteignier
1335 2169 174 83 de),
1422 2169 130 83 évé

144 2229 149 58 que
229 2229 128 58 de
293 2229 277 58 Poitiers.
506 2229 128 58 L.
570 2229 170 58 aut.
676 2229 192 58 sig.,
804 2229 107 58 à
847 2229 128 58 M.
911 2229 256 58 l’évêque
1103 2229 128 58 de
1166 2229 213 58 Luçon,
1316 2229 107 58 à
1337 2229 213 58 Coussay.

143 2272 147 64 1er
227 2272 232 64 juillet
396 2272 189 64 1615.
522 2272 105 64 1
564 2272 126 64 p.
627 2272 189 64 petit
753 2272 232 64 in-fol.
922 2272 168 64 Deux
1027 2272 232 64 cachets
1195 2272 105 64 à
1237 2272 126 64 la
1300 2272 168 64 cire
1385 2272 168 64 rouge,

96 2317 555 93 bien
443 2317 972 93 conservés.
1206 2317 416 93 10
1345 2317 208 93 »

189 2376 128 63 Au
253 2376 192 63 sujet
380 2376 128 63 du
444 2376 277 63 différend
657 2376 213 63 qu'ils
806 2376 149 63 ont
891 2376 106 63 à
934 2376 192 63 juger
1061 2376 192 63 entre
1189 2376 170 63 eux,
1296 2376 128 63 et
1359 2376 170 63 dont
1445 2376 106 63 ils

143 2415 170 78 sont
228 2415 213 78 arbitres

95 2456 205 97 4830.
232 2456 205 97 La
368 2456 524 97 Touche-Tréville
824 2456 182 97 (Mme
937 2456 182 97 de),
1051 2456 205 97 veuve
1188 2456 137 97 de
1256 2456 296 97 l’amiral.
1461 2456 91 97 L.

144 2508 166 86 aut.
248 2508 187 86 sig.,
373 2508 125 86 au
435 2508 208 86 prince
581 2508 187 86 Louis
705 2508 291 86 Bonaparte.
934 2508 104 86 2
975 2508 145 86 gr.
1058 2508 125 86 p.
1121 2508 145 86 pl.
1204 2508 229 86 in-fol.
1349 2508 208 86 Intéres-

76 2549 872 102 sante.
773 2549 436 102 4
948 2549 523 102 a1
1209 2549 436 102 6
1296 2549 262 102 »

192 2601 128 76 Au
256 2601 192 76 sujet
383 2601 128 76 de
447 2601 383 76 l’augmentation
767 2601 128 76 de
831 2601 298 76 traitement
1065 2601 213 76 qu'ene
1214 2601 298 76 sollicite.
1427 2601 128 76 Elle

150 2648 238 80 commence
329 2648 198 80 ainsi:
467 2648 178 80 On
586 2648 119 80 ne
646 2648 178 80 meurt
765 2648 139 80 pas
844 2648 119 80 de
904 2648 238 80 douleur,
1082 2648 317 80 monseigneur,
1340 2648 139 80 car
1399 2648 159 80 je

151 2705 232 73 serais
329 2705 160 73 morte
436 2705 89 73 à
472 2705 107 73 la
525 2705 196 73 lecture
668 2705 107 73 de
721 2705 107 73 la
775 2705 178 73 lettre
900 2705 125 73 que
971 2705 107 73 je
1024 2705 160 73 viens
1131 2705 107 73 de
1185 2705 214 73 recevoir
1327 2705 232 73 d’après

152 2766 132 79 vos
231 2766 171 79 ordres
