1145 2255
550 26 76 58 —
580 26 76 58 8
595 26 46 58 —

124 69 125 80 tivité
211 69 87 80 par
261 69 175 80 l’élécteur
398 69 75 80 de
435 69 112 80 Saxe;
510 69 125 80 auteur
598 69 75 80 de
635 69 137 80 savants
735 69 162 80 ouvrages.
860 69 112 80 L.
934 69 75 80 a.
972 69 137 80 s.
1059 69 50 80 en

131 122 133 57 atin,
220 122 74 57 à
249 122 147 57 Jérôme
352 122 236 57 Baumgartner;
544 122 88 57 13
588 122 118 57 déc.
661 122 162 57 (1558),
779 122 74 57 1
809 122 88 57 p.
853 122 177 57 in-fol.,
970 122 133 57 cachet.

120 158 247 52 Très-léger
315 158 282 52 raccommodage
544 158 141 52 dans
632 158 106 52 un
685 158 141 52 pli.
774 158 282 52 Rare
1003 158 106 52 50
1056 158 88 52 »

154 199 142 43 LETTRE
253 199 256 43 TRÈS-CURIEUSE.
466 199 71 43 —
495 199 85 43 Il
537 199 114 43 sait
608 199 128 43 qu’il
693 199 128 43 prend
778 199 114 43 tant
849 199 185 43 d’intérêt
991 199 99 43 aux
1034 199 71 43 pé-

129 227 116 55 rils
201 227 101 55 qui
259 227 174 55 menacent
389 227 217 55 l’Allemagne
563 227 130 55 qu’il
650 227 87 55 ne
693 227 116 55 veut
766 227 101 55 pas
824 227 188 55 augmenter
969 227 101 55 ses
1012 227 87 55 cha-

128 268 124 53 grins
211 268 97 53 par
266 268 83 53 le
308 268 124 53 récit
390 268 83 53 de
432 268 124 53 leurs
515 268 193 53 querelles.
666 268 97 53 Son
722 268 179 53 beau-père
860 268 235 53 (Mélanchthon)
1039 268 69 53 est

130 303 125 50 d’une
214 303 125 50 santé
297 303 139 50 faible
395 303 84 50 et
437 303 98 50 qui
493 303 112 50 leur
562 303 153 50 inspire
674 303 98 50 des
730 303 209 50 inquiétudes
897 303 98 50 (il
953 303 139 50 mourut
1036 303 70 50 peu

131 334 86 52 le
174 334 129 52 temps
259 334 157 52 après).
374 334 71 52 —
402 334 143 52 Peucer
502 334 157 52 annonce
617 334 71 52 à
645 334 100 52 son
703 334 100 52 ami
760 334 100 52 que
817 334 200 52 l’émpereur
960 334 143 52 CHARLES-

132 369 126 46 QUINT
216 369 98 46 est
272 369 112 46 mort
343 369 84 46 le
385 369 84 46 20
427 369 183 46 septembre
567 369 126 46 d’une
652 369 140 46 fièvre
750 369 140 46 tierce
848 369 112 46 dans
918 369 84 46 le
947 369 154 46 monastère

127 402 86 47 de
170 402 215 47 Saint-Just,
342 402 86 47 et
385 402 100 47 que
442 402 86 47 sa
485 402 115 47 sœur
557 402 129 47 Marie
643 402 100 47 l’a
700 402 129 47 suivi
786 402 86 47 de
829 402 115 47 près
901 402 115 47 dans
973 402 86 47 la
1002 402 100 47 tombe

127 434 98 46 (il
183 434 139 46 s’agit
280 434 98 46 ici
336 434 84 46 de
378 434 139 46 Marie,
475 434 125 46 reine
559 434 84 46 de
587 434 153 46 Hongrie).

128 471 106 57 23612
199 471 94 57 PITT
258 471 165 57 (William),
388 471 165 57 l’illustre
517 471 106 57 homme
588 471 118 57 d’État
671 471 142 57 anglais.
777 471 106 57 L.
848 471 71 57 a.
883 471 118 57 s.
965 471 59 57 à
989 471 94 57 lord
1036 471 71 57 Car-

130 514 149 46 martheni,
244 514 80 46 1er
290 514 91 46 mars
347 514 103 46 1788,
415 514 57 46 1
438 514 69 46 p.
473 514 103 46 in-4.
541 514 103 46 Belle
610 514 126 46 lettre.
701 514 183 46 Rare
850 514 69 46 28
873 514 34 46 »

127 542 107 60 23613
198 542 131 60 PRADIER
293 542 107 60 (J.),
364 542 131 60 célèbre
459 542 166 60 statuaire,
590 542 119 60 membré
673 542 71 60 de
709 542 178 60 l’Institut.
851 542 107 60 L.
922 542 71 60 a.
958 542 119 60 s.
1029 542 83 60 à-

132 584 82 44 ay,
179 584 58 44 1
202 584 70 44 p.
237 584 117 44 in-12;
319 584 105 44 Jolie
389 584 117 44 pièce.
471 584 58 44 2
482 584 47 44 50

133 617 121 49 23614
213 617 148 49 RÉAUMUR
321 617 94 49 (R.
375 617 108 49 Ant.
442 617 175 49 FFRCHAULT
577 617 108 49 de),
644 617 148 49 célèbre
752 617 202 49 naturaliste
913 617 81 49 et
940 617 162 49 physicien,

118 654 152 54 membre
224 654 91 54 de
270 654 167 54 l’Acad.
392 654 107 54 des
453 654 198 54 sciences.
605 654 137 54 Pièce
696 654 228 54 autographe;
879 654 76 54 2
909 654 91 54 p.
955 654 137 54 in-4.
1046 654 76 54 6
1061 654 46 54 »

161 690 114 42 C’est
237 690 89 42 une
288 690 203 42 dissertation
452 690 89 42 sur
503 690 76 42 le
541 690 114 42 terme
617 690 215 42 souder
794 690 76 42 et
832 690 89 42 sur
883 690 89 42 ses
933 690 152 42 diverses
1035 690 63 42 ac

111 719 154 48 ceptions.

123 759 122 54 23615
205 759 136 54 ROZIER
300 759 204 54 (François),
463 759 136 54 savant
558 759 177 54 agronome,
694 759 95 54 ami
748 759 81 54 de
789 759 81 54 J.
829 759 81 54 J.
870 759 177 54 Rousseau,
1006 759 95 54 tué
1047 759 54 54 au

123 801 119 50 siège
202 801 79 50 de
242 801 106 50 Lyon
308 801 79 50 en
347 801 119 50 1793.
427 801 119 50 L.
506 801 79 50 a.
545 801 132 50 s.
638 801 66 50 à
664 801 79 50 M.
704 801 158 50 Manouri;
823 801 132 50 Paris,
915 801 79 50 25
955 801 106 50 juin
1008 801 92 50 1773,

130 827 42 48 1
146 827 50 48 p.
171 827 75 48 in-4.
222 827 42 48 3
230 827 25 48 »

121 868 120 50 23616
201 868 214 50 SAINTE-BEUVE
375 868 107 50 (Ch.
441 868 134 50 Aug.),
535 868 147 50 célèbre
642 868 160 50 écrivain
762 868 80 50 et
802 868 134 50 poëte,
896 868 80 50 de
936 868 147 50 l’Acad.
1029 868 67 50 fr.

115 904 172 46 Madame
247 904 79 46 la
287 904 159 46 duchesse
406 904 265 46 d’Angoulême
631 904 146 46 article
737 904 106 46 aut.
804 904 119 46 sig.,
883 904 106 46 avec
949 904 146 46 ratures
1042 904 53 46 et

126 939 194 39 orrections
278 939 83 39 19
320 939 83 39 p.
361 939 125 39 in-4.
444 939 97 39 Cet
500 939 152 39 article
611 939 125 39 avait
694 939 97 39 été
749 939 125 39 coupé
832 939 83 39 en
874 939 180 39 plusieurs
998 939 97 39 frag-

120 971 122 42 ments
202 971 108 42 pour
269 971 230 42 l’impression,
458 971 108 42 mais
526 971 81 42 il
566 971 68 42 a
593 971 95 42 été
647 971 122 42 collé
728 971 95 42 sur
782 971 95 42 des
836 971 162 42 feuilles
958 971 81 42 de
985 971 108 42 papier

119 1002 85 43 blanc.
178 1002 51 43 15
195 1002 25 43 »

149 1041 230 40 Très-curieux
335 1041 172 40 article,
464 1041 129 40 écrit
551 1041 129 40 après
637 1041 86 40 la
680 1041 115 40 mort
752 1041 86 40 de
795 1041 86 40 la
838 1041 172 40 duchesse
952 1041 144 40 d’Angou-

115 1070 127 44 lême,
200 1070 156 44 arrivée
313 1070 85 44 le
356 1070 85 44 19
398 1070 156 44 octobre
511 1070 127 44 1851.
596 1070 127 44 C’est
681 1070 85 44 un
724 1070 212 44 panégyrique
894 1070 113 44 fort
964 1070 113 44 bien
1021 1070 85 44 fait

112 1113 81 48 de
152 1113 81 48 la
193 1113 122 48 fille
274 1113 81 48 de
314 1113 122 48 Louis
395 1113 108 48 XVI,
463 1113 108 48 dont
530 1113 81 48 M.
571 1113 216 48 Sainte-Beuve
746 1113 149 48 retrace
854 1113 95 48 les
908 1113 189 48 infortunes
1043 1113 54 48 et

113 1139 151 48 célèbre
223 1139 96 48 les
264 1139 123 48 vertus.

119 1181 104 40 23617
189 1181 138 40 SAINTINE
292 1181 81 40 (X.
338 1181 92 40 B.),
396 1181 138 40 l’auteur
500 1181 69 40 de
534 1181 184 40 Picciola.
684 1181 69 40 L.
718 1181 69 40 a.
753 1181 127 40 s.
845 1181 115 40 Marly;
926 1181 69 40 16
960 1181 92 40 mars
1006 1181 81 40 1849,

141 1207 56 48 1
163 1207 67 48 p.
197 1207 100 48 in-4,
263 1207 56 48 2
274 1207 45 48 50

115 1252 122 39 23618
197 1252 190 39 SANTA-ANNA
346 1252 244 39 (Antonio-Lopez
549 1252 108 39 de),
617 1252 149 39 célèbre
725 1252 149 39 général
834 1252 81 39 êt
874 1252 176 39 président
1010 1252 81 39 de
1037 1252 54 39 la

118 1286 154 39 République
239 1286 154 39 mexicaine.
360 1286 99 39 P.
425 1286 66 39 a.
458 1286 121 39 s.
546 1286 66 39 24
579 1286 99 39 janv.
645 1286 99 39 1866,
711 1286 77 39 1/2
755 1286 66 39 p.
788 1286 99 39 in-4.
854 1286 132 39 Jolie
952 1286 66 39 et
974 1286 121 39 très

120 1318 70 45 rare
170 1318 89 45 pièce
240 1318 38 45 15
253 1318 19 45 »

115 1358 107 47 23619
186 1358 119 47 SARDOU
270 1358 190 47 (Victorien),
424 1358 143 47 l’auteur
531 1358 71 47 de
567 1358 214 47 Patrié
745 1358 83 47 Soi
793 1358 214 47 portrait-carte
959 1358 131 47 photogras

107 1390 104 50 phié
172 1390 91 50 par
224 1390 143 50 Carjat,
328 1390 104 50 avec
392 1390 78 50 sa
431 1390 208 50 signature
600 1390 246 50 autographe
808 1390 130 50 in-18.
898 1390 117 50 Bonne
963 1390 130 50 épreuve.

1014 1428 50 38 4
1024 1428 30 38 »

113 1451 110 56 23620
186 1451 110 56 SCOTT
259 1451 159 56 (Walter),
381 1451 73 56 le
418 1451 110 56 grand
491 1451 159 56 romancier
613 1451 146 56 anglais.
723 1451 110 56 L.
796 1451 73 56 a.
833 1451 122 56 s.
918 1451 61 56 à
943 1451 73 56 M.
967 1451 122 56 Lendler,

118 1498 73 46 23
154 1498 110 46 sept.
228 1498 122 46 1820),
314 1498 86 46 1/2
362 1498 73 46 p.
399 1498 110 46 in-8.
473 1498 171 46 Très-jolie
607 1498 122 46 pièce.
693 1498 73 46 22
717 1498 37 46 »

114 1538 108 45 23621
186 1538 120 45 SECCHI
270 1538 84 45 (le
317 1538 96 45 Père
377 1538 120 45 Ange),
461 1538 132 45 célèbré
557 1538 156 45 astronome
676 1538 144 45 italien.
784 1538 108 45 L.
856 1538 72 45 a.
892 1538 108 45 s.
963 1538 60 45 à
987 1538 72 45 M.
1011 1538 72 45 Nar-

97 1571 209 49 ducci;
243 1571 188 49 Rome,
369 1571 104 49 8
410 1571 167 49 juin
515 1571 188 49 1865,
640 1571 146 49 3/4
724 1571 125 49 de
787 1571 125 49 p.
849 1571 188 49 in-4.
975 1571 125 49 3.
1016 1571 63 49 »

112 1608 121 43 23622
192 1608 148 43 SÉVIGNÉ
300 1608 135 43 (Marie
394 1608 81 43 de
434 1608 269 43 RABUTIN-CHANTAL,
663 1608 161 43 marquise
784 1608 108 43 de),
851 1608 81 43 la
892 1608 148 43 célèbre
986 1608 94 43 épis-

112 1651 147 34 tolaire.
222 1651 110 34 L.
295 1651 122 34 a.
381 1651 61 34 à
406 1651 73 34 la
442 1651 147 34 comtesse
553 1651 73 34 de
589 1651 147 34 Grignan,
699 1651 73 34 sa
736 1651 122 34 fille;
822 1651 159 34 vendrédi,
944 1651 61 34 à
969 1651 61 34 7
981 1651 98 34 heures

112 1673 63 42 du
144 1673 95 42 soir,
207 1673 53 42 1
228 1673 63 42 p.
260 1673 74 42 pl.
302 1673 95 42 in-8.
365 1673 179 42 Très-jolie
512 1673 63 42 et
543 1673 137 42 précieuse
648 1673 147 42 pièce
764 1673 74 42 200
795 1673 32 42 »

133 1710 189 52 Charmante
279 1710 160 52 épître.
396 1710 218 52 «Mandés-moy
570 1710 102 52 des
629 1710 189 52 nouvelles
774 1710 87 52 de
818 1710 87 52 la
862 1710 131 52 santé
949 1710 87 52 de
993 1710 87 52 M.
1022 1710 58 52 le

103 1742 272 47 Coadjuteur;
320 1742 109 47 jé
374 1742 145 47 vous
465 1742 235 47 embrasse;
646 1742 109 47 ma
700 1742 308 47 très-chère.).
936 1742 54 47 »

110 1784 122 39 23623
191 1784 162 39 SORBIÈRE
312 1784 176 39 (Samuel);
447 1784 135 39 savant
542 1784 216 39 littérateur,
717 1784 243 39 historiographe
920 1784 81 39 du
960 1784 108 39 roi,
1028 1784 81 39 né
1055 1784 41 39 à

105 1819 201 35 Saint-Amboix
269 1819 138 35 (Gard).
370 1819 113 35 L.
445 1819 76 35 a.
483 1819 138 35 s.
584 1819 76 35 en
621 1819 126 35 latin,
709 1819 63 35 à
735 1819 126 35 l’abbé
823 1819 164 35 Favorito;
949 1819 126 35 Paris,
1024 1819 63 35 oc-

107 1853 103 48 tobre
175 1853 103 48 1668,
243 1853 57 48 1
266 1853 68 48 p.
300 1853 103 48 in-4,
369 1853 125 48 cachets
460 1853 68 48 et
494 1853 114 48 soies.
574 1853 125 48 Légères
665 1853 171 48 déchirures.
801 1853 182 48 Rare
949 1853 57 48 8
961 1853 34 48 »

127 1893 235 50 Jolie
283 1893 261 50 épître
466 1893 235 50 toute
623 1893 391 50 littéraire.

113 1983 343 68 L’authenticité
407 1983 114 68 des
472 1983 245 68 Autographes
669 1983 114 68 est
718 1983 245 68 garantie.

32 2053 87 58 Le
75 2053 188 58 Catalogue
219 2053 115 58 sera
291 2053 144 58 envoyé
392 2053 72 58 à
421 2053 144 58 toutes
522 2053 101 58 les
580 2053 188 58 personnes
724 2053 101 58 qui
782 2053 87 58 en
825 2053 144 58 feront
926 2053 87 58 la
955 2053 130 58 demande

-5 2086 209 54 iaffranchir)

247 2165 223 57 Strasbourg,
425 2165 223 57 typographie
604 2165 89 57 de
648 2165 89 57 G.
678 2165 193 57 Silbermann.
