1214 2280
567 42 85 59 —
601 42 85 59 2
618 42 51 59 —

156 83 151 76 (Indie).
270 83 114 76 L.
346 83 76 76 a.
384 83 126 76 s.
472 83 76 76 au
510 83 114 76 baron
586 83 76 76 de
623 83 164 76 Menneval;
750 83 215 76 Porto-Ferrajô
926 83 101 76 (îlé
990 83 151 76 d'Elbé),
1091 83 50 76 28

168 139 92 56 anv.
225 139 103 56 1815,
294 139 57 56 1
317 139 69 56 p.
351 139 80 56 pl.
397 139 115 56 in-8.)
477 139 57 56 7
489 139 34 56 »

190 171 122 58 Pièce
272 171 204 58 historique.
435 171 68 58 —
462 171 95 58 Ils
516 171 109 58 sont
584 171 109 58 sans
652 171 177 58 nouvelles
788 171 163 58 directes
910 171 81 58 de
937 171 204 58 l’Impératrice

156 208 143 51 depuis
256 208 100 51 son
313 208 143 51 départ
412 208 100 51 des
469 208 114 51 eaux
541 208 86 51 et
583 208 100 51 ils
640 208 171 51 désirent
769 208 171 51 beaucoup
897 208 86 51 en
940 208 143 51 avoir.
1025 208 114 51 «L’Em-

153 247 139 47 pereur
251 247 167 47 continue
376 247 70 47 à
404 247 125 47 jouir
488 247 84 47 de
530 247 84 47 la
571 247 181 47 meilleure
711 247 139 47 santé;
808 247 84 47 la
850 247 181 47 princesse
990 247 153 47 Pauline
1087 247 56 47 se

155 277 134 56 porte
244 277 134 56 mieux
333 277 89 56 et
378 277 148 56 Mâdame
482 277 134 56 âssez
556 277 148 56 bien...»

157 299 108 59 23528
229 299 156 59 BERZELIUS
349 299 168 59 (Jacques),
481 299 144 59 illustre
589 299 144 59 chimiste
697 299 144 59 suédois.
805 299 108 59 L.
877 299 72 59 a.
913 299 132 59 s.
997 299 144 59 Stockholm,

151 357 137 39 13
220 357 183 39 nov.
334 357 206 39 1836,
471 357 114 39 1
517 357 137 39 p.
585 357 206 39 in-8.
723 357 206 39 Jolie
860 357 229 39 pièce.
1043 357 114 39 5
1065 357 69 39 »

160 390 113 43 23529
236 390 163 43 BOIELDIEU
361 390 100 43 fils
424 390 113 43 (A.),
499 390 188 43 compositeur
650 390 75 43 de
687 390 151 43 musique.
800 390 113 43 L.
876 390 75 43 a.
913 390 125 43 s.
1001 390 63 43 à
1026 390 113 43 Roger
1089 390 50 43 de

163 431 160 46 Beauvoir,
286 431 62 46 2
311 431 74 46 p.
348 431 111 46 in-8;
422 431 210 46 Intéressante.
594 431 62 46 2
607 431 49 46 25

158 438 116 67 23530
235 438 129 67 BOIGNE
325 438 90 67 (le
377 438 116 67 comte
454 438 77 67 B.
492 438 103 67 de),
557 438 141 67 célèbre
659 438 141 67 général
762 438 129 67 indien
852 438 77 67 et
891 438 219 67 philanthrope,
1058 438 77 67 bien

153 497 139 52 faiteur
255 497 76 52 de
293 497 165 52 Chambéry,
419 497 76 52 sa
457 497 114 52 ville
533 497 139 52 natale.
635 497 114 52 L.
710 497 76 52 a.
748 497 127 52 s.
837 497 63 52 à
862 497 177 52 Perregaux;
1002 497 76 52 26
1027 497 114 52 ventôse

165 528 71 50 an
201 528 71 50 X,
236 528 82 50 3/4
283 528 71 50 de
318 528 71 50 p.
354 528 106 50 in-8.
424 528 59 50 2
436 528 47 50 50

168 562 109 55 23531
240 562 169 55 BONAPARTE,
373 562 133 55 général
470 562 205 55 d’artillerie.
639 562 121 55 L.,
723 562 97 55 sig.
784 562 229 55 Buonaparte
977 562 85 55 aux
1013 562 133 55 représen-

164 604 125 48 tants
247 604 83 48 du
289 604 153 48 peuple;
400 604 278 48 Port-la-Montagne
637 604 181 48 (Toulon),
776 604 83 48 23
817 604 139 48 nivôse
915 604 83 48 an
956 604 97 48 II,
1012 604 69 48 2
1040 604 83 48 p.
1068 604 69 48 in-

166 641 46 37 fol.
195 641 35 37 12
207 641 17 37 »

193 665 166 55 Curieuse
318 665 152 55 épître,
428 665 166 55 rélative
553 665 69 55 à
580 665 152 55 l’envoi
691 665 83 55 de
732 665 180 55 munitions
871 665 83 55 de
912 665 138 55 guerre
1009 665 69 55 à
1023 665 124 55 l’armée

158 705 109 50 des
221 705 373 50 Pyrénées-Orientales,
547 705 202 50 commandée
702 705 109 50 par
749 705 186 50 Dugommier.

166 744 126 44 23532
250 744 154 44 BOUGUER
363 744 183 44 (Pierré);
503 744 154 44 célèbre
615 744 239 44 mathématicien
812 744 84 44 et
854 744 197 44 physicien,
1009 744 140 44 membre
1093 744 56 44 de

161 776 135 48 l’Acad.
259 776 86 48 des
308 776 159 48 sciences,
430 776 73 48 né
466 776 61 48 à
491 776 135 48 Croisic
589 776 183 48 (Bretagne).
735 776 110 48 L.
809 776 73 48 a.
846 776 122 48 s.
931 776 73 48 au
968 776 73 48 R.
1004 776 73 48 P.
1029 776 110 48 Reinau.

162 808 72 51 à
190 808 157 51 Angers;
305 808 86 51 Le
348 808 172 51 Croisic,
476 808 86 51 23
519 808 129 51 janv.
605 808 129 51 1719,
691 808 72 51 3
720 808 86 51 p.
763 808 100 51 1/2
820 808 129 51 in-4.
906 808 186 51 Fortement
1035 808 114 51 jaunie

169 852 72 42 sur
210 852 72 42 les
251 852 103 42 bords.
323 852 51 42 7
333 852 41 42 50

195 883 126 48 Épître
283 883 201 48 scientifique
447 883 277 48 fort'intéréssante,
686 883 75 48 où
724 883 75 48 il
762 883 88 48 lui
812 883 101 48 fait
875 883 101 48 part
938 883 75 48 de
975 883 88 48 ses
1013 883 126 48 travaux.

165 916 128 53 23533
250 916 142 53 BROHAN
349 916 227 53 (Augustine),
534 916 99 53 une
591 916 99 53 des
647 916 199 53 meilleures
803 916 213 53 comédiennes
974 916 85 53 du
1002 916 142 53 Théâtre-

163 952 172 52 Français.
295 952 119 52 L.
375 952 79 52 a.
414 952 132 52 s.
507 952 66 52 à
534 952 119 52 Roger
613 952 79 52 de
653 952 172 52 Beauvoir,
785 952 66 52 1
812 952 79 52 p.
852 952 132 52 in-12.
944 952 172 52 Curieuse.
1077 952 66 52 2
1090 952 53 52 25

166 988 120 53 23534
245 988 186 53 BRONGNIART
392 988 106 53 (Al.
458 988 159 53 Théod.),
578 988 80 53 un
617 988 93 53 des
671 988 173 53 meilleurs
804 988 199 53 architectes
963 988 80 53 de
1003 988 93 53 son
1043 988 106 53 temps,

164 1033 89 43 qui
215 1033 153 43 commença
330 1033 77 43 la
368 1033 204 43 construction
534 1033 77 43 du
573 1033 128 43 palais
662 1033 77 43 de
700 1033 77 43 la
739 1033 140 43 Bourse.
841 1033 115 43 P.
917 1033 77 43 a.
956 1033 140 43 s.
1045 1033 102 43 Paris,

164 1065 62 38 4
188 1065 112 38 févr.
263 1065 112 38 1782,
338 1065 87 38 3/4
388 1065 75 38 de
425 1065 75 38 p.
463 1065 137 38 in-fol.
562 1065 212 38 Interessante.
737 1065 62 38 3
749 1065 50 38 50

167 1095 123 49 23535
249 1095 123 49 BUREN
331 1095 150 49 (Martin
441 1095 123 49 Van);
523 1095 150 49 célèbre
632 1095 123 49 homme
714 1095 137 49 d’État
810 1095 191 49 américain,
961 1095 178 49 président
1084 1095 68 49 des

168 1129 178 51 Etats-Unis
308 1129 203 51 (1837-1841).
473 1129 114 51 L.
549 1129 76 51 a.
587 1129 127 51 s.
676 1129 63 51 à
702 1129 76 51 M.
740 1129 140 51 Bulter;
841 1129 76 51 22
879 1129 89 51 mai
930 1129 114 51 1826,
1006 1129 63 51 1
1032 1129 76 51 p.
1057 1129 89 51 in

142 1172 266 44 Belle
319 1172 325 44 lettre,
555 1172 148 44 6
584 1172 118 44 50

168 1202 105 53 23536
238 1202 105 53 CADOL
309 1202 164 53 (Édouard),
437 1202 140 53 l’auteur
542 1202 82 53 des
589 1202 187 53 Inutiles.
741 1202 70 53 L.
776 1202 70 53 a.
811 1202 129 53 s.
905 1202 58 53 2
928 1202 70 53 p.
963 1202 82 53 1/2
1010 1202 105 53 in-8.
1068 1202 82 53 Inté-

172 1248 128 42 ressante.
271 1248 49 42 2
280 1248 30 42 »

167 1277 121 45 23537
247 1277 161 45 CASAUBON
368 1277 161 45 (Isaac),
489 1277 188 45 théologien
637 1277 202 45 calviniste,
798 1277 81 45 un
839 1277 94 45 des
893 1277 108 45 plus
960 1277 175 45 illustres
1081 1277 67 45 sa-

168 1318 113 39 vants
244 1318 75 39 de
281 1318 88 39 son
331 1318 125 39 temps,
419 1318 75 39 né
456 1318 63 39 à
481 1318 138 39 Genève.
582 1318 113 39 L.
657 1318 75 39 a.
694 1318 138 39 s.
794 1318 75 39 en
832 1318 125 39 latin,
920 1318 63 39 1
945 1318 75 39 p.
982 1318 100 39 in-8
1032 1318 113 39 oblong.

174 1352 84 44 Jolie
230 1352 94 44 pièce.
295 1352 56 44 12
314 1352 28 44 »

177 1388 127 42 23538
261 1388 155 42 CASSINI
374 1388 84 42 DE
416 1388 127 42 THURY
500 1388 295 42 (César-François),
753 1388 141 42 savant
852 1388 197 42 astronome,
1006 1388 141 42 auteur
1091 1388 56 42 de

170 1416 77 46 la
209 1416 115 46 Carte
286 1416 90 46 qui
337 1416 115 46 porte
414 1416 90 46 son
465 1416 103 46 nom,
529 1416 128 46 membre
619 1416 77 46 de
658 1416 141 46 l’Acad.
760 1416 90 46 des
812 1416 167 46 sciences.
940 1416 115 46 L.
1017 1416 77 46 a.
1042 1416 103 46 s.

168 1454 59 44 à
192 1454 71 44 M.
227 1454 95 44 ...;
286 1454 83 44 1er
334 1454 83 44 mai
381 1454 106 44 1777,
452 1454 59 44 4
476 1454 71 44 p.
511 1454 106 44 in-4.
582 1454 71 44 10
606 1454 35 44 »

199 1484 141 52 Épître
297 1484 98 52 des
354 1484 112 52 plus
424 1484 197 52 curieuses,
579 1484 84 52 où
621 1484 84 52 il
663 1484 141 52 expose
761 1484 84 52 la
804 1484 211 52 malheureuse
972 1484 183 52 situation
1099 1484 56 52 de

168 1522 251 44 l’Observatoire
377 1522 84 44 et
419 1522 153 44 demande
530 1522 97 44 que
586 1522 84 44 le
628 1522 97 44 Roi
683 1522 125 44 fasse
767 1522 153 44 quelque
878 1522 125 44 chose
962 1522 111 44 pour
1032 1522 84 44 un
1059 1522 84 44 éta-

164 1555 197 53 blissement
319 1555 99 53 qui
375 1555 70 53 a
403 1555 113 53 fait
474 1555 84 53 la
516 1555 141 53 gloire
614 1555 84 53 du
656 1555 141 53 siècle
755 1555 84 53 de
797 1555 127 53 Louis
882 1555 113 53 XIV.
938 1555 211 53 Très-

174 1586 128 49 sants
259 1586 156 49 détails
373 1586 71 49 a
401 1586 100 49 cet
458 1586 142 49 égard.
558 1586 199 49 Condorcet,
714 1586 199 49 d’Alembert
871 1586 85 49 et
913 1586 128 49 toute
984 1586 171 49 l’Académie

173 1635 102 46 des
232 1635 174 46 sciences
362 1635 218 46 soutiennent
537 1635 87 46 sa
566 1635 145 46 demande.

167 1641 124 73 23539
250 1641 206 73 CAUSSIDIÈRE
414 1641 151 73 (Marc),
524 1641 137 73 préfet
620 1641 82 73 de
662 1641 137 73 police
758 1641 82 73 et
799 1641 220 73 représentant
977 1641 82 73 du
1019 1641 137 73 peuple
1101 1641 55 73 en

179 1700 103 45 1848.
247 1700 103 45 L.
316 1700 69 45 a.
350 1700 114 45 s.
430 1700 57 45 à
453 1700 69 45 M.
487 1700 126 45 Monier;
579 1700 69 45 21
613 1700 103 45 févr.
682 1700 103 45 1849,
750 1700 57 45 3
773 1700 69 45 p.
807 1700 80 45 pl.
853 1700 103 45 in-4.
922 1700 57 45 7
933 1700 46 45 50

202 1725 164 60 Curieuse
326 1725 151 60 épître,
435 1725 123 60 datée
517 1725 82 60 de
558 1725 164 60 Londres,
682 1725 82 60 où
723 1725 82 60 il
764 1725 151 60 s’était
873 1725 151 60 réfugié
983 1725 82 60 et
1024 1725 82 60 où
1065 1725 82 60 il
1093 1725 68 60 lui

173 1762 158 52 raconte
288 1762 86 52 sa
331 1762 158 52 manière
445 1762 86 52 de
489 1762 144 52 vivre.
589 1762 101 52 «Je
646 1762 101 52 vis
704 1762 115 52 pour
776 1762 144 52 vivre,
876 1762 86 52 et
919 1762 187 52 réfléchis
1048 1762 101 52 beau-

174 1799 147 45 coup...
281 1799 94 45 Les
334 1799 134 45 haines
428 1799 187 45 politiques
574 1799 107 45 sont
641 1799 147 45 vivaces
748 1799 80 45 et
788 1799 80 45 je
828 1799 107 45 vois
895 1799 94 45 que
949 1799 80 45 je
989 1799 80 45 me
1029 1799 107 45 suis
1082 1799 67 45 at-

175 1841 113 36 tiré
246 1841 128 36 celle
331 1841 99 36 des
387 1841 198 36 royalistes
543 1841 85 36 au
586 1841 156 36 suprême
699 1841 142 36 degré.
799 1841 99 36 Peu
841 1841 227 36 m’importe!...»

172 1873 133 49 23540
261 1873 192 49 CHAROLAIS
408 1873 177 49 (Charles
541 1873 88 49 de
585 1873 177 49 BOURBON,
718 1873 133 49 comte
806 1873 118 49 de),
880 1873 206 49 gouverneur
1042 1873 88 49 de
1072 1873 88 49 Tou-

179 1895 128 60 raine,
269 1895 128 60 fameux
359 1895 90 60 par
410 1895 90 60 ses
462 1895 128 60 crimes
552 1895 77 60 et
590 1895 90 60 ses
641 1895 180 60 débauches.
783 1895 116 60 L.
860 1895 128 60 a
950 1895 77 60 s.
988 1895 64 60 à
1014 1895 77 60 M.
1052 1895 77 60 de
1078 1895 77 60 Mar-

177 1945 140 50 ville;
275 1945 84 50 14
317 1945 112 50 mars
387 1945 126 50 1742,
470 1945 98 50 1/2
526 1945 84 50 p.
568 1945 126 50 in-8,
652 1945 140 50 cachet
750 1945 112 50 bien
820 1945 182 50 conservé.
959 1945 126 50 Jolie
1043 1945 84 50 et
1071 1945 84 50 rare

178 1982 81 44 pièce.
235 1982 40 44 6
243 1982 32 44 50

180 1994 126 64 23541
264 1994 281 64 CHAUVEAU-LAGARDE
503 1994 112 64 (CI.
573 1994 126 64 Fr,),
657 1994 154 64 célèbre
770 1994 154 64 avocat,
882 1994 183 64 défenseur
1023 1994 84 64 de
1051 1994 112 64 Marie-

186 2040 173 52 Antoinette
321 2040 74 52 et
359 2040 74 52 de
396 2040 161 52 Charlotte
519 2040 136 52 Corday.
618 2040 111 52 L.
692 2040 74 52 a.
729 2040 136 52 s.
828 2040 74 52 30
865 2040 99 52 déc.
926 2040 111 52 1832,
1001 2040 86 52 1/2
1050 2040 74 52 p.
1075 2040 86 52 in

1059 2072 133 42 3
1086 2072 80 42 »

192 2110 66 49 23542
236 2110 80 49 COLIGNY
294 2110 80 49 (Louise
352 2110 58 49 de),
389 2110 66 49 fille
433 2110 44 49 de
455 2110 88 49 l’amiral
520 2110 88 49 Gaspard,
586 2110 66 49 femme
630 2110 44 49 de
645 2110 80 49 Guillaume

178 2141 81 49 de
219 2141 149 49 Nassau,
328 2141 136 49 prince
423 2141 177 49 d’Orange,
559 2141 95 49 dit
613 2141 122 49 le
694 2141 190 49 Taciturne.
844 2141 81 49 L.
884 2141 136 49 s.
979 2141 81 49 en
1007 2141 149 49 français;

176 2185 52 48 3
196 2185 93 48 févr.
259 2185 93 48 1598,
321 2185 73 48 1/2
362 2185 62 48 p.
393 2185 114 48 in-fol.
476 2185 166 48 Rare
611 2185 62 48 15
632 2185 31 48 »
