1556 2274
809 204 151 75 108
874 204 65 75 —

348 279 193 88 NOBLOT
483 279 250 88 (Marcel),
675 279 116 88 né
733 279 96 88 à
771 279 173 88 Metz.
887 279 96 88 —
925 279 135 88 18,
1002 279 212 88 impasse
1156 279 116 88 du
1195 279 154 88 Maine,

371 332 139 55 Paris.

386 389 281 84 *1755
615 389 176 84 Moulin
738 389 106 84 de
791 389 264 84 Chantemilau
1002 389 176 84 (temps
1107 389 141 84 gris).

387 454 274 67 *1756
609 454 171 67 Moulin
729 454 103 67 de
781 454 257 67 Chantemilau
969 454 188 67 (soleil).

386 500 266 70 *1757
602 500 266 70 Châtaigniers
818 500 133 70 dans
901 500 100 70 la
951 500 166 70 Creuse
1050 500 183 70 (soleil).

385 552 274 67 *1758
608 552 274 67 Châtaigniers
830 552 137 67 dans
916 552 103 67 la
967 552 171 67 Creuse
1087 552 171 67 (temps
1190 552 137 67 gris).

405 595 252 64 1759
607 595 101 64 Le
657 595 134 64 pont
741 595 101 64 de
792 595 252 64 Fresselines
976 595 185 64 (Creuse).

384 646 265 62 *1760
583 646 166 62 Croquis.

340 757 164 92 NOÉL
443 757 288 92 (Bastide),
669 757 123 92 né
731 757 103 92 à
772 757 164 92 Foix
875 757 267 92 (Ariège).
1080 757 103 92 —
1121 757 144 92 85,
1183 757 164 92 avenue

381 827 198 76 Kléber,
525 827 180 76 Paris,
652 827 108 76 et
706 827 108 76 2,
760 827 126 76 rue
832 827 108 76 de
886 827 271 76 Barcelonne,
1085 827 198 76 Narbonne.

577 914 210 68 *1761
748 914 79 68 Le
787 914 158 68 greffage
905 914 79 68 de
944 914 79 68 la
984 914 118 68 vigne
1049 914 171 68 (Narbonne).

581 961 166 68 *1762
715 961 93 68 Bords
777 961 62 68 de
798 961 93 68 l’Aude.

580 1010 148 60 *1763
700 1010 65 60 Les
727 1010 102 60 bruyères.

576 1055 203 59 *1764
741 1055 76 59 La
779 1055 114 59 route
855 1055 76 59 du
893 1055 127 59 moulin
969 1055 152 59 (Béziers).

576 1107 218 75 *1765
754 1107 82 75 Le
795 1107 136 75 chemin
890 1107 82 75 de
931 1107 82 75 la
972 1107 136 75 grange
1054 1107 177 75 (Narbonne).

336 1223 152 82 NOÈL
431 1223 305 82 (Geneviève).
679 1223 95 82 —
717 1223 114 82 5,
774 1223 171 82 place
888 1223 114 82 du
945 1223 229 82 Château,
1098 1223 152 82 Brest.

380 1309 262 65 *1766
592 1309 196 65 Portrait
740 1309 98 65 de
789 1309 115 65 Mme
838 1309 98 65 N...

377 1370 286 71 *1767
610 1370 161 71 Etude
717 1370 215 71 bretonne
878 1370 107 71 de
913 1370 197 71 Pontaven.

379 1418 262 72 *1768
592 1418 197 72 Portrait
739 1418 82 72 à
772 1418 98 72 la
805 1418 180 72 sanguine.

333 1536 216 75 NORJAN.
491 1536 98 75 —
530 1536 138 75 25,
609 1536 138 75 rue
687 1536 295 75 Montenotte,
904 1536 157 75 Paris.

378 1613 278 71 *1769
603 1613 156 71 Etude
707 1613 191 71 paysage
829 1613 208 71 (Gironde).

376 1668 281 69 *1770
605 1668 158 69 Etude
711 1668 193 69 paysage
851 1668 158 69 (bois
957 1668 106 69 de
992 1668 211 69 Boulogne).

376 1716 265 78 *1771
592 1716 149 78 Etude
691 1716 182 78 paysage
824 1716 116 78 (la
890 1716 149 78 Seine
989 1716 99 78 au
1039 1716 132 78 pont
1122 1716 99 78 de
1155 1716 182 78 Neuilly).

374 1765 282 77 *1772
604 1765 159 77 Etude
710 1765 194 77 paysage
851 1765 124 77 (le
921 1765 141 77 mont
992 1765 194 77 Ventoux).

374 1813 276 55 *1773
598 1813 155 55 Etude
684 1813 172 55 paysage.

374 1863 274 75 *1774
597 1863 154 75 Etude
683 1863 171 75 paysage.
