1544 2268
599 239 114 67 —
645 239 160 67 119
713 239 69 67 —

197 312 212 63 RAMEAU
345 312 275 63 (Claude),
557 312 127 63 né
620 312 106 63 à
663 312 360 63 Bourbon-Lancy
938 312 254 63 (Saône-

239 370 190 75 Loire).
377 370 86 75 —
411 370 103 75 6,
463 370 121 75 rue
532 370 293 75 Sainte-Alice,
756 370 138 75 Paris.

240 438 266 65 *1953
456 438 116 65 Ane
523 438 100 65 et
572 438 133 65 mare
655 438 100 65 au
689 438 149 65 soleil.

240 500 277 51 *1954
465 500 173 51 Maison
586 500 242 51 d’ancêtres
759 500 190 51 (Morvan).

240 542 266 53 *1955
456 542 166 53 Entrée
572 542 133 53 d’un
655 542 133 53 bois
739 542 100 53 de
788 542 166 53 hêtres
888 542 249 53 (après

240 595 268 56 *1966
458 595 167 56 Sortie
575 595 134 56 d’un
659 595 134 56 bois
742 595 100 56 de
793 595 184 56 mélèzes
910 595 167 56 (matin).

239 644 283 56 *1957
469 644 141 56 Dans
557 644 106 56 le
610 644 194 56 Morvan,
751 644 124 56 aux
822 644 212 56 environs
981 644 106 56 de
1034 644 106 56 la
1069 644 124 56 Tous

449 684 135 47 saint.

237 729 325 59 *1958
501 729 244 59 Oratoire
684 729 122 59 au
745 729 203 59 sommet
887 729 183 59 d’une
989 729 203 59 montagne

440 768 219 71 (Morvan).

198 878 186 50 RANFT
323 878 290 50 (Richard),
550 878 124 50 né
612 878 104 50 à
654 878 228 50 Genève.
819 878 104 50 —
861 878 311 50 Montévrain,
1088 878 104 50 par

237 927 166 71 Lagny
329 927 349 71 (Seine

437 998 177 59 *1959
581 998 111 59 Féerie
658 998 66 59 du
680 998 122 59 couchant.

437 1050 161 59 *1960
568 1050 60 59 Au
598 1050 81 59 pays
638 1050 91 59 breton.

435 1098 189 59 *1961
589 1098 83 59 Les
636 1098 154 59 marchands
743 1098 106 59 d’ânes.

435 1147 198 56 *1962
596 1147 112 56 Lever
670 1147 74 56 de
708 1147 99 56 lune
770 1147 74 56 au
794 1147 112 56 hameau.

439 1194 168 59 *1963
575 1194 74 59 Les
617 1194 105 59 fleurs
691 1194 63 59 du
712 1194 95 59 jardin.

438 1243 166 62 *1964
573 1243 62 62 La
604 1243 83 62 nuit
656 1243 73 62 sur
697 1243 62 62 le
718 1243 73 62 port.

199 1338 194 72 RANSON
335 1338 311 72 (Paul-Elie),
587 1338 117 72 né
645 1338 97 72 à
684 1338 233 72 Limoges.
859 1338 97 72 —
898 1338 155 72 175,
975 1338 214 72 boulevard

238 1398 202 61 Péreire,
373 1398 135 61 Paris.

238 1469 279 62 *1965
465 1469 105 62 La
517 1469 122 62 mer
587 1469 87 62 à
604 1469 140 62 Nozan.

240 1524 275 54 *1966
463 1524 103 54 Le
515 1524 172 54 chemin
618 1524 138 54 creux.

239 1571 263 50 *1967
452 1571 115 50 Les
518 1571 197 50 bruyères
666 1571 115 50 des
716 1571 115 50 fées.

240 1617 256 65 *1968
448 1617 96 65 La
496 1617 176 65 vieille
623 1617 176 65 église,
751 1617 80 65 à
767 1617 112 65 Vaux.

198 1718 316 65 RAOUL-MARIE
451 1718 274 65 (Edmond),
662 1718 127 65 né
725 1718 105 65 à
767 1718 211 65 Paris.
915 1718 105 65 —
957 1718 148 65 18,
1041 1718 148 65 rue
1105 1718 84 65 de

236 1774 200 59 Mesmes,
381 1774 218 59 Bougival
526 1774 327 59 (Seine

237 1839 270 73 *1969
457 1839 152 73 Etang
558 1839 135 73 sous
626 1839 118 73 bois,

239 1895 258 67 *1970
449 1895 97 67 La
497 1895 275 67 châtaigneraie
707 1895 178 67 (pastel).
