1556 2274
361 310 173 63 ROGER
476 310 327 63 (Georges-A.),
745 310 115 63 né
803 310 96 63 à
841 310 231 63 Orléans.
1014 310 96 63 —
1053 310 135 63 65,
1129 310 135 63 rue
1206 310 115 63 de
1245 310 115 63 Gre-

401 355 165 72 nelle,
499 355 132 72 Paris.

419 446 265 62 *2011
635 446 182 62 Château
767 446 99 62 de
817 446 99 62 la
867 446 215 62 Beuvrière
1033 446 149 62 (aile
1115 446 133 62 nord).

418 505 266 53 *2012
635 505 183 53 Château
768 505 100 53 de
817 505 100 53 la
867 505 216 53 Beuvrière
1034 505 150 53 (aile
1117 505 116 53 sud).

417 553 272 64 *2013
638 553 170 64 Moulin
757 553 102 64 de
808 553 204 64 Laventie
961 553 221 64 (environs
1131 553 102 64 de
1165 553 153 64 Lille).

418 603 264 68 *2014
633 603 149 68 Petit
732 603 182 68 cloître
864 603 116 68 des
931 603 231 68 fchartreux
1112 603 182 68 (église
1228 603 132 68 Saint-

643 657 183 51 Pierre
771 657 110 51 de
807 657 219 51 Toulouse).

417 700 284 46 *2015
648 700 160 46 Porte
755 700 124 46 des
826 700 231 46 maréchaux
1003 700 89 46 à
1021 700 160 46 Bruges.

434 753 302 53 2016
675 753 322 53 Commencement
937 753 262 53 d’automne
1139 753 101 53 à
1159 753 201 53 Fourque-

643 800 152 64 vaix
719 800 342 64 (Haute

359 940 193 71 ROUART
494 940 251 71 (Ernest),
686 940 116 71 né
744 940 96 71 à
783 940 193 71 Paris.
918 940 96 71 —
956 940 154 71 235,
1053 940 231 71 faubourg
1207 940 154 71 Saint-

398 1003 207 58 Honoré,
530 1003 150 58 Paris.

439 1101 256 76 2018
644 1101 205 76 Portrait
798 1101 154 76 d’une
900 1101 137 76 mère
986 1101 137 76 avec
1071 1101 120 76 son
1122 1101 154 76 enfant.

355 1270 491 62 GABRIEL-ROUSSEAU,
775 1270 140 62 né
846 1270 117 62 à
892 1270 210 62 Lyon.
1033 1270 117 62 —
1079 1270 187 62 102,
1196 1270 164 62 rue
1266 1270 94 62 de

397 1331 275 71 Longchamp,
613 1331 118 71 et
672 1331 157 71 chez
770 1331 294 71 Barthélemy,
1006 1331 137 71 52,
1084 1331 137 71 rue
1143 1331 216 71 Laffitte,

379 1379 145 62 Paris.

612 1475 191 75 *2019
767 1475 120 75 Paris:
851 1475 72 75 la
887 1475 96 75 gare
935 1475 179 75 Saint

612 1534 203 70 2020
775 1534 163 70 L’arrivé
897 1534 108 70 d’un
965 1534 122 70 train
1046 1534 68 70 à
1073 1534 81 70 la
1114 1534 149 70 station
1222 1534 81 70 du
1250 1534 108 70 métro:

644 1585 169 57 place
738 1585 262 57 Victor

609 1614 215 75 2021
781 1614 115 75 Gare
852 1614 86 75 de
895 1614 215 75 locomotives
1067 1614 72 75 à
1082 1614 272 75 Orléans

612 1682 198 58 2022
770 1682 79 58 Le
810 1682 171 58 boulevard
928 1682 211 58 Saint

614 1728 184 51 2023
761 1728 74 51 La
798 1728 111 51 Seine
872 1728 74 51 au
896 1728 148 51 Pont

611 1773 220 64 2024
787 1773 132 64 Étude
875 1773 117 64 pour
949 1773 103 64 une
1007 1773 205 64 exposition
1168 1773 103 64 des
1227 1773 132 64 bords
1300 1773 59 64 du

644 1820 195 79 Rhin:
775 1820 195 79 Lever
905 1820 130 79 de
970 1820 174 79 lune
1079 1820 109 79 à
1100 1820 261 79 Saint

624 1870 272 68 (Allemagne).
