1556 2274
744 183 116 84 —
790 183 162 84 126
860 183 69 84 —

339 248 234 115 SAUVANON
515 248 371 115 (Léon-Georges),
828 248 117 115 né
887 248 98 115 à
926 248 195 115 Paris.
1062 248 98 115 —
1102 248 156 115 191,
1199 248 137 115 rue
1258 248 78 115 de

376 324 245 68 Charonne,
546 324 151 68 Paris.

380 401 255 79 *2076
587 401 175 79 Captive
715 401 223 79 (aquarelle
874 401 128 79 fine).

379 467 259 58 *2077
590 467 178 58 Pensées
703 467 227 58 (aquarelle).

376 505 269 63 *2078
595 505 135 63 Bord
679 505 101 63 de
730 505 101 63 la
780 505 152 63 Marne
864 505 236 63 (aquarelle).

377 559 271 72 *2079
597 559 135 72 Bord
682 559 102 72 de
733 559 102 72 la
783 559 152 72 Marne
868 559 237 72 (aquarelle).

331 678 362 77 SCHLOSSMACHER
629 678 298 77 (Georges),
863 678 128 77 né
927 678 106 77 à
969 678 213 77 Paris.
1118 678 106 77 —
1161 678 149 77 39,
1225 678 106 77 rue

373 741 232 69 Borghèse,
534 741 356 69 Neuilly

375 802 272 81 *2080
596 802 170 81 Bassin
715 802 102 81 de
766 802 170 81 chasse
885 802 119 81 (Le
936 802 170 81 Crotoy).

374 861 262 63 *2081
587 861 131 63 Coup
669 861 98 63 de
701 861 148 63 soleil.

372 910 272 60 *2082
593 910 119 60 Fin
661 910 187 60 d’orage
781 910 221 60 (Morbihan).

372 956 275 71 *2083
595 956 103 71 Le
647 956 172 71 chemin
750 956 137 71 creux.

327 1079 348 73 SCHUFFENECKER
613 1079 389 73 (Claude-Emile),
940 1079 123 73 né
1002 1079 102 73 à
1022 1079 307 73 Fresne-

367 1141 166 62 Mamès
477 1141 332 62 (Haute-Saône).
754 1141 92 62 —
791 1141 111 62 4,
846 1141 129 62 rue
920 1141 221 62 Paturle,
1067 1141 148 62 Paris.

388 1205 243 84 2084
582 1205 194 84 Portrait
728 1205 97 84 de
776 1205 113 84 Mme
841 1205 130 84 F...
906 1205 178 84 (pastel).

370 1259 263 66 *2085
583 1259 131 66 Dans
665 1259 98 66 la
698 1259 131 66 neige.

386 1308 266 79 2086
599 1308 124 79 Sur
670 1308 106 79 la
723 1308 160 79 grève
830 1308 266 79 (appartient
1042 1308 106 79 au
1096 1308 195 79 docteur
1220 1308 106 79 Che

578 1364 193 59 valerias).

324 1486 383 69 SCHUTZENBERGER
643 1486 234 69 (René),
813 1486 128 69 né
877 1486 106 69 à
920 1486 277 69 Mulhouse.
1132 1486 106 69 —
1175 1486 128 69 2,
1218 1486 106 69 rue

364 1533 384 76 Dumont-Thiéville,
675 1533 146 76 Paris.

558 1612 165 78 2087
688 1612 71 78 La
723 1612 106 78 Seine
794 1612 59 78 à
817 1612 106 78 l’Ile
888 1612 71 78 de
923 1612 71 78 la
947 1612 94 78 Jatte.

558 1667 147 61 2088
673 1667 84 61 Sous
725 1667 73 61 les
757 1667 94 61 sapins.

558 1714 162 64 2089
686 1714 70 64 La
721 1714 104 64 Seine
790 1714 70 64 et
825 1714 81 64 les
860 1714 104 64 usines.

554 1764 184 62 2090
699 1764 132 62 Seigle
791 1764 105 62 vert
857 1764 79 62 et
896 1764 158 62 pommiers
1015 1764 79 62 en
1041 1764 119 62 fleurs.

558 1808 137 67 2091
666 1808 127 67 Cerisiers
754 1808 98 67 fleuris.

556 1855 149 75 2092
674 1855 64 75 La
695 1855 128 75 tourmente.
