1556 2274
740 209 117 77 —
763 209 117 77 130

391 269 265 83 *2149
590 269 166 83 Paysage.

413 340 231 57 2150
582 340 169 57 Portrait.

391 387 257 64 *2151
584 387 144 64 Fleurs.

328 517 130 84 SON
403 517 278 84 (Johannès),
625 517 111 84 né
681 517 93 84 à
718 517 167 84 Lyon.
829 517 93 84 —
866 517 130 84 30,
940 517 130 84 rue
1014 517 241 84 Fontaine,
1181 517 148 84 Paris.

580 623 192 61 2152
734 623 115 61 L’Ain
811 623 64 61 à
837 623 154 61 Varambon
939 623 103 61 (Ain).

581 677 200 62 2153
740 677 146 62 Matinée
847 677 67 62 à
873 677 120 62 Rouen
953 677 306 62 (Seine-Inférieure),
1206 677 120 62 pastel.

578 725 216 51 2154
751 725 144 51 Quatre
852 725 144 51 effets
953 725 87 51 du
996 725 130 51 matin
1083 725 87 51 du
1126 725 101 51 lac
1184 725 87 51 de
1213 725 115 51 Nantua

586 768 156 59 (Ain).

576 813 208 63 2155
742 813 139 63 Quatre
839 813 152 63 études.
950 813 97 63 Les
992 813 152 63 moissons.

576 865 212 57 2156
745 865 127 57 Trois
830 865 141 57 études
929 865 71 57 :
958 865 141 57 Rouen,
1056 865 198 57 Granville,
1198 865 127 57 Anvers.

607 915 279 58 Appartient
826 915 100 58 à
866 915 139 58 Mme
926 915 119 58 M...

578 964 183 63 2157
724 964 98 63 Deux
785 964 122 63 études
871 964 98 63 dans
919 964 98 63 l’Ain.

320 1107 273 74 SOULL’ARD
530 1107 252 74 (Louis),
719 1107 126 74 né
782 1107 105 74 à
824 1107 273 74 Saint-Lô.
1033 1107 105 74 —
1075 1107 147 74 17,
1138 1107 189 74 passage

360 1164 233 62 Gourdon,
515 1164 155 62 Paris.

380 1247 265 61 *2158
596 1247 166 61 Soleil
712 1247 166 61 levant
828 1247 116 61 sur
894 1247 99 61 la
927 1247 133 61 brume.

382 1308 273 62 *2159
604 1308 154 62 Brume
706 1308 188 62 d’hiver
843 1308 256 62 (Pont-Neuf,
1048 1308 154 62 petit
1133 1308 137 62 bras).

380 1352 271 58 *2160
600 1352 136 58 Sous
685 1352 102 58 le
736 1352 136 58 pont
821 1352 102 58 de
855 1352 254 58 l’archevêché.

379 1400 262 54 *2161
591 1400 98 54 La
640 1400 164 54 Bièvre
755 1400 131 54 (rue
837 1400 98 54 de
886 1400 98 54 la
919 1400 196 54 Glacière).

378 1450 285 65 *2162
610 1450 107 65 La
663 1450 160 65 Marne
770 1450 107 65 (à
823 1450 107 65 La
859 1450 249 65 Maltournée).

379 1496 273 66 *2163
601 1496 154 66 Dégel
703 1496 171 66 (route
805 1496 205 66 d’Antony).

317 1615 234 82 SOULLARD
493 1615 254 82 (Pascal),
688 1615 117 82 né
747 1615 98 82 à
786 1615 195 82 Paris.
923 1615 98 82 —
962 1615 137 82 17,
1040 1615 215 82 passage
1176 1615 137 82 Gour-

357 1684 146 62 don,
430 1684 146 62 Paris.

379 1763 248 71 *2164
580 1763 217 71 Jardinière
750 1763 108 71 (le
796 1763 155 71 baiser).

375 1821 268 66 *2165
593 1821 151 66 Buste
694 1821 168 66 (vieux
794 1821 168 66 marins).

396 1869 262 76 2166
605 1869 157 76 Buste
710 1869 122 76 (M.
780 1869 105 76 R.
815 1869 122 76 M...)
