1556 2250
401 270 268 84 *2185
602 270 117 84 Xénia

402 346 260 56 *2186
597 346 179 56 L’aurore.

402 400 257 54 *2187
611 400 96 54 La
643 400 112 54 nuit.

340 523 199 69 THÉLEM
480 523 259 69 (Ernest),
679 523 120 69 né
739 523 100 69 à
779 523 199 69 Paris.
918 523 100 69 —
958 523 140 69 31,
1038 523 259 69 boulevard
1217 523 120 69 Ber-

380 582 165 62 thier,
480 582 132 62 Paris.

402 657 257 70 *2188
611 657 145 70 Après
707 657 96 70 le
739 657 145 70 rallye.

402 718 263 58 *2189
615 718 99 58 Au
665 718 132 58 bois
731 718 230 58 (aquarelle).

461 782 251 63 Illustrations
668 782 192 63 extraites
815 782 88 63 de
859 782 221 63 l'Ecurie
1021 782 236 63 Potardot

399 844 282 61 *2190
629 844 177 61 Retour
752 844 106 61 de
805 844 212 61 Colombes
964 844 194 61 (dessin
1106 844 88 61 à
1141 844 106 61 la
1176 844 159 61 plume).

401 900 275 47 *2191
624 900 103 47 La
675 900 137 47 mort
761 900 103 47 du
813 900 154 47 crack
916 900 189 47 (dessin
1053 900 86 47 à
1087 900 103 47 la
1122 900 154 47 plume).

401 942 266 61 *2192
617 942 100 61 La
667 942 150 61 vente
767 942 183 61 (dessin
900 942 83 61 à
933 942 100 61 la
966 942 150 61 plume).

402 996 271 62 *2193
622 996 101 62 La
673 996 220 62 rencontre
842 996 186 62 (dessin
977 996 85 62 à
1011 996 101 62 la
1045 996 152 62 plume).

340 1108 179 65 THIRY
459 1108 219 65 (René),
619 1108 119 65 né
678 1108 99 65 à
718 1108 199 65 Rouen.
857 1108 99 65 —
897 1108 139 65 47,
977 1108 139 65 rue
1037 1108 298 65 Caulaincourt,

362 1166 143 58 Paris.

401 1236 264 64 *2194
615 1236 99 64 Le
648 1236 148 64 halage.

402 1292 278 62 *2195
627 1292 104 62 La
680 1292 226 62 gibouiée,
853 1292 174 62 labour
975 1292 104 62 au
1010 1292 208 62 printemps.

400 1334 274 66 *2196
623 1334 154 66 Après
725 1334 206 66 l’orage,
879 1334 171 66 iabour
999 1334 103 66 au
1034 1334 206 66 printemps.

403 1385 260 58 *2197
614 1385 130 58 Quai
679 1385 244 58 d’Austerlitz.

401 1435 271 55 *2198
621 1435 135 55 Quai
706 1435 102 55 de
757 1435 102 55 la
791 1435 135 55 Rapée.

401 1490 279 63 *2199
628 1490 122 63 Les
680 1490 227 63 tombereaux.

340 1592 195 64 THOMAS
477 1592 351 64 (Pierre-Paul),
770 1592 117 64 né
828 1592 98 64 à
868 1592 215 64 Limoges
1004 1592 332 64 (Haute

377 1645 99 73 —
417 1645 139 73 40,
496 1645 139 73 rue
576 1645 119 73 du
615 1645 139 73 Four.

402 1699 269 82 *2209
604 1699 218 82 Pont

403 1771 272 56 *2201
624 1771 170 56 Ecluse
744 1771 102 56 de
795 1771 102 56 la
829 1771 170 56 Monnaie.

401 1817 269 68 *2242
620 1817 219 68 Locquirec
771 1817 236 68 (Finistère).

402 1876 273 66 *2203
624 1876 205 66 Rochers,
778 1876 85 66 à
795 1876 205 66 Locquirec.
