1544 2268
331 424 801 88 DESIGNATION

282 670 156 70 ADAM
380 670 234 70 (Louis),
556 670 117 70 né
615 670 98 70 à
654 670 195 70 Paris.
791 670 98 70 —
830 670 137 70 46,
908 670 195 70 avenue
1025 670 254 70 Parmentier,

305 724 140 63 Paris.

377 813 187 58 1
518 813 93 58 Ma
564 813 171 58 fenêtre
673 813 187 58 (automne).

356 860 214 68 *2
520 860 115 68 Rue
586 860 99 68 de
635 860 378 68 l’Abbaye-sous-Toile
947 860 329 68 (Pont

377 916 197 54 3
524 916 98 54 Un
573 916 148 54 petit
672 916 164 54 chemin
770 916 328 54 (Pont

356 959 195 68 *4
506 959 210 68 Restaurant
670 959 90 68 du
715 959 180 68 Lapin
850 959 195 68 agile
985 959 224 68 (Montmartre).

356 1010 213 58 *5
520 1010 115 58 Rue
585 1010 164 58 Cortot
700 1010 164 58 (vieux
798 1010 230 58 Montmartre).

444 1061 135 57 Rue
521 1061 116 57 du
579 1061 270 57 Mont-Cenis
791 1061 193 57 (vieux
906 1061 270 57 Montmartre).

277 1208 170 66 AGARD
390 1208 264 66 (Charles),
598 1208 113 66 né
654 1208 94 66 à
692 1208 208 66 Nontron
843 1208 283 66 (Dordogne).
1069 1208 94 66 —
1107 1208 132 66 23,
1164 1208 113 66 bou-

312 1257 182 65 levard
439 1257 347 65 Gouvion-St-Cyr,
713 1257 146 65 Paris.

352 1341 189 66 *7
498 1341 131 66 Jeune
585 1341 131 66 fille
658 1341 175 66 dessinant.

350 1388 203 62 *8
507 1388 203 62 Géraniums
663 1388 125 62 dans
742 1388 94 62 la
773 1388 125 62 serre.

352 1443 181 56 *9
492 1443 84 56 La
519 1443 140 56 pelouse.

316 1483 221 63 *10
490 1483 158 63 Soleil
585 1483 189 63 d’automne.

319 1539 221 56 *11
493 1539 95 56 Le
540 1539 126 56 gros
603 1539 126 56 nuage.

337 1586 196 71 12
487 1586 165 71 Ophélie
593 1586 150 71 (étude).

297 1760 108 55 (1)
358 1760 246 55 L’astérisque
558 1760 138 55 placé
650 1760 77 55 à
681 1760 123 55 côté
758 1760 108 55 des
819 1760 169 55 numéros
942 1760 169 55 indique
1065 1760 108 55 les
1127 1760 154 55 œuvres
1219 1760 46 55 à

250 1796 144 50 vendre.

298 1836 87 42 On
341 1836 115 42 peut
413 1836 87 42 se
456 1836 188 42 procurer,
600 1836 87 42 au
644 1836 216 42 Secrétariat
817 1836 87 42 de
860 1836 245 42 l’Exposition,
1062 1836 115 42 tous
1134 1836 101 42 les
1177 1836 87 42 ren

266 1867 224 66 seignements
445 1867 224 66 nécessaires
624 1867 75 66 à
654 1867 164 66 l’achat
773 1867 104 66 des
833 1867 194 66 ouvrages,
982 1867 119 66 prix
1056 1867 104 66 des
1116 1867 149 66 œuvres
1205 1867 60 66 et

265 1915 174 54 adresses
396 1915 102 54 des
440 1915 145 54 auteurs.
