1556 2274
753 273 150 57 36
803 273 75 57 —

376 337 260 72 *425
584 337 104 72 La
636 337 226 72 marchande
810 337 104 72 de
844 337 174 72 gâteaux.

378 397 242 64 *426
571 397 97 64 La
619 397 129 64 Cité
684 397 193 64 (Londres).

375 441 265 70 *427
587 441 194 70 Enfants
728 441 106 70 au
781 441 141 70 parc
852 441 176 70 Monceau.

292 586 189 64 CASSE
418 586 274 64 (Eugène),
629 586 126 64 né
692 586 105 64 à
734 586 210 64 Nancy.
881 586 105 64 —
923 586 147 64 41,
1007 586 147 64 rue
1092 586 126 64 du
1134 586 168 64 Fer-

333 636 204 62 Moulin,
463 636 149 62 Paris.

378 715 242 71 *428
572 715 97 71 La
620 715 162 71 Bièvre
733 715 129 71 (rue
814 715 113 71 des
863 715 242 71 Cordelières).

377 776 238 53 *429
567 776 95 53 La
615 776 158 53 Bièvre
726 776 127 53 (île
805 776 111 53 des
853 776 158 53 Singes).

374 827 250 56 *430
574 827 100 56 La
624 827 167 56 Bièvre
741 827 133 56 (rue
808 827 250 56 Croulebarbe).

373 877 255 44 *431
577 877 102 44 La
628 877 170 44 Bièvre
747 877 238 44 (boulevard
934 877 102 44 du
968 877 238 44 Port

373 918 243 51 *432
568 918 97 51 La
616 918 162 51 Bièvre
730 918 130 51 (rue
795 918 162 51 Pascal).

375 965 236 63 *433
564 965 95 63 La
612 965 158 63 Bièvre
722 965 126 63 (rue
785 965 173 63 Dairiel).

290 1110 277 60 CASTAGNARY
508 1110 178 60 (Mlle
626 1110 297 60 Gabrielle),
864 1110 138 60 née
943 1110 99 60 à
983 1110 237 60 Saintes.
1161 1110 99 60 —
1180 1110 119 60 Chez

331 1164 116 51 M.
389 1164 174 51 Henri
505 1164 213 51 Voisin,
660 1164 136 51 10,
738 1164 136 51 rue
815 1164 213 51 Eugénie
970 1164 330 51 (Saint-Mandé)
1222 1164 78 51 et

334 1206 102 74 au
385 1206 204 74 Portail,
538 1206 136 74 près
607 1206 170 74 Saintes.

376 1304 245 55 *434
571 1304 98 55 Le
620 1304 130 55 quai
702 1304 114 55 des
767 1304 163 55 Roches
881 1304 114 55 (le
946 1304 147 55 soir,
1028 1304 179 55 Saintes).

374 1353 250 48 *435
574 1353 100 48 La
624 1353 200 48 Charente
774 1353 167 48 inonde
891 1353 100 48 la
924 1353 167 48 prairie.

373 1401 256 58 *436
578 1401 171 58 Etudes
697 1401 137 58 dans
783 1401 119 58 les
851 1401 205 58 Pyrénées
987 1401 188 58 (Luchon).

291 1547 294 68 CASTELUCHO
522 1547 294 68 (Claudio),
753 1547 126 68 né
816 1547 105 68 à
858 1547 294 68 Barcelone.
1089 1547 105 68 —
1131 1547 147 68 22,
1194 1547 105 68 rue

334 1595 277 63 Boissonade,
536 1595 148 63 Paris.

537 1679 170 57 *437
672 1679 147 57 Laboureur
774 1679 113 57 catalan.

535 1732 189 65 *438
687 1732 76 65 En
725 1732 152 65 écoutant
838 1732 76 65 la
864 1732 126 65 musique.

536 1785 148 57 *439
654 1785 69 57 Les
684 1785 108 57 danseurs.

540 1830 136 53 *440
639 1830 109 53 Danseuses.

537 1877 168 55 *441
671 1877 101 55 Femme
738 1877 67 55 au
761 1877 78 55 vent.

539 1922 153 69 *442
651 1922 132 69 Bohémienne.
