1544 2268
609 245 122 68 —
657 245 146 68 43
706 245 73 68 —

278 316 288 85 *558
508 316 192 85 Moulin
642 316 115 85 au
700 316 154 85 bord
796 316 115 85 de
854 316 115 85 la
911 316 211 85 Calonne
1045 316 154 85 (aqua

455 367 135 57 relle).

279 411 248 65 *559
478 411 182 65 Paysage
611 411 83 65 à
644 411 232 65 Bazincourt
809 411 232 65 (aquarelle).

197 521 211 57 CONTANT
351 521 231 57 (Jules),
523 521 115 57 né
581 521 96 57 à
620 521 192 57 Blois.
754 521 96 57 —
792 521 135 57 89,
869 521 154 57 quai
946 521 250 57 Ulysse-

240 572 156 61 nard,
343 572 156 61 Blois
430 572 294 61 (Loir

279 645 253 64 *560
481 645 185 64 Matinée
616 645 101 64 de
667 645 202 64 juillet,
802 645 202 64 Pont

279 695 258 64 *561
485 695 155 64 Route
588 695 103 64 de
640 695 172 64 Vence,
743 695 155 64 Cagnes.

280 745 255 64 *562
484 745 102 64 Le
535 745 204 64 quartier
688 745 255 64 Saint-Anne,
875 745 153 64 Cagnes.

199 856 203 75 CORDIER
346 856 240 75 (Albert),
530 856 111 75 né
586 856 92 75 à
623 856 184 75 Paris.
752 856 92 75 —
788 856 111 75 La
825 856 369 75 Ferté

220 913 339 75 (Seine

278 990 250 69 *563
479 990 100 69 La
529 990 150 69 Marne
629 990 100 69 et
679 990 100 69 le
729 990 133 69 pont
812 990 100 69 de
862 990 100 69 la
912 990 167 69 ville,
1029 990 117 69 vue
1079 990 117 69 prise

465 1032 107 52 du
519 1032 143 52 port
608 1032 89 52 à
643 1032 107 52 La
679 1032 374 52 Ferté

278 1073 266 62 *564
491 1073 302 62 Chrysanthèmes
739 1073 142 62 dans
828 1073 124 62 une
881 1073 160 62 cruche.

277 1125 276 54 *565
498 1125 111 54 Le
553 1125 147 54 pett
645 1125 166 54 Morin
756 1125 111 54 au
811 1125 166 54 vieux
922 1125 184 54 moulin
1051 1125 111 54 de
1087 1125 111 54 Mou-

467 1175 171 43 rette,
587 1175 137 43 près
672 1175 103 43 La
706 1175 359 43 Ferté

296 1209 268 56 566
507 1209 115 56 La
564 1209 172 56 route
679 1209 115 56 de
736 1209 192 56 Besnay
870 1209 96 56 à
909 1209 249 56 Souvigny,
1081 1209 115 56 dans

453 1251 169 54 l’Allier.

278 1287 251 67 *567
479 1287 184 67 Coucher
613 1287 100 67 de
663 1287 167 67 soleil
780 1287 117 67 sur
847 1287 100 67 la
897 1287 151 67 Marne
997 1287 84 67 à
1031 1287 100 67 La
1064 1287 134 67 Ferté-

485 1340 292 54 sous-Jouarre
722 1340 146 54 (vue
813 1340 164 54 prise
922 1340 109 54 du
977 1340 146 54 pont
1050 1340 146 54 neuf).

278 1382 243 54 568
468 1382 104 54 La
520 1382 225 54 promenade
694 1382 104 54 de
746 1382 156 54 l’île
849 1382 104 54 et
901 1382 121 54 les
971 1382 225 54 chantiers
1127 1382 69 54 de

445 1432 182 51 meules
572 1432 91 51 à
608 1432 109 51 La
645 1432 381 51 Ferté

195 1519 301 76 CORGIALEGNO
436 1519 181 76 (S.),
556 1519 120 76 né
617 1519 100 76 à
657 1519 281 76 Marseille.
878 1519 100 76 —
918 1519 141 76 24,
998 1519 141 76 rue
1058 1519 141 76 Bona-

236 1585 171 72 parte,
338 1585 137 72 Paris.

272 1662 220 56 569
445 1662 157 56 Petite
555 1662 141 56 ville
649 1662 94 56 au
696 1662 125 56 bord
774 1662 94 56 de
806 1662 125 56 l'eau.

276 1716 223 50 570
451 1716 191 50 Vieilles
579 1716 159 50 maisons.

272 1755 225 57 571
448 1755 144 57 Avant
529 1755 160 57 l'orage.

272 1805 221 57 572
446 1805 111 57 Les
493 1805 111 57 pins.

265 1857 226 57 573
443 1857 97 57 Le
491 1857 129 57 soir
556 1857 226 57 (Martigues).

271 1901 241 56 574
460 1901 138 56 Port
546 1901 103 56 de
581 1901 206 56 Martigues.
