1544 2268
276 264 182 89 DEBRAUX
409 264 182 89 (René).
541 264 83 89 —
574 264 99 89 13
624 264 248 89 bis
823 264 116 89 rue
889 264 99 89 du
939 264 182 89 Marché,
1054 264 166 89 Neuilly-

313 323 127 62 sur
367 323 146 62 Seine.

518 415 167 75 632
649 415 95 75 Dans
708 415 71 75 le
744 415 95 75 Jura
804 415 107 75 (vers
875 415 71 75 le
899 415 95 75 soir).

518 469 161 64 633
645 469 81 64 Les
691 469 104 64 toits
761 469 69 64 de
784 469 92 64 Rouen.

517 521 173 50 634
652 521 99 50 Dans
714 521 74 50 le
751 521 99 50 Jura
812 521 123 50 (temps
886 521 99 50 gris).

517 567 166 59 635
647 567 107 59 Rouen
719 567 95 59 (les
766 567 142 59 péniches).

520 613 155 59 636
642 613 100 59 Rouen
708 613 89 59 (les
752 613 100 59 quais).

516 665 177 64 637
655 665 114 64 Rouen
731 665 101 64 (vue
795 665 164 64 générale)
921 665 76 64 le
946 665 89 64 soir.

273 846 273 55 DELAHOGUE
483 846 273 55 (Alexis),
693 846 126 55 né
757 846 105 55 à
799 846 252 55 Soissons
988 846 252 55 (Aisne).
1156 846 63 55 —

319 910 120 53 15,
387 910 120 53 rue
456 910 359 53 Grange-Batelière.
746 910 137 53 Paris.

372 1014 242 57 638
562 1014 138 57 Vaux
648 1014 104 57 de
700 1014 155 57 Ligny
786 1014 173 57 (Yonne).

373 1063 238 52 639
560 1063 170 52 Quatre
680 1063 170 52 études
782 1063 187 52 ensembre.

355 1111 244 52 *640
550 1111 179 52 Village
680 1111 98 52 de
729 1111 228 52 Porte-Goie
892 1111 146 52 (Eure).

355 1163 254 60 *641
558 1163 169 60 Entrée
677 1163 102 60 du
728 1163 186 60 village
863 1163 102 60 de
914 1163 220 60 Vermoiron
1067 1163 152 60 (Yonne)

355 1212 259 60 *642
562 1212 138 60 Deux
648 1212 172 60 études
768 1212 207 60 ensemble
906 1212 190 60 (Creuse).

375 1256 230 65 643
555 1256 148 65 Bords
654 1256 99 65 de
687 1256 148 65 Creuse.

274 1434 273 73 DELAHOGUE
484 1434 273 73 (Eugène),
694 1434 126 73 né
757 1434 105 73 à
799 1434 252 73 Soissons
988 1434 252 73 (Aisne).
1156 1434 63 73 —

319 1501 121 60 15,
388 1501 121 60 rue
457 1501 364 60 Grange-Batelière,
752 1501 139 60 Paris.

354 1590 236 80 *644
543 1590 221 80 Après-midi
717 1590 95 80 en
748 1590 158 80 juillet.

354 1655 253 60 *645
557 1655 169 60 Quatre
675 1655 169 60 études
793 1655 135 60 dans
877 1655 101 60 un
911 1655 135 60 cadre.

355 1702 255 59 *646
559 1702 187 59 Marine,
696 1702 119 59 mer
747 1702 255 59 Méditerranée.

354 1749 253 62 *647
556 1749 152 62 Etude
657 1749 84 62 à
691 1749 185 62 Courtry
809 1749 320 62 (Seine

354 1811 260 56 *648
562 1811 156 56 Ferme
666 1811 156 56 Thuet
770 1811 87 56 à
804 1811 173 56 Blandy
908 1811 312 56 (Seine

354 1849 250 72 *649
555 1849 150 72 Etude
655 1849 100 72 de
705 1849 167 72 saules
805 1849 317 72 (Seine
