1544 2268
664 230 121 60 —
712 230 145 60 49
761 230 73 60 —

255 295 244 75 DELEPOUVE
443 295 225 75 (Henry),
612 295 113 75 né
669 295 94 75 à
706 295 282 75 Versailles.
932 295 94 75 —
969 295 113 75 7,
1026 295 132 75 rue
1082 295 169 75 Alfred-

292 349 235 74 de-Vigny,
455 349 145 74 Paris.

333 434 228 68 *668
515 434 91 68 Le
546 434 106 68 poil.

351 486 225 61 669
528 486 96 61 Le
576 486 145 61 vieux
656 486 161 61 passeur.

352 532 217 63 670
522 532 124 63 Chez
600 532 93 63 le
631 532 140 63 bistro.

331 584 240 56 *671
507 584 208 56 Cendrillon.

332 632 238 64 *672
522 632 95 64 La
570 632 174 64 vieille
681 632 143 64 maison.

332 677 235 66 *673
520 677 94 66 Le
568 677 110 66 bel
615 677 125 66 hêtre.

252 835 226 79 DELESTRE
421 835 245 79 (Eugène),
610 835 113 79 né
666 835 94 79 à
704 835 188 79 Paris.
835 835 94 79 —
873 835 113 79 7,
929 835 169 79 Villa
1023 835 226 79 Méquillet,

291 881 368 73 Neuilly-sur-Seine
588 881 175 73 (Seine).

353 973 225 67 674
530 973 193 67 Solitude
658 973 209 67 (Bretagne).

341 1020 243 69 675
531 1020 191 69 Environ
670 1020 104 69 de
722 1020 208 69 Verneuil
878 1020 104 69 le
913 1020 121 69 soir.

351 1072 221 65 676
525 1072 111 65 Les
588 1072 174 65 régates
715 1072 79 65 à
731 1072 158 65 Duclair.

347 1114 234 69 677
531 1114 100 69 La
582 1114 151 69 Seine
682 1114 100 69 au
732 1114 134 69 pont
799 1114 218 69 d'Asnières.

347 1167 214 61 678
515 1167 183 61 Fillette
652 1167 76 61 à
683 1167 92 61 la
713 1167 138 61 chèvre.

343 1214 242 67 679
533 1214 208 67 Environs
689 1214 104 67 de
723 1214 208 67 Vernonnet.

342 1260 247 67 680
537 1260 177 67 Meules
660 1260 88 67 à
678 1260 247 67 Chantemerle.

348 1309 218 62 681
520 1309 187 62 Pêcheurs
660 1309 78 62 à
691 1309 93 62 la
722 1309 125 62 ligne.

248 1452 225 59 DELIGNY
411 1452 388 59 (Henri-Hubert),
738 1452 123 59 né
799 1452 102 59 à
840 1452 204 59 Huelva
983 1452 286 59 (Espagne).
1188 1452 61 59 —

289 1511 142 61 168,
378 1511 231 61 faubotirg
556 1511 303 61 Saint-Honoré,
788 1511 142 61 Paris.

328 1584 246 75 *682
525 1584 148 75 Bains
623 1584 230 75 populaires
787 1584 214 75 (Florence).

325 1642 249 65 *683
524 1642 182 65 Coucher
657 1642 100 65 de
707 1642 166 65 soleil
806 1642 216 65 (Florence).

326 1685 257 68 *684
531 1685 188 68 Maisons
668 1685 120 68 sur
737 1685 171 68 l’Arno
856 1685 137 68 près
925 1685 188 68 Florence.

326 1732 242 65 *685
520 1732 97 65 Le
568 1732 178 65 village
697 1732 97 65 de
730 1732 161 65 Capraia.

326 1775 247 82 *686
523 1775 115 82 Les
589 1775 198 82 laveuses
737 1775 99 82 de
787 1775 231 82 l’escalier
968 1775 99 82 de
1017 1775 99 82 la
1067 1775 148 82 place
1149 1775 99 82 Men-

516 1838 160 52 tana,
623 1838 89 52 à
641 1838 196 52 Florence.

325 1866 262 83 *687
534 1866 122 83 Vue
604 1866 262 83 panoramique
797 1866 227 83 (Florence).
