1556 2274
719 233 122 80 —
767 233 146 80 56
816 233 73 80 —

312 313 244 81 DUBÉCHOT
495 313 264 81 (Marius),
698 313 122 81 né
759 313 102 81 à
800 313 203 81 Paris.
942 313 102 81 —
983 313 183 81 Hôtel
1105 313 142 81 des
1166 313 142 81 Inva-

354 373 164 68 lides,
452 373 131 68 Paris.

554 437 165 64 794
684 437 130 64 Lucerne
778 437 83 64 (la
814 437 141 64 Zeitturm).

538 497 368 56 795
827 497 184 56 Lac
932 497 158 56 de
1011 497 263 56 Sarnen
1195 497 158 56 et
1274 497 289 56 Brûnig.

553 543 179 54 796
694 543 128 54 Maison
784 543 64 54 à
810 543 154 54 Sachseln
912 543 141 54 (Suisse).

551 594 204 52 797
712 594 102 52 Lac
770 594 102 52 des
828 594 262 52 Quatre-Cantons
1047 594 102 52 (Le
1090 594 219 52 Mont

551 636 213 59 798
718 636 106 59 Vue
779 636 91 59 du
824 636 106 59 Lac
885 636 106 59 des
946 636 273 59 Quatre-Cantons
1158 636 152 59 (matin).

552 690 197 62 799
707 690 99 62 Vue
763 690 84 62 du
805 690 99 62 Lac
862 690 99 62 des
904 690 239 62 Quatre

315 809 255 56 DUBUISSON
511 809 255 56 (Albert),
707 809 117 56 né
766 809 98 56 à
805 809 196 56 Rouen.
942 809 98 56 —
981 809 137 56 53,
1059 809 137 56 rue
1138 809 117 56 de
1177 809 137 56 Bour-

352 864 182 65 gogne,
461 864 146 65 Paris.

395 923 241 74 *800
572 923 128 74 Lagny.

397 980 231 63 *801
582 980 108 63 Les
628 980 185 63 Tuileries.

396 1034 237 52 *802
586 1034 126 52 Sous
649 1034 110 52 bois.

396 1078 260 67 *803
586 1078 191 67 Campagne.

318 1197 196 68 DUCROT
455 1197 254 68 (Victor),
651 1197 117 68 né
710 1197 98 68 à
749 1197 176 68 Lyon.
866 1197 98 68 —
905 1197 117 68 7,
964 1197 196 68 chemin
1101 1197 137 68 des
1160 1197 156 68 Fonts,

356 1252 94 57 à
394 1252 434 57 Sainte-Foy-lès-Lyon
771 1252 207 57 (Rhône)
922 1252 113 57 et
979 1252 170 57 villa
1092 1252 245 57 Blandine,
1261 1252 57 57 à

357 1310 305 53 Juan-les-Pins
591 1310 359 53 (Alpes

398 1374 249 63 *804
598 1374 116 63 Les
664 1374 133 63 pins
747 1374 100 63 du
797 1374 116 63 cap
847 1374 199 63 d’Antibes.

399 1422 246 58 *805
595 1422 131 58 Dans
677 1422 115 58 les
743 1422 164 58 fleurs
858 1422 230 58 (intérieur
1038 1422 98 58 de
1087 1422 148 58 villa
1186 1422 82 58 à
1202 1422 115 58 Juan

574 1475 200 58 les

399 1512 252 75 *806
601 1512 118 75 Une
668 1512 202 75 bergerie
819 1512 101 75 en
853 1512 185 75 Provence.

400 1571 246 47 *807
596 1571 98 47 Le
646 1571 131 47 soir
728 1571 98 47 au
777 1571 115 47 cap
826 1571 197 47 d’Antibes.

401 1621 250 64 *808
601 1621 117 64 Vue
668 1621 100 64 de
701 1621 150 64 Cagnes.

323 1717 249 80 DUFRENOY
510 1717 395 80 (Léon-Georges),
843 1717 125 80 né
905 1717 104 80 à
947 1717 208 80 Thiais
1092 1717 249 80 (Seine).
1259 1717 62 80 —

363 1782 127 67 21,
436 1782 146 67 quai
527 1782 219 67 Bourbon,
672 1782 146 67 Paris.

423 1854 230 65 809
604 1854 165 65 Nature
702 1854 132 65 morte.

423 1902 231 68 810
604 1902 182 68 Paysage
736 1902 198 68 parisien
885 1902 116 68 (au
934 1902 165 68 Marais).
