1556 2274
741 236 120 57 —
789 236 144 57 60
837 236 72 57 —

329 310 249 70 EUSTACHE
516 310 249 70 (Sylla),
703 310 125 70 né
765 310 104 70 à
807 310 208 70 Paris.
952 310 104 70 —
994 310 145 70 18,
1077 310 145 70 rue
1139 310 187 70 Daunou,

351 362 144 64 Paris.

387 433 242 81 *866
580 433 145 81 Dinan
677 433 226 81 (Belgique)
839 433 177 81 (pastel).

387 500 246 57 *867
584 500 263 57 Saint-Cucufa
780 500 181 57 (fusain).

388 548 232 58 *868
573 548 108 58 Ile
635 548 93 58 de
682 548 170 58 Croissy
790 548 170 58 (pastel).

386 593 258 64 *869
592 593 206 64 Environs
746 593 240 64 d’Orgemont
918 593 189 64 (pastel).

385 646 267 50 *870
599 646 214 50 Environs
759 646 107 50 de
813 646 142 50 Sens
902 646 178 50 (étude
1026 646 125 50 aux
1098 646 196 50 crayons
1222 646 107 50 Raf

565 695 148 51 faëlli).

385 730 255 76 *871
589 730 102 76 Le
640 730 170 76 moulin
759 730 85 76 à
793 730 187 76 Trianon
912 730 187 76 (pastel).

325 853 187 71 FABER
450 853 125 71 DU
513 853 167 71 FAUR
617 853 187 71 (Hans
742 853 187 71 von),
867 853 125 71 né
929 853 104 71 à
971 853 292 71 Stuttgart.
1200 853 104 71 —
1221 853 104 71 83,

360 910 137 67 rue
439 910 509 67 Notre-Dame-des-Champs,
869 910 157 67 Paris.

404 980 229 64 372
583 980 196 64 Portrait
730 980 98 64 de
763 980 114 64 dame.

405 1039 215 52 873
574 1039 185 52 Portrait
697 1039 169 52 d’enfant.

406 1083 207 58 874
554 1083 177 58 Italienne.

405 1131 216 56 875
574 1131 185 56 Portrait
697 1131 170 56 d’enfant.

404 1185 216 64 876
573 1185 185 64 Portrait
697 1185 170 64 d’enfant.

324 1308 275 59 FAUCONNIER
541 1308 236 59 (Henri),
718 1308 118 59 né
777 1308 98 59 à
816 1308 197 59 Hesdin
953 1308 393 59 (Pas-de-Calais).
1268 1308 59 59 —

361 1364 130 67 30,
436 1364 186 67 avenue
566 1364 112 67 du
622 1364 186 67 Maine,
733 1364 149 67 Paris.

384 1439 235 69 *877
573 1439 110 69 Les
635 1439 78 69 «
667 1439 173 69 fortifs
792 1439 78 69 »
824 1439 78 69 à
839 1439 126 69 Paris.

383 1497 243 57 *878
577 1497 97 57 Le
625 1497 210 57 Pont-Neuf
787 1497 178 57 (soleil
900 1497 178 57 d’hiver).

382 1548 258 69 *879
589 1548 103 69 La
640 1548 155 69 Seine
744 1548 103 69 au
795 1548 138 69 bras
882 1548 103 69 de
933 1548 103 69 la
968 1548 172 69 Monnaie.

324 1662 220 66 FESNEAU
484 1662 401 66 (Auguste-Henry),
825 1662 120 66 né
885 1662 100 66 à
925 1662 200 66 Paris.
1065 1662 100 66 —
1106 1662 140 66 18,
1166 1662 160 66 avenue

362 1722 384 62 Philippe-Auguste,
673 1722 146 62 Paris.

381 1795 265 66 *880
593 1795 106 66 La
646 1795 177 66 Tamise
770 1795 88 66 à
805 1795 194 66 Londres
946 1795 177 66 (Tower
1052 1795 177 66 bridge).

384 1844 253 61 *881
587 1844 169 61 Entrée
705 1844 101 61 du
756 1844 135 61 port
840 1844 101 61 de
891 1844 101 61 La
924 1844 186 61 Rochelle.

386 1892 257 79 *882
591 1892 103 79 Le
643 1892 171 79 palais
762 1892 103 79 du
814 1892 222 79 Parlement
968 1892 205 79 (Londres).
