1556 2274
666 237 123 73 —
715 237 147 73 62
764 237 74 73 —

259 317 270 67 FOUNTAINE
467 317 457 67 (Raphaël-Auguste),
862 317 125 67 né
924 317 104 67 à
966 317 208 67 Paris.
1111 317 104 67 —
1132 317 125 67 Cer-

300 371 277 71 nay-la-Ville,
528 371 146 71 villa
609 371 130 71 Cérès,

321 440 245 70 *901
516 440 147 70 Calme
614 440 98 70 du
647 440 114 70 soir.

339 499 238 56 902
526 499 102 56 Le
577 499 153 56 vieux
661 499 204 56 chemineau.

338 548 220 59 903
511 548 94 59 La
559 548 142 59 neige
653 548 79 59 à
669 548 173 59 Senlisse.

321 589 229 68 *904
489 589 153 68 L’étang.

263 721 221 65 FOURNIER
428 721 240 65 (Marcel),
613 721 111 65 né
668 721 92 65 à
705 721 240 65 Chantelle
889 721 240 65 (Allier).
1074 721 92 65 —
1111 721 129 65 15,
1166 721 92 65 rue

302 775 397 64 Hégésippe-Moreau,
624 775 151 64 Paris.

320 845 252 69 *905
522 845 202 69 Glaneuse
674 845 101 69 au
707 845 219 69 crépuscule.

320 906 271 52 *906
537 906 181 52 Marché
663 906 126 52 aux
735 906 199 52 légumes
880 906 108 52 en
916 906 253 52 Bourbonnais.

339 953 244 56 907
531 953 175 56 Marché
653 953 122 56 aux
723 953 175 56 laines
845 953 105 56 en
880 953 244 56 Bourbonnais.

322 998 234 67 *908
510 998 156 67 Soleil
619 998 172 67 d’hiver
744 998 109 67 (le
791 998 141 67 matin).

339 1048 230 57 909
520 1048 115 57 Les
569 1048 181 57 moissons.

342 1094 208 68 916
506 1094 149 68 Soleil
610 1094 163 68 d’hiver
729 1094 104 68 (le
773 1094 119 68 soir).

263 1218 239 73 FOURNIER
442 1218 259 73 (Victor),
642 1218 120 73 né
701 1218 100 73 à
741 1218 199 73 Paris.
881 1218 100 73 —
920 1218 139 73 19,
1000 1218 139 73 rue
1060 1218 199 73 Clauzel,

288 1271 137 66 Paris.

341 1348 229 51 911
520 1348 131 51 Sous
602 1348 98 51 la
651 1348 147 51 tente
732 1348 180 51 nocturne.

340 1399 237 52 912
526 1399 254 52 Saint-Cloud
713 1399 203 52 (automne).

342 1448 228 49 913
521 1448 261 49 Châtaigniers
733 1448 114 49 (au
782 1448 195 49 Périgord).

341 1498 240 56 914
530 1498 120 56 Une
598 1498 155 56 pagne
684 1498 189 56 bretonne.

323 1538 255 62 *915
527 1538 153 62 Repas
612 1538 204 62 champêtre.

342 1591 235 61 916
527 1591 151 61 Vieux
627 1591 201 61 quartier
778 1591 101 61 de
812 1591 201 61 Périgueux.

264 1717 119 69 DE
324 1717 119 69 LA
383 1717 258 69 FOURNIÈRE
582 1717 298 69 (G.-M.-J.),
821 1717 119 69 né
880 1717 99 69 à
920 1717 219 69 Glaimes
1059 1717 199 69 (Marne).

303 1779 85 64 —
337 1779 102 64 4,
388 1779 136 64 cité
473 1779 204 64 d’Antin,
626 1779 153 64 Brest
712 1779 238 64 (Finistère).

345 1837 236 76 *917
534 1837 95 76 Le
566 1837 173 76 ruisseau.

364 1901 203 61 918
524 1901 87 61 Le
553 1901 102 61 soir.
