1544 2268
719 233 123 49 —
768 233 147 49 63
817 233 74 49 —

409 298 227 71 919
587 298 195 71 Pêcheurs
734 298 97 71 au
766 298 130 71 large.

409 363 232 50 920
592 363 149 50 Vieux
675 363 149 50 fumeur.

411 404 209 64 921
575 404 134 64 Flirt
650 404 149 64 (étude).

313 540 235 66 FOURREAU
490 540 372 66 (Armand-Félix),
803 540 118 66 né
862 540 98 66 à
901 540 431 66 Neuilly-sur-Seine.
1254 540 59 66 —

354 593 124 61 16,
425 593 124 61 rue
496 593 106 61 de
549 593 160 61 Siam,
638 593 142 61 Paris.

410 663 227 70 922
588 663 162 70 Soleil
702 663 195 70 couchant
848 663 81 70 à
881 663 114 70 Aix
930 663 227 70 (aquarelle).

409 730 237 53 923
595 730 203 53 Souvenir
748 730 102 53 du
799 730 119 53 lac
866 730 152 53 Léman
951 730 237 53 (aquarelle).

390 773 249 52 *924
590 773 116 52 Sui
656 773 100 52 le
706 773 133 52 mont
789 773 166 52 Revard
889 773 233 52 (aquarelle).

390 828 252 46 *925
592 828 286 46 Mouxy-sur-Aix
811 828 235 46 (aquarelle).

391 867 252 54 *926
593 867 202 54 Souvenir
744 867 101 54 du
794 867 118 54 lac
862 867 101 54 du
912 867 185 54 Bourget
1030 867 235 54 (aquarelle).

391 916 258 62 *927
597 916 103 62 Le
649 916 172 62 Revard
769 916 86 62 à
803 916 155 62 Mouxy
889 916 241 62 (aquarelle).

312 1045 204 68 FRANCK
455 1045 245 68 (Gemma),
638 1045 123 68 né
699 1045 102 68 à
740 1045 204 68 Liège.
883 1045 102 68 —
924 1045 143 68 53,
1006 1045 143 68 rue
1067 1045 245 68 Lauriston,

336 1107 140 50 Paris.

391 1170 259 59 *928
598 1170 138 59 Parc
667 1170 172 59 Monceau.

389 1226 265 58 *929
602 1226 142 58 Coin
690 1226 106 58 du
743 1226 142 58 Parc
814 1226 177 58 Monceau.

390 1276 253 54 *930
593 1276 169 54 Grille
711 1276 101 54 du
762 1276 135 54 Parc
829 1276 169 54 Monceau.

390 1318 257 59 *931
595 1318 171 59 Chemin
715 1318 137 59 dans
800 1318 154 59 l’île
903 1318 103 59 du
954 1318 137 59 bois
1040 1318 103 59 de
1074 1318 188 59 Boulogne.

409 1369 233 54 932
592 1369 166 54 Jardin
709 1369 100 54 du
742 1369 200 54 Trocadéro.

313 1508 231 49 FRANÇOIS
486 1508 404 49 (Pierre-Antoine),
832 1508 115 49 né
890 1508 96 49 à
928 1508 192 49 Paris.
1063 1508 96 49 —
1101 1508 135 49 29,
1159 1508 154 49 avenue

352 1556 104 67 de
404 1556 244 67 Châtillon,
578 1556 139 67 Paris.

410 1636 244 68 8933
588 1636 244 68 Chrysantèmes.

411 1694 217 54 934
581 1694 171 54 Cuivres
705 1694 93 54 et
736 1694 124 54 étain.

409 1728 230 73 935
589 1728 197 73 Chapelle
737 1728 99 73 de
787 1728 99 73 la
836 1728 181 73 vierge,
968 1728 164 73 église
1083 1728 99 73 de
1116 1728 197 73 Bernières

561 1791 194 51 sur

411 1830 238 66 936
598 1830 187 66 Tamaris
734 1830 170 66 (dunes
852 1830 102 66 de
886 1830 357 66 Bernières

409 1884 237 63 937
595 1884 135 63 Gros
680 1884 152 63 temps
765 1884 372 63 (Bernières
