1544 2268
700 244 144 50 65
748 244 72 50 —

340 316 238 54 657
527 316 204 54 Fermière
680 316 102 54 en
731 316 170 54 blouse
833 316 136 54 rouge.

338 364 223 57 658
498 364 144 57 Marine.

343 416 221 52 659
517 416 142 52 Vieux
596 416 173 52 pêcheurs.

336 462 219 53 660
509 462 204 53 Intérieur
665 462 157 53 breton
759 462 110 53 (II).

243 579 207 50 FRIESZ
388 579 310 50 (E.-Othon),
636 579 124 50 né
698 579 124 50 au
760 579 207 50 Havre.
905 579 103 50 –
946 579 145 50 15,
1029 579 186 50 place
1132 579 124 50 Dau-

279 625 184 52 phine,
389 625 147 52 Paris.

356 704 216 50 661
525 704 123 50 Soir
602 704 92 50 de
648 704 123 50 juin
710 704 154 50 (Paris).

350 748 226 50 662
527 748 97 50 Le
575 748 161 50 rocher
688 748 97 50 de
737 748 97 50 la
769 748 161 50 Fileuse.

332 797 274 53 663
548 797 118 53 Le
607 797 196 53 chemin
744 797 313 53 (Normandie).
998 797 274 53 Appartient
1194 797 59 53 à

511 844 130 52 M.
555 844 130 52 R...

368 893 208 52 664
531 893 89 52 La
576 893 163 52 vieille
694 893 133 52 ville
783 893 163 52 (soleil
902 893 89 52 du
932 893 133 52 matin).

355 942 251 50 665
552 942 108 50 Le
606 942 179 50 marché
731 942 179 50 (étude
857 942 108 50 de
911 942 179 50 foule,
1018 942 233 50 Normandie).

240 1058 292 52 FROBERVILLE
473 1058 136 52 (J.
551 1058 156 52 de).
648 1058 97 52 –
687 1058 156 52 240,
784 1058 214 52 boulev.
940 1058 233 52 Raspail,
1095 1058 156 52 Paris.

390 1133 197 52 666
545 1133 155 52 Rivière
644 1133 183 52 (peinture).

351 1177 211 59 667
517 1177 181 59 Portrait
638 1177 211 59 (aquarelle).

344 1230 215 53 668
512 1230 184 53 Portrait
635 1230 169 53 (dessin).

338 1272 239 53 669
526 1272 171 53 Femmes
628 1272 188 53 (dessin).

249 1385 209 53 FUTTER
395 1385 397 53 (David-Thomas),
730 1385 125 53 ne
793 1385 146 53 aux
877 1385 293 53 Etats-Unis
1086 1385 167 53 d’Amé-

290 1437 170 62 rique.
409 1437 85 62 —
443 1437 119 62 24,
511 1437 119 62 rue
579 1437 204 62 Pigalle,
714 1437 136 62 Paris.

350 1509 239 74 970
537 1509 102 74 Un
588 1509 204 74 comptoir
742 1509 102 74 de
793 1509 239 74 pelleterie
980 1509 136 74 dans
1049 1509 204 74 l’Amérique

517 1563 126 61 du
559 1563 147 61 Nord.

251 1670 241 65 GARDENTY
432 1670 301 65 (Georges).—
673 1670 141 65 13,
753 1670 221 65 impasse
914 1670 261 65 Mousseau,
1094 1670 161 65 Saint-

290 1725 152 68 Ouen
366 1725 190 68 (Seine).

352 1801 231 60 971
534 1801 99 60 Le
584 1801 182 60 gouffre
716 1801 215 60 (Crozant,
865 1801 165 60 Creuse).

332 1850 249 51 *972
531 1850 99 51 Le
581 1850 133 51 bain
664 1850 133 51 dans
747 1850 99 51 la
780 1850 149 51 Creuse.

356 1894 202 60 973
500 1894 86 60 Eté.
