1544 2268
656 223 123 63 —
705 223 147 63 67
754 223 74 63 —

243 305 217 65 GAUTIER
401 305 276 65 (Gabrielle
618 305 177 65 Mme),
736 305 138 65 née
815 305 99 65 à
855 305 197 65 Paris.
993 305 99 65 —
1032 305 138 65 41,
1111 305 138 65 rue
1170 305 79 65 de

285 354 177 60 Seine,
391 354 142 60 Paris.

346 412 226 63 995
523 412 193 63 Besançon
668 412 113 63 (la
717 412 209 63 Citadelle).

345 464 229 55 996
524 464 98 55 La
573 464 147 55 Gorra
655 464 196 55 (Tunisie).

345 520 224 51 997
521 520 160 51 Défilé
633 520 96 51 de
681 520 176 51 Lacluse
793 520 144 51 (Jura).

345 562 227 64 998
523 562 97 64 Le
572 562 162 64 cours,
686 562 81 64 à
702 562 211 64 Pontarlier.

244 667 170 70 GARAY
358 667 322 70 (Henri-Marc),
623 667 114 70 né
680 667 95 70 à
718 667 417 70 Fontenay-aux-Roses
1059 667 189 70 (Seine).

281 718 93 66 —
319 718 111 66 3,
374 718 130 66 rue
448 718 241 66 Voltaire,
616 718 445 66 Saint

489 796 175 59 999
626 796 137 59 Falaise
726 796 100 59 (mer
788 796 75 59 du
813 796 100 59 Nord).

490 844 184 58 *1000
640 844 69 58 La
675 844 138 58 Yungfrau
767 844 127 58 (Suisse).

487 891 195 48 *1001
646 891 86 48 Sur
694 891 86 48 les
743 891 110 48 bords
817 891 73 48 de
853 891 73 48 la
878 891 134 48 Baltique.

497 939 130 55 *1002
602 939 49 55 Le
619 939 97 55 solitaire.

492 984 153 56 *1003
616 984 76 56 Clir
664 984 57 56 de
683 984 67 56 lune.

490 1032 164 59 *1004
623 1032 62 59 Au
654 1032 72 59 cap
685 1032 92 59 Martin.

243 1136 232 53 GERHARDI
417 1136 194 53 (Ida),
552 1136 135 53 née
630 1136 97 53 à
668 1136 174 53 Hagen
785 1136 329 53 (Westphalie).
1055 1136 97 53 —
1094 1136 135 53 12,
1152 1136 97 53 rue

283 1189 113 48 de
340 1189 113 48 la
397 1189 397 48 Grande-Chaumière,
718 1189 151 48 Paris.

502 1259 166 55 *1005
636 1259 93 55 Scène
698 1259 62 55 de
719 1259 83 55 danse.

502 1312 165 53 *1006
636 1312 93 53 Scène
698 1312 62 53 de
718 1312 83 53 danse.

500 1359 214 50 *1007
673 1359 160 50 Portrait
793 1359 80 50 de
834 1359 93 50 Mme
887 1359 80 50 la
927 1359 147 50 baronne
1034 1359 80 50 de
1061 1359 93 50 Riau.

502 1401 167 58 *1008
638 1401 94 58 Scène
700 1401 63 58 de
721 1401 84 58 danse.

503 1456 167 51 *1009
639 1456 94 51 Scène
701 1456 63 51 de
722 1456 84 51 danse.

502 1502 208 70 *1010
671 1502 78 70 La
710 1502 247 70 Saint-Sylvestre
917 1502 104 70 1903
982 1502 104 70 chez
1034 1502 130 70 Bullier.

241 1611 252 54 GERMAGNE
430 1611 252 54 (Emile),
619 1611 126 54 ne
682 1611 105 54 à
724 1611 210 54 Paris.
871 1611 105 54 —
913 1611 168 54 328,
1018 1611 147 54 rue
1081 1611 168 54 Saint-

282 1663 215 61 Jacques,
426 1663 143 61 Paris.

324 1740 259 64 1011
531 1740 155 64 Femme
635 1740 104 64 au
686 1740 242 64 coquelicot
859 1740 190 64 (pastel).

326 1786 240 58 1012
518 1786 144 58 Étude
598 1786 176 58 (pastel).

325 1835 234 63 1013
513 1835 203 63 Ballerine
653 1835 172 63 (pastel).

325 1883 253 70 1014
528 1883 101 70 Le
561 1883 152 70 hangar.
