1556 2274
378 334 238 71 1051
569 334 175 71 Matinée
696 334 175 71 d’avril
823 334 111 71 (la
887 334 127 71 haie
966 334 95 71 en
998 334 159 71 fleurs).

377 396 265 61 1052
589 396 141 61 Dans
677 396 124 61 les
748 396 230 61 montagnes
925 396 106 61 de
978 396 106 61 la
1031 396 159 61 Crète
1136 396 177 61 (effet
1242 396 71 61 de

568 442 129 61 soir).

375 493 246 48 1053
572 493 98 48 La
621 493 115 48 rue
686 493 98 48 de
736 493 246 48 Strasbourg,
933 493 98 48 le
982 493 148 48 soir,
1080 493 82 48 à
1097 493 213 48 Courbevoie.

372 540 266 69 1054
585 540 178 69 Brumes
710 540 107 69 du
763 540 142 69 soir
852 540 142 69 dans
941 540 124 69 les
994 540 213 69 montagnes.

311 649 255 75 GOBILLARD
507 649 176 75 (Mlle
625 649 215 75 Paule),
781 649 137 75 née
860 649 98 75 à
899 649 274 75 Quimperlé.
1114 649 98 75 —
1153 649 137 75 40,
1212 649 98 75 rue

351 709 100 65 de
401 709 232 65 Villejust,
567 709 133 65 Paris.

549 781 171 74 1055
685 781 136 74 Portrait
787 781 68 74 de
822 781 80 74 Mme
867 781 68 74 J.
890 781 68 74 V...

542 845 188 54 1056
693 845 113 54 Jeune
769 845 113 54 femme
831 845 126 54 cousant.

549 894 153 54 1057
671 894 102 54 Nature
732 894 82 54 morte.

545 940 185 56 1058
693 940 99 56 Sous
755 940 99 56 bois
817 940 62 56 à
829 940 136 56 Pont

550 991 102 51 1059
625 991 61 51 Fleurs.

548 1035 171 74 1060
684 1035 68 74 Au
718 1035 114 74 jardin
787 1035 159 74 (aquarelle).

309 1152 160 85 GODIN
416 1152 249 85 (Georges),
612 1152 107 85 né
666 1152 89 85 à
701 1152 178 85 Paris.
826 1152 89 85 —
862 1152 125 85 38,
933 1152 125 85 rue
1004 1152 232 85 Voltaire,
1164 1152 143 85 Saint

324 1215 360 60 Germain

544 1285 194 73 1061
699 1285 65 73 A
725 1285 181 73 Saint-Ouen
867 1285 129 73 (neige
958 1285 78 73 et
984 1285 103 73 boue).

544 1347 184 49 1062
691 1347 61 49 A
715 1347 172 49 Courbevoie
850 1347 86 49 (la
887 1347 135 49 débâcle).

541 1395 205 50 1063
705 1395 82 50 La
746 1395 123 50 Seine
828 1395 82 50 au
869 1395 191 50 Pont-Royal
1006 1395 205 50 (crépuscule).

543 1440 199 72 1064
702 1440 106 72 Port
768 1440 186 72 d’Audierne
915 1440 159 72 (l’heure
1034 1440 80 72 de
1074 1440 80 72 la
1100 1440 120 72 soupe).

545 1488 186 58 1065
693 1488 74 58 La
730 1488 112 58 place
805 1488 74 58 de
842 1488 74 58 la
879 1488 124 58 Bourse
953 1488 112 58 (nuit).

539 1537 207 64 1066
705 1537 152 64 Coucher
816 1537 83 64 de
857 1537 138 64 soleil
954 1537 166 64 derrière
1064 1537 180 64 Notre

304 1657 255 56 GOFFLIET
495 1657 298 56 (Léopold),
729 1657 128 56 né
793 1657 106 56 à
836 1657 255 56 Cracovie
1027 1657 298 56 (Pologne).
1240 1657 64 56 —

343 1701 129 62 83,
416 1701 240 62 boulevard
601 1701 314 62 Montparnasse,
840 1701 148 62 Paris.

346 1770 265 70 *1067
545 1770 216 70 Mélancolie.

345 1834 278 56 *1068
571 1834 209 56 Portrait
710 1834 174 56 d’homme.

346 1879 277 60 *1069
571 1879 208 60 Portrait
710 1879 173 60 d’homme.

345 1915 265 80 *1070
561 1915 100 80 Le
611 1915 133 80 pont
677 1915 282 80 (lithographie).
