1544 2268
671 236 123 70 —
721 236 148 70 75
770 236 74 70 —

265 315 225 54 HÉNAULT
428 315 245 54 (Jules),
612 315 123 54 né
673 315 102 54 à
714 315 388 54 Valence-en-Brie
1021 315 245 54 (Seine-

303 369 206 71 Marne).
453 369 94 71 —
491 369 131 71 38,
566 369 131 71 rue
641 369 319 71 Rochechouart,
884 369 150 71 Paris.

519 453 184 64 1152
666 453 74 64 La
703 453 135 64 moisson
802 453 111 64 avant
863 453 123 64 l’orage.

522 508 157 56 1153
647 508 105 56 Soleil
710 508 115 56 couchant,

520 554 187 53 1154
669 554 112 53 Bords
744 554 75 53 de
782 554 137 53 l’Eure,
881 554 112 53 temps
944 554 87 53 gris.

518 601 182 62 1155
663 601 121 62 L’Eure
748 601 61 62 à
761 601 133 62 Chambray.

522 649 138 52 1156
632 649 55 52 Le
650 649 101 52 ruisseau.

519 696 201 57 1157
679 696 80 57 Le
720 696 121 57 petit
800 696 107 57 pont
867 696 67 57 à
881 696 281 57 Fontaine

269 839 151 83 HEPP
363 839 245 83 (Pierre),
552 839 113 83 né
608 839 94 83 à
646 839 282 83 Versailles.
872 839 94 83 —
909 839 132 83 50,
985 839 132 83 rue
1041 839 226 83 Duplessis,

290 910 220 61 Versailles.

521 998 219 62 1158
697 998 88 62 Le
740 998 161 62 temple.
857 998 161 62 Appart.
974 998 73 62 à
1003 998 88 62 M.
1047 998 161 62 Georges
1149 998 117 62 Ancey.

522 1053 210 53 1159
690 1053 84 53 Le
732 1053 126 53 vase.
816 1053 196 53 Appartient
969 1053 70 53 à
997 1053 84 53 M.
1039 1053 126 53 J.-L.
1109 1053 154 53 Vaudoyer.

521 1100 229 62 1160
704 1100 107 62 Les
765 1100 168 62 Hermès.
888 1100 214 62 Appartient
1056 1100 76 62 à
1087 1100 107 62 Mme
1132 1100 138 62 Suzanne

536 1152 191 52 Desprès.

525 1194 153 57 1161
647 1194 61 57 Le
678 1194 92 57 héros
729 1194 92 57 oublié.

526 1244 171 55 1162
663 1244 91 55 Coin
720 1244 68 55 de
754 1244 91 55 parc
799 1244 126 55 (dessin).

523 1292 196 57 1163
680 1292 170 57 Variation
811 1292 92 57 sur
863 1292 183 57 Versailles
1007 1292 144 57 (dessin
1099 1292 170 57 décoratif).

271 1446 161 63 HERVÉ
378 1446 232 63 (Julien),
557 1446 107 63 né
610 1446 89 63 à
646 1446 107 63 La
699 1446 268 63 Basse-Indre
895 1446 375 63 (Loire

308 1512 87 65 —
342 1512 104 65 9,
394 1512 121 65 rue
464 1512 260 65 Blainville,
654 1512 139 65 Paris.

328 1598 286 58 *1164
560 1598 357 58 Expressionnisme.
864 1598 107 58 La
918 1598 232 58 tentation
1096 1598 107 58 de
1132 1598 143 58 Saint

536 1659 199 53 Antoine.

328 1693 277 63 *1165
553 1693 347 63 Expressionnisme.
830 1693 191 63 L’expert.

330 1751 263 58 *1166
543 1751 98 58 Au
592 1751 197 58 Croisic,
740 1751 148 58 clair
838 1751 98 58 de
871 1751 115 58 lune.

329 1798 261 47 *1167
541 1798 98 47 Au
590 1798 196 47 Croisic,
737 1798 147 47 clair
835 1798 98 47 de
868 1798 114 47 lune.

329 1848 262 58 *1168
541 1848 98 58 Au
590 1848 196 58 Croisic,
738 1848 147 58 clair
836 1848 98 58 de
868 1848 115 58 lune.

330 1900 261 61 *1169
542 1900 98 61 Au
591 1900 196 61 Croisic,
738 1900 147 61 clair
836 1900 98 61 de
869 1900 114 61 lune.
