1556 2274
700 221 115 79 —
746 221 138 79 78
792 221 69 79 —

278 306 274 84 HUGONNOT
484 306 251 84 (Léon),
667 306 137 84 né
735 306 114 84 à
781 306 320 84 Belleherbe
1033 306 274 84 (Doubs).
1215 306 69 84 —

318 363 135 63 298,
402 363 118 63 rue
470 363 101 63 de
520 363 253 63 Belleville,
705 363 135 63 Paris.

336 430 282 70 *1203
566 430 123 70 Vai
636 430 106 70 de
689 430 194 70 Cusance
813 430 176 70 (Doubs).

333 489 285 58 *1204
565 489 178 58 Source
689 489 107 58 du
725 489 196 58 Cusancin.

334 533 273 65 *1205
556 533 222 65 L’automne
726 533 170 65 (forêt
845 533 102 65 de
880 533 170 65 Sénart).

335 587 267 63 *1206
552 587 167 63 Soleil
669 587 184 63 d’hiver
803 587 134 63 (lac
886 587 117 63 des
936 587 184 63 Minimes).

332 629 291 65 *1207
568 629 127 65 Rue
641 629 109 65 du
695 629 273 65 Mont-Cenis,
914 629 91 65 à
932 629 236 65 Montmartre.

332 678 287 66 *1208
565 678 108 66 La
619 678 161 66 Seine
726 678 108 66 au
762 678 305 66 Pont

272 787 230 73 IGOUNET
439 787 125 73 DE
502 787 230 73 VILLERS
669 787 418 73 (Charles-André),
1024 787 125 73 né
1087 787 104 73 à
1108 787 167 73 Paris.

309 853 93 61 —
347 853 131 61 33,
421 853 131 61 rue
496 853 280 61 Saint-Roch,
701 853 149 61 Paris.

312 915 284 72 *1209
543 915 106 72 Un
596 915 160 72 matin
703 915 106 72 au
756 915 231 72 Pont-Neuf
916 915 177 72 (étude).

311 976 278 66 *1210
536 976 104 66 La
588 976 173 66 Seine,
710 976 121 66 vue
779 976 104 66 du
831 976 243 66 Pont-Royal
1005 976 173 66 (étude).

310 1030 270 65 *1211
529 1030 101 65 Le
580 1030 236 65 Pont-Neuf,
765 1030 236 65 brouillard
951 1030 101 65 et
1001 1030 169 65 soleil
1102 1030 169 65 (étude).

311 1070 263 72 *1212
524 1070 98 72 Le
573 1070 148 72 canal
672 1070 98 72 de
721 1070 180 72 l’Ourq,
852 1070 98 72 le
901 1070 131 72 soir
967 1070 164 72 (étude).

310 1125 270 70 *1213
530 1125 101 70 La
580 1125 118 70 rue
648 1125 101 70 du
699 1125 304 70 Plessis-Piquet
952 1125 220 70 (Clamart)
1104 1125 169 70 (étude).

308 1168 283 71 *1214
538 1168 124 71 Une
609 1168 159 71 arche
715 1168 106 71 du
768 1168 230 71 Pont-Neuf
927 1168 177 71 (étude).

269 1277 150 85 JAMOT
369 1277 183 85 (Paul),
503 1277 100 85 né
553 1277 83 85 à
586 1277 167 85 Paris.
703 1277 83 85 —
736 1277 100 85 11
786 1277 250 85 bis
986 1277 167 85 avenue
1103 1277 100 85 de
1137 1277 133 85 Ségur,

287 1328 144 57 Paris.

510 1401 119 59 *1215
599 1401 104 59 Villerville.

506 1460 192 68 *1216
662 1460 132 68 Venise,
757 1460 144 68 couchant
853 1460 108 68 orange.

505 1504 187 62 *1217
657 1504 129 62 Venise,
751 1504 140 62 couchant
844 1504 82 62 bleu.

502 1553 184 58 *1218
652 1553 127 58 Venise,
744 1553 138 58 couchant
836 1553 81 58 noir.

501 1603 210 63 *1219
672 1603 145 63 Venise,
777 1603 92 63 San
830 1603 171 63 Francisco
961 1603 92 63 del
1001 1603 131 63 Deserto.

504 1651 180 62 *1220
650 1651 168 62 Seelisberg,
785 1651 101 62 clair
852 1651 67 62 de
874 1651 79 62 lune.

261 1756 197 76 JARDIN
399 1756 216 76 (Léon),
556 1756 118 76 né
615 1756 98 76 à
655 1756 197 76 Paris.
792 1756 98 76 —
831 1756 138 76 20,
910 1756 138 76 rue
989 1756 138 76 des
1048 1756 216 76 Archives,

283 1808 143 62 Paris.

324 1879 245 75 1221
504 1879 164 75 Paysage.
