1556 2274
749 277 150 59 82
799 277 75 59 —

292 350 235 69 KARSTEN
462 350 278 69 (Ludvig),
676 350 128 69 né
740 350 128 69 en
804 350 256 69 Norvège.
996 350 107 69 —
1039 350 149 69 13,
1124 350 149 69 rue
1188 350 107 69 des

331 407 278 67 Beaux-Arts,
535 407 167 67 Paris.—

351 469 281 66 *1277
579 469 158 66 Etude
685 469 140 66 pour
772 469 123 66 une
825 469 105 66 Eve.

352 528 274 53 *1278
575 528 171 53 Eglise
678 528 428 53 Saint

353 574 263 54 *1279
566 574 132 54 Dans
649 574 99 54 la
698 574 115 54 rue
764 574 99 54 du
797 574 164 54 village.

352 619 262 69 *1280
564 619 147 69 Trois
646 619 164 69 enfants.

290 765 291 66 KAUFFMANN
513 765 336 66 (Philippe).
782 765 112 66 —
827 765 157 66 17,
916 765 224 66 avenue
1051 765 246 66 Trudaine,

317 820 140 58 Paris.

353 886 279 67 *1281
579 886 157 67 Bords
684 886 105 67 du
736 886 139 67 Tarn
823 886 139 67 (Pas
910 886 105 67 de
945 886 157 67 Souci).

354 945 279 58 *1282
580 945 157 58 Bords
685 945 105 58 du
737 945 139 58 Tarn
824 945 122 58 (La
877 945 139 58 Caze).

294 1074 246 64 KÉRÉHON
472 1074 447 64 (Louis-Auguste),
852 1074 134 64 né
919 1074 112 64 à
964 1074 246 64 Vannes.
1143 1074 112 64 —
1165 1074 134 64 Chez

334 1133 113 60 M.
391 1133 245 60 Maumelat,
579 1133 132 60 84,
655 1133 245 60 boulevard
843 1133 132 60 des
919 1133 302 60 Batignolles,
1145 1133 151 60 Paris.

354 1213 266 65 *1283
554 1213 233 65 Coquelicots.

354 1272 283 51 *1284
567 1272 283 51 Chrysanthèmes.

355 1314 264 55 *1285
569 1314 99 55 La
618 1314 165 55 Seine,
734 1314 132 55 près
800 1314 148 55 Poissy.

355 1371 267 55 *1286
573 1371 100 55 Le
623 1371 150 55 vieux
723 1371 150 55 puits
807 1371 217 55 (Bretagne).

355 1414 281 49 *1287
583 1414 140 49 Dans
671 1414 105 49 la
724 1414 210 49 montagne
864 1414 228 49 (Bretagne).

357 1463 259 68 *1288
568 1463 130 68 Baie
649 1463 97 68 de
697 1463 97 68 la
746 1463 146 68 Forêt
827 1463 227 68 (Finistère).

298 1596 164 69 KERST
407 1596 255 69 (Maurice),
607 1596 109 69 né
662 1596 91 69 à
698 1596 200 69 Genève.
844 1596 91 69 —
880 1596 109 69 7,
935 1596 127 69 rue
1008 1596 218 69 Lallier,
1153 1596 146 69 Paris.

356 1681 289 71 *1289
591 1681 109 71 Le
645 1681 181 71 hameau
772 1681 109 71 de
826 1681 235 71 Montsoret
989 1681 163 71 (Orne).

358 1736 270 62 *1290
577 1736 101 62 La
628 1736 118 62 Vée
678 1736 152 62 (Orne).

358 1785 267 60 *1291
576 1785 100 60 Le
626 1785 134 60 Clos
693 1785 150 60 (Orne).

358 1832 264 57 *1292
572 1832 99 57 La
621 1832 181 57 Baillée
737 1832 148 57 (Orne).

358 1877 276 60 *1293
582 1877 190 60 L’étang
720 1877 104 60 de
772 1877 294 60 Tessé-Froulay
997 1877 155 60 (Orne).

360 1930 263 64 *1294
574 1930 165 64 Vallée
689 1930 99 64 de
738 1930 99 64 la
787 1930 115 64 Vée
837 1930 148 64 (Orne).
