1544 2268
676 270 124 69 —
701 270 99 69 83

268 354 261 63 KISSLING
464 354 283 63 (Eugène),
682 354 131 63 né
747 354 109 63 à
791 354 283 63 Châtenais
1009 354 283 63 (Alsace).
1205 354 65 63 —

312 410 145 64 104,
402 410 127 64 rue
475 410 109 64 du
529 410 217 64 Faubourg
692 410 290 64 Saint-Denis,
909 410 145 64 Paris.

328 474 261 58 *1295
539 474 163 58 Soleil
653 474 98 58 de
686 474 114 58 mars.

346 528 238 53 1296
536 528 159 53 Soleil
632 528 190 53 d’octobre.

327 572 267 69 *1297
544 572 133 69 Dans
627 572 117 69 les
694 572 183 69 rochers
827 572 117 69 (le
877 572 150 69 matin).

326 623 266 67 *1298
526 623 183 67 Ruisseau.

267 731 180 80 KLEIN
387 731 260 80 (Victor),
587 731 120 80 né
647 731 100 80 à
687 731 200 80 Paris.
826 731 100 80 —
866 731 140 80 24,
946 731 140 80 rue
1026 731 120 80 de
1066 731 200 80 Pomereu,

290 788 141 60 Paris.

347 862 261 72 1299
555 862 104 72 Un
608 862 122 72 peu
677 862 191 72 d’ombre
816 862 157 72 (août
921 862 87 72 2
938 862 174 72 heures).

323 911 272 59 *1300
544 911 153 59 Matin
646 911 102 59 de
697 911 119 59 mai
748 911 255 59 (Petit

324 958 263 69 *1301
537 958 99 69 Au
587 958 165 69 soleil
702 958 197 69 couchant
850 958 197 69 (juillet
982 958 230 69 Petit

323 1006 271 62 *1302
543 1006 237 62 Après-midi
729 1006 169 62 d’août
831 1006 271 62 (coquelicots).

322 1057 267 68 *1304
539 1057 100 68 Au
589 1057 167 68 soleil
706 1057 200 68 couchant
856 1057 167 68 (avril
956 1057 150 68 genêt).

323 1103 252 70 *1305
528 1103 141 70 Matin
622 1103 173 70 d’avril
748 1103 157 70 (petit
842 1103 173 70 poirier).

264 1224 217 76 KLEINMANN
431 1224 150 76 (Mlle
532 1224 184 76 Adèle),
665 1224 117 76 née
732 1224 84 76 à
766 1224 167 76 Paris.
883 1224 84 76 —
916 1224 117 76 130
983 1224 251 76 bis
1167 1224 100 76 bou-

302 1276 179 68 levard
427 1276 107 68 de
463 1276 161 68 Clichy.

516 1349 178 65 1306
659 1349 71 65 Au
695 1349 95 65 parc
742 1349 119 65 Monceau.

515 1397 200 61 1307
675 1397 80 61 Le
715 1397 120 61 vieux
795 1397 160 61 calvaire
916 1397 80 61 de
956 1397 80 61 la
996 1397 94 61 rue
1049 1397 147 61 l’Ouais
1143 1397 120 61 (Côtes

524 1454 222 53 du

514 1496 197 71 1308
671 1496 118 71 Bords
750 1496 79 71 de
789 1496 79 71 la
828 1496 118 71 Seine
894 1496 275 71 (Maisons

514 1548 191 58 1309
667 1548 152 58 Derniers
781 1548 127 58 rayons
857 1548 191 58 (Port

520 1595 119 55 1310
615 1595 48 55 M.
631 1595 48 55 K...

518 1644 154 64 1311
641 1644 62 64 Le
672 1644 92 64 petit
723 1644 92 64 Marcel.

257 1748 321 79 KOROCHANSKY
513 1748 278 79 (Michel),
727 1748 128 79 né
791 1748 107 79 à
834 1748 235 79 Odessa.
1005 1748 107 79 —
1026 1748 235 79 Montigny-

297 1800 239 72 sur-Loing
462 1800 350 72 (Seine

315 1869 279 72 *1312
542 1869 105 72 La
594 1869 140 72 mère
664 1869 192 72 Julienne.

315 1932 259 66 *1313
525 1932 97 66 La
573 1932 162 66 petite
670 1932 178 66 herbière.
