1544 2268
698 242 108 63 —
741 242 129 63 85
784 242 65 63 —

272 328 233 75 LAFLEUR
441 328 233 75 (Abel),
611 328 127 75 né
674 328 106 75 à
716 328 191 75 Rodez
844 328 296 75 (Aveyron).
1076 328 106 75 —
1119 328 127 75 7,
1161 328 106 75 rue

312 372 250 66 Montbrun,
485 372 154 66 Paris.

350 446 90 74 2
386 446 179 74 cadres
511 446 233 74 contenant
691 446 125 74 des
762 446 251 74 plaquettes
959 446 197 74 bronze,
1085 446 161 74 savoir:

313 496 284 62 *1334
544 496 124 62 Une
615 496 231 62 plaquette
792 496 160 62 femme
899 496 124 62 aux
952 496 142 62 gants.

313 544 272 59 *1335
534 544 119 59 Une
602 544 221 59 plaquette
771 544 187 59 vieille
890 544 136 59 femme.

312 592 285 63 *1336
544 592 125 63 Une
615 592 232 63 plaquette
793 592 160 63 femme
882 592 196 63 accoudée.

312 639 275 66 *1337
535 639 120 66 Une
604 639 223 66 plaquette
776 639 206 66 portrait
930 639 103 66 de
982 639 155 66 jeune
1068 639 137 66 femme.

312 686 276 65 *1338
536 686 121 65 Une
605 686 224 65 plaquette
777 686 155 65 femme
863 686 155 65 lisant.

312 737 280 58 *1339
539 737 122 58 Une
609 737 227 58 plaquette
783 737 210 58 portrait
941 737 105 58 de
993 737 122 58 Mme
1063 737 105 58 A.
1098 737 70 58 D.

310 781 289 60 *1340
544 781 126 60 Une
617 781 235 60 plaquette
797 781 162 60 femme
905 781 108 60 au
959 781 198 60 manchon
1086 781 180 60 (épreuve

537 837 265 51 appartenant
749 837 106 51 au
802 837 194 51 docteur
926 837 212 51 Pautrier).

330 868 262 66 1341
539 868 122 66 Une
609 868 227 66 plaquette
783 868 157 66 femme
888 868 105 66 au
923 868 157 66 miroir.

331 921 272 51 1342
549 921 127 51 Une
621 921 236 51 plaquette
802 921 163 51 femme
911 921 109 51 au
948 921 181 51 manteau.

328 971 262 56 1343
537 971 122 56 Une
607 971 227 56 plaquette
781 971 157 56 femme
886 971 122 56 nue
938 971 157 56 lisant.

311 1019 262 56 *1344
523 1019 114 56 Une
589 1019 213 56 statuette
752 1019 180 56 vieille
883 1019 147 56 femme
981 1019 164 56 assise
1079 1019 180 56 (bronze).

309 1063 263 65 *1345
522 1063 115 65 Une
588 1063 213 65 statuette
752 1063 181 65 vieille
883 1063 148 65 femme
982 1063 164 65 debout
1080 1063 181 65 (bronze).

309 1109 262 60 *1346
521 1109 115 60 Une
587 1109 213 60 statuette
751 1109 180 60 vieille
882 1109 147 60 femme
980 1109 164 60 debout
1078 1109 180 60 (plâtre).

267 1212 210 76 LAMAURY
420 1212 268 76 (Georges),
630 1212 115 76 né
687 1212 96 76 à
726 1212 191 76 Rouen.
860 1212 96 76 —
898 1212 134 76 78,
974 1212 134 76 rue
1032 1212 229 76 Nationale,

304 1264 207 66 Pontivy
436 1264 244 66 (Morbihan).

326 1329 245 61 1347
505 1329 147 61 Ajoncs.

306 1377 263 58 *1348
519 1377 164 58 Landes
618 1377 131 58 d’été.

305 1428 281 62 *1349
534 1428 193 62 Chemins
657 1428 140 62 creux.

304 1482 271 61 *1350
525 1482 153 61 Vieux
609 1482 170 61 château.

262 1581 318 77 LAMOURDEDIEU
521 1581 239 77 (Raoul),
700 1581 119 77 né
760 1581 99 77 à
799 1581 318 77 Fauguerolle.
1058 1581 99 77 —
1098 1581 139 77 84,
1158 1581 99 77 rue

301 1631 237 65 Lecourbe,
465 1631 146 65 Paris.

320 1701 249 69 1351
520 1701 299 69 Buste-portrait
769 1701 100 69 de
819 1701 116 69 Mme
869 1701 100 69 S...

322 1756 239 58 1352
514 1756 160 58 Cheval
625 1756 96 58 de
657 1756 128 58 trait.

320 1805 254 56 1353
523 1805 220 56 Statuette
692 1805 152 56 femme
794 1805 85 56 à
811 1805 220 56 l’ombrelle.

320 1851 240 70 1354
512 1851 208 70 Médailles
672 1851 112 70 (le
720 1851 176 70 trimard).

321 1899 241 62 1355
513 1899 208 62 Plaquette
658 1899 160 62 liseuse.
