1556 2274
711 234 121 64 —
759 234 145 64 88
808 234 73 64 —

299 323 144 62 LAY
381 323 287 62 (Auguste),
606 323 123 62 né
668 323 103 62 à
709 323 267 62 Toulouse.
914 323 103 62 —
955 323 144 62 48,
1037 323 267 62 boulevard
1221 323 82 62 de

340 378 194 57 Clichy,
482 378 177 57 Paris,
605 378 106 57 et
658 378 124 57 11,
729 378 159 57 place
835 378 177 57 Lucas,
941 378 194 57 Toulouse.

371 1096 257 52 1395
576 1096 205 52 Vieilles
730 1096 188 52 maisons
867 1096 86 52 à
884 1096 137 52 Médan.

539 459 210 55 *1389
710 459 131 55 Devant
802 459 92 55 les
854 459 158 55 tribunes
972 459 66 55 à
985 459 250 55 Maisons

537 514 232 56 *1390
726 514 102 56 Les
784 514 203 56 marchandes
944 514 87 56 du
988 514 116 56 pont
1060 514 73 56 à
1089 514 174 56 Toulouse
1205 514 102 56 (cré

550 557 207 61 puscule).

539 594 203 68 *1391
704 594 140 68 Coucher
806 594 76 68 de
844 594 127 68 soleil
921 594 152 68 (automne).

545 653 182 62 *1392
692 653 68 62 Le
727 653 125 62 concert
806 653 148 62 d’Asnières.

543 699 226 63 *1393
727 699 85 63 Le
769 699 113 63 port
840 699 241 63 Saint-Sauveur
1038 699 71 63 à
1066 699 170 63 Toulouse
1180 699 127 63 (soleil

558 749 185 59 d’hiver).

543 794 208 64 *1394
712 794 104 64 Dans
777 794 91 64 les
829 794 156 64 tribunes
946 794 65 64 à
959 794 247 64 Maisons

307 950 116 56 LE
365 950 155 56 BAIL
461 950 232 56 (Louis),
636 950 116 56 né
694 950 97 56 à
732 950 174 56 Evron
849 950 271 56 (Mayenne).
1061 950 97 56 —
1081 950 232 56 Villènnes-

350 999 223 64 sur-Seine
504 999 309 64 (Seine

373 1148 251 53 1396
574 1148 100 53 La
624 1148 151 53 Seine
724 1148 84 53 à
758 1148 217 53 Villennes
925 1148 167 53 (matin
1025 1148 151 53 d'été).

370 1194 263 52 1397
581 1194 210 52 Pommiers
738 1194 105 52 en
773 1194 158 52 fleurs.

369 1240 280 52 1398
593 1240 112 52 Un
649 1240 168 52 étang
761 1240 149 52 dans
854 1240 112 52 la
910 1240 205 52 Mayenne
1059 1240 280 52 (appartient
1264 1240 56 52 à

575 1293 110 52 M.
611 1293 202 52 Laferté).

374 1341 236 50 1399
563 1341 204 50 Villennes
720 1341 173 50 (effete
845 1341 94 50 de
877 1341 141 50 neige).

359 1386 460 53 1400
697 1386 307 53 Antibes.

319 1524 251 54 LEBASQUE
507 1524 251 54 (Henri),
696 1524 126 54 né
759 1524 105 54 à
801 1524 230 54 Angers.
968 1524 105 54 –
1010 1524 293 54 Montévrain
1219 1524 105 54 par

362 1574 167 52 Lagny
455 1574 352 52 (Seine

385 1664 242 52 1401
579 1664 129 52 Coin
659 1664 97 52 de
692 1664 145 52 jardin.

380 1712 244 50 1402
559 1712 130 50 Neige.

378 1762 243 50 1403
572 1762 113 50 Sur
621 1762 129 50 l'eau.

376 1812 266 52 1404
589 1812 124 52 Une
660 1812 124 52 rue
731 1812 89 52 à
749 1812 230 52 Montévrain.

384 1858 258 50 1405
573 1858 207 50 Pêcheuses.

378 1910 241 52 1406
571 1910 161 52 Soleil
667 1910 161 52 d'hiver.
