1556 2274
793 234 158 71 90
845 234 79 71 —

343 309 356 74 LECUIT-MONROY
636 309 230 74 (Paul),
803 309 125 74 né
866 309 105 74 à
908 309 209 74 Paris.
1054 309 105 74 —
1096 309 125 74 4,
1138 309 209 74 faubourg

381 370 116 63 du
439 370 214 63 Temple,
575 370 155 63 Paris.

402 433 278 64 *1424
627 433 139 64 Coin
714 433 104 64 de
766 433 156 64 ferme
853 433 347 64 (Alpes

402 492 277 47 *1425
627 492 191 47 Rêveuse
766 492 121 47 sur
835 492 104 47 la
887 492 173 47 grande
1008 492 139 47 rade
1077 492 191 47 (Toulon).

403 538 273 58 *1426
625 538 120 58 Fin
693 538 154 58 d’été
796 538 137 58 près
864 538 154 58 Toulon.

403 583 269 61 *1427
622 583 185 61 L’hiver
756 583 84 61 à
773 583 219 61 El

403 629 279 61 *1428
629 629 122 61 Une
699 629 122 61 rue
769 629 105 61 au
821 629 157 61 vieux
908 629 157 61 Biskra.

403 679 270 60 *1429
623 679 169 60 Arènes
741 679 101 60 de
791 679 169 60 Fréjus
893 679 236 60 (aquarelle).

348 789 231 61 LEDOGARD
521 789 270 61 (Georges),
733 789 116 61 né
791 789 96 61 à
829 789 366 61 Jouy-le-Moutier
1118 789 231 61 (Seine-

385 842 171 69 Oise).
504 842 85 69 —
539 842 119 69 52,
607 842 119 69 rue
675 842 205 69 Laffite,
812 842 137 69 Paris.

426 906 255 64 1430
630 906 102 64 La
681 906 204 64 barrière
834 906 255 64 (a)partient
1039 906 85 64 à
1073 906 102 64 M.
1107 906 238 64 Barthélemy).

427 971 252 56 1431
629 971 118 56 Les
696 971 151 56 bords
797 971 101 56 de
847 971 168 56 l’Oise
965 971 252 56 (appartient
1166 971 101 56 au
1200 971 151 56 docteur

612 1009 240 49 Grunberg).

405 1044 273 65 *1432
626 1044 102 65 La
677 1044 170 65 plaine
780 1044 187 65 d’Ennery.

427 1100 272 58 1433
645 1100 182 58 Entrée
754 1100 254 58 d’Immarmont.

349 1197 251 65 LEFEBVRE
537 1197 272 65 (Joseph),
746 1197 125 65 né
809 1197 104 65 à
851 1197 522 65 Saint-Pierre-en-Port.
1289 1197 63 65 —

389 1247 409 57 Saint-Pierre-en-Port
729 1247 358 57 (Seine

410 1318 251 69 *1434
599 1318 251 69 L’arc

408 1374 271 62 *1435
628 1374 102 62 Le
662 1374 136 62 nuage.

409 1423 270 60 *1436
628 1423 101 60 Le
662 1423 219 60 crépuscule.

410 1470 269 57 *1437
612 1470 168 57 Oranges.

431 1520 258 51 1438
637 1520 103 51 Ma
672 1520 120 51 mère.

411 1561 269 56 *1439
630 1561 101 56 La
680 1561 134 56 fête
764 1561 118 56 des
831 1561 168 56 marins
949 1561 84 56 à
966 1561 386 56 Saint

353 1663 120 60 LE
413 1663 200 60 GENDRE
553 1663 401 60 (Charles-Félix),
894 1663 120 60 né
954 1663 100 60 à
994 1663 200 60 Poissy
1115 1663 240 60 (Seine-

390 1719 201 63 Oise).
531 1719 101 63 —
571 1719 121 63 3,
631 1719 141 63 rue
712 1719 261 63 Voltaire,
893 1719 462 63 Saint

374 1763 304 69 (Seine

413 1848 273 54 *1440
635 1848 188 54 Péniche
772 1848 102 54 au
823 1848 137 54 port
891 1848 222 54 (Bougival).

411 1893 270 50 *1441
631 1893 186 50 Bouquet
766 1893 203 50 d’arbres
918 1893 135 50 (Ile
1002 1893 101 50 de
1036 1893 203 50 Bougival).
