1544 2268
457 300 176 57 *1442
600 300 121 57 Péniche
676 300 143 57 (Bougival).

455 354 236 56 *1443
647 354 162 56 Bouquet
765 354 177 56 d’arbres
897 354 88 56 du
942 354 103 56 bal
1001 354 103 56 des
1045 354 162 56 canotiers

469 405 243 58 (Bougival).

457 441 210 60 *1444
628 441 79 60 La
667 441 131 60 maison
759 441 145 60 Maurice
851 441 171 60 (Bougival).

455 499 241 59 *1445
651 499 105 59 Une
711 499 181 59 gravure,
847 499 90 59 un
892 499 181 59 tournant
1027 499 90 59 de
1072 499 90 59 la
1103 499 105 59 basse

490 547 153 62 Seine
575 547 237 62 (eau

206 669 208 60 LEMAIRE
357 669 377 60 (Charles-Louis),
678 669 113 60 né
734 669 94 60 à
772 669 321 60 Ancy-le-Franc
1017 669 189 60 (Yonne),

243 718 90 61 —
279 718 126 61 60,
351 718 126 61 rue
423 718 198 61 Royale,
548 718 234 61 Versailles.

264 789 281 68 *1446
493 789 158 68 Calme
598 789 105 68 du
651 789 158 68 soir,
738 789 211 68 chaumière.

264 846 269 59 *1447
483 846 185 59 Village
601 846 168 59 endormi.

265 892 263 61 *1448
478 892 148 61 Voûte
560 892 230 61 ensoleillée.

266 942 257 67 *1449
475 942 129 67 Nuit
539 942 129 67 d’été.

207 1063 115 70 LE
264 1063 231 70 MEILLEUR
438 1063 269 70 (Georges),
649 1063 115 70 né
707 1063 96 70 à
745 1063 192 70 Rouen.
880 1063 96 70 —
918 1063 135 70 41,
995 1063 135 70 rue
1053 1063 154 70 Bayen,

232 1120 137 56 Paris.

458 1188 212 58 *1450
630 1188 80 58 Le
670 1188 119 58 petit
750 1188 159 58 Troïeron
869 1188 66 58 à
882 1188 173 58 Ploumanach.

456 1244 214 46 *1451
629 1244 107 46 Coin
696 1244 80 46 de
736 1244 120 46 ferme
816 1244 80 46 en
843 1244 160 46 Normandie.

459 1294 210 47 *1452
630 1294 118 47 Place
708 1294 79 47 de
748 1294 79 47 la
787 1294 197 47 Manufacture
945 1294 66 47 à
958 1294 118 47 Sèvres.

460 1337 201 51 *1453
623 1337 75 51 La
661 1337 150 51 descente
774 1337 75 51 de
799 1337 138 51 Louannec.

459 1382 221 65 *1454
639 1382 83 65 La
680 1382 138 65 pointe
777 1382 83 65 de
818 1382 193 65 Trestignel
956 1382 249 65 (Côtes

460 1434 200 64 *1455
622 1434 150 64 Vieilles
734 1434 137 64 maisons
834 1434 62 64 à
859 1434 75 64 la
896 1434 125 64 clarté
971 1434 137 64 (dessin).

208 1552 191 67 LEMMEN
342 1552 268 67 (Georges).
552 1552 96 67 —
590 1552 153 67 222,
686 1552 134 67 rue
763 1552 191 67 Verte,
877 1552 230 67 Bruxelles.

248 1637 270 61 *1456
451 1637 219 61 Tournesols.

247 1692 276 52 *1457
471 1692 172 52 Nature
574 1692 138 52 morte.

248 1737 257 55 *1458
457 1737 96 55 La
505 1737 145 55 toute
585 1737 145 55 petite.

248 1785 276 57 *4459
455 1785 241 57 Nonchalante.

248 1834 260 53 *1460
443 1834 162 53 Dahlias.

248 1880 253 66 *1461
454 1880 95 66 La
486 1880 174 66 frileuse.
