1556 2274
741 243 123 63 —
791 243 148 63 92
840 243 74 63 —

569 319 85 87 LE
611 319 127 87 MOYNE
710 319 183 87 (Joseph),
851 319 141 87 Paris.
950 319 71 87 —
978 319 155 87 Loctudy
1077 319 197 87 (Finistère).

564 426 215 69 *1462
738 426 148 69 L’Adour
846 426 67 69 à
873 426 94 69 Dax
927 426 94 69 par
981 426 121 69 temps
1061 426 81 69 de
1088 426 108 69 pluie.

566 482 196 58 *1463
725 482 135 58 L’Adour
823 482 61 58 à
848 482 98 58 Dax,
909 482 110 58 effet
982 482 74 58 de
1007 482 110 58 soleil.

562 533 216 51 *1464
738 533 149 51 L’Adour
847 533 68 51 à
874 533 108 51 Dax,
941 533 81 51 au
982 533 149 51 coucher
1090 533 81 51 du
1117 533 122 51 soleil.

565 579 211 55 *1465
736 579 79 55 La
776 579 145 55 prairie
881 579 79 55 de
921 579 184 55 Kergolven,
1065 579 79 55 le
1105 579 119 55 matin
1184 579 79 55 au
1210 579 119 55 soleil.

562 629 224 60 *1466
744 629 84 60 La
786 629 154 60 prairie
898 629 84 60 de
940 629 196 60 Kergolven,
1093 629 84 60 le
1135 629 126 60 matin
1219 629 112 60 sous
1275 629 56 60 la

572 674 177 56 brume.

560 718 241 61 *1467
756 718 90 61 Le
801 718 136 61 grand
892 718 136 61 champ
982 718 90 61 de
1027 718 211 61 Kergolven,
1193 718 136 61 effet
1269 718 60 61 de

581 773 145 57 soleil.

322 925 272 70 LEMPEREUR
532 925 272 70 (Edmond),
741 925 126 70 né
804 925 105 70 à
846 925 231 70 Oullins
1014 925 251 70 (Rhône).
1202 925 105 70 —
1223 925 105 70 22,

365 989 129 68 rue
438 989 259 68 Tourlaque,
623 989 148 68 Paris.

570 1083 119 64 *1468
659 1083 89 64 Intérieur.

566 1142 179 53 *1469
711 1142 112 53 Moulin
789 1142 67 53 de
823 1142 67 53 la
845 1142 112 53 Galette.

554 1191 190 54 *1470
709 1191 83 54 Bal
756 1191 71 54 de
792 1191 179 54 l’Artilleur
935 1191 95 54 (île
994 1191 71 54 de
1030 1191 71 54 la
1054 1191 107 54 Jatte).

565 1245 186 59 *1471
716 1245 81 59 Bal
763 1245 70 59 de
797 1245 174 59 l’Artilleur
937 1245 93 59 (île
995 1245 70 59 de
1029 1245 70 59 la
1053 1245 104 59 Jatte).

562 1291 193 55 *1472
719 1291 96 55 Coin
779 1291 84 55 des
827 1291 120 55 arènes
899 1291 169 55 (Marseille).

566 1333 161 62 *1473
697 1333 60 62 Au
717 1333 151 62 café

322 1485 205 84 LENOIR
466 1485 267 84 (Marcel),
671 1485 123 84 né
733 1485 103 84 à
774 1485 287 84 Montauban.
1000 1485 103 84 —
1041 1485 144 84 83,
1123 1485 144 84 rue
1205 1485 123 84 de
1246 1485 82 84 la

360 1547 337 65 Tombe-Issorre,
622 1547 150 65 Paris.

561 1645 193 73 *1474
718 1645 72 73 Le
754 1645 121 73 Christ
838 1645 84 73 aux
874 1645 145 73 donateurs.

558 1704 211 52 *1475
730 1704 79 52 La
769 1704 119 52 folie
848 1704 159 52 mystique
967 1704 198 52 (appartient
1126 1704 66 52 à
1152 1704 92 52 Mme
1192 1704 132 52 Masson).

560 1752 197 61 *1476
720 1752 86 61 Les
769 1752 99 61 deux
831 1752 111 61 sœurs
892 1752 136 61 (crayon).

558 1799 230 61 *1477
744 1799 172 61 Portrait
874 1799 86 61 de
917 1799 101 61 Mme
974 1799 144 61 Marius
1075 1799 144 61 Dupont
1161 1799 158 61 (crayon).

557 1844 184 65 *1478
707 1844 92 65 Tête
765 1844 69 65 de
800 1844 92 65 bœuf
846 1844 115 65 (étude).

561 1892 153 69 *1479
685 1892 76 69 Bœuf
724 1892 95 69 (étude).
