1599 2910
477 88 532 137 CATALOGUE

52 220 232 111 DE
168 220 426 111 LETTRES
478 220 619 111 AUTOGRAPHES,
943 220 503 111 MANUSCRITS,

425 318 304 109 DOCUMENTS
672 318 304 109 HISTORIQUES,
900 318 190 109 ETC.

118 471 386 103 L
359 471 483 103 AUGUOI
649 471 724 103 EATEIIDEH

341 598 162 78 A
433 598 231 78 Paris,
595 598 162 78 rue
687 598 392 78 Saint-Lazare,
987 598 185 78 24

536 790 205 67 Vente
690 790 85 67 à
707 790 273 67 l’amiable,

315 843 181 65 soit
435 843 140 65 par
516 843 301 65 l’insertion
756 843 161 65 dans
857 843 120 65 le
897 843 301 65 bulletin,

137 893 168 63 soit
242 893 147 63 aux
326 893 251 63 enchères
514 893 293 63 publiques,
745 893 126 63 de
807 893 314 63 Collections
1059 893 126 63 ou
1101 893 272 63 parties

313 938 157 62 de
412 938 295 62 Collections
647 938 118 62 de
706 938 216 62 Lettres
844 938 353 62 autographes,

465 984 312 63 Documents
698 984 351 63 historiques,

506 1034 328 52 >Manuscrits,
773 1034 185 52 etc.,
876 1034 123 52 etc.

75 1079 279 57 Achats.
295 1079 100 57 —
334 1079 259 57 Échanges.
534 1079 100 57 —
574 1079 299 57 Expertises.
813 1079 100 57 —
853 1079 259 57 Rédaction
1053 1079 120 57 de
1093 1079 339 57 Catalogues.

299 1227 231 106 N°
454 1227 180 106 17.
556 1227 129 106 —
608 1227 411 106 JUILLET-AOUT
916 1227 283 106 1858.

28 1373 179 85 2972.
147 1373 338 85 Achard
425 1373 278 85 (Cl.-Fr.),
644 1373 238 85 médecin,
823 1373 358 85 bibliothécaire
1121 1373 119 85 de
1180 1373 278 85 Marseille,
1379 1373 99 85 bi-

76 1442 314 67 bliographe,
327 1442 272 67 géographe
536 1442 125 67 et
599 1442 293 67 historien.
829 1442 125 67 L.
892 1442 167 67 aut.
996 1442 188 67 sig.,
1122 1442 188 67 comme
1226 1442 251 67 secrétaire

76 1501 280 57 perpétuel
292 1501 129 57 de
356 1501 301 57 l’Académie
593 1501 129 57 de
658 1501 301 57 Marseille,
895 1501 108 57 à
938 1501 129 57 M.
1002 1501 301 57 Silvestre.
1218 1501 258 57 Marseille,

73 1546 118 56 30
132 1546 178 56 avril
251 1546 178 56 1808.
369 1546 99 56 2
409 1546 118 56 p.
468 1546 178 56 in-4.
587 1546 197 56 —Plus,
725 1546 118 56 la
784 1546 217 56 minute,
942 1546 118 56 a.
1001 1546 118 56 s.
1060 1546 118 56 (à
1120 1546 118 56 la
1179 1546 257 56 troisième
1357 1546 118 56 per-

71 1598 206 53 sonne)
215 1598 123 53 de
277 1598 123 53 M.
339 1598 288 53 Silvestre,
565 1598 123 53 en
626 1598 226 53 réponse
791 1598 103 53 à
832 1598 185 53 cette
955 1598 226 53 lettre.
1120 1598 103 53 2
1161 1598 123 53 p.
1222 1598 185 53 in-4.
1346 1598 103 53 4
1366 1598 103 53 fr.

120 1641 127 59 Au
183 1641 191 59 sujet
311 1641 127 59 du
374 1641 170 59 prix
480 1641 148 59 que
565 1641 127 59 la
628 1641 233 59 Société
798 1641 360 59 d’agriculture
1095 1641 127 59 du
1158 1641 318 59 département
1391 1641 85 59 de

69 1673 136 86 la
137 1673 204 86 Seine
273 1673 136 86 se
341 1673 249 86 propose
523 1673 136 86 de
591 1673 272 86 décerner
795 1673 181 86 pour
908 1673 363 86 l’extraction
1203 1673 136 86 du
1271 1673 204 86 sucre
1384 1673 91 86 de

47 1738 188 51 raisin.

24 1780 189 71 2973.
150 1780 379 71 Abeille
466 1780 252 71 (L.-P.),
655 1780 294 71 inspecteur
886 1780 231 71 général
1054 1780 147 71 des
1139 1780 358 71 manufactures,
1412 1780 63 71 a

71 1831 183 78 écrit
193 1831 142 78 sur
274 1831 346 78 l’agriculture
559 1831 122 78 et
620 1831 142 78 sur
702 1831 122 78 la
763 1831 224 78 liberté
925 1831 122 78 du
987 1831 265 78 commerce.
1190 1831 122 78 Né
1251 1831 102 78 à
1271 1831 204 78 Toulouse

71 1878 505 61 (Haute-Garonne)
520 1878 112 61 en
577 1878 168 61 1719;
689 1878 150 61 mort
783 1878 112 61 en
839 1878 168 61 1807.
951 1878 112 61 L.
1007 1878 150 61 aut.
1101 1878 168 61 sig.,
1213 1878 94 61 à
1250 1878 150 61 M...
1325 1878 150 61 Paris,

47 1930 244 57 28
169 1930 530 57 septembre
577 1930 367 57 1790.
821 1930 204 57 2
903 1930 244 57 p.
1025 1930 367 57 in-4.
1269 1930 204 57 2
1310 1930 163 57 50

22 1969 179 88 2974.
141 1969 377 88 Albéroni
459 1969 139 88 (le
539 1969 278 88 cardinal).
757 1969 119 88 L.
817 1969 159 88 aut.
916 1969 159 88 sig.
1015 1969 278 88 (commencée
1234 1969 119 88 en
1273 1969 199 88 italien,

66 2028 273 55 continuée
276 2028 126 55 en
339 2028 252 55 français
528 2028 126 55 et
591 2028 252 55 terminée
780 2028 126 55 en
844 2028 273 55 italien).
1054 2028 105 55 2
1096 2028 126 55 p.
1159 2028 147 55 pl.
1243 2028 189 55 in-4.
1369 2028 126 55 15
1411 2028 63 55 »

112 2066 189 67 Belle
238 2066 230 67 lettre,
405 2066 251 67 relative
594 2066 105 67 à
636 2066 293 67 l’élection
866 2066 126 67 de
929 2066 272 67 Stanislas
1139 2066 126 67 au
1202 2066 189 67 trône
1327 2066 126 67 de
1369 2066 105 67 Po

20 2137 176 87 2975.
138 2137 372 87 Allaire,
452 2137 353 87 administrateur
746 2137 137 87 des
824 2137 196 87 forêts
961 2137 118 87 de
1020 2137 118 87 la
1079 2137 294 87 République.
1314 2137 118 87 L.
1353 2137 118 87 aut.

64 2212 195 54 sig.,
194 2212 130 54 au
259 2212 238 54 citoyen
432 2212 281 54 président
649 2212 130 54 de
714 2212 130 54 la
779 2212 238 54 Société
952 2212 368 54 d’agriculture
1255 2212 130 54 de
1298 2212 173 54 Paris.

61 2263 261 57 Paris,
244 2263 131 57 6
296 2263 287 57 ventôse
505 2263 157 57 an
584 2263 183 57 IX.
688 2263 131 57 1
740 2263 157 57 p.
819 2263 183 57 pl.
923 2263 157 57 et
1002 2263 261 57 demie,
1185 2263 235 57 in-4.
1341 2263 131 57 2
1367 2263 105 57 50

20 2308 181 79 2976.
141 2308 302 79 Alphonse
382 2308 141 79 III
463 2308 302 79 d’Este,
705 2308 141 79 duc
785 2308 121 79 de
846 2308 242 79 Ferrare.
1027 2308 121 79 L.
1087 2308 161 79 sig.
1188 2308 141 79 (en
1248 2308 222 79 italien).

36 2357 430 61 1627.
323 2357 239 61 1
419 2357 287 61 p.
562 2357 526 61 in-fol.
945 2357 478 61 Sceau.
1280 2357 239 61 3
1328 2357 143 61 »

16 2379 208 85 2977.
154 2379 462 85 Angoulême
547 2379 646 85 (Marie-Thérèse-Charlotte
1124 2379 138 85 de
1193 2379 254 85 France,
1355 2379 115 85 du-

64 2455 207 51 chesse
209 2455 165 51 d’),
312 2455 186 51 fille
436 2455 124 51 de
498 2455 186 51 Louis
622 2455 165 51 XVI.
726 2455 124 51 Sa
788 2455 289 51 silhouette
1015 2455 103 51 à
1057 2455 124 51 sa
1119 2455 207 51 sortie
1263 2455 124 51 du
1305 2455 165 51 Temple

58 2504 263 51 (collée
249 2504 167 51 sur
345 2504 143 51 un
416 2504 310 51 cartouche
655 2504 263 51 gravé).
846 2504 215 51 In-8.
989 2504 215 51 Pièce
1133 2504 143 51 du
1204 2504 239 51 temps.
1371 2504 119 51 4
1395 2504 72 51 »

18 2544 159 67 2978
118 2544 378 67 Anseaume
436 2544 239 67 (Louis),
615 2544 279 67 secrétaire
834 2544 119 67 de
894 2544 119 67 la
954 2544 438 67 Comédie-Italienne,
1312 2544 159 67 auteur

63 2596 293 59 dramatique:
298 2596 176 59 Le
415 2596 215 59 Tableau
571 2596 313 59 parlant
825 2596 156 59 etc.
923 2596 273 59 Quittance,
1138 2596 156 59 aut.
1236 2596 176 59 sig..
1353 2596 117 59 de
1392 2596 78 59 la

60 2649 195 73 somme
191 2649 130 73 de
256 2649 152 73 300
342 2649 239 73 livres.
516 2649 195 73 reçue
646 2649 130 73 de
711 2649 130 73 la
777 2649 477 73 Comédie-Italienne,
1189 2649 260 73 à-compte
1362 2649 109 73 sur

61 2695 152 72 ses
148 2695 412 72 gratifications.
495 2695 217 72 Paris,
647 2695 130 72 11
712 2695 239 72 juillet
886 2695 195 72 1774.
1016 2695 282 72 Demi-pace
1233 2695 195 72 in-4.
1363 2695 109 72 3
1385 2695 87 72 50

14 2737 193 77 2979.
142 2737 321 77 Attentat
399 2737 214 77 contre
549 2737 193 77 Louis
678 2737 236 77 XV
849 2737 129 77 L.
914 2737 171 77 sig.
1021 2737 129 77 de
1085 2737 129 77 M.
1128 2737 343 77 d’Aigrefeuille
