1680 2987
621 76 182 86 —
693 76 255 86 245
803 76 109 86 —

92 167 128 106 la
156 167 255 106 conduite
347 167 149 106 des
432 167 362 106 représentants
730 167 128 106 du
794 167 213 106 peuple
943 167 447 106 Billaud-Varennes,
1305 167 191 106 Collot-

95 233 299 57 d’Herbois,
330 233 214 57 Barère
479 233 128 57 et
522 233 192 57 Vadier.

47 290 197 57 3024.
179 290 285 57 Comité
398 290 132 57 de
464 290 219 57 Sûreté
617 290 417 57 générale...
968 290 132 57 de
1034 290 132 57 la
1100 290 307 57 Convention
1319 290 176 57 natio-

97 328 188 60 nale.
222 328 208 60 Arrêté
368 328 188 60 signé
493 328 146 60 par
576 328 250 60 Alquier,
764 328 188 60 Dumas
889 328 188 60 fils,
1014 328 313 60 Dartygoeyte
1264 328 125 60 et
1326 328 167 60 Jay,
1410 328 83 60 au

95 380 188 59 sujet
221 380 167 59 d’un
325 380 355 59 procès-verbal
618 380 125 59 du
681 380 209 59 Comité
827 380 125 59 de
890 380 335 59 surveillance
1141 380 355 59 révolutionnaire

98 424 120 57 de
158 424 120 57 la
218 424 219 57 section
377 424 140 57 des
457 424 199 57 gardes
597 424 339 57 françaises...
876 424 120 57 19
936 424 160 57 août
1035 424 179 57 1793.
1155 424 100 57 1
1195 424 120 57 p.
1255 424 140 57 pl.
1315 424 179 57 in

64 468 425 61 Tête
329 468 690 61 imprimée.
860 468 584 61 Cachet.
1285 468 265 61 5
1338 468 159 61 »

47 512 221 67 3205.
195 512 319 67 Comité
440 512 147 67 de
514 512 246 67 sûreté
686 512 466 67 générale..
1079 512 147 67 de
1152 512 147 67 la
1201 512 295 67 Convention

97 573 316 51 nationale.
346 573 226 51 Arrêté
503 573 203 51 signé
639 573 158 51 par
729 573 383 51 Lavicomterie,
1045 573 293 51 Dubarran,
1270 573 203 51 Louis
1383 573 113 51 (du

97 610 384 64 Bas-Rhin)
424 610 115 64 et
481 610 115 64 Le
539 610 154 64 Bas.
635 610 192 64 Paris,
770 610 115 64 18
827 610 231 64 germinal
1000 610 115 64 an
1058 610 135 64 II.
1135 610 96 64 1
1173 610 115 64 p.
1231 610 211 64 in-fol.
1365 610 135 64 Titre

54 674 854 50 imprimée.
711 674 722 50 Cachet.
1236 674 328 50 6
1302 674 197 50 »

144 703 133 68 Vu
210 703 133 68 la
277 703 356 68 dénonciation
566 703 289 68 signée...
789 703 222 68 arrête
944 703 156 68 que
1033 703 156 68 les
1122 703 200 68 curés
1233 703 267 68 domiciliés

97 752 170 65 dans
203 752 149 65 les
288 752 256 65 communes
480 752 128 65 de
544 752 256 65 Sancourt
735 752 128 65 et
799 752 341 65 d’Hendicourt
1076 752 128 65 et
1140 752 234 65 autres,
1289 752 213 65 district

98 806 155 57 des
187 806 266 57 Andelis,
386 806 333 57 département
653 806 133 57 de
719 806 244 57 l’Eure,
897 806 222 57 seront
1052 806 155 57 mis
1141 806 355 57 sur-le-champ
1407 806 89 57 en

98 852 345 87 arrestation,
379 852 172 87 pour
486 852 172 87 être
594 852 259 87 conduits
788 852 172 87 sous
896 852 194 87 bonne
1025 852 194 87 garde
1154 852 172 87 dans
1262 852 151 87 une
1327 852 172 87 maison

99 906 226 50 d’arrêt
264 906 103 50 à
284 906 205 50 Paris...

58 941 175 93 3026.
174 941 312 93 Comte
428 941 273 93 (Achille),
642 941 234 93 ministre
817 941 117 93 de
876 941 331 93 l’instruction
1148 941 253 93 publique.
1343 941 117 93 L.
1382 941 117 93 aut.

104 990 268 63 sig.,
283 990 178 63 22
372 990 327 63 octobre
610 990 268 63 1841.
788 990 149 63 1
848 990 178 63 p.
937 990 268 63 in-8.
1115 990 327 63 Cachet.
1353 990 149 63 1
1383 990 119 63 50

58 1037 171 75 3027.
172 1037 437 75 Configliachi
552 1037 228 75 (Louis),
723 1037 247 75 botaniste
913 1037 228 75 italien.
1084 1037 114 75 L.
1141 1037 152 75 aut.
1236 1037 171 75 sig.,
1350 1037 95 75 à
1388 1037 114 75 M.
1426 1037 76 75 de

97 1101 281 56 Martins,
307 1101 117 56 à
354 1101 257 56 Munich.
541 1101 257 56 Padoue,
729 1101 140 56 20
799 1101 187 56 juin
916 1101 211 56 1833.
1056 1101 117 56 1
1103 1101 140 56 p.
1173 1101 164 56 pl.
1267 1101 211 56 in-4.
1407 1101 117 56 2
1431 1101 70 56 »

58 1129 174 95 3028.
173 1129 328 95 Couder
443 1129 270 95 (Auguste),
656 1129 212 95 peintre
810 1129 289 95 d’histoire.
1041 1129 116 95 L.
1099 1129 154 95 aut.
1195 1129 174 95 sig.,
1311 1129 96 95 à
1350 1129 116 95 M.
1388 1129 116 95 Nor

93 1178 249 69 blin.
259 1178 166 69 Ce
342 1178 249 69 jeudi
509 1178 249 69 soir.
675 1178 138 69 1
730 1178 166 69 p.
813 1178 194 69 pl.
924 1178 249 69 in-8.
1090 1178 360 69 Curieuse.
1367 1178 138 69 2
1394 1178 111 69 50

57 1228 186 70 3029.
181 1228 475 70 Courvoisier,
594 1228 268 70 procureur
801 1228 227 70 général
966 1228 103 70 à
1007 1228 124 70 la
1069 1228 165 70 Cour
1173 1228 207 70 royale
1317 1228 124 70 de
1358 1228 145 70 Lyon.

101 1277 130 67 L.
166 1277 173 67 aut.
274 1277 194 67 sig.,
404 1277 108 67 à
447 1277 238 67 Mgr....
620 1277 194 67 Lyon,
750 1277 130 67 31
815 1277 173 67 août
923 1277 194 67 1827.
1052 1277 108 67 2
1095 1277 151 67 gr.
1182 1277 130 67 p.
1247 1277 238 67 in-fol.
1398 1277 108 67 In-

34 1323 1377 65 téressante.
1136 1323 459 65 3
1228 1323 275 65 »

61 1376 183 70 3030.
183 1376 305 70 Damoreau
426 1376 264 70 Cinti
629 1376 244 70 (Laure),
812 1376 223 70 célèbre
974 1376 305 70 cantatrice.
1218 1376 122 70 L.
1279 1376 162 70 aut.
1360 1376 142 70 sig..

101 1432 119 51 à
149 1432 166 51 son
244 1432 214 51 père.
387 1432 333 51 Amsterdam,
648 1432 143 51 30
719 1432 262 51 janvier
910 1432 214 51 1828.
1052 1432 119 51 3
1100 1432 143 51 p.
1171 1432 166 51 pl.
1266 1432 214 51 in-8.
1409 1432 119 51 4
1433 1432 71 51 »

149 1465 186 67 Jolie
273 1465 124 67 et
335 1465 331 67 intéressante
604 1465 207 67 lettre
749 1465 124 67 au
811 1465 186 67 sujet
935 1465 124 67 de
997 1465 124 67 la
1059 1465 165 67 mort
1163 1465 124 67 de
1225 1465 124 67 sa
1266 1465 145 67 mère.

59 1520 185 71 3031.
183 1520 350 71 Dancla
471 1520 330 71 compositeur,
739 1520 227 71 célèbre
904 1520 309 71 violoniste.
1151 1520 124 71 L.
1213 1520 165 71 aut.
1316 1520 185 71 sig.,
1419 1520 82 71 au

98 1565 254 65 baron
267 1565 169 65 de
352 1565 338 65 Trémont.
605 1565 141 65 4
662 1565 310 65 janvier
888 1565 254 65 1846.
1057 1565 141 65 1
1113 1565 169 65 p.
1198 1565 254 65 in-8.
1367 1565 141 65 4
1395 1565 113 65 50

63 1618 185 63 3032.
187 1618 410 63 Degaulle,
535 1618 267 63 ingénieur
740 1618 287 63 géographe.
966 1618 123 63 L.
1027 1618 164 63 aut.
1130 1618 164 63 sig.
1232 1618 123 63 Le
1294 1618 205 63 Hâvre,
1417 1618 82 63 11

75 1664 424 59 août
340 1664 477 59 1777.
658 1664 265 59 2
764 1664 318 59 p.
922 1664 477 59 in-4.
1240 1664 265 59 2
1293 1664 212 59 50

152 1723 129 77 Au
216 1723 193 77 sujet
345 1723 129 77 de
409 1723 129 77 sa
474 1723 258 77 nouvelle
667 1723 279 77 boussole,
881 1723 172 77 dont
989 1723 301 77 l’Académie
1225 1723 215 77 royale
1375 1723 129 77 de
1418 1723 86 77 la

107 1764 219 54 marine
261 1764 219 54 désire
414 1764 198 54 avoir
546 1764 132 54 un
612 1764 241 54 desséin
766 1764 219 54 complet.

68 1793 175 102 3033.
184 1793 389 102 Delacroix
515 1793 253 102 (Eugène),
709 1793 214 102 peintre
865 1793 292 102 d’histoire.
1098 1793 117 102 L.
1156 1793 156 102 aut.
1253 1793 175 102 sig.,
1370 1793 97 102 à
1389 1793 117 102 M...

86 1855 259 60 20
215 1855 561 60 janvier..
647 1855 216 60 1
733 1855 259 60 p.
862 1855 302 60 pl.
1035 1855 388 60 in-8.
1293 1855 216 60 2
1337 1855 173 60 55

67 1905 164 66 3034.
176 1905 310 66 Denaix
432 1905 255 66 Géographe,
632 1905 182 66 auteur
760 1905 128 66 des
833 1905 237 66 Essais
1015 1905 109 66 de
1070 1905 347 66 géographie
1362 1905 109 66 L.
1399 1905 109 66 aut.

108 1946 206 62 sig.,
245 1946 114 62 à
291 1946 137 62 M.
360 1946 137 62 le
428 1946 206 62 comte
565 1946 137 62 de
634 1946 274 62 chabrol.
840 1946 229 62 Paris,
1000 1946 137 62 18
1069 1946 252 62 février
1251 1946 206 62 1829.
1389 1946 114 62 2
1412 1946 91 62 p.

-21 1990 1377 62 in-4.
897 1990 765 62 2
1050 1990 459 62 »

69 2031 183 85 3035.
191 2031 366 85 Depping
496 2031 285 85 géographe.
719 2031 122 85 1°
780 2031 203 85 Notice
922 2031 163 85 aut.
1024 2031 163 85 sig.
1126 2031 203 85 D.-G.,
1268 2031 142 85 sur
1349 2031 142 85 les
1410 2031 102 85 mé

110 2089 230 66 moires
271 2089 390 66 géographiques
592 2089 161 66 sur
684 2089 275 66 l’empire
890 2089 138 66 de
959 2089 230 66 Perse,
1120 2089 161 66 par
1212 2089 138 66 J.
1258 2089 252 66 Macdonald

109 2153 263 59 Kinneir.
306 2153 109 59 2
350 2153 153 59 gr.
437 2153 131 59 p.
503 2153 197 59 in-4,
634 2153 109 59 —
678 2153 131 59 2°
744 2153 131 59 L.
810 2153 175 59 aut.
919 2153 197 59 sig.,
1050 2153 109 59 à
1094 2153 131 59 M.
1160 2153 241 59 Daunou.
1335 2153 131 59 19
1379 2153 131 59 nov.

92 2183 376 67 1835.
343 2183 209 67 2
427 2183 251 67 p.
552 2183 293 67 pl.
719 2183 251 67 et
844 2183 376 67 demie
1095 2183 376 67 in-4.
1346 2183 209 67 5
1388 2183 125 67 »

158 2242 210 55 Lettre
305 2242 335 55 intéressante
577 2242 126 55 au
640 2242 189 55 sujet
766 2242 126 55 de
829 2242 126 55 la
892 2242 273 55 chronique
1101 2242 126 55 de
1143 2242 189 55 Nestor.

69 2269 183 75 3036.
191 2269 489 75 Descroisilles
618 2269 590 75 (François-Antoine-Henri),
1148 2269 265 75 chimiste.
1351 2269 122 75 L.
1392 2269 122 75 aut.

107 2330 239 62 sig.,
267 2330 133 62 à
320 2330 159 62 M.
399 2330 265 62 Paven.
585 2330 265 62 Paris,
771 2330 133 62 6
824 2330 186 62 mai
930 2330 239 62 1824.
1089 2330 133 62 1
1142 2330 159 62 p.
1222 2330 239 62 in-8.
1381 2330 133 62 1
1408 2330 106 62 50

73 2383 183 59 3037.
195 2383 183 59 De
317 2383 264 59 Seine
520 2383 386 59 (Louis-Pierre),
845 2383 285 59 statuaire.
1069 2383 122 59 L.
1130 2383 163 59 aut.
1231 2383 183 59 sig.,
1353 2383 102 59 à
1394 2383 122 59 M.
1435 2383 81 59 le

99 2435 459 52 comte...
443 2435 230 52 12
558 2435 268 52 mai
711 2435 345 52 1791.
941 2435 191 52 1
1017 2435 230 52 p.
1132 2435 345 52 in-4.
1362 2435 191 52 3
1400 2435 115 52 »

159 2486 129 56 Au
224 2486 194 56 sujet
353 2486 172 56 d’un
461 2486 237 56 mémoire
633 2486 258 56 présenté
827 2486 108 56 à
870 2486 323 56 l’Assemblée
1128 2486 280 56 nationale
1344 2486 151 56 par
1408 2486 108 56 ses

116 2535 293 48 confrères,
346 2535 146 48 qui
430 2535 230 48 tentent
597 2535 146 48 les
680 2535 209 48 moyens
827 2535 125 48 de
889 2535 272 48 renverser
1098 2535 230 48 l’ordre
1265 2535 251 48 habituel
1432 2535 84 48 de

116 2574 302 66 l’Académie
353 2574 172 66 pour
461 2574 280 66 s’emparer
677 2574 129 66 de
741 2574 172 66 tous
849 2574 151 66 ses
935 2574 280 66 pouvoirs,
1151 2574 172 66 afin
1258 2574 172 66 d’en
1345 2574 172 66 dispo-

120 2626 148 65 ser
205 2626 106 65 à
247 2626 170 65 leur
332 2626 127 65 gré.

77 2663 178 63 3038.
196 2663 356 63 Ducoux,
493 2663 198 63 préfet
631 2663 119 63 de
690 2663 198 63 police
829 2663 119 63 en
888 2663 178 63 1848.
1007 2663 119 63 L.
1066 2663 158 63 aut.
1165 2663 158 63 sig.
1264 2663 198 63 Paris,
1402 2663 99 63 5
1422 2663 99 63 oc-

90 2724 477 44 tobre
408 2724 477 44 1848.
726 2724 265 44 1
832 2724 318 44 p.
990 2724 477 44 in-8.
1308 2724 265 44 2
1361 2724 159 44 »

80 2752 164 81 3039.
189 2752 309 81 Dufay,
444 2752 182 81 député
571 2752 109 81 de
626 2752 455 81 Saint-Domingue
1026 2752 91 81 à
1062 2752 91 81 à
1099 2752 109 81 la
1153 2752 273 81 Convention.
1371 2752 109 81 L.
1408 2752 109 81 aut.
