1659 2977
678 118 181 82 —
750 118 254 82 246
859 118 109 82 —

158 192 185 101 sig.,
282 192 144 101 aux
364 192 390 101 administrateurs
692 192 246 101 généraux
877 192 144 101 des
959 192 226 101 postes.
1124 192 267 101 Soissons,
1329 192 123 101 29
1370 192 185 101 floréal

160 291 127 51 an
223 291 190 51 VIII.
350 291 106 51 1
392 291 127 51 p.
456 291 148 51 pl.
540 291 127 51 et
604 291 190 51 quart
731 291 148 51 gr.
815 291 254 51 in-fol.,
1005 291 169 51 Tête
1111 291 190 51 impr.
1238 291 275 51 Vignette.
1449 291 127 51 15
1492 291 63 51 »

206 324 125 58 Au
269 324 187 58 sujet
393 324 125 58 de
456 324 333 58 persécutions
726 324 166 58 dont
830 324 125 58 il
892 324 145 58 est
975 324 229 58 l’objet
1141 324 166 58 pour
1245 324 145 58 une
1328 324 187 58 dette
1432 324 125 58 con-

161 378 237 54 tractée
333 378 129 54 en
397 378 194 54 1777,
526 378 151 54 par
612 378 151 54 des
698 378 215 54 hommes
849 378 129 54 de
913 378 215 54 parti,
1064 378 194 54 d’une
1193 378 237 54 faction
1343 378 215 54 ennemie,

158 413 144 67 qui
241 413 123 67 se
302 413 165 67 sont
405 413 206 67 réunis
549 413 103 67 à
590 413 288 67 dix
817 413 165 67 sous
919 413 123 67 le
981 413 144 67 nom
1063 413 185 67 d’une
1187 413 309 67 corporation
1413 413 144 67 comme

160 458 349 61 commissaires
444 458 131 61 de
509 458 415 61 Saint-Domingue,
859 458 131 61 et
924 458 306 61 soi-disant
1164 458 240 61 députés
1339 458 109 61 à
1382 458 131 61 la
1426 458 131 61 Con-

162 509 236 71 tion...
333 509 150 71 «Il
419 509 150 71 est
505 509 236 71 inutile
677 509 258 71 d'entrer
871 509 172 71 dans
978 509 172 71 tous
1085 509 150 71 les
1171 509 236 71 détails
1343 509 215 71 odieux
1472 509 86 71 de

160 557 215 66 «cette
311 557 280 66 intrigue.
527 557 172 66 Pour
634 557 280 66 apprécier
849 557 129 66 la
914 557 280 66 confiance
1129 557 151 66 que
1216 557 215 66 mérite
1366 557 151 66 ces
1431 557 129 66 hom-

166 607 157 62 «mes,
270 607 105 62 il
323 607 192 62 suffira
462 607 140 62 d’un
550 607 140 62 mot,
637 607 105 62 de
689 607 122 62 les
759 607 314 62 nommer
1021 607 105 62 Ce
1073 607 140 62 sont
1161 607 175 62 les
1283 607 192 62 témoins
1405 607 157 62 ha

165 648 149 67 «
258 648 205 67 ibitués
407 648 112 67 du
463 648 223 67 tribunal
630 648 446 67 révolutionnaire
1021 648 112 67 Ce
1077 648 149 67 sont
1170 648 130 67 eux
1244 648 130 67 qui
1318 648 130 67 ont
1393 648 167 67 servi
1486 648 74 67 de

167 716 214 56 «témoins
328 716 143 56 pour
417 716 161 56 faire
524 716 268 56 guillotiner
738 716 321 56 Barnave
1006 716 107 56 et
1059 716 125 56 les
1131 716 107 56 22
1184 716 250 56 députés
1381 716 107 56 de
1416 716 143 56 la

168 747 97 70 «
206 747 368 70 Gironde
516 747 116 70 le
574 747 213 70 général
729 747 329 70 Blanchelande,
1000 747 174 70 etc.,
1116 747 174 70 etc.,
1232 747 155 70 etc.
1329 747 116 70 Ce
1387 747 155 70 sont
1464 747 97 70 des

162 797 289 66 «intimes
379 797 145 66 de
451 797 386 66 Robespierre,
765 797 217 66 etc.,
909 797 217 66 etc.,
1054 797 169 66 ils
1150 797 145 66 se
1223 797 265 66 nomment
1391 797 169 66 Page,

164 854 277 53 «Brulley,
377 854 213 53 Thomas
526 854 235 53 Millet,
697 854 277 53 Verneuil,
910 854 192 53 etc.,
1017 854 128 53 etc.

117 892 181 63 3040.
237 892 341 63 Dupont
518 892 321 63 (Henriquel),
779 892 241 63 graveur.
960 892 120 63 L.
1020 892 161 63 aut.
1120 892 161 63 sig.
1221 892 100 63 1
1261 892 120 63 p.
1321 892 201 63 in-18.
1462 892 100 63 1
1482 892 80 63 50

117 932 197 76 3041.
249 932 460 76 Dupuytren,
643 932 307 76 chirurgien
884 932 263 76 célèbre.
1081 932 351 76 Consultation
1344 932 219 76 médicale

159 1001 234 48 aut.
305 1001 234 48 sig.
451 1001 175 48 31
539 1001 234 48 août
685 1001 263 48 1824.
860 1001 146 48 3
918 1001 204 48 gr.
1035 1001 175 48 p.
1123 1001 204 48 pl.
1240 1001 263 48 in-4.
1415 1001 146 48 3
1444 1001 117 48 50

121 1029 180 69 3042.
241 1029 340 69 Ennery
521 1029 220 69 (Michel
681 1029 160 69 d’),
781 1029 220 69 cèlèbre
940 1029 300 69 antiquaire,
1180 1029 320 69 archéologue.
1440 1029 120 69 Né
1480 1029 80 69 en

166 1085 199 57 1709.
299 1085 177 57 Mort
409 1085 133 57 en
476 1085 199 57 1780.
609 1085 133 57 L.
675 1085 177 57 aut.
786 1085 199 57 sig.,
919 1085 111 57 à
963 1085 133 57 M.
1030 1085 133 57 De
1096 1085 133 57 La
1162 1085 199 57 Cour,
1295 1085 111 57 à
1317 1085 244 57 Pontoise.

163 1137 269 58 Paris,
352 1137 135 58 3
406 1137 323 58 novemhre
648 1137 242 58 1764.
810 1137 135 58 1
864 1137 162 58 p.
944 1137 189 58 pl.
1052 1137 242 58 in-4.
1214 1137 296 58 Cachet.
1429 1137 135 58 2
1456 1137 108 58 50

124 1173 182 69 3043.
245 1173 384 69 Flécheux
569 1173 182 69 (Mlle
690 1173 223 69 Maria),
852 1173 263 69 chanteuse
1054 1173 121 69 de
1115 1173 243 69 l’Opéra.
1297 1173 121 69 L.
1358 1173 162 69 aut.
1439 1173 121 69 sig.

121 1229 894 62 Demi-page
809 1229 619 62 in-8.
1221 1229 344 62 1
1290 1229 275 62 50

124 1278 180 69 3044.
244 1278 379 69 Fleurieu
563 1278 220 69 (Claret
723 1278 160 69 de),
823 1278 240 69 ministre
1003 1278 120 69 de
1063 1278 120 69 la
1123 1278 220 69 marine.
1282 1278 120 69 L.
1342 1278 160 69 aut.
1422 1278 140 69 sig.,

169 1329 107 61 à
211 1329 128 61 M.
276 1329 128 61 le
340 1329 257 61 ministre
532 1329 128 61 de
596 1329 128 61 la
661 1329 235 61 marine.
832 1329 214 61 Paris,
981 1329 107 61 4
1024 1329 235 61 floréal
1195 1329 128 61 an
1260 1329 171 61 XII.
1366 1329 107 61 1
1409 1329 128 61 p.
1452 1329 107 61 pl.

39 1373 1372 60 in-4.
953 1373 762 60 2
1106 1373 457 60 »

124 1411 177 78 3045.
243 1411 355 78 Fouché,
538 1411 138 78 duc
617 1411 276 78 d’Otrante,
834 1411 355 78 conventionnel,
1129 1411 237 78 ministre
1307 1411 118 78 de
1366 1411 118 78 la
1405 1411 158 78 police

170 1468 270 69 générale.
378 1468 125 69 L.
441 1468 166 69 sig.
545 1468 208 69 Paris,
690 1468 125 69 13
753 1468 270 69 fructidor
961 1468 125 69 an
1023 1468 187 69 XIII.
1148 1468 104 69 1
1190 1468 125 69 p.
1252 1468 187 69 in-4.
1356 1468 208 69 Vignette

102 1527 548 49 de
376 1527 1096 49 Prudhon.
1198 1527 457 49 2
1289 1527 274 49 »

124 1559 196 68 3046.
255 1559 414 68 Fourcroy
604 1559 414 68 (Charles-René),
953 1559 262 68 maréchal
1150 1559 131 68 de
1215 1559 196 68 camp,
1324 1559 240 68 directeur

173 1599 228 82 général
339 1599 124 82 du
401 1599 187 82 corps
526 1599 187 82 royal
650 1599 124 82 du
713 1599 207 82 génie.
858 1599 124 82 Né
920 1599 124 82 en
982 1599 187 82 1715.
1107 1599 166 82 Mort
1210 1599 124 82 en
1273 1599 187 82 1791.
1397 1599 124 82 L.
1439 1599 124 82 aut.

173 1655 202 62 sig.,
307 1655 112 62 à
352 1655 135 62 M.
419 1655 135 62 de
487 1655 337 62 Saint-Paul.
756 1655 135 62 14
823 1655 247 62 janvier
1003 1655 202 62 1783.
1138 1655 112 62 1
1182 1655 135 62 p.
1250 1655 157 62 pl.
1340 1655 202 62 in-4.
1474 1655 112 62 3
1497 1655 67 62 »

127 1701 190 74 3047.
254 1701 402 74 Fourcroy
592 1701 487 74 (Antoine-François),
1016 1701 254 74 médecin,
1206 1701 212 74 savant
1333 1701 233 74 chimiste.

173 1749 149 67 L.
248 1749 199 67 aut.
372 1749 199 67 sig.
496 1749 248 67 Paris,
670 1749 174 67 1er
769 1749 273 67 floréal
968 1749 149 67 an
1042 1749 224 67 XIII.
1191 1749 124 67 1
1241 1749 149 67 p.
1316 1749 224 67 in-8.
1465 1749 124 67 2
1489 1749 75 67 »

125 1788 187 92 3048.
250 1788 312 92 François
500 1788 229 92 Ier
666 1788 146 92 roi
749 1788 125 92 de
812 1788 229 92 France.
978 1788 187 92 Pièce
1103 1788 166 92 sig.
1207 1788 166 92 (sur
1290 1788 271 92 parchemin).

166 1844 350 71 Mantes,
421 1844 191 71 26
516 1844 286 71 sept.
707 1844 286 71 1540.
897 1844 350 71 In-fol.
1152 1844 350 71 oblong.
1406 1844 159 71 7
1438 1844 127 71 50

220 1900 198 60 Ordre
352 1900 132 60 de
418 1900 198 60 payer
551 1900 265 60 comptant
749 1900 132 60 la
815 1900 198 60 somme
948 1900 132 60 de
1014 1900 176 60 deux
1124 1900 198 60 cents
1256 1900 198 60 écus,
1389 1900 110 60 à
1411 1900 154 60 pren-

173 1947 148 62 dre
257 1947 148 62 sur
342 1947 127 62 la
405 1947 190 62 vente
532 1947 127 62 de
595 1947 253 62 l’office
785 1947 127 62 de
848 1947 232 62 sergent
1017 1947 106 62 à
1059 1947 211 62 cheval
1207 1947 127 62 en
1270 1947 148 62 ses
1334 1947 232 62 chapelles

174 1988 127 61 de
237 1988 212 61 Paris,
386 1988 212 61 vacant
535 1988 149 61 par
620 1988 127 61 le
684 1988 212 61 trépas
832 1988 127 61 de
896 1988 149 61 feu
981 1988 212 61 Hièvre
1130 1988 127 61 la
1172 1988 255 61 Chaulne...

125 2042 194 70 3049.
255 2042 323 70 François
513 2042 237 70 Ier
685 2042 452 70 (François-Etienne
1073 2042 129 70 de
1137 2042 301 70 Lorraine),
1353 2042 215 70 empereur

175 2092 337 54 d’Allemagne,
449 2092 232 54 d’abord
617 2092 147 54 duc
701 2092 126 54 de
765 2092 253 54 Lorraine
954 2092 168 54 sous
1060 2092 126 54 le
1123 2092 147 54 nom
1207 2092 126 54 de
1270 2092 253 54 François
1439 2092 126 54 III.

175 2146 126 55 Né
238 2146 105 55 à
280 2146 274 55 Lunéville
491 2146 126 55 en
554 2146 189 55 1708.
680 2146 168 55 Mort
785 2146 105 55 à
827 2146 253 55 Inspruck
1017 2146 126 55 en
1080 2146 189 55 1763.
1206 2146 126 55 L.
1269 2146 189 55 sig.,
1396 2146 105 55 à
1438 2146 126 55 M.
1480 2146 84 55 de

172 2196 283 51 Bousmard.
390 2196 240 51 Vienne,
564 2196 131 51 20
630 2196 152 51 mai
717 2196 196 51 1724.
847 2196 109 51 1
891 2196 131 51 p.
956 2196 152 51 pl.
1043 2196 196 51 in-4.
1174 2196 196 51 Belle
1305 2196 240 51 lettre.
1479 2196 109 51 5
1501 2196 65 51 »

129 2234 179 69 3050.
249 2234 379 69 Frossard
568 2234 239 69 (B.-P.),
747 2234 219 69 pasteur
907 2234 299 69 protestant.
1146 2234 120 69 L.
1206 2234 160 69 aut.
1306 2234 179 69 sig.,
1425 2234 100 69 à
1445 2234 120 69 Mlle

174 2277 359 77 Helena-Maria
466 2277 292 77 Williams,
690 2277 112 77 à
735 2277 225 77 Paris.
892 2277 314 77 Montauban,
1139 2277 135 77 16
1207 2277 247 77 octobre
1386 2277 202 77 1819.
1499 2277 67 77 3

111 2328 513 73 p.
368 2328 599 73 pl.
710 2328 770 73 in-8.
1224 2328 428 73 5
1309 2328 257 73 »

223 2378 331 61 Intéressante
492 2378 124 61 et
554 2378 310 61 affectueuse
803 2378 228 61 lettre.
968 2378 207 61 Toutes
1113 2378 145 61 les
1196 2378 269 61 promesses
1403 2378 124 61 du
1444 2378 124 61 gou-

174 2429 292 51 vernement
398 2429 135 51 se
466 2429 180 51 sont
578 2429 315 51 réalisées.
826 2429 157 51 «Il
916 2429 135 51 ne
983 2429 180 51 nous
1096 2429 202 51 reste
1231 2429 180 51 plus
1343 2429 180 51 qu’à
1433 2429 135 51 nous

177 2479 239 63 «rendre
351 2479 195 63 digne
481 2479 130 63 de
546 2479 130 63 sa
612 2479 282 63 confiance
829 2479 130 63 et
894 2479 130 63 de
959 2479 195 63 celle
1089 2479 130 63 de
1154 2479 217 63 toutes
1306 2479 152 63 les
1372 2479 195 63 églises

175 2532 310 55 «réformées
418 2532 133 55 de
485 2532 243 55 France.
662 2532 133 55 Le
728 2532 221 55 nombre
883 2532 133 55 de
949 2532 155 55 nos
1038 2532 288 55 disciples
1259 2532 155 55 est
1348 2532 177 55 déjà
1436 2532 133 55 con-

178 2567 325 70 «sidérable,
439 2567 130 70 et
504 2567 325 70 l’ouverture
764 2567 152 70 des
851 2567 195 70 cours
981 2567 347 70 l’augmentera
1263 2567 239 70 encore.
1415 2567 152 70 Cette

177 2613 324 66 «ouverture
432 2613 255 66 donnera
617 2613 185 66 lieu
733 2613 116 66 à
779 2613 162 66 une
872 2613 301 66 solennité
1104 2613 116 66 à
1150 2613 278 66 laquelle
1358 2613 139 66 un
1405 2613 162 66 grand

184 2661 224 68 «nombre
347 2661 265 68 d’églises
550 2661 265 68 assistera
754 2661 143 68 par
836 2661 306 68 députation,
1080 2661 122 68 et
1141 2661 204 68 toutes
1284 2661 143 68 nos
1345 2661 224 68 autorités

179 2718 365 55 «constituées
475 2718 137 55 en
544 2718 228 55 corps.
703 2718 137 55 Ce
772 2718 182 55 sera
885 2718 137 55 en
954 2718 205 55 effet
1091 2718 159 55 une
1182 2718 228 55 époque
1318 2718 251 55 mémorable

183 2765 186 58 «dans
307 2765 145 58 nos
390 2765 227 58 fastes.
555 2765 248 58 Puissent
741 2765 145 58 les
824 2765 207 58 fruits
968 2765 124 58 de
1030 2765 124 58 ce
1092 2765 207 58 retour
1237 2765 103 58 à
1278 2765 124 58 la
1340 2765 227 58 liberté
1484 2765 83 58 de

183 2803 318 58 «conscience
437 2803 297 58 réchauffer
671 2803 148 58 les
756 2803 170 58 âmes
862 2803 212 58 plutôt
1010 2803 148 58 que
1095 2803 127 58 de
1159 2803 148 58 les
1222 2803 276 58 attiédir...
