1697 3012
736 58 238 104 247
838 58 102 104 —

86 156 173 86 3054
194 156 302 86 Gardeur
432 156 130 86 Le
497 156 281 86 Brun,
713 156 302 86 professeur
950 156 130 86 de
1015 156 367 86 mathématiques
1317 156 108 86 à
1339 156 194 86 l’école

132 221 329 62 d’artillerie
400 221 123 62 de
462 221 185 62 Metz,
585 221 206 62 membre
729 221 123 62 de
791 221 288 62 l’Académie
1017 221 144 62 des
1100 221 268 62 sciences.
1306 221 123 62 1°
1367 221 123 62 L.
1409 221 123 62 aut.

131 266 156 63 sig.
229 266 117 63 21
288 266 293 63 vendémiaire
522 266 117 63 an
580 266 156 63 III.
678 266 98 63 1
717 266 117 63 p.
775 266 176 63 in-4.
892 266 98 63 —
931 266 117 63 2°
990 266 273 63 Comment
1204 266 117 63 se
1243 266 293 63 distribue

133 319 162 87 le
241 319 180 87 fluide
367 319 251 87 électrique
564 319 144 87 dans
654 319 126 87 les
726 319 198 87 parties
869 319 108 87 de
923 319 108 87 la
977 319 144 87 pile
1067 319 341 87 galvanique
1354 319 144 87 Aut.
1426 319 108 87 sig.

122 364 150 52 3
182 364 210 52 gr.
302 364 180 52 p.
392 364 210 52 pl.
513 364 180 52 et
603 364 270 52 demie
783 364 180 52 (à
873 364 391 52 mi-marge)
1173 364 330 52 in-fol.
1414 364 150 52 5
1444 364 90 52 »

84 406 195 55 3052.
214 406 411 55 Gasparin
560 406 151 55 (le
647 406 195 55 comte
776 406 216 55 Agénor
928 406 173 55 de),
1036 406 259 55 ministre
1230 406 130 55 de
1274 406 259 55 Louis

131 461 200 84 lippe,
271 461 200 84 savant
412 461 321 84 agriculteur.
672 461 120 84 L.
732 461 160 84 aut.
832 461 180 84 sig.,
953 461 100 84 à
993 461 120 84 M.
1053 461 120 84 le
1113 461 200 84 duc...
1253 461 200 84 Paris,
1394 461 120 84 21
1434 461 100 84 fé-

97 506 462 74 vrier
404 506 462 74 1837.
712 506 256 74 2
815 506 308 74 p.
969 506 462 74 in-4.
1277 506 256 74 2
1328 506 205 74 50

83 530 201 76 3053.
217 530 469 76 Géographie
618 530 268 76 (diplôme
819 530 134 76 de
886 530 223 76 membre
1042 530 134 76 de
1109 530 134 76 la
1176 530 245 76 Société
1355 530 134 76 de
1399 530 134 76 géo

128 601 264 62 graphie),
331 601 224 62 délivré
494 601 102 62 à
534 601 122 62 M.
595 601 122 62 le
656 601 183 62 baron
778 601 122 62 de
840 601 386 62 Staël-Holstein,
1165 601 183 62 signé
1287 601 142 62 par
1368 601 122 62 le
1409 601 122 62 mar-

128 649 167 70 quis
232 649 125 70 De
295 649 230 70 Laplace
462 649 125 70 et
525 649 313 70 Malte-Brun,
775 649 167 70 daté
879 649 125 70 de
942 649 209 70 Paris,
1088 649 125 70 le
1150 649 125 70 15
1213 649 250 70 décembre
1380 649 146 70 1824.

128 701 142 57 gr.
209 701 224 57 in-fol.
372 701 265 57 Cartouche
575 701 142 57 par
657 701 244 57 Laffite,
840 701 183 57 cravé
962 701 142 57 par
1044 701 224 57 Normand
1206 701 183 57 fils,
1328 701 142 57 les
1390 701 142 57 figu-

100 745 333 64 res
291 745 619 64 terminées
767 745 333 64 par
957 745 428 64 Dien.
1290 745 238 64 7
1338 745 190 64 50

82 787 173 73 3054.
197 787 328 73 Gérard
467 787 135 73 (le
544 787 173 73 baron
660 787 270 73 François),
872 787 212 73 peintre
1026 787 289 73 d’histoire.
1257 787 116 73 L.
1315 787 154 73 aut.
1392 787 135 73 sig.,

124 842 117 57 à
170 842 141 57 M.
241 842 141 57 Le
311 842 187 57 Bas,
428 842 351 57 architecte.
709 842 164 57 1er
803 842 258 57 mars...
990 842 117 57 1
1037 842 141 57 p.
1107 842 211 57 in-4.
1248 842 258 57 Cachet.
1435 842 117 57 3
1459 842 70 57 »

79 884 192 69 3055.
207 884 384 69 Gigoux,
526 884 256 69 peintre.
718 884 128 69 L.
782 884 171 69 aut.
889 884 171 69 sig.
995 884 107 69 3
1038 884 128 69 p.
1102 884 149 69 pl.
1187 884 192 69 petit
1315 884 192 69 in-8.
1443 884 107 69 3
1464 884 64 69 »

169 936 259 66 Relative
364 936 108 66 à
407 936 151 66 une
494 936 303 66 collection
731 936 130 66 de
796 936 238 66 dessins
969 936 195 66 qu’il
1099 936 130 66 ne
1164 936 173 66 peut
1250 936 281 66 entièrement

123 990 284 46 terminer;
342 990 131 46 il
407 990 131 46 ne
473 990 218 46 pourra
626 990 131 46 en
691 990 284 46 compléter
910 990 153 46 que
975 990 284 46 quarante...

77 1022 186 67 3056.
201 1022 352 67 Gmelin
491 1022 290 67 (Léopold),
719 1022 290 67 professeur
947 1022 124 67 de
1009 1022 207 67 chimie
1153 1022 103 67 à
1195 1022 331 67 l'Université
1443 1022 83 67 de

125 1087 309 79 Heidelberg.
373 1087 124 79 L.
434 1087 165 79 aut.
537 1087 165 79 sig.
640 1087 103 79 2
682 1087 124 79 p.
743 1087 185 79 in-4.
867 1087 227 79 (Signée
1032 1087 185 79 aussi
1155 1087 144 79 par
1238 1087 247 79 Chrêtien
1402 1087 124 79 Gme-

87 1132 460 51 lin,
374 1132 288 51 à
489 1132 805 51 Tubingen).
1122 1132 288 51 5
1237 1132 288 51 2
1294 1132 230 51 50

79 1176 176 64 3057.
197 1176 352 64 Grignon
491 1176 137 64 (le
569 1176 294 64 chevalier),
804 1176 333 64 métallurgiste
1078 1176 117 64 et
1136 1176 294 64 antiquaire,
1352 1176 176 64 corres

121 1228 249 86 pondant
302 1228 136 86 de
370 1228 317 86 l’Académie
619 1228 158 86 des
710 1228 407 86 belles-lettres
1049 1228 136 86 et
1117 1228 136 86 de
1185 1228 317 86 l’Académie
1411 1228 113 86 des

123 1275 270 66 sciences,
331 1275 145 66 ami
414 1275 125 66 de
476 1275 229 66 Buffon.
643 1275 125 66 L.
705 1275 166 66 aut.
809 1275 166 66 sig.
913 1275 208 66 Jardin
1058 1275 125 66 du
1120 1275 166 66 Roi,
1224 1275 104 66 4
1266 1275 208 66 avril.
1411 1275 104 66 1
1432 1275 83 66 p.

37 1322 743 89 pl.
461 1322 955 89 in-4.
1098 1322 531 89 3
1205 1322 318 89 »

78 1358 176 79 3058.
196 1358 313 79 Gudin
450 1358 137 79 (le
528 1358 234 79 général,
704 1358 254 79 vicomte).
899 1358 117 79 L.
958 1358 156 79 aut.
1055 1358 176 79 sig.,
1172 1358 117 79 au
1231 1358 215 79 général
1368 1358 156 79 Gazan.

91 1423 247 58 5
189 1423 444 58 sept.
486 1423 444 58 1840.
782 1423 247 58 3
880 1423 296 58 p.
1028 1423 444 58 in-4.
1325 1423 247 58 2
1374 1423 148 58 »

76 1454 189 109 3059.
202 1454 357 109 Gudin,
496 1454 231 109 peintre
664 1454 126 109 de
727 1454 231 109 marine.
895 1454 126 109 L.
958 1454 168 109 aut.
1063 1454 189 109 sig.,
1189 1454 126 109 au
1252 1454 189 109 baron
1357 1454 168 109 Crespy

108 1527 484 53 Leprince.
480 1527 186 53 1
555 1527 223 53 p.
666 1527 261 53 pl.
815 1527 223 53 et
927 1527 335 53 quart
1151 1527 335 53 in-8.
1374 1527 186 53 2
1411 1527 112 53 »

76 1568 186 58 3060.
200 1568 393 58 Guillon,
532 1568 207 58 évêque
676 1568 124 58 de
739 1568 207 58 Maroc,
883 1568 248 58 aumônier
1070 1568 124 58 de
1132 1568 124 58 la
1194 1568 186 58 reine
1318 1568 145 58 des
1380 1568 145 58 Fran

122 1630 180 65 çais.
242 1630 120 65 L.
302 1630 160 65 aut.
402 1630 180 65 sig.,
522 1630 100 65 à
562 1630 120 65 la
622 1630 200 65 reine.
762 1630 200 65 Dreux,
903 1630 100 65 3
943 1630 140 65 mai
1023 1630 180 65 1845.
1143 1630 100 65 1
1183 1630 120 65 p.
1243 1630 180 65 in-4.
1363 1630 100 65 —
1383 1630 140 65 Plus,

124 1681 144 60 une
207 1681 164 60 note
309 1681 123 60 de
371 1681 103 60 7
412 1681 205 60 lignes
555 1681 164 60 aut.
658 1681 123 60 de
720 1681 123 60 la
781 1681 185 60 reine
904 1681 123 60 au
966 1681 185 60 sujet
1089 1681 123 60 de
1151 1681 185 60 cette
1274 1681 226 60 lettre.
1438 1681 103 60 5
1458 1681 62 60 »

167 1717 267 64 Relative
367 1717 111 64 à
412 1717 134 64 un
478 1717 178 64 curé
590 1717 134 64 du
656 1717 245 64 diocèse
834 1717 134 64 de
901 1717 200 64 Meaux
1035 1717 223 64 détenu
1190 1717 111 64 à
1213 1717 312 64 Sainte-

121 1776 172 77 gie,
229 1776 129 77 et
294 1776 151 77 qui
380 1776 172 77 doit
488 1776 172 77 être
595 1776 151 77 mis
681 1776 345 77 incessamment
961 1776 129 77 en
1026 1776 172 77 état
1133 1776 345 77 d’accusation
1392 1776 129 77 pour

123 1828 147 58 une
207 1828 189 58 faute
333 1828 168 58 bien
438 1828 189 58 grave
564 1828 189 58 qu’il
669 1828 168 58 avoue.

78 1850 180 89 3061.
198 1850 340 89 Guizot
479 1850 300 89 (François),
719 1850 280 89 historien,
939 1850 180 89 homme
1059 1850 220 89 d’Etat.
1220 1850 180 89 Pièce
1340 1850 140 89 aut
1400 1850 120 89 sig.

122 1917 190 63 comme
249 1917 254 63 ministre
439 1917 127 63 de
503 1917 360 63 l’instruction
799 1917 275 63 publique,
1010 1917 169 63 pour
1116 1917 127 63 le
1180 1917 212 63 préfet
1328 1917 127 63 de
1370 1917 148 63 Nord.

104 1970 224 67 27
216 1970 447 67 décembre
551 1970 335 67 1836.
775 1970 485 67 Demi-page
1147 1970 335 67 in-4.
1371 1970 186 67 6
1408 1970 112 67 »

167 2008 199 69 Ordre
300 2008 266 69 d’écrire
499 2008 354 69 sur-le-champ
787 2008 133 69 au
854 2008 155 69 roi
942 2008 155 69 des
1031 2008 222 69 Belges
1186 2008 199 69 qu’un
1297 2008 222 69 assassin

121 2052 271 96 (Meunier)
330 2052 104 96 a
372 2052 167 96 tiré
476 2052 146 96 sur
560 2052 125 96 le
622 2052 146 96 roi
706 2052 146 96 qui
789 2052 209 96 allait
935 2052 209 96 ouvrir
1082 2052 125 96 la
1144 2052 230 96 session
1311 2052 146 96 des
1374 2052 146 96 cham

96 2111 210 58 bres...

78 2130 178 106 3062.
197 2130 394 106 Hachette,
532 2130 197 106 membre
670 2130 118 106 de
729 2130 296 106 l’Institut.
966 2130 118 106 1°
1025 2130 118 106 L.
1084 2130 158 106 aut.
1183 2130 178 106 sig.,
1301 2130 99 106 5
1321 2130 197 106 juillet.

121 2211 222 87 Petite
276 2211 133 87 p.
343 2211 222 87 in-12.
498 2211 111 87 —
543 2211 133 87 L.
609 2211 200 87 aut.,
743 2211 111 87 à
787 2211 133 87 sa
854 2211 222 87 femme,
1009 2211 111 87 à
1054 2211 200 87 Caen,
1187 2211 222 87 Paris,
1342 2211 133 87 17
1387 2211 133 87 mars

116 2263 294 56 1814.
312 2263 163 56 3
377 2263 228 56 gr.
508 2263 196 56 p.
606 2263 228 56 pl.
736 2263 294 56 in-4.
932 2263 555 56 Intéressante.
1389 2263 163 56 5
1421 2263 98 56 »

79 2297 168 79 3063.
192 2297 299 79 Halma
435 2297 206 79 (l’abbé
584 2297 243 79 Nicolas),
772 2297 187 79 savant
903 2297 337 79 mathématicien.
1183 2297 112 79 Né
1239 2297 94 79 à
1258 2297 262 79 Sédan

121 2353 318 68 (Ardennes).
375 2353 127 68 1°
439 2353 212 68 Minute
587 2353 169 68 ant.
693 2353 169 68 sig.
799 2353 127 68 (à
862 2353 127 68 la
926 2353 127 68 3e
989 2353 297 68 personne),
1222 2353 191 68 d’une
1350 2353 169 68 note
1434 2353 85 68 au

123 2416 182 64 sujet
244 2416 122 64 de
305 2416 142 64 son
386 2416 304 64 traitement.
629 2416 101 64 1
670 2416 142 64 gr.
751 2416 122 64 p.
812 2416 142 64 pl.
893 2416 223 64 in-fol.
1055 2416 101 64 —
1095 2416 122 64 2°
1156 2416 162 64 Note
1258 2416 162 64 aut.
1359 2416 142 64 sur
1420 2416 101 64 les

122 2454 296 73 Egyptiens,
354 2454 127 73 en
417 2454 232 73 réponse
586 2454 106 73 à
628 2454 127 73 M.
692 2454 274 73 Letronne.
903 2454 106 73 3
945 2454 127 73 p.
1008 2454 190 73 in-4.
1135 2454 106 73 —
1177 2454 127 73 3°
1241 2454 232 73 Minutes
1388 2454 127 73 aut.

123 2493 122 74 de
184 2493 263 74 plusieurs
386 2493 203 74 autres
528 2493 223 74 écrits.
690 2493 122 74 13
751 2493 122 74 p.
812 2493 162 74 in-4
913 2493 122 74 et
974 2493 243 74 in-fol.,
1156 2493 162 74 plus
1258 2493 142 74 une
1339 2493 203 74 lettre
1460 2493 61 74 à

122 2551 147 65 lui
206 2551 251 65 adressée
394 2551 147 65 par
478 2551 147 65 les
562 2551 398 65 administrateurs
897 2551 126 65 du
960 2551 251 65 district
1149 2551 126 65 de
1212 2551 210 65 Sédan,
1337 2551 189 65 pendant

120 2604 204 71 qu’il
256 2604 204 71 était
392 2604 294 71 directeur
618 2604 158 71 des
709 2604 226 71 études
867 2604 136 71 de
935 2604 226 71 Sédan.
1094 2604 226 71 Sédan,
1252 2604 136 71 19
1298 2604 226 71 brumaire

86 2649 575 76 an....
488 2649 288 76 1
603 2649 345 76 p.
776 2649 633 76 in-fol.
1236 2649 288 76 7
1293 2649 230 76 50

82 2681 164 103 3064.
191 2681 364 103 Joséphine
501 2681 364 103 (l’Impératrice).
811 2681 109 103 L.
865 2681 146 103 sig.
956 2681 291 103 Lapagérie
1193 2681 328 103 Bonaparte
1448 2681 73 103 au

123 2749 262 81 ministre
320 2749 131 81 de
386 2749 131 81 la
451 2749 241 81 guerre.
626 2749 109 81 8
670 2749 262 81 prairial
867 2749 131 81 an
932 2749 197 81 VIII.
1064 2749 284 81 Demi-page
1282 2749 197 81 in-8.
1414 2749 109 81 3
1436 2749 87 81 50
