1631 2977
684 109 181 81 —
756 109 253 81 248
865 109 108 81 —

115 202 175 69 3065.
231 202 369 69 Lacépède
542 202 136 69 (le
620 202 175 69 comte
736 202 155 69 de),
833 202 311 69 naturaliste,
1086 202 253 69 sénateur.
1280 202 117 69 L.
1338 202 155 69 aut.
1416 202 136 69 sig.,

163 257 150 77 aux
248 257 257 77 préteurs
441 257 128 77 du
505 257 214 77 sénat.
655 257 193 77 Jeudi
783 257 128 77 13
847 257 171 77 août
954 257 193 77 1807.
1082 257 278 77 Demi-page
1296 257 235 77 in-fol.
1467 257 107 77 5
1489 257 64 77 »

208 307 231 65 D’après
376 307 231 65 l’ordre
544 307 126 65 de
607 307 315 65 l’Empereur,
859 307 126 65 il
923 307 252 65 convoque
1112 307 126 65 le
1175 307 189 65 sénat
1301 307 168 65 pour
1385 307 168 65 demain

158 332 249 84 vendredi
345 332 166 84 pour
449 332 374 84 l’installation
760 332 125 84 de
823 332 125 84 S.
885 332 125 84 M.
947 332 125 84 le
1010 332 145 84 Roi
1093 332 125 84 de
1155 332 311 84 Westphalie,
1383 332 125 84 etc.

112 402 179 62 3066.
232 402 399 62 Lamennais
570 402 219 62 (l’abbé
730 402 120 62 F.
790 402 159 62 de),
889 402 299 62 publiciste.
1128 402 120 62 L.
1188 402 159 62 aut.
1288 402 179 62 sig.,
1407 402 100 62 à
1427 402 120 62 Mad.

160 456 125 85 Z.
223 456 250 85 Clément.
410 456 208 85 Paris,
556 456 125 85 24
618 456 271 85 septembre
826 456 187 85 1839.
951 456 146 85 1p.
1035 456 146 85 pl.
1118 456 125 85 et
1180 456 187 85 demie
1305 456 187 85 in-8.
1409 456 146 85 Jolie

56 504 1247 60 lettre
929 504 624 60 4
1054 504 499 60 50

113 535 191 86 3067.
240 535 361 86 Lameth
537 535 318 86 (Théodore),
792 535 255 86 maréchal
983 535 127 86 de
1047 535 191 86 camp,
1174 535 212 86 député
1323 535 106 86 à
1344 535 212 86 l’assem-

157 599 153 67 blé
245 599 350 67 législative.
529 599 131 67 L.
595 599 175 67 aut.
704 599 197 67 sig.,
835 599 109 67 à
879 599 131 67 la
945 599 197 67 Reine
1076 599 372 67 Marie-Amélie.
1382 599 109 67 2
1426 599 131 67 p.
1470 599 87 67 et

157 664 182 55 quart
278 664 182 55 in-4,
400 664 162 55 avec
501 664 142 55 une
582 664 263 55 apostille
784 664 121 55 de
845 664 202 55 quatre
986 664 202 55 lignes
1128 664 162 55 aut.
1229 664 121 55 de
1290 664 121 55 la
1351 664 182 55 Reine
1472 664 101 55 3
1492 664 61 55 »

113 698 189 64 3068.
239 698 314 64 Latouche
490 698 356 64 Tréville,
784 698 210 64 amiral
930 698 126 64 de
993 698 231 64 France.
1161 698 189 64 Ordre
1287 698 168 64 aut.
1391 698 189 64 sig.,
1496 698 63 64 à

159 754 301 46 l’aspirant
396 754 129 46 de
461 754 258 46 première
655 754 215 46 classe
805 754 258 46 Rigodit,
999 754 301 46 commandant
1236 754 129 46 la
1301 754 258 46 goëlette
1473 754 86 46 de

163 800 194 52 l’Etat
298 800 368 52 l'Elisa
608 800 329 52 d’appareiller
879 800 155 52 pour
975 800 116 52 le
1033 800 135 52 cap
1111 800 368 52 Saint-Domingue,
1421 800 97 52 à
1440 800 116 52 bord

159 845 140 63 du
229 845 279 63 vaisseau
438 845 256 63 amiral,
624 845 140 63 19
694 845 279 63 germinal
904 845 140 63 an
974 845 163 63 XI.
1067 845 116 63 1
1114 845 140 63 p.
1183 845 163 63 pl.
1277 845 256 63 in-fol.
1463 845 116 63 3
1486 845 70 63 »

115 883 185 65 3069.
239 883 391 65 Lavollée
568 883 185 65 (O.),
692 883 329 65 littérateur,
959 883 206 65 poëte,
1103 883 226 65 premier
1268 883 288 65 secrétaire
1474 883 82 65 de

159 938 323 57 Cambacérès.
417 938 129 57 L.
481 938 172 57 aut.
589 938 194 57 sig.,
718 938 108 57 à
761 938 129 57 M.
825 938 129 57 F.
890 938 301 57 Levasseur.
1126 938 215 57 Paris,
1277 938 129 57 20
1320 938 237 57 septembre

120 987 589 57 1806.
512 987 327 57 1
643 987 393 57 p.
839 987 589 57 in-4.
1232 987 327 57 1
1297 987 262 57 50

115 1035 178 62 3070.
234 1035 336 62 Leverd
511 1035 257 62 (Emilie),
709 1035 218 62 actrice
867 1035 119 62 du
926 1035 218 62 théâtre
1084 1035 257 62 français.
1282 1035 119 62 L.
1341 1035 158 62 aut.
1421 1035 138 62 sig.,

132 1086 306 57 10
285 1086 612 57 février.
744 1086 255 57 2
846 1086 306 57 p.
998 1086 459 57 in-8.
1304 1086 255 57 1
1355 1086 204 57 50

115 1112 191 77 3071.
242 1112 383 77 Macquer
561 1112 255 77 médecin,
752 1112 213 77 savant
901 1112 276 77 chimiste,
1114 1112 213 77 membre
1262 1112 128 77 de
1305 1112 255 77 l’académie

166 1181 136 71 des
243 1181 252 71 sciences.
437 1181 174 71 Pièce
553 1181 155 71 aut.
650 1181 155 71 sig.
747 1181 194 71 Paris,
883 1181 116 71 19
941 1181 155 71 juin
1038 1181 174 71 1783.
1154 1181 97 71 3
1193 1181 136 71 gr.
1270 1181 116 71 p.
1328 1181 213 71 in-fol.
1483 1181 97 71 6
1503 1181 58 71 »

210 1230 236 49 Mémoire
381 1230 150 49 sur
467 1230 150 49 les
553 1230 236 49 cendres
725 1230 150 49 des
811 1230 279 49 fourneaux
1026 1230 150 49 des
1112 1230 236 49 salines
1284 1230 172 49 dont
1391 1230 129 49 on
1434 1230 129 49 veut

167 1282 235 54 extraire
344 1282 118 54 la
403 1282 235 54 potasse:
579 1282 216 54 opinion
736 1282 118 54 de
795 1282 255 54 Lavoisier
991 1282 137 54 sur
1070 1282 118 54 ce
1128 1282 235 54 qu’elles
1285 1282 275 54 contiennent.

118 1327 173 58 3072.
233 1327 365 58 Magellan
541 1327 404 58 (Jean-Hyacinthe),
886 1327 269 58 physicien.
1098 1327 115 58 L.
1155 1327 154 58 aut.
1252 1327 154 58 sig.
1328 1327 231 58 Bruxelles,

146 1373 197 49 6
224 1373 433 49 février
539 1373 354 49 1782.
776 1373 197 49 1
854 1373 236 49 p.
972 1373 276 49 pl.
1130 1373 354 49 in-4.
1366 1373 197 49 2
1406 1373 157 49 50

116 1411 181 62 3073.
236 1411 362 62 Malecot
538 1411 281 62 astronome,
759 1411 281 62 ingénieur.
980 1411 121 62 L.
1040 1411 161 62 aut.
1141 1411 181 62 sig.,
1262 1411 100 62 à
1302 1411 221 62 Mgr....
1442 1411 121 62 Châ

160 1466 440 60 teaugontier,
517 1466 137 60 5
572 1466 220 60 mars
709 1466 247 60 1774,
874 1466 137 60 1
929 1466 165 60 p.
1011 1466 192 60 pl.
1121 1466 192 60 gr.
1231 1466 302 60 in-fol.
1451 1466 137 60 3
1479 1466 82 60 »

116 1505 200 92 3074.
249 1505 490 92 Malesherbes
672 1505 312 92 (Lamoignon
917 1505 178 92 de),
1028 1505 289 92 défenseur
1251 1505 134 92 de
1317 1505 200 92 Louis
1429 1505 134 92 XVI.

163 1565 131 53 1°
229 1565 175 53 Note
338 1565 175 53 aut.
447 1565 262 53 adressée
644 1565 109 53 à
687 1565 131 53 M.
753 1565 131 53 de
818 1565 240 53 Vaines,
993 1565 131 53 au
1059 1565 197 53 sujet
1190 1565 131 53 de
1255 1565 131 53 la
1299 1565 262 53 géographie

165 1615 118 53 de
224 1615 276 53 D’Anville,
441 1615 98 53 à
480 1615 236 53 laquelle
657 1615 118 53 le
717 1615 138 53 Roi
795 1615 98 53 a
835 1615 256 53 souscrit.
1031 1615 177 53 1775.
1150 1615 98 53 1
1189 1615 118 53 p.
1248 1615 197 53 in-4.—
1386 1615 118 53 2°
1425 1615 138 53 Notes

166 1666 169 55 aut.
272 1666 148 55 sur
356 1666 148 55 des
441 1666 275 55 questions
652 1666 127 55 de
715 1666 211 55 droit.
863 1666 190 55 1791.
990 1666 106 55 1
1033 1666 127 55 p.
1096 1666 211 55 in-4.,
1244 1666 127 55 et
1307 1666 169 55 deux
1392 1666 169 55 autres

164 1713 203 48 notes
300 1713 135 48 de
367 1713 180 48 deux
480 1713 226 48 lignes
638 1713 180 48 aut.
751 1713 113 48 —
796 1713 135 48 3°
864 1713 180 48 Deux
977 1713 271 48 mémoires
1180 1713 293 48 présentés
1405 1713 135 48 au
1450 1713 113 48 mi-

166 1760 209 67 nistre
312 1760 146 67 des
396 1760 251 67 finances
584 1760 146 67 par
667 1760 146 67 les
751 1760 271 67 héritiers
960 1760 125 67 de
1022 1760 125 67 M.
1085 1760 125 67 de
1147 1760 334 67 Malesherbes,
1419 1760 104 67 8
1440 1760 125 67 flo-

167 1808 149 61 réal
260 1808 112 61 an
316 1808 130 61 VI.
391 1808 93 61 3
428 1808 130 61 gr.
502 1808 112 61 p.
558 1808 130 61 pl.
632 1808 223 61 in-fol.,
800 1808 112 61 et
855 1808 93 61 9
893 1808 223 61 prairial
1060 1808 112 61 an
1116 1808 130 61 VI.
1190 1808 93 61 4
1227 1808 112 61 p.
1283 1808 130 61 pl.
1357 1808 167 61 in-4.
1469 1808 93 61 7
1488 1808 74 61 50

116 1853 186 78 3075.
240 1853 352 78 Marron
530 1853 145 78 (le
613 1853 269 78 pasteur),
820 1853 269 78 président
1027 1853 124 78 du
1089 1853 331 78 consistoire.
1337 1853 228 78 Quittance

165 1909 172 51 sig.
272 1909 129 51 de
337 1909 129 51 la
401 1909 194 51 somme
530 1909 129 51 de
595 1909 215 51 quatre
745 1909 194 51 cents
874 1909 215 51 francs
1025 1909 194 51 reçue
1154 1909 129 51 de
1218 1909 129 51 S.
1283 1909 129 51 A.
1347 1909 129 51 R.
1412 1909 151 51 Mgr
1476 1909 86 51 le

167 1956 136 51 duc
244 1956 310 51 d’Angoulême,
496 1956 213 51 pour
651 1956 136 51 les
729 1956 291 51 pauvres
962 1956 116 51 de
1020 1956 233 51 l’Eglise
1195 1956 233 51 Réformée
1350 1956 213 51 consisto-

156 1999 294 71 riale.
361 1999 294 71 Paris,
567 1999 147 71 8
625 1999 323 71 janvier
860 1999 264 71 1823.
1036 1999 147 71 1
1095 1999 176 71 p.
1183 1999 323 71 in-fol.
1418 1999 147 71 2
1448 1999 117 71 50

118 2034 186 77 3076.
242 2034 352 77 Martin
532 2034 207 77 membre
677 2034 124 77 de
739 2034 124 77 la
801 2034 227 77 société
966 2034 207 77 royale
1111 2034 290 77 académique
1339 2034 145 77 des
1401 2034 165 77 scien

166 2102 132 58 ces
242 2102 114 58 de
299 2102 189 58 Paris,
431 2102 189 58 auteur
563 2102 132 58 des
639 2102 246 58 Tables
828 2102 114 58 de
885 2102 284 58 Martin
1112 2102 151 58 etc.
1207 2102 114 58 1°
1263 2102 114 58 L.
1320 2102 151 58 aut.
1415 2102 170 58 sig.,
1509 2102 57 58 à

163 2149 128 50 M.
227 2149 234 50 Keller,
397 2149 106 50 à
439 2149 319 50 Schaffouse.
694 2149 213 50 Paris,
843 2149 106 50 3
886 2149 276 50 septembre
1098 2149 191 50 1818.
1226 2149 106 50 1
1268 2149 128 50 p.
1332 2149 128 50 pl
1396 2149 191 50 in-4.
1502 2149 64 50 —

164 2195 122 62 2°
225 2195 122 62 L.
285 2195 162 62 aut.
387 2195 162 62 sig.
488 2195 122 62 de
549 2195 122 62 M.
610 2195 223 62 Keller,
773 2195 162 62 avec
874 2195 142 62 une
955 2195 183 62 ligne
1077 2195 162 62 aut.
1178 2195 162 62 sig.
1280 2195 122 62 de
1341 2195 122 62 M.
1381 2195 183 62 Martin,

163 2258 281 60 septembre
379 2258 194 60 1818.
509 2258 108 60 1
552 2258 130 60 p.
617 2258 259 60 in-4.—3°
811 2258 216 60 Quitt.
962 2258 173 60 sig.
1070 2258 173 60 pour
1178 2258 130 60 la
1243 2258 346 60 souscription
1502 2258 65 60 à

164 2300 133 50 un
230 2300 245 50 exempl.
408 2300 133 50 de
475 2300 156 50 ses
564 2300 245 50 tables.
742 2300 200 50 1820.
875 2300 111 50 —
920 2300 133 50 4°
987 2300 222 50 Lettre
1142 2300 111 50 à
1187 2300 156 50 lui
1276 2300 267 50 adressée
1454 2300 111 50 par

162 2337 129 69 M.
227 2337 237 69 Desnos,
399 2337 280 69 directeur
615 2337 151 69 des
701 2337 215 69 postes
851 2337 129 69 de
916 2337 215 69 Nancy.
1067 2337 129 69 13
1131 2337 258 69 novembre
1325 2337 194 69 1818.
1454 2337 108 69 3
1476 2337 86 69 p.

163 2390 194 55 in-4.
293 2390 151 55 —5°
379 2390 172 55 Note
487 2390 151 55 ms.
573 2390 172 55 pour
681 2390 129 55 la
745 2390 280 55 rédaction
961 2390 151 55 des
1047 2390 259 55 Annales,
1241 2390 129 55 au
1305 2390 194 55 sujet
1435 2390 129 55 de
1478 2390 86 55 la

161 2439 340 55 publication
433 2439 158 55 des
524 2439 226 55 Tables
682 2439 136 55 de
750 2439 249 55 Martin.
931 2439 113 55 2
976 2439 136 55 p.
1044 2439 158 55 pl.
1135 2439 136 55 et
1203 2439 204 55 quart
1339 2439 204 55 in-4.
1474 2439 113 55 4
1497 2439 68 55 »

116 2481 187 66 3077.
241 2481 352 66 Masset
531 2481 560 66 (Nicolas-Jean-Jacques),
1028 2481 249 66 chanteur
1215 2481 124 66 de
1277 2481 249 66 l’opéra.
1443 2481 124 66 Deux

143 2530 447 74 billets
469 2530 325 74 aut.
672 2530 325 74 sig.
876 2530 244 74 2.
998 2530 244 74 p.
1120 2530 366 74 in-8.
1364 2530 203 74 1
1404 2530 163 74 50

119 2582 174 68 3078.
235 2582 348 68 Mathieu
524 2582 193 68 député
659 2582 116 68 de
717 2582 502 68 Saône-et-Loire
1161 2582 193 68 membre
1297 2582 116 68 de
1335 2582 232 68 l’académie

162 2637 151 85 des
249 2637 281 85 sciences.
465 2637 216 85 Notice
616 2637 173 85 aut.
724 2637 173 85 sig.
832 2637 151 85 sur
919 2637 151 85 les
1005 2637 281 85 avantages
1221 2637 130 85 ou
1286 2637 151 85 les
1351 2637 216 85 inconvé-

156 2686 300 62 nients
366 2686 210 62 des
486 2686 330 62 chemins
726 2686 180 62 de
816 2686 240 62 fer.
967 2686 150 62 3
1027 2686 210 62 gr.
1147 2686 180 62 p.
1237 2686 270 62 in-8.
1417 2686 150 62 2
1447 2686 120 62 50

115 2730 191 68 3079.
242 2730 404 68 Mauduit,
582 2730 297 68 professeur
816 2730 127 68 de
879 2730 276 68 mécanique
1092 2730 127 68 au
1155 2730 234 68 collège
1325 2730 127 68 de
1368 2730 191 68 France.

162 2782 129 92 1°
227 2782 151 92 Une
313 2782 194 92 ligne
443 2782 173 92 aut.
551 2782 173 92 sig.
658 2782 280 92 (découpée
874 2782 129 92 du
939 2782 151 92 bas
1025 2782 194 92 d’une
1154 2782 259 92 lettre).
1348 2782 216 92 Paris,
1478 2782 86 92 29
