1614 2955
696 25 251 85 249
804 25 107 85 —

99 94 178 102 mars
210 94 200 102 1778.
343 94 111 102 —
388 94 133 102 2°
454 94 200 102 Pièce
587 94 133 102 de
654 94 178 102 vers
765 94 178 102 aut.
876 94 178 102 pour
987 94 133 102 la
1054 94 289 102 princesse
1254 94 244 102 Catherine

95 163 339 76 Gallitzin,
361 163 145 76 le
434 163 194 76 jour
554 163 145 76 de
627 163 145 76 sa
700 163 218 76 fête.
845 163 121 76 1
893 163 145 76 p.
966 163 169 76 pl.
1063 163 145 76 et
1135 163 218 76 quart
1280 163 194 76 in-8
1401 163 121 76 3
1425 163 73 76 »

52 217 189 63 3080.
178 217 357 63 Maupin
472 217 252 63 (Louis),
661 217 189 63 valet
787 217 126 63 de
849 217 231 63 chambre
1017 217 126 63 de
1080 217 126 63 la
1143 217 189 63 Reine
1269 217 189 63 Marie
1374 217 126 63 Lec-

100 257 237 65 zinska,
273 257 345 65 cultivateur,
554 257 216 65 publia
705 257 129 65 un
769 257 194 65 grand
899 257 216 65 nombre
1050 257 302 65 d’ouvrages
1287 257 151 65 sur
1352 257 151 65 l’art

100 306 120 66 de
160 306 241 66 cultiver
341 306 120 66 la
401 306 180 66 vigne
521 306 120 66 et
581 306 120 66 de
641 306 180 66 faire
762 306 140 66 les
822 306 140 66 vins.

147 325 236 101 Mémoire
318 325 172 101 aut.
426 325 193 101 sig.,
555 325 129 101 au
619 325 150 101 roi
705 325 193 101 Louis
834 325 172 101 XVI,
941 325 172 101 dans
1049 325 215 101 lequel
1199 325 129 101 il
1264 325 215 101 expose
1393 325 107 101 les

99 406 255 56 services
290 406 191 56 qu’il
417 406 106 56 a
460 406 212 56 rendus
609 406 127 56 au
672 406 170 56 pays
779 406 149 56 par
864 406 149 56 ses
949 406 234 56 travaux
1119 406 149 56 sur
1204 406 127 56 la
1267 406 234 56 culture
1416 406 85 56 de

102 445 129 67 la
166 445 193 67 vigne
294 445 129 67 et
359 445 386 67 l’amélioration
680 445 150 67 des
766 445 193 67 vins,
894 445 171 67 etc.
1001 445 107 67 5
1044 445 278 67 septembre
1258 445 193 67 1777.
1387 445 107 67 4
1408 445 86 67 p.

53 496 483 68 pl.
329 496 483 68 gr.
605 496 760 68 in-fol.
1158 496 345 68 5
1227 496 276 68 00

55 526 192 87 3081.
183 526 384 87 Maurice
503 526 149 87 (le
588 526 192 87 baron
716 526 384 87 Jean-Frédéric-
1036 526 256 87 Thomas),
1228 526 213 87 préfet
1377 526 128 87 de
1420 526 85 87 la

102 590 276 65 Dordogne,
314 590 170 65 l’un
421 590 149 65 des
506 590 298 65 rédacteurs
740 590 128 65 de
803 590 128 65 la
867 590 298 65 Biographie
1101 590 340 65 Universelle,
1356 590 149 65 asso-

103 638 138 70 cié
182 638 177 70 libre
300 638 118 70 de
359 638 275 70 l’académie
575 638 138 70 des
654 638 256 70 sciences.
850 638 118 70 1°
909 638 177 70 Trois
1027 638 177 70 lett.
1145 638 177 70 sig.,
1263 638 98 70 à
1302 638 118 70 M.
1342 638 157 70 Didot,

109 686 166 63 1812
213 686 125 63 et
276 686 187 63 1813.
400 686 104 63 5
442 686 125 63 p.
504 686 208 63 in-4.—
650 686 125 63 2°
712 686 125 63 L.
774 686 166 63 aut.
878 686 187 63 sig.,
1003 686 104 63 à
1045 686 125 63 M.
1107 686 249 63 Michaud,
1273 686 229 63 libraire.

75 741 296 67 22
223 741 394 67 mars
469 741 444 67 1815.
765 741 246 67 1
863 741 296 67 p.
1011 741 444 67 in-8.
1307 741 246 67 3
1356 741 148 67 »

153 777 114 73 Au
210 777 171 73 sujet
324 777 114 73 de
381 777 114 73 sa
438 777 190 73 notice
571 777 342 73 Fermat
857 777 152 73 pour
952 777 114 73 la
1009 777 266 73 Biographie
1199 777 266 73 Universelle.

58 818 198 86 3082.
190 818 572 86 Mazure-Duhamel
696 818 308 86 professeur
937 818 132 86 de
1003 818 374 86 mathématiques
1311 818 132 86 et
1355 818 154 86 d’Hy

105 894 297 48 drographie
338 894 127 48 au
402 894 191 48 lycée
530 894 127 48 de
593 894 297 48 Marseille,
827 894 170 48 puis
933 894 340 48 conservateur
1210 894 127 48 de
1252 894 255 48 l’observa-

109 921 185 75 toire
233 921 123 75 de
295 921 123 75 la
356 921 206 75 marine
500 921 103 75 à
542 921 226 75 Toulon.
706 921 123 75 L.
768 921 165 75 aut.
871 921 165 75 sig.
974 921 288 75 Marseille,
1200 921 123 75 25
1241 921 268 75 vendémiaire

70 984 344 53 an
242 984 344 53 V.
414 984 287 53 1
529 984 344 53 p.
701 984 631 53 in-fol.
1160 984 287 53 5
1275 984 287 53 2
1332 984 172 53 »

58 1003 204 92 3083.
194 1003 318 92 Mémoire
444 1003 159 92 sur
535 1003 159 92 les
625 1003 386 92 finances,
943 1003 227 92 soumis
1102 1003 113 92 à
1147 1003 272 92 l’examen
1329 1003 181 92 parti

104 1065 230 86 culier
265 1065 138 86 de
334 1065 322 86 l’Empereur
587 1065 299 86 Napoléon,
817 1065 184 86 pour
931 1065 230 86 servir
1092 1065 138 86 de
1161 1065 184 86 base
1276 1065 115 86 à
1322 1065 138 86 un
1368 1065 138 86 seul

108 1113 129 79 et
173 1113 216 79 unique
324 1113 216 79 impôt,
475 1113 151 79 par
562 1113 216 79 Moreau
713 1113 129 79 de
777 1113 367 79 Saint-Didier,
1079 1113 173 79 aut.
1187 1113 173 79 sig.
1295 1113 216 79 Paris,
1425 1113 86 79 25

109 1163 178 68 mars
220 1163 200 68 1815.
353 1163 133 68 15
420 1163 156 68 gr.
509 1163 133 68 p.
576 1163 289 68 in-folio.
798 1163 111 68 —
843 1163 133 68 2°
909 1163 133 68 L.
976 1163 178 68 aut.
1087 1163 200 68 sig.,
1221 1163 111 68 à
1243 1163 267 68 l’Empereur

109 1210 281 86 Napoléon,
325 1210 129 86 en
390 1210 151 86 lui
476 1210 259 86 envoyant
670 1210 129 86 le
735 1210 237 86 mémoire
908 1210 151 86 qui
994 1210 259 86 précède.
1188 1210 216 86 Paris,
1339 1210 129 86 25
1383 1210 129 86 mars

105 1260 243 66 1815.
267 1260 135 66 1
321 1260 189 66 gr.
429 1260 162 66 p.
511 1260 297 66 in-fol.
727 1260 487 66 Très-important
1132 1260 324 66 dossier.
1376 1260 162 66 10
1430 1260 81 66 »

66 1316 200 73 3084.
199 1316 312 73 Mercier
444 1316 134 73 de
511 1316 423 73 Saint-Léger
867 1316 245 73 (l’abbé
1045 1316 356 73 Barthélemy),
1312 1316 200 73 biblio-

111 1370 263 51 thécaire
308 1370 131 51 de
374 1370 460 51 Sainte-Geneviève.
768 1370 197 51 Trois
899 1370 197 51 notes
1030 1370 350 51 bibliograph.
1315 1370 175 51 aut.
1424 1370 109 51 2
1446 1370 66 51 »

66 1401 183 88 3085.
188 1401 347 88 Merkel
473 1401 183 88 (G.),
596 1401 183 88 poëte
718 1401 122 88 et
779 1401 265 88 historien
983 1401 265 88 allemand.
1187 1401 183 88 Pièce
1309 1401 163 88 aut.
1391 1401 122 88 sig.

97 1466 242 53 (en
236 1466 483 53 allemand).
615 1466 173 53 1
684 1466 207 53 p.
788 1466 276 53 in-8
961 1466 207 53 en
1064 1466 414 53 travers.
1375 1466 173 53 2
1409 1466 104 53 »

66 1500 168 81 3086.
179 1500 318 81 Merlin
440 1500 206 81 (Madame
590 1500 112 81 la
646 1500 262 81 comtesse).
852 1500 187 81 auteur
983 1500 112 81 de
1039 1500 374 81 Mémoires
1357 1500 112 81 L.
1395 1500 112 81 aut.

104 1559 235 52 sig.
250 1559 176 52 30
338 1559 264 52 avril
514 1559 264 52 1836.
690 1559 147 52 1
749 1559 176 52 p.
837 1559 205 52 pl.
955 1559 176 52 et
1043 1559 264 52 demie
1219 1559 264 52 in-8.
1395 1559 147 52 2
1424 1559 88 52 »

64 1592 184 67 3087.
186 1592 368 67 Meerman
493 1592 184 67 (G.),
616 1592 205 67 savant
760 1592 307 67 Hollandais.
1005 1592 123 67 L.
1067 1592 164 67 aut.
1169 1592 164 67 sig.
1271 1592 143 67 (en
1333 1592 184 67 hollan-

101 1656 328 66 dais).
331 1656 164 66 4
397 1656 394 66 décembre
692 1656 296 66 1807.
889 1656 164 66 1
955 1656 197 66 p.
1053 1656 230 66 pl.
1185 1656 296 66 in-4.
1382 1656 164 66 2
1415 1656 99 66 »

67 1681 174 77 3088.
182 1681 289 77 Molé
414 1681 232 77 (Julie),
588 1681 154 77 dame
684 1681 174 77 Légé,
800 1681 212 77 actrice
954 1681 116 77 du
1012 1681 212 77 théâtre
1167 1681 116 77 de
1205 1681 309 77 l’Impératrice.

103 1752 202 65 L.
204 1752 269 65 aut.
372 1752 302 65 sig.,
574 1752 168 65 à
641 1752 336 65 M....,
876 1752 168 65 2
943 1752 202 65 p.
1044 1752 235 65 pl.
1178 1752 302 65 in-8.
1380 1752 168 65 4
1413 1752 101 65 »

161 1771 276 88 Très-jolie
378 1771 118 88 et
438 1771 335 88 très-curieuse
714 1771 197 88 lettre
832 1771 237 88 théâtrale.

68 1816 189 78 3089.
194 1816 462 78 Montesquiou
593 1816 252 78 (l’abbé,
782 1816 147 78 duc
867 1816 168 78 de),
972 1816 231 78 premier
1140 1816 252 78 ministre
1329 1816 126 78 de
1371 1816 147 78 Louis

107 1881 277 62 XVIII.
301 1881 166 62 L.
384 1881 221 62 aut.
522 1881 221 62 sig.
661 1881 138 62 1
716 1881 166 62 p.
799 1881 194 62 pl.
909 1881 249 62 in-8,
1075 1881 166 62 en
1158 1881 332 62 travers.
1407 1881 138 62 2
1435 1881 83 62 »

70 1923 183 86 3090.
192 1923 387 86 Morogues
518 1923 183 86 (de),
640 1923 204 86 savant
783 1923 245 86 chimiste
967 1923 122 86 et
1028 1923 285 86 physicien.
1252 1923 122 86 L.
1313 1923 143 86 aut
1374 1923 143 86 sig.,

113 1971 117 71 à
159 1971 141 71 M.
230 1971 282 71 Macquer,
441 1971 282 71 médecin,
652 1971 235 71 membre
817 1971 141 71 de
887 1971 329 71 l’académie
1145 1971 164 71 des
1239 1971 305 71 sciences,
1451 1971 70 71 à

115 2028 242 59 Paris.
284 2028 242 59 Dijon,
454 2028 145 59 22
527 2028 267 59 janvier
720 2028 218 59 1778.
866 2028 121 59 3
914 2028 170 59 gr.
1011 2028 145 59 p.
1084 2028 218 59 in-4.
1229 2028 267 59 Cachet.
1423 2028 121 59 6
1447 2028 73 59 »

167 2063 184 74 Belle
289 2063 205 74 lettre
433 2063 246 74 relative
617 2063 102 74 à
658 2063 143 74 ses
740 2063 307 74 expériences
986 2063 123 74 de
1048 2063 246 74 physique
1232 2063 123 74 et
1294 2063 123 74 de
1335 2063 184 74 chimie,

117 2129 166 56 etc.
221 2129 125 56 Il
283 2129 104 56 y
325 2129 145 56 est
408 2129 249 56 beaucoup
595 2129 249 56 question
782 2129 145 56 des
865 2129 228 56 travaux
1031 2129 125 56 de
1093 2129 291 56 Lavoisier,
1300 2129 125 56 etc.

72 2149 179 105 3091.
191 2149 357 105 Nantais
489 2149 238 105 (affaire
667 2149 139 105 des
747 2149 536 105 quatre-vingt-quatorze),
1223 2149 198 105 devant
1361 2149 119 105 le
1401 2149 119 105 tri-

119 2226 192 68 bunal
246 2226 405 68 révolutionnaire
587 2226 128 68 de
630 2226 170 68 Paris.

166 2236 267 109 Plaidoyer
372 2236 165 109 aut.
475 2236 123 109 de
537 2236 288 109 Villenave.
763 2236 123 109 15
825 2236 144 109 gr.
907 2236 123 109 p.
969 2236 144 109 pl.
1051 2236 144 109 gr.
1133 2236 226 109 in-fol.
1298 2236 123 109 Il
1359 2236 103 109 a
1380 2236 144 109 écrit

119 2305 136 72 en
187 2305 226 72 marge:
346 2305 317 72 «Plaidoyer
595 2305 249 72 destiné
776 2305 113 72 à
821 2305 181 72 être
934 2305 272 72 prononcé
1138 2305 158 72 par
1229 2305 181 72 moi,
1342 2305 136 72 au
1387 2305 136 72 tri-

122 2352 185 69 bunal
246 2352 411 69 révolutionnaire,
595 2352 103 69 à
636 2352 206 69 Paris,
780 2352 123 69 le
842 2352 164 69 jour
945 2352 123 69 du
1006 2352 247 69 jugement
1191 2352 144 69 des
1273 2352 123 69 94
1314 2352 206 69 Nantais.

122 2404 128 72 Je
186 2404 213 72 passai
334 2404 191 72 toute
462 2404 128 72 la
526 2404 170 72 nuit
632 2404 149 72 qui
717 2404 234 72 précéda
887 2404 128 72 ce
951 2404 170 72 jour
1057 2404 106 72 à
1100 2404 128 72 le
1164 2404 276 72 composer.
1376 2404 128 72 Je
1419 2404 106 72 fus

123 2450 259 74 détourné
318 2450 151 74 par
404 2450 129 74 le
468 2450 237 74 citoyen
641 2450 280 74 Gaillard,
857 2450 194 74 notre
986 2450 302 74 défenseur,
1223 2450 129 74 de
1288 2450 129 74 le
1331 2450 194 74 pronon-

122 2498 184 81 cer:
237 2498 184 81 Vous
352 2498 184 81 avez
467 2498 161 81 été
559 2498 253 81 annoncé
743 2498 184 81 ici,
857 2498 138 81 me
926 2498 253 81 dit-il,
1110 2498 207 81 comme
1248 2498 138 81 un
1317 2498 207 81 homme
1432 2498 92 81 de

128 2560 226 52 talent,
293 2560 123 52 un
354 2560 246 52 orateur.
539 2560 123 52 Si
601 2560 164 52 vous
704 2560 226 52 plaidez
868 2560 164 52 vous
970 2560 164 52 êtes
1073 2560 205 52 perdu,
1196 2560 329 52 contentez

129 2594 101 71 de
180 2594 202 71 répondre
331 2594 118 71 par
399 2594 236 71 ou
584 2594 101 71 ou
634 2594 253 71 non
837 2594 101 71 Je
887 2594 101 71 le
938 2594 118 71 fis
1005 2594 101 71 et
1055 2594 101 71 je
1106 2594 118 71 fis
1173 2594 202 71 bien.—Il
1325 2594 118 71 dit
1392 2594 101 71 en
1426 2594 101 71 ter-

126 2664 244 62 minant.
303 2664 133 62 Je
370 2664 178 62 vis,
481 2664 133 62 je
547 2664 244 62 respire
725 2664 244 62 encore,
903 2664 155 62 mon
991 2664 178 62 âme,
1102 2664 289 62 fortement
1302 2664 222 62 trempée,

129 2702 146 83 est
213 2702 250 83 toujours
400 2702 355 83 républicaine.
692 2702 167 83 Rien
797 2702 146 83 n’a
880 2702 125 83 pu
943 2702 230 83 altérer
1110 2702 125 83 ma
1172 2702 209 83 vertu.
1298 2702 230 83 J’attends
