1602 2971
80 147 172 94 sans
187 147 236 94 crainte
359 147 129 94 et
423 147 172 94 sans
531 147 236 94 trouble
703 147 129 94 ce
767 147 150 94 qui
853 147 172 94 sera
960 147 215 94 décidé
1111 147 129 94 de
1175 147 150 94 mon
1261 147 193 94 sort.
1369 147 107 94 Mon

83 218 134 76 vœu
159 218 134 76 est
236 218 115 76 le
293 218 134 76 cri
370 218 306 76 républicain:
618 218 172 76 La
733 218 210 76 liberté
886 218 115 76 ou
944 218 115 76 la
1001 218 249 76 mort
1192 218 96 76 —
1230 218 172 76 Image
1326 218 153 76 sacrée

83 264 125 74 de
146 264 229 74 Brutus,
312 264 188 74 image
437 264 125 74 de
500 264 313 74 Lepelletier
750 264 167 74 dont
854 264 167 74 j’ai
958 264 250 74 prononcé
1146 264 271 74 l’oraison
1333 264 146 74 funè-

84 318 149 75 bre,
177 318 112 75 et
233 318 149 75 toi,
326 318 316 75 Marat
586 318 186 75 martyr
717 318 112 75 de
772 318 112 75 la
828 318 223 75 liberté:
996 318 112 75 je
1051 318 149 75 jure
1144 318 130 75 par
1219 318 149 75 vous
1312 318 149 75 tous
1386 318 93 75 que

76 364 132 86 je
142 364 220 86 saurai
296 364 198 86 vivre
428 364 132 86 ou
494 364 220 86 mourir
647 364 176 86 pour
757 364 132 86 la
801 364 308 86 République.»

124 389 306 96 Précieux
354 389 306 96 document
584 389 204 96 pour
711 389 357 96 l’histoire
992 389 153 96 de
1069 389 153 96 la
1145 389 281 96 Vendée.
1349 389 153 96 60
1400 389 77 96 »

125 444 275 102 GAILLARD
332 444 138 102 LA
400 444 298 102 FERRIÈRE,
630 444 252 102 avocat,
814 444 298 102 défenseur
1043 444 161 102 des
1135 444 138 102 94
1204 444 252 102 Nantais
1364 444 115 102 de-

83 510 160 69 vant
183 510 120 69 le
243 510 241 69 tribunal
424 510 401 69 révolutionnaire.
765 510 120 69 L.
825 510 160 69 aut.
925 510 160 69 sig.
1025 510 100 69 1
1066 510 120 69 p.
1106 510 140 69 in

36 543 185 102 3092.
160 543 371 102 Necker,
469 543 227 102 premier
634 543 247 102 ministre
819 543 144 102 des
901 543 247 102 finances
1087 543 124 102 du
1148 543 185 102 Louis
1272 543 165 102 XVI.
1354 543 124 102 Pas-

81 596 229 84 seport
241 596 183 84 sig.
356 596 229 84 Paris,
516 596 137 84 28
585 596 252 84 Octobre
768 596 206 84 1789.
905 596 114 84 1
951 596 137 84 p.
1019 596 252 84 in-fol.
1202 596 252 84 Cachet.
1385 596 114 84 2
1408 596 69 84 »

37 646 180 79 3093.
157 646 360 79 Norvins
457 646 180 79 (de),
577 646 260 79 historien
776 646 120 79 de
836 646 260 79 Nopoléon.
1036 646 120 79 L.
1096 646 160 79 aut.
1196 646 180 79 sig.,
1316 646 100 79 à
1336 646 140 79 M....

73 701 469 83 Creïl-Oisé,
448 701 188 83 26
542 701 250 83 août
698 701 281 83 1827.
886 701 156 83 4
948 701 188 83 p.
1042 701 219 83 pl.
1167 701 281 83 in-4.
1355 701 156 83 5
1386 701 94 83 »

132 742 395 96 Très-importante
464 742 228 96 lettre,
631 742 249 96 relative
818 742 104 96 à
859 742 125 96 la
921 742 270 96 rédaction
1129 742 125 96 de
1191 742 125 96 la
1254 742 228 96 préface
1399 742 83 96 de

85 808 152 73 son
172 808 261 73 Histoire
368 808 130 73 de
411 808 239 73 Napoléon.

36 836 203 76 3094.
172 836 520 76 Observations
624 836 158 76 sur
714 836 136 76 la
782 836 294 76 réduction
1008 836 181 76 d’un
1121 836 203 76 grand
1256 836 226 76 nombre
1392 836 90 76 de

85 900 248 60 boulets
266 900 158 60 qui
356 900 315 60 existaient
604 900 180 60 dans
716 900 270 60 quelques
919 900 360 60 départements
1212 900 135 60 du
1257 900 225 60 royaume,

88 949 131 77 en
154 949 196 77 1765,
284 949 131 77 et
350 949 174 77 dont
459 949 131 77 le
524 949 262 77 diamêtre
720 949 196 77 était
851 949 174 77 trop
960 949 174 77 fort
1069 949 174 77 pour
1178 949 153 77 les
1265 949 218 77 canons
1396 949 87 77 de

89 982 172 71 leur
196 982 257 71 calibre.
389 982 279 71 Manuscrit
603 982 129 71 de
668 982 107 71 9
711 982 150 71 gr.
797 982 129 71 p.
861 982 236 71 in-fol.
1032 982 236 71 Curieux
1204 982 257 71 détails.
1397 982 107 71 5
1419 982 64 71 »

41 1029 191 74 3095.
168 1029 361 74 Pache,
465 1029 255 74 ministre
656 1029 127 74 de
720 1029 127 74 la
784 1029 212 74 guerre
932 1029 127 74 1°
996 1029 127 74 L.
1060 1029 170 74 sig.
1166 1029 191 74 comme
1293 1029 191 74 maire
1399 1029 85 74 de

90 1086 202 62 Paris.
231 1086 202 62 Paris,
372 1086 121 62 10
433 1086 141 62 mai
514 1086 182 62 1793.
635 1086 101 62 1
675 1086 121 62 p.
736 1086 202 62 in-4.—
877 1086 121 62 2°
938 1086 222 62 Adresse
1099 1086 121 62 du
1160 1086 222 62 conseil
1301 1086 182 62 général

88 1137 131 77 de
154 1137 131 77 la
219 1137 240 77 commune
393 1137 131 77 de
459 1137 218 77 Paris,
611 1137 153 77 aux
698 1137 262 77 citoyens
895 1137 153 77 des
982 1137 283 77 sections,
1200 1137 109 77 à
1243 1137 131 77 la
1287 1137 196 77 section

88 1175 131 78 du
154 1175 175 78 Pont
263 1175 197 78 Neuf,
394 1175 131 78 31
460 1175 153 78 mai
547 1175 197 78 1793.
678 1175 219 78 Minute
831 1175 175 78 aut.
941 1175 109 78 1
984 1175 131 78 p.
1050 1175 240 78 in-fol.
1225 1175 175 78 Tête
1312 1175 175 78 impri

-43 1227 1222 92 mée.
874 1227 764 92 6
1027 1227 458 92 »

141 1261 122 87 La
202 1261 306 87 tranquilité
447 1261 143 87 est
528 1261 163 87 plus
631 1261 143 87 que
712 1261 204 87 jamais
855 1261 286 87 nécessaire
1080 1261 102 87 à
1121 1261 245 87 Paris...
1304 1261 122 87 Le
1345 1261 143 87 salut

45 1353 185 105 3096.
169 1353 330 105 Péan,
437 1353 330 105 représentant
704 1353 124 105 du
766 1353 206 105 peuple
910 1353 124 105 en
972 1353 185 105 1848.
1096 1353 124 105 L.
1157 1353 144 105 aut
1240 1353 165 105 sig.
1322 1353 165 105 Paris,

72 1433 223 50 18
183 1433 298 50 mars
370 1433 335 50 1844.
593 1433 186 50 1
668 1433 223 50 p.
779 1433 223 50 et
891 1433 335 50 demie
1115 1433 335 50 in-8.
1338 1433 186 50 2
1375 1433 112 50 »

45 1454 189 84 3097.
171 1454 419 84 Perronet,
527 1454 231 84 célèbre
695 1454 524 84 ingénieur-architecte.
1156 1454 126 84 L.
1219 1454 168 84 aut.
1323 1454 189 84 sig.,
1428 1454 63 84 à

89 1514 131 66 M.
155 1514 131 66 Le
220 1514 197 66 Brun,
352 1514 109 66 à
396 1514 328 66 Versailles.
658 1514 219 66 Paris,
811 1514 109 66 3
855 1514 241 66 juillet
1030 1514 197 66 1771.
1162 1514 109 66 3
1205 1514 131 66 p.
1271 1514 197 66 in-4.
1402 1514 109 66 3
1424 1514 66 66 »

45 1574 188 79 3098.
171 1574 356 79 Pétion
464 1574 188 79 maire
590 1574 126 79 de
652 1574 209 79 Paris.
799 1574 126 79 L.
862 1574 188 79 sig.,
987 1574 188 79 comme
1113 1574 188 79 maire
1239 1574 126 79 de
1302 1574 209 79 Paris,
1427 1574 63 79 à

87 1614 159 66 M.
166 1614 318 66 Rœderer.
404 1614 265 66 Paris,
590 1614 132 66 3
643 1614 318 66 décembre
881 1614 238 66 1791.
1040 1614 132 66 1
1093 1614 159 66 p.
1172 1614 291 66 in-fol.
1384 1614 132 66 2
1411 1614 79 66 »

48 1652 180 69 3099.
168 1652 361 69 Praslin
469 1652 140 69 (le
549 1652 140 69 duc
629 1652 160 69 de),
729 1652 160 69 pair
829 1652 120 69 de
889 1652 220 69 France,
1049 1652 240 69 assassin
1230 1652 120 69 de
1290 1652 120 69 sa
1330 1652 160 69 femme,

94 1703 170 81 mort
200 1703 297 81 empoisonné
433 1703 170 81 dans
539 1703 127 81 sa
603 1703 212 81 prison
751 1703 127 81 en
815 1703 191 81 1847.
942 1703 212 81 Billet
1090 1703 170 81 aut.
1196 1703 191 81 sig.,
1323 1703 106 81 à
1366 1703 127 81 la
1408 1703 85 81 3e

93 1746 267 81 personne,
299 1746 144 81 par
381 1746 206 81 lequel
525 1746 123 81 il
587 1746 165 81 fait
690 1746 267 81 connaître
896 1746 185 81 qu’il
1019 1746 103 81 a
1060 1746 206 81 besoin
1204 1746 123 81 de
1266 1746 165 81 cent
1348 1746 144 81 mille

97 1801 194 68 francs
232 1801 155 68 pour
329 1801 155 68 cinq
427 1801 155 68 ans.
524 1801 97 68 1
562 1801 116 68 p.
621 1801 194 68 in-18.
756 1801 97 68 —
795 1801 291 68 Luzy
1028 1801 175 68 (Mlle
1145 1801 155 68 de),
1222 1801 272 68 institutrice

92 1854 164 59 des
185 1854 257 59 enfants
372 1854 140 59 du
442 1854 164 59 duc
536 1854 140 59 de
606 1854 280 59 Praslin.
816 1854 140 59 L.
886 1854 210 59 aut.,
1027 1854 187 59 sig.
1143 1854 164 59 par
1237 1854 140 59 sa
1307 1854 210 59 mère,
1424 1854 70 59 à

94 1907 137 57 M.
163 1907 275 57 Lambert.
369 1907 344 57 Seine-Port,
644 1907 137 57 22
712 1907 160 57 mai
804 1907 206 57 1835.
941 1907 115 57 1
987 1907 137 57 p.
1056 1907 137 57 et
1125 1907 206 57 demie
1262 1907 206 57 in-8.
1399 1907 115 57 6
1422 1907 69 57 »

48 1933 200 100 3100.
181 1933 467 100 Rambutean,
582 1933 223 100 préfet
738 1933 134 100 de
804 1933 134 100 la
871 1933 223 100 Seine.
1027 1933 134 100 L.
1094 1933 178 100 aut.
1205 1933 178 100 sig,
1316 1933 111 100 à
1361 1933 134 100 M.
1405 1933 89 100 le

85 1995 367 61 ministre
361 1995 184 61 de
453 1995 184 61 la
544 1995 306 61 guerre
759 1995 184 61 13
850 1995 275 61 juin.
1034 1995 153 61 1
1095 1995 184 61 p.
1187 1995 275 61 in-8.
1371 1995 153 61 2
1401 1995 92 61 »

50 2047 186 80 3101.
174 2047 330 80 Rancé
442 2047 227 80 (l’abbé
608 2047 165 80 de),
711 2047 227 80 célèbre
876 2047 310 80 réformateur
1124 2047 124 80 de
1185 2047 248 80 l’abbaye
1371 2047 124 80 de
1412 2047 83 80 la

93 2093 270 87 Trappe.
290 2093 148 87 L.
364 2093 221 87 sig.,
511 2093 123 87 à
561 2093 221 87 M....
708 2093 123 87 9
757 2093 197 87 mars
880 2093 221 87 1683.
1028 2093 123 87 1
1077 2093 148 87 p.
1151 2093 172 87 pl.
1249 2093 221 87 in-4.
1397 2093 123 87 9
1421 2093 74 87 »

147 2141 261 71 Relative
343 2141 152 71 aux
430 2141 261 71 affaires
626 2141 130 71 de
691 2141 152 71 son
756 2141 174 71 abbaye

49 2180 202 73 3102.
183 2180 315 73 Regnaud
431 2180 135 73 de
498 2180 315 73 Saint-Jean
746 2180 360 73 d’Angély
1038 2180 157 73 (le
1128 2180 247 73 comte).
1308 2180 135 73 L.
1353 2180 135 73 aut.

98 2232 188 64 sig.,
223 2232 188 64 1815.
348 2232 104 64 1
390 2232 125 64 p.
453 2232 146 64 pl.
536 2232 188 64 in-4.
661 2232 125 64 Au
724 2232 188 64 sujet
849 2232 125 64 de
912 2232 125 64 la
974 2232 188 64 vente
1100 2232 125 64 de
1162 2232 146 64 ses
1246 2232 230 64 livres.
1413 2232 104 64 2
1433 2232 63 64 »

49 2276 198 74 3103.
181 2276 661 74 RRevellière-Lépeaux
776 2276 198 74 (la),
908 2276 220 74 membre
1062 2276 132 74 du
1128 2276 330 74 Directoire,
1371 2276 132 74 chef

100 2332 144 61 des
183 2332 452 61 théophilanthropes.
573 2332 123 61 L.
635 2332 165 61 aut.
738 2332 185 61 sig.,
861 2332 123 61 au
923 2332 226 61 citoyen
1088 2332 329 61 ministre....
1334 2332 165 61 Paris,

77 2376 267 65 18
210 2376 444 65 nivôse
521 2376 267 65 an
654 2376 267 65 V.
787 2376 222 65 1
876 2376 311 65 pl.
1054 2376 400 65 in-8.
1320 2376 222 65 5
1365 2376 133 65 »

54 2434 165 65 3104.
163 2434 238 65 Rouget
346 2434 110 65 de
401 2434 256 65 Lisle,
602 2434 183 65 auteur
730 2434 110 65 de
785 2434 110 65 la
840 2434 439 65 Marseillaise
1224 2434 165 65 Pièce
1333 2434 110 65 de
1370 2434 128 65 vers,

101 2471 167 95 aut.
206 2471 105 95 2
247 2471 125 95 p.
310 2471 146 95 pl.
394 2471 188 95 in-4.
519 2471 209 95 Contre
666 2471 125 95 la
728 2471 251 95 tyrannie
917 2471 146 95 des
1000 2471 188 95 rois,
1126 2471 125 95 et
1188 2471 314 95 l’élévation
1418 2471 84 95 de

68 2518 662 67 Napoléon
565 2518 276 67 à
675 2518 718 67 l’empire.
1227 2518 331 67 12
1337 2518 166 67 »

55 2560 189 82 3105.
181 2560 377 82 Rouland
495 2560 461 82 (Urbain-François),
894 2560 294 82 professeur
1125 2560 126 82 de
1187 2560 252 82 physique
1376 2560 126 82 et
1418 2560 84 82 de

100 2619 226 80 chimie
258 2619 406 80 expérimentale,
597 2619 226 80 membre
755 2619 135 80 de
823 2619 135 80 la
891 2619 248 80 société
1071 2619 226 80 royale
1229 2619 135 80 de
1274 2619 226 80 physique

103 2662 295 64 d’Orlèans,
335 2662 105 64 a
377 2662 211 64 publié
524 2662 211 64 divers
672 2662 274 64 ouvrages.
882 2662 126 64 L.
945 2662 168 64 aut.
1051 2662 190 64 sig.,
1177 2662 105 64 à
1219 2662 126 64 M.
1261 2662 232 64 Dumotier.

105 2716 218 68 Douai,
258 2716 131 68 19
324 2716 175 68 oct.
433 2716 197 68 1811.
564 2716 109 68 1
608 2716 131 68 p.
673 2716 153 68 pl.
760 2716 131 68 et
826 2716 197 68 demie
957 2716 197 68 in-8.
1088 2716 371 68 Scientifique.
1394 2716 109 68 2
1416 2716 87 68 50

57 2754 192 69 3106.
184 2754 490 69 Saint-Aignan
610 2754 404 69 (Paul-Hippolyte
951 2754 128 69 de
1014 2754 362 69 Beauvilliers,
1312 2754 149 69 duc
1376 2754 128 69 de),
